4080 6360
859 515 1017 662 S.
1117 512 1920 658 AURELII

2030 509 3087 661 AUGUSTINI

1303 752 2068 841 HIPPONENSIS
2124 750 2653 844 EPISCOPI

1084 928 2933 1171 SERMONES

1312 1295 1573 1407 ΔΙ)
1636 1296 2549 1417 POPULUM.

974 1504 1583 1615 CLﬂSSIS
1652 1508 1863 1616 ιν.
1925 1511 2144 1620 DE
2193 1513 2963 1627 DIVERSIS.

1718 1719 2215 1798 ww

781 1878 1007 1937 δωδίο
1043 1879 1319 1937 εεοχιιο
1347 1879 1448 1953 (α).

316 1994 398 2051 De
421 2011 481 2050 eo
504 1994 639 2067 quod
666 1993 897 2051 Christus
926 1995 1083 2050 tribus
1119 1996 1282 2051 modis
1308 1997 1363 2050 in
1403 1995 1686 2067 Scripturis
1713 1997 1907 2054 intelli-

640 2088 805 2160 gitur;
828 2097 1003 2142 contra
1028 2088 1243 2143 Arianos
1269 2087 1467 2143 habitus
1494 2087 1592 2161 (b).

386 2202 614 2260 CAPUT
640 2202 925 2259 PRIMUM.
954 2233 1025 2243 —
1054 2203 1106 2259 1.
1144 2202 1372 2259 Christus
1412 2204 1468 2258 in
1516 2203 1795 2274 Scripturis
1826 2204 1908 2258 di-

312 2306 426 2351 ctus
482 2296 636 2352 tribus
692 2296 875 2351 modis.
925 2296 1178 2350 Dominus
1216 2304 1399 2351 noster
1425 2295 1583 2351 Jesus
1620 2295 1866 2351 Christus
1888 2337 1904 2363 ,

314 2386 546 2455 fratres,
598 2397 851 2456 quantum
896 2386 1323 2441 animadvertere
1371 2387 1638 2457 potuimus
1690 2385 1907 2456 paginas

312 2487 572 2546 sanctas,
632 2478 801 2534 tribus
863 2478 1035 2534 modis
1086 2478 1396 2549 intelligitur
1453 2485 1509 2533 et
1559 2478 1904 2546 nominatur,

312 2569 533 2639 quando
572 2569 922 2639 praedicatur,
975 2570 1088 2624 sive
1135 2584 1231 2639 per
1258 2569 1449 2639 Legem
1478 2576 1530 2624 et
1573 2567 1903 2638 Prophetas,

308 2661 430 2715 sive
470 2676 564 2730 per
592 2659 857 2729 Epistolas
899 2659 1217 2729 apostolicas
1235 2701 1249 2726 ,
1279 2660 1392 2715 sive
1419 2674 1513 2730 per
1542 2657 1697 2713 [idem
1726 2673 1905 2714 rerum

307 2760 586 2822 gestarum
611 2794 626 2819 ,
673 2767 804 2822 quas
851 2753 903 2806 in
947 2751 1234 2822 Evangelia
1269 2750 1657 2822 cognoscimus.
1694 2749 1904 2805 Primus

308 2843 505 2899 modus
530 2853 613 2899 est
630 2885 643 2907 ,
672 2842 967 2899 secundum
1002 2844 1167 2898 Deum
1190 2851 1245 2898 et
1272 2842 1602 2898 divinitatem
1628 2842 1773 2897 illam
1796 2842 1903 2897 Pa-

308 2935 384 2988 tri
419 2936 745 3005 coxequalem
783 2943 941 3005 atque
969 2944 1290 2990 coaeternam
1333 2942 1457 2990 ante
1484 2934 1901 3003 assumptionem

304 3026 513 3080 carnis.
541 3026 691 3081 Alter
733 3024 923 3081 modus
965 3034 1081 3092 est,
1121 3040 1240 3080 cum
1260 3034 1555 3101 .assnmpta
1595 3038 1760 3080 carne
1790 3023 1901 3094 jam

305 3115 455 3171 idem
483 3116 624 3172 Deus
643 3118 731 3187 qui
763 3117 944 3185 homo,
972 3125 1027 3173 et
1052 3117 1192 3172 idem
1221 3117 1381 3172 homo
1407 3117 1495 3188 qui
1519 3118 1673 3183 Deus,
1707 3132 1900 3173 secun-

306 3207 438 3262 dum
484 3209 769 3279 quamdam
808 3223 918 3263 sua:
957 3208 1285 3264 excellentia:
1332 3210 1707 3279 prolirietatem
1734 3249 1751 3275 ,
1796 3222 1899 3279 qua

306 3316 419 3357 non
441 3300 652 3356 cmteris
691 3310 995 3372 coaequatur
1024 3300 1359 3366 hominibus,
1388 3300 1482 3356 sed
1516 3307 1600 3355 est
1636 3299 1901 3356 mediator

304 3401 365 3447 et
391 3401 551 3462 caput
580 3392 835 3447 Ecclesia:
853 3433 869 3458 ,
892 3407 1010 3448 esse
1041 3392 1230 3463 legitur
1248 3400 1303 3447 et
1328 3392 1660 3463 intelligitur.
1688 3392 1899 3448 Tertius

302 3481 502 3537 modus
520 3491 606 3538 est
645 3482 875 3552 quodam
914 3482 1076 3539 modo
1106 3490 1248 3538 totus
1270 3482 1546 3550 Christus,
1573 3483 1629 3538 in
1675 3483 1901 3553 plenitu-

302 3571 432 3625 dine
462 3571 742 3639 Ecclesite,
773 3572 823 3626 id
849 3582 951 3636 est,
975 3581 1134 3642 caput
1154 3581 1209 3627 et
1233 3586 1447 3642 corpus,
1471 3572 1761 3628 secundum
1785 3573 1897 3643 plc-

302 3660 605 3716 nitudinem
639 3661 856 3731 perfecti
896 3662 1167 3733 cujusdam
1190 3663 1287 3719 viri
1311 3703 1327 3730 ,
1358 3664 1411 3717 in
1432 3679 1537 3734 quo
1562 3664 1677 3719 viro
1703 3665 1895 3736 singuli

299 3754 547 3808 membra
571 3769 776 3809 sumus.
801 3753 953 3822 Quod
976 3753 1314 3809 credentibus
1336 3755 1671 3825 praedicatur,
1694 3764 1748 3812 et
1770 3772 1897 3827 pru-

300 3844 557 3899 dentibus
598 3845 922 3916 agnoscibile
959 3844 1201 3900 oll‘ertur.
1243 3845 1358 3900 Non
1387 3846 1569 3901 omnia
1591 3846 1892 3902 testimonia

294 3935 702 4007 Scripturarum
735 3944 843 3991 tam
871 3936 1034 3991 multa
1067 3944 1293 4007 angusto
1321 3944 1559 4009 tempore
1596 3937 1710 3994 sive
1745 3952 1895 3994 reco-

300 4024 420 4080 lere
444 4027 559 4081 sive
598 4026 863 4097 explicare
894 4041 1173 4097 possumus
1198 4066 1214 4093 ,
1243 4026 1434 4097 quibus
1459 4028 1637 4082 omnia
1667 4028 1765 4082 tria
1792 4028 1891 4083 ista

295 4130 503 4186 genera
543 4116 832 4189 probemus
865 4116 1003 4172 :sed
1037 4126 1212 4173 tamen
1257 4132 1362 4171 non
1390 4118 1570 4173 omnia
1608 4133 1892 4188 possumus

295 4206 604 4277 improbata
643 4207 979 4278 relinquere,
1018 4216 1078 4263 ut
1119 4207 1434 4279 quibusdam
1462 4210 1893 4264 commemoratis

296 4299 665 4365 testimoniis,
687 4307 880 4355 caetera
912 4315 1033 4371 qua:
1068 4313 1488 4355 commemorare
1520 4313 1627 4354 non
1668 4299 1891 4357 sinimur

292 4397 524 4459 propter
550 4390 821 4459 angustias
851 4390 1135 4460 temporis,
1167 4406 1262 4460 per
1287 4405 1381 4445 vos
1408 4390 1552 4461 ipsos
1567 4389 1677 4460 jam
1707 4390 1891 4447 obser-

293 4496 429 4535 vare
452 4481 507 4534 in
534 4478 823 4551 Scripturis
843 4490 897 4536 et
919 4482 1157 4536 invenire
1186 4482 1423 4551 possitis.
1639 4534 1645 4541 ,

366 4569 601 4627 CAPUT
622 4570 686 4625 Il.
718 4600 787 4611 —
813 4571 869 4626 9...
903 4569 1107 4625 Primus
1126 4571 1306 4624 modus
1326 4587 1426 4641 quo
1453 4570 1681 4627 Christus
1706 4571 1890 4642 prtuli-

290 4672 445 4715 catur
474 4671 529 4715 ut
556 4660 711 4716 Deus.
756 4660 900 4715 Verbi
923 4661 1220 4715 similitudo.
1244 4661 1325 4716 Ad
1352 4661 1577 4731 primum
1607 4676 1734 4732 ergo
1774 4676 1888 4716 mo-

288 4754 429 4808 dum
455 4753 756 4809 insinuandi
779 4753 985 4807 Domini
1008 4752 1177 4807 nostri
1197 4752 1323 4808 Jesu
1345 4752 1543 4808 Christi
1573 4752 1885 4818 Salvatoris,

290 4846 444 4899 unici
471 4844 591 4900 Filii
622 4845 752 4911 Dei,
783 4861 879 4916 per
915 4860 1073 4915 quem
1096 4845 1230 4900 facta
1258 4853 1381 4899 sunt
1407 4845 1581 4900 omnia
1609 4886 1623 4911 ,
1658 4845 1889 4915 pertinet

290 4934 431 4991 illud
468 4935 611 5007 quod
656 4935 1046 4991 nobilissimum
1096 4944 1151 4992 et
1198 4936 1664 5007 praeclarissimum
1697 4944 1778 4991 est
1829 4936 1884 4991 in

290 5025 595 5095 Evangelia
621 5025 915 5081 secundum
943 5024 1204 5081 Joannem
1237 5042 1249 5078 :
1281 5024 1346 5079 1η
1364 5026 1611 5097 principio
1637 5036 1743 5079 erat
1770 5025 1885 5079 Ver-

288 5118 440 5180 bum,
460 5125 510 5172 et
542 5116 756 5171 Verbum
780 5126 887 5171 erat
906 5116 1047 5186 apud
1064 5116 1249 5185 Deum,
1273 5126 1319 5171 et
1349 5116 1485 5171 Deus
1503 5127 1611 5171 erat
1644 5116 1883 5180 Verbum;

288 5208 393 5263 hoc
438 5216 545 5261 erat
591 5208 645 5262 in
685 5209 936 5279 principio
975 5209 1114 5279 apud
1142 5207 1307 5262 Deum
1336 5224 1354 5262 :
1383 5210 1553 5263 omnia
1589 5226 1679 5278 per
1718 5209 1885 5279 ipsum

288 5296 436 5365 facta
462 5305 584 5351 sunt
604 5336 619 5360 ,
645 5306 692 5351 et
721 5298 830 5351 sine
869 5298 980 5368 ipso
1018 5301 1207 5368 factum
1232 5306 1303 5351 est
1327 5297 1475 5352 nihil.
1519 5297 1667 5364 Quod
1692 5300 1884 5368 factum

287 5396 393 5453 est,
420 5387 474 5440 in
500 5386 590 5440 illo
609 5387 708 5441 vita
726 5396 873 5453 erat;
900 5397 946 5441 et
965 5387 1065 5440 vita
1085 5397 1189 5441 erat
1212 5387 1303 5442 lux
1322 5388 1582 5442 hominum
1604 5429 1618 5454 ,
1646 5398 1692 5442 et
1712 5389 1803 5443 tua:
1830 5406 1883 5444 m

289 5478 516 5535 tenebris
560 5479 693 5532 lucet
712 5517 730 5545 ,
770 5487 819 5533 et
856 5478 1071 5533 tenebrw
1110 5496 1219 5533 eam
1255 5495 1357 5534 non
1398 5480 1881 5551 compreltendermtt

361 5591 382 5607 '
403 5589 691 5641 Emendatus
713 5596 791 5641 est
810 5590 869 5641 ad
891 5590 1014 5642 duos
1028 5590 1091 5642 cl.
1112 5592 1171 5642 ad
1187 5606 1256 5644 cs.
1275 5606 1317 5642 r.
1339 5606 1388 5642 v.
1410 5600 1461 5642 et
1483 5591 1542 5642 ad
1558 5599 1659 5642 Am.
1678 5598 1754 5641 Er.
1772 5600 1873 5643 Par.

291 5656 435 5777 ωἶᾶ)
459 5710 600 5777 Aiias,
620 5712 685 5762 de
707 5721 943 5776 Tempore
967 5714 1046 5777 40.

385 5776 434 5834 τι)
452 5776 610 5827 citant
630 5787 764 5836 saepe
788 5777 912 5825 Beda
928 5782 979 5825 et
996 5776 1159 5827 Florus
1179 5779 1229 5826 in
1250 5779 1377 5829 Pauli
1401 5777 1640 5843 Episttlas.

539 5850 766 5913 SANCT.
814 5853 1117 5919 AUGUSJ‘.
1168 5851 1242 5913 V.

2027 1883 2198 1955 (Jaan.
2234 1900 2288 1953 ι,
2334 1888 2472 1959 1-5).
2500 1889 2737 1947 Miranda
2773 1902 2828 1950 et
2868 1896 3129 1966 stupenda
3159 1898 3321 1956 verba
3360 1899 3510 1969 hate,
3549 1911 3608 1959 et

2019 1973 2326 2047 priusquam
2368 1978 2761 2053 intelligantur,
2789 1986 3159 2056 amplectenda
3187 2000 3330 2047 sunt.
3359 1991 3415 2048 Si
3453 1978 3606 2050 cibus

2022 2077 2373 2135 apponeretur
2398 2071 2478 2127 ori
2508 2082 2688 2129 vestro
2706 2116 2722 2144 ,
2765 2085 2972 2147 partem
3000 2080 3103 2135 cibi
3133 2082 3269 2137 alius
3298 2083 3443 2139 illam
3471 2085 3606 2141 acci-

2015 2166 2200 2226 peret,
2232 2161 2368 2218 alius
2397 2162 2551 2219 istam
2584 2182 2597 2218 :
2627 2166 2692 2221 ad
2713 2182 2899 2225 omnes
2924 2177 3099 2227 tamen
3129 2176 3437 2244 perveniret
3467 2192 3602 2234 unus

2015 2248 2199 2316 cibus;
2228 2252 2323 2307 sed
2347 2269 2452 2309 non
2490 2255 2555 2310 ad
2582 2272 2769 2313 omnes
2810 2267 2952 2317 totus
2981 2262 3149 2318 cibus.
3190 2264 3278 2320 Sic
3306 2267 3456 2336 quasi
3481 2269 3603 2339 qui-

2015 2340 2136 2396 dam
2157 2342 2307 2399 cibus
2331 2353 2385 2400 et
2408 2354 2564 2416 potus
2591 2348 2875 2406 verborum
2905 2367 3045 2408 nunc
3068 2356 3353 2425 apponitur
3382 2360 3601 2417 auribus

2014 2432 2237 2500 vestris;
2265 2443 2319 2490 et
2345 2444 2520 2492 tamen
2549 2444 2720 2493 totum
2762 2440 2828 2496 ad
2853 2456 3041 2499 omnes
3067 2447 3331 2516 pervenit.
3355 2448 3436 2502 An
3463 2448 3600 2506 forte

2012 2537 2133 2577 cum
2161 2524 2351 2595 loquor
2369 2568 2384 2593 ,
2409 2526 2546 2584 alius
2568 2530 2667 2586 sibi
2691 2531 2827 2587 tollit
2852 2549 3011 2589 unam
3034 2535 3293 2607 syllabam
3309 2578 3324 2603 ,
3356 2538 3491 2595 allus
3510 2541 3627 2597 νει-μ

2015 2616 2225 2670 teram?
2254 2626 2345 2671 aut
2381 2617 2518 2675 alius
2544 2636 2707 2676 unum
2737 2622 2958 2678 verbum
2980 2665 2995 2689 ,
3037 2626 3172 2682 alius
3210 2627 3433 2683 alterum
3476 2644 3599 2686 ver-

2012 2705 2253 2764 bum?Si
2276 2709 2347 2764 ita
2371 2719 2455 2766 est
2475 2751 2491 2775 ,
2524 2719 2603 2767 tot
2632 2714 2789 2770 verba
2827 2714 3067 2772 dicturus
3103 2734 3241 2786 sum,
3271 2730 3395 2790 quot
3424 2721 3601 2778 homié

2012 2812 2109 2853 nes
2134 2798 2292 2855 video
2310 2841 2325 2868 ,
2348 2810 2407 2857 ut
2432 2802 2499 2858 ad
2527 2818 2715 2860 omnes
2740 2808 3051 2876 perveniant
3076 2810 3157 2865 vel
3184 2811 3344 2867 verba
3364 2814 3591 2884 singula.

2011 2888 2077 2943 Et
2100 2889 2252 2946 facile
2282 2893 2495 2962 quidem
2516 2896 2677 2967 plura
2695 2897 2835 2964 dico,
2866 2915 3023 2970 quam
3052 2900 3138 2956 hic
3162 2911 3285 2958 sunt
3304 2903 3547 2963 homines
3571 2924 3590 2961 τ

2009 2978 2103 3034 sed
2129 2981 2306 3036 omnia
2330 2983 2399 3038 ad
2426 2999 2613 3041 omnes
2641 2989 2980 3057 perveniunt.
3003 2989 3232 3046 Verbum
3261 3007 3389 3065 ergo
3418 2996 3597 3051 homio‘

2009 3070 2092 3126 nis
2118 3086 2224 3127 non
2255 3073 2508 3131 dividitur
2538 3093 2635 3148 per
2658 3078 2888 3149 syllabas
2906 3122 2920 3148 ,
2957 3090 3018 3136 ut
3041 3098 3227 3139 omnes
3250 3085 3501 3153 audiant;
3538 3096 3608 3143 et“

2009 3160 2239 3219 Verbum
2284 3165 2378 3221 Dei
2426 3184 2522 3238 per
2561 3168 2727 3226 frusta
2765 3173 3096 3240 conciditur,
3146 3186 3202 3230 ut
3243 3177 3441 3248 ubique
3484 3180 3594 3236 sit?

2006 3253 2269 3327 Numquid
2308 3258 2457 3328 hare,
2497 3260 2727 3331 fratres,
2774 3267 3015 3322 sonantia
3058 3275 3218 3338 atque
3261 3272 3589 3331 transeuntia

2005 3348 2168 3404 verba
2198 3350 2275 3406 illi
2302 3352 2807 3413 incommutabiliter
2830 3363 3158 3428 permanenti
3189 3362 3363 3419 Verbo
3391 3365 3495 3420 ulla
3522 3380 3588 3426 ex

2006 3448 2157 3509 parte
2203 3445 2561 3514 comparanda
2606 3448 2965 3506 arbitramur?
3017 3462 3107 3507 aut
3156 3468 3255 3524 ego
3300 3455 3423 3526 quia
3473 3456 3590 3513 haec

2004 3528 2149 3596 dixi,
2181 3536 2524 3604 comparavi?
2553 3536 2659 3593 Sed
2687 3555 2900 3610 quoquo
2942 3542 3103 3598 modo
3133 3544 3403 3602 insinuare
3437 3547 3588 3604 vobis

2005 3621 2185 3691 volui,
2216 3632 2274 3678 ut
2299 3624 2440 3681 Deus
2469 3628 2609 3698 quod
2638 3630 2854 3686 exhibet
2892 3631 2943 3686 in
2986 3635 3351 3704 corporalibus
3390 3636 3585 3701 rebus,

2004 3714 2176 3770 valeat
2211 3717 2361 3772 vobis
2386 3719 2453 3773 ad
2474 3721 2738 3777 credenda
2777 3738 2861 3792 ea,
2889 3740 3006 3795 qua:
3034 3727 3268 3782 nondum
3294 3728 3482 3785 videtis
3519 3731 3589 3787 de

2002 3806 2363 3876 spiritualibus
2388 3811 2584 3867 verbis.
2614 3812 2716 3869 Sed
2738 3814 2848 3884 jam
2874 3814 2939 3870 ad
2975 3818 3194 3873 meliora
3229 3828 3583 3878 transeamus.

2001 3896 2132 3952 Nam
2158 3899 2318 3954 verba
2339 3912 2546 3969 sonant,
2576 3912 2631 3960 et
2657 3904 2873 3961 abeunt.
2902 3907 2974 3961 De
2999 3908 3360 3978 spiritualibus
3386 3912 3588 3984 cogita-

2004 3987 2232 4045 tionibus
2257 3991 2330 4063 (ιι)
2347 3992 2606 4062 justitiam
2632 3998 2880 4068 cogitate.
2905 3999 3154 4070 Cogitans
3170 4002 3428 4072 justitiam
3450 4020 3583 4061 con-

2000 4079 2215 4135 stitutus
2248 4080 2300 4135 in
2332 4082 2446 4137 istis
2476 4086 2712 4154 partibus
2740 4088 3154 4146 occidentalibus
3174 4134 3188 4159 ,
3230 4094 3468 4163 cogitans
3492 4095 3583 4165 ju-

1998 4172 2196 4225 stitiam
2215 4175 2529 4231 constitutus
2550 4177 2602 4231 in
2621 4180 2843 4246 oriente,
2868 4181 3008 4237 unde
3035 4184 3092 4237 lit
3113 4195 3168 4239 ut
3194 4185 3281 4241 ille
3299 4194 3460 4241 totam
3490 4188 3582 4259 ju-

1999 4261 2193 4316 stitiam
2221 4264 2436 4334 cogitet,
2464 4274 2517 4321 et
2541 4267 2631 4322 ille
2661 4272 2869 4325 totam?
2893 4281 2947 4328 et
2974 4274 3065 4329 ille
3094 4284 3256 4331 totam
3284 4277 3493 4347 videat,
3526 4290 3582 4337 et

2000 4350 2088 4407 ille
2115 4353 2302 4407 totam?
2328 4354 2458 4410 Nam
2481 4358 2570 4428 qui
2597 4359 2740 4415 videt
2771 4360 3065 4432 justitiam,
3098 4367 3389 4423 secundum
3420 4385 3579 4440 quam

1996 4452 2146 4512 gerat
2173 4445 2367 4515 aliquid
2389 4490 2403 4514 ,
2436 4448 2548 4518 ipse
2573 4449 2714 4520 juste
2740 4453 2894 4523 gcrit.
2923 4454 3087 4511 Videt.
3105 4456 3265 4523 intus,
3293 4460 3399 4530 agit
3426 4459 3579 4517 foris.

1999 4534 2150 4625 Unde
2184 4538 2325 4593 videt
2354 4540 2527 4609 intus,
2556 4543 2601 4597 si
2629 4544 2761 4599 nihil
2786 4546 2885 4602 sibi
2927 4558 3120 4617 praesto
3145 4551 3266 4605 est?
3294 4552 3424 4618 Quia
3465 4554 3589 4625 ipse

1997 4623 2048 4677 in
2067 4634 2213 4693 parte
2236 4628 2440 4699 positus
2461 4639 2562 4696 est,
2583 4632 2648 4686 ad
2675 4633 2916 4690 eamdem
2940 4646 3143 4706 partem
3170 4655 3274 4694 non
3304 4623 3581 4712 perveniet

1994 4714 2211 4771 alterius
2238 4719 2522 4789 cogitatio?
2547 4722 2680 4777 Cum
2715 4734 2891 4780 autem
2933 4727 3072 4783 idem
3103 4730 3283 4787 videas
3314 4743 3491 4791 mente
3523 4745 3577 4793 tu

1996 4804 2083 4860 hic
2111 4808 2331 4876 positus,
2367 4811 2508 4880 quod
2534 4814 2673 4869 vidct
2704 4816 2795 4870 ille
2822 4826 2926 4872 tam
2952 4819 3108 4891 longe
3138 4824 3343 4892 positus
3366 4866 3382 4892 ,
3413 4836 3469 4882 et
3499 4837 3576 4883 to.

1997 4902 2104 4995 tum
2136 4897 2226 4953 tibi
2266 4899 2472 4966 lnccat,
2503 4910 2667 4957 totum
2692 4905 2770 4958 illi
2795 4906 3068 4975 videatur;
3102 4913 3222 4982 quia
3249 4929 3313 4969 ea
3343 4931 3461 4995 qua:
3488 4917 3571 4973 di-

1995 4987 2113 5041 vina
2141 4997 2194 5043 et
2215 4990 2527 5061 incorporea
2556 5004 2698 5062 sunt,
2724 4997 2923 5068 ubique
2954 5012 3076 5055 sunt
3104 5012 3242 5071 tota;
3268 4987 3426 5062 crc'de
3447 5009 3576 5064 Ver-

1992 5076 2117 5132 bum
2141 5087 2309 5133 totum
2342 5081 2395 5135 in
2417 5081 2573 5139 Patre
2594 5125 2608 5152 ,
2639 5094 2803 5140 totum
2837 5088 2891 5142 in
2919 5100 3087 5145 utero.
3117 5093 3288 5151 Crede
3308 5098 3448 5154 enim
3476 5099 3577 5157 hoc

1993 5169 2059 5225 de
2082 5169 2253 5225 Verbo
2276 5172 2393 5235 Dei,
2417 5175 2504 5244 qui
2531 5186 2613 5231 est
2648 5178 2784 5234 Deus
2805 5182 2941 5251 apud
2977 5184 3162 5240 Deum.

2062 5262 2288 5319 CAPUT
2327 5266 2414 5320 lll.
2452 5298 2525 5307 —
2550 5270 2602 5324 3.
2630 5272 2774 5327 Alius
2813 5276 2992 5330 modus
3030 5295 3129 5348 quo
3161 5280 3389 5338 Christus
3433 5301 3572 5340 com-

1992 5355 2257 5409 mendatur
2284 5366 2336 5410 ut
2363 5356 2499 5413 Dcus
2528 5372 2573 5414 et
2598 5362 2766 5417 homo.
2796 5366 2900 5420 Sed
2922 5368 3044 5422 audi
3083 5371 3191 5439 jam
3238 5374 3395 5429 aliam
3440 5376 3575 5433 insi-

1992 5447 2316 5515 nuationem,
2339 5450 2498 5504 alium
2529 5452 2745 5508 modum
2772 5456 3071 5514 insinuandi
3097 5461 3393 5533 Christum,
3416 5482 3576 5537 quem

1991 5539 2259 5609 Scriptura
2292 5543 2561 5611 praedicat.
2614 5545 2686 5599 Ea
2736 5547 2877 5603 enim
2908 5565 3025 5619 quae
3072 5551 3220 5621 dixi,
3268 5555 3405 5611 dicta
3451 5571 3574 5615 sunt

2051 5718 2318 5799 gluttisse
2338 5724 2486 5799 verba
2512 5738 2523 5772 :
2548 5733 2614 5775 De
2652 5726 2978 5791 spiritualibus
3000 5730 3377 5799 cogitationibus,
3404 5739 3547 5790 viden

1992 5788 2068 5831 tur
2090 5794 2370 5845 superesse.
2677 5788 2683 5791 ⁷
3054 5788 3075 5794 ”

3197 5857 3273 5917 [t7
3284 5867 3298 5884 ⁴

3244 5880 3266 5921 Δ
