4080 6360
487 391 510 446 ἲ
525 389 630 447 195

485 512 608 559 ante
635 513 957 574 assumptum
984 515 1218 557 carnem.
1243 499 1392 554 Nunc
1415 506 1594 554 autem
1619 495 1740 550 audi
1767 493 1898 548 illud
1919 491 2060 563 quod

488 596 645 650 modo
685 595 934 666 praedicat
969 592 1242 662 Scriptura
1272 608 1284 644 :
1331 588 1544 644 Verbum
1565 630 1580 653 ,
1611 585 1814 654 inquit,
1841 599 1960 640 caro
1982 592 2062 653 ra-

485 695 617 738 ctum
632 695 720 749 est,
736 693 780 738 et
799 683 1032 736 habitavit
1057 682 1108 734 in
1126 681 1263 734 nobis
1284 679 1458 752 (Joan.
1479 695 1518 745 t,
1541 679 1652 748 Μ).
1665 676 1795 731 Nam
1814 676 1901 744 qui
1916 674 2063 728 dixe-

483 784 594 838 rat,
629 772 694 826 In
727 773 974 842 principio
1017 781 1122 826 erat
1151 769 1367 824 Verbum
1389 811 1404 834 ,
1447 779 1496 826 et
1519 757 1522 760 ’
1545 767 1759 824 Verbum
1783 775 1888 820 erat
1925 765 2063 836 apud

485 861 668 928 Deum,
699 873 743 916 et
773 861 913 916 Deus
937 871 1042 916 erat
1075 861 1310 924 Verbum;
1333 862 1428 914 hoc
1454 861 1631 914 eratin
1659 859 1904 928 principio
1925 857 2062 925 apud

489 956 646 1010 Deum
673 957 877 1009 :omnia
904 972 989 1026 per
1007 957 1172 1027 ipsum
1197 960 1333 1026 facta
1357 963 1473 1010 sunt
1495 995 1510 1021 ,
1537 963 1582 1008 et
1607 955 1716 1008 sine
1737 953 1848 1022 ipso
1873 953 2062 1024 factum

481 1057 553 1102 est
577 1049 736 1112 nihil;
766 1047 956 1102 frustra
987 1049 1140 1104 nobis
1164 1048 1494 1104 divinitatem
1524 1046 1683 1102 Verbi
1715 1045 2056 1116 prredicaret,

481 1139 524 1191 si
561 1139 714 1193 Verbi
746 1139 1126 1194 humanitatem
1157 1147 1372 1192 taceret.
1401 1138 1468 1193 Ut
1499 1137 1642 1192 enim
1669 1136 1795 1190 illud
1830 1135 2058 1200 videam,

483 1229 570 1284 hic
594 1244 798 1282 mecum
821 1230 1011 1298 agitur;
1045 1239 1098 1281 ut
1121 1237 1306 1297 purget
1327 1227 1392 1282 ad
1421 1227 1549 1280 illud
1571 1225 2058 1294 contemplandum,

483 1319 774 1371 infirmitati
801 1334 933 1372 mea:
963 1319 1074 1387 ipse
1103 1318 1367 1372 subvenit.
1396 1315 1744 1388 Suscipiendo
1773 1315 1840 1370 de
1871 1323 2056 1370 natura

482 1408 713 1461 humana
743 1409 910 1475 ipsam
951 1416 1192 1460 naturam
1219 1406 1500 1461 humanam
1524 1447 1539 1471 ,
1570 1404 1739 1459 factus
1767 1413 1848 1460 est
1877 1403 2056 1458 homo.

479 1499 640 1555 Venit
683 1514 801 1554 eum
830 1500 1071 1570 jumento
1092 1499 1268 1554 carnis
1295 1500 1360 1554 ad
1389 1511 1512 1554 eum
1538 1498 1626 1568 qui
1657 1497 1867 1566 jacebat
1897 1498 1948 1550 in
1976 1497 2062 1550 via

461 1579 784 1647 'vulneratus
806 1591 956 1662 (Luc.
991 1607 1024 1645 ιι
1049 1633 1061 1654 ,
1084 1589 1297 1661 50-57),
1325 1599 1383 1644 ut
1405 1604 1621 1660 parvam
1646 1588 1802 1643 tidem
1825 1596 2056 1642 nostram

479 1683 857 1740 incarnationis
886 1697 998 1737 suae
1026 1691 1360 1736 sacramento
1385 1681 1695 1736 informaret
1725 1681 1742 1711 ¹
1772 1688 1928 1750 atque
1963 1695 2060 1732 nu-

480 1777 628 1831 triret
650 1817 664 1842 ,
696 1775 998 1846 faceretque
1039 1789 1285 1830 serenum
1313 1773 1637 1828 intellectum
1681 1771 1745 1826 ad
1775 1771 2057 1825 videndum

477 1867 622 1934 quod
642 1882 910 1936 nunquam
935 1865 1118 1934 amisit
1137 1881 1230 1934 per
1257 1863 1307 1918 id
1325 1863 1466 1932 quod
1493 1863 1744 1936 suscepit.
1768 1862 1900 1916 Esse
1915 1863 2058 1916 enim

479 1957 641 2024 (impii.
671 1957 830 2010 homo
853 1998 868 2022 ,
901 1969 1150 2010 essenon
1193 1953 1400 2010 destitit
1443 1954 1604 2008 Deus.
1645 1953 1784 2020 Ergo
1823 1951 1934 2004 lucc
1977 1959 2059 2005 est

475 2046 780 2114 pra-dientio
805 2046 1010 2100 Domini
1043 2045 1210 2098 nostri
1233 2043 1360 2100 .lcsu
1389 2039 1584 2098 Christi
1605 2040 1894 2097 secundum
1915 2041 2056 2110 quod

475 2134 735 2189 mediator
778 2144 888 2200 est,
925 2135 1216 2190 secundum
1247 2133 1390 2204 quod
1425 2141 1584 2202 caput
1631 2142 1712 2189 cst
1763 2131 2054 2198 Ecclesiae;

476 2226 616 2294 quod
647 2227 786 2282 Deus
815 2226 971 2280 homo
1001 2234 1113 2290 est,
1144 2235 1198 2281 et
1237 2225 1399 2280 homo
1435 2225 1578 2279 Deus
1609 2232 1688 2278 est
1711 2263 1728 2288 ,
1769 2237 1888 2278 cum
1917 2222 2058 2277 dicat

476 2314 708 2370 Joannes
741 2333 752 2368 :
791 2315 854 2369 Et
890 2314 1108 2370 Verbum
1133 2331 1250 2370 caro
1281 2315 1472 2385 factum
1503 2323 1610 2380 est,
1647 2322 1694 2368 et
1727 2311 1966 2368 habitavit
2005 2312 2056 2366 in

476 2406 634 2460 nobis.

547 2499 600 2551 4.
633 2495 862 2552 Christus
897 2505 1104 2566 utroque
1129 2496 1276 2550 modo
1298 2493 1674 2550 commendatus
1699 2493 1760 2548 ab
1787 2491 2051 2564 Apoatolo.

476 2588 667 2642 Audite
691 2590 799 2656 jam
841 2597 1123 2657 utrumque
1151 2588 1203 2642 in
1233 2587 1324 2642 illo
1350 2586 1625 2642 notissimo
1651 2583 1882 2654 capitulo
1923 2598 2057 2654 apo-

475 2680 596 2734 stoli
627 2680 776 2734 Pauli
811 2698 822 2733 :
859 2679 958 2745 Qui
985 2696 1100 2732 cum
1123 2680 1176 2732 in
1201 2679 1368 2749 [arma
1393 2677 1490 2731 Dei
1511 2685 1670 2740 esset,
1699 2677 1908 2746 inquit,
1956 2691 2058 2729 non

475 2772 708 2840 rapinam
745 2771 1014 2825 arbitratus
1042 2779 1114 2824 est
1154 2786 1258 2826 esse
1291 2768 1498 2839 azqualis
1525 2767 1654 2822 Deo.
1689 2767 1798 2824 lloc
1841 2776 1956 2833 est,
1991 2765 2058 2820 In

479 2863 727 2934 principio
753 2871 858 2916 erat
899 2860 1132 2928 Verbum,
1156 2869 1202 2916 et
1245 2859 1460 2916 Verbum
1479 2866 1582 2914 erat
1613 2857 1752 2929 apud
1779 2855 1980 2928 Deum,
2009 2867 2058 2915 et

475 2952 616 3008 Deus
642 2961 746 3008 erat
787 2951 1019 3006 Verbum.
1041 2952 1320 3018 Quomodo
1345 2951 1631 3022 Apostolus
1657 2950 1809 3018 dixit,
1837 2949 1956 3004 Non
1973 2967 2060 3004 ra-

477 3045 649 3114 pinam
677 3045 944 3098 arbitratus
969 3052 1040 3098 est
1059 3059 1166 3098 esse
1185 3042 1394 3113 aequatis
1424 3042 1549 3106 Deo,
1573 3043 1616 3098 si
1647 3057 1758 3098 non
1777 3049 1860 3096 est
1877 3055 2058 3111 mqua-

479 3137 544 3192 lis
573 3137 722 3192 Deo?
742 3136 796 3191 Si
818 3146 992 3191 autem
1016 3137 1170 3191 Pater
1192 3136 1348 3202 Deus,
1373 3135 1462 3190 ille
1487 3149 1594 3189 non
1617 3135 1774 3197 Deus,
1789 3133 2060 3204 quomodo

478 3228 728 3298 :cqualis‘i
761 3227 860 3283 Ubi
890 3242 1015 3296 ergo
1037 3227 1126 3282 ille
1147 3227 1240 3294 ait,
1264 3225 1402 3280 Deus
1431 3235 1536 3281 erat
1570 3223 1808 3288 Verbum;
1835 3224 1908 3278 ibi
1935 3224 2054 3289 iste,

479 3319 601 3374 Non
625 3321 859 3388 rapinam
877 3320 1146 3374 arbitratus
1176 3330 1246 3374 est
1274 3336 1378 3374 esse
1412 3319 1618 3390 aequalis
1671 3317 1798 3372 Deo.
1865 3317 1933 3372 Et
1969 3316 2058 3370 ubi

479 3410 565 3464 ille
585 3450 600 3476 ,
641 3408 852 3464 Verbum
879 3426 996 3464 caro
1026 3414 1212 3481 factum
1235 3418 1327 3474 est,
1351 3419 1396 3464 et
1415 3409 1655 3462 habitavit
1679 3410 1728 3462 in
1759 3407 1940 3470 nobis;
1985 3406 2056 3460 ibi

479 3501 597 3564 istc,
634 3499 738 3555 Sed
752 3501 1071 3570 semetipsum
1097 3501 1368 3554 exinanivit
1389 3541 1403 3565 ,
1433 3503 1648 3570 formam
1665 3500 1788 3553 servi
1809 3498 2057 3567 accipiens

480 3587 737 3659 (Philipp.
771 3606 840 3655 ιι,
872 3591 936 3654 6,
967 3589 1042 3660 7).
1068 3589 1338 3644 Attendite
1365 3607 1376 3642 :
1407 3605 1501 3658 per
1529 3588 1630 3642 hoc
1651 3604 1774 3658 ergo
1796 3588 1934 3658 quod
1963 3587 2056 3642 ho-

478 3693 568 3732 mo
591 3677 757 3734 factus
779 3689 856 3734 est
877 3721 889 3744 ,
913 3695 1008 3749 per
1037 3679 1138 3736 hoc
1163 3679 1305 3750 quod
1340 3679 1550 3734 Verbum
1589 3697 1705 3732 caro
1735 3679 1921 3749 factum
1949 3689 2018 3732 est
2039 3719 2052 3741 ,

480 3777 525 3820 et
551 3767 786 3822 habitavit
806 3769 858 3822 in
881 3771 1044 3832 nobis;
1065 3784 1158 3840 per
1185 3769 1287 3824 hoc
1307 3770 1619 3838 semetipsum
1637 3769 1926 3832 exinaniriz,
1951 3770 2056 3840 {or-

479 3877 614 3914 atam
656 3861 782 3916 servi
827 3863 1095 3932 accipiens.
1140 3861 1274 3930 Quid
1318 3862 1458 3916 enim
1496 3860 1821 3916 cxinauivit?
1855 3860 1970 3914 Non
2000 3869 2056 3914 ut

477 3951 746 4005 amitteret
773 3951 1099 4006 divinitatem
1121 3993 1134 4018 ,
1164 3951 1256 4005 sed
1289 3959 1344 4005 ut
1367 3951 1610 4006 indueret
1640 3951 2014 4004 humanitatem
2035 3989 2052 4016 ,

477 4053 740 4109 apparens
769 4040 1068 4095 hominibus
1106 4041 1244 4110 quod
1272 4056 1374 4095 non
1402 4051 1514 4096 erat
1540 4083 1555 4108 ,
1586 4051 1865 4110 antequam
1897 4040 2054 4094 homo

479 4139 640 4184 esset.
669 4129 757 4186 Sic
783 4131 1082 4200 apparendo
1103 4147 1160 4185 se
1189 4131 1497 4196 cxinanivit,
1528 4131 1576 4184 id
1599 4141 1700 4195 est,
1727 4146 2011 4184 reservans
2033 4133 2052 4161 ²

478 4221 785 4291 dignitatem
826 4222 1115 4290 majestatis
1135 4263 1149 4288 ,
1178 4230 1231 4276 ct
1271 4222 1497 4276 offerens
1527 4237 1739 4276 carnem
1773 4221 2051 4275 indumen—

459 4318 588 4365 tum
616 4309 973 4364 humanitatis.
1009 4310 1109 4364 Per
1131 4309 1180 4364 id
1209 4325 1334 4380 ergo
1351 4309 1489 4380 quod
1508 4311 1850 4380 semetipsum
1873 4312 2053 4368 exina-

479 4401 612 4453 nivit
639 4401 859 4454 formam
905 4401 1040 4454 servi
1071 4401 1337 4470 accipiens
1363 4402 1492 4470 (non
1521 4401 1741 4454 fortnam
1776 4401 1865 4454 Dei
1911 4401 2050 4456 acci-

479 4489 648 4558 piens.
685 4490 767 4544 Dc'
790 4490 951 4544 forma
985 4491 1072 4543 Dei
1095 4505 1212 4544 cum
1239 4489 1458 4555 diceret,
1493 4505 1596 4544 non
1624 4490 1785 4554 dixit,
1813 4491 2048 4559 accepit;

477 4579 571 4634 scd
597 4623 609 4644 ,
638 4579 762 4633 Cum
785 4582 834 4634 in
862 4581 1024 4649 forma
1054 4580 1150 4634 Dei
1181 4591 1304 4636 esset
1327 4585 1624 4636 constitutus
1643 4622 1656 4647 ,
1689 4597 1786 4634 non
1823 4584 2050 4650 rapinam

477 4673 748 4724 arbitratus
773 4681 845 4726 est
887 4689 991 4726 esse
1035 4673 1242 4742 wquttlis
1289 4671 1390 4726 Deo
1437 4688 1455 4725 :
1500 4671 1566 4726 ad
1606 4670 1829 4724 formam
1874 4679 2048 4724 autem

477 4764 613 4817 servi
643 4763 727 4817 tibi
759 4773 968 4818 ventum
990 4775 1090 4829 est,
1109 4763 1368 4828 Formam,
1393 4765 1580 4834 inquit,
1599 4765 1725 4817 servi
1741 4763 2011 4832 accipit-ns)
2035 4782 2048 4815 ι

477 4871 572 4923 per
595 4855 693 4910 hoc
712 4871 836 4926 ergo
858 4857 1115 4912 mediator
1135 4866 1187 4910 et
1206 4868 1360 4925 caput
1379 4867 1458 4911 est
1483 4857 1746 4921 Ecclesim,
1777 4873 1868 4924 per
1893 4871 2048 4925 quem

475 4948 880 5024 rcconciliamur
909 4947 1018 5002 Deo
1043 4990 1057 5014 ,
1089 4964 1180 5015 per
1207 4957 1591 5004 sacramentum
1621 4949 1928 5003 humilitatis
1955 4949 1974 4979 ³
1996 4959 2052 5004 et

477 5036 735 5103 passionis
761 5045 812 5091 et
843 5039 1242 5093 resurrectionis
1270 5049 1320 5092 et
1342 5041 1666 5094 ascensionis
1687 5050 1738 5094 et
1757 5042 1940 5108 judicii
1975 5041 2050 5094 fu-

474 5128 575 5182 turi
594 5169 608 5193 ,
634 5139 688 5182 ut
726 5129 832 5184 duo
860 5131 946 5185 illa
976 5130 1144 5186 futura
1174 5132 1472 5197 audiantur,
1502 5149 1619 5188 cum
1648 5136 1811 5188 semel
1842 5135 2048 5190 locutus

474 5218 543 5270 sit
571 5217 728 5272 Deus.
752 5219 851 5274 Ubi
879 5220 985 5274 duo
1011 5221 1327 5276 audiuntur?
1354 5221 1452 5278 Ubi
1491 5224 1662 5278 reddit
1684 5225 1950 5296 unicuique
1967 5241 2047 5280 se-

473 5308 696 5362 cundum
727 5325 879 5377 opera
907 5328 998 5364 sua
1028 5311 1235 5378 (Matth.
1267 5329 1350 5366 XVI
1372 5353 1386 5377 ,
1417 5313 1532 5384 27).

548 5397 774 5454 CAPUT
813 5399 900 5453 IV.
931 5429 1000 5440 —
1029 5401 1081 5456 5.
1113 5399 1286 5454 Caveri
1312 5403 1456 5470 jubet
1497 5404 1559 5457 ab
1601 5403 1906 5460 Arianorum
1946 5407 2048 5462 haz-

476 5490 592 5543 rcsi.
632 5488 904 5560 Virginitas
930 5491 1104 5544 mentis
1125 5491 1380 5562 integritas
1404 5493 1541 5562 ﬁdei.
1559 5495 1776 5566 Serpens
1803 5497 2048 5568 pollicita-

541 5649 554 5677 ¹
583 5645 776 5703 Quidam
798 5644 927 5708 libri,
949 5643 1181 5708 ﬁrmaret.
1894 5667 1916 5692 ο

539 5710 558 5738 ι
585 5708 656 5754 sic
800 5713 856 5756 Λι
873 5707 1006 5768 editi,
1032 5721 1266 5760 reserans.

539 5767 558 5799 ³
577 5765 792 5816 Nonnulli
815 5765 1023 5832 codices,
1043 5768 1362 5821 humanitatis.

1714 381 1768 437 s.
1801 374 2168 437 AUGUSTINI
2207 339 2516 462 aristam.

3611 381 3770 440 “96

2167 490 2301 546 tione
2354 490 2574 556 scientia:
2624 491 2882 546 sedat-ens.
2938 491 3049 547 Hoc
3089 508 3216 564 ergo
3260 503 3498 550 tenentes
3517 538 3531 562 ,
3585 497 3763 556 nolite

2166 585 2484 648 quzcstiones
2511 582 2693 636 mirari
2733 580 3007 640 hominum
3024 624 3038 646 ,
3067 597 3188 652 qua:
3211 593 3432 651 serpunt
3465 587 3602 640 sicut
3625 601 3761 641 can-

2167 683 2276 732 cer,
2305 671 2756 739 quemadmodum
2786 671 2916 725 dixit
2944 673 3232 741 Apostolus
3263 671 3330 742 (ll
3355 673 3487 728 Tim.
3519 691 3577 742 ιι,
3607 676 3705 746 17).
3737 695 3752 732 :

2165 759 2548 824 sedcustodite
2582 776 2740 816 aures
2771 771 2978 817 vestras
2999 804 3014 829 ,
3061 771 3116 818 et
3151 764 3506 832 virginitatem
3556 767 3750 823 mentis

2166 861 2376 920 vestrre,
2399 862 2651 924 tanquam
2676 855 2982 924 desponsati
3010 857 3076 911 ab
3096 857 3268 913 amico
3291 861 3474 927 sponsi
3505 847 3594 914 uni
3625 861 3752 917 vim

2165 947 2422 1018 virginem
2458 958 2660 1004 castam
2703 949 2955 1006 exhibere
3005 950 3240 1006 Christo.
3284 951 3567 1023 Virginitas
3605 955 3750 1008 enim

2165 1047 2340 1096 vestra
2366 1039 2420 1094 in
2455 1048 2653 1096 mente.
2689 1039 2976 1110 Virginitas
2997 1042 3238 1110 corporis
3269 1043 3320 1096 in
3349 1045 3528 1111 paucis
3560 1033 3774 1100 Eccita--

2166 1129 2260 1183 sia:
2289 1146 2302 1183 :
2331 1129 2605 1199 virginitas
2634 1132 2830 1186 mentis
2868 1131 2920 1185 in
2949 1131 3198 1186 omnibus
3229 1131 3471 1188 ﬁdelibus
3500 1147 3622 1188 esse
3656 1133 3749 1186 de-

2164 1220 2271 1275 bet.
2308 1221 2456 1276 Hanc
2487 1221 2843 1290 virginitatem
2871 1222 2984 1276 vult
3007 1237 3233 1292 serpens
3271 1217 3647 1292 corrumpere,
3681 1224 3748 1276 de

2163 1327 2269 1382 quo
2289 1309 2430 1367 idem
2466 1313 2738 1382 apostolus
2759 1313 2886 1367 dicit
2917 1332 2929 1367 :
2965 1313 3279 1382 Desponsavi
3301 1331 3386 1369 vos
3409 1317 3497 1368 uni
3523 1317 3628 1368 viro
3648 1316 3749 1368 vir-

2163 1403 2328 1473 ginem
2355 1412 2544 1458 castam
2561 1405 2792 1459 exhibere
2813 1404 3032 1460 Christo.
3058 1405 3125 1459 Et
3154 1407 3322 1473 timeo,
3351 1424 3413 1460 ne
3432 1408 3558 1462 sicut
3577 1406 3746 1461 Evam

2163 1497 2350 1550 astutia
2375 1512 2468 1550 sua
2508 1513 2716 1570 serpens
2751 1498 2978 1568 decepit;
3001 1500 3074 1553 sic
3097 1516 3293 1570 quoque
3318 1511 3364 1553 et
3393 1501 3542 1554 vestri
3564 1517 3740 1554 sensus

2163 1599 2569 1656 corrumpantur,
2596 1599 2642 1642 et
2667 1590 2899 1644 excidant
2929 1607 2959 1643 a
2989 1592 3214 1646 castitate
3237 1609 3349 1660 qua:
3373 1601 3444 1647 est
3471 1595 3524 1646 in
3541 1589 3752 1647 Christo.

2161 1675 2286 1731 Jesu
2308 1676 2373 1750 (ll
2418 1679 2536 1735 Cor.
2570 1697 2647 1746 XI,
2679 1681 2734 1748 2,
2766 1682 2840 1749 5).
2884 1680 3048 1736 Vestri
3097 1683 3285 1753 inquit,
3313 1701 3487 1738 sensus
3509 1725 3522 1750 ,
3557 1683 3608 1738 id
3638 1693 3744 1748 est,

2163 1778 2358 1823 vestra:
2380 1781 2606 1824 mentes.
2637 1771 2766 1824 Nam
2801 1771 2900 1826 hoc
2935 1774 3101 1842 magis
3122 1775 3391 1842 pr0prium
3417 1784 3516 1827 est.
3545 1774 3747 1830 Sensus

2162 1860 2301 1912 enim
2321 1861 2678 1930 intelliguntur
2689 1869 2745 1914 et
2765 1861 2920 1930 hujus
2936 1864 3194 1931 corporis,
3215 1863 3454 1931 videndi,
3471 1863 3748 1930 audiendi,

2162 1949 2418 2004 odorandi
2439 1993 2452 2016 ,
2482 1950 2761 2020 gustandi,
2791 1952 3059 2020 tangendi.
3092 1953 3296 2008 Montes
3334 1962 3539 2008 nostras
3569 1953 3748 2008 timuit

2161 2041 2427 2111 corrumpi
2465 2041 2789 2113 Apostolus,
2841 2043 2926 2095 ubi
2965 2050 3046 2096 est
3091 2042 3213 2096 tidei
3253 2043 3543 2114 virginitas.
3585 2042 3746 2098 Modo

2162 2146 2343 2200 perge,
2367 2132 2541 2185 anima
2561 2134 2599 2197 ‘,
2629 2133 2981 2204 virginitatem
3015 2143 3156 2188 tuam
3183 2150 3333 2190 serva
3355 2177 3369 2202 ,
3403 2134 3743 2192 fecundanda

2161 2231 2341 2292 postea
2373 2223 2425 2278 in
2455 2225 2698 2293 amplexu
2742 2223 2938 2294 sponsi'
2961 2225 3055 2278 tui.
3103 2224 3282 2295 Sepite
3324 2242 3480 2296 ergo,
3511 2235 3569 2280 ut
3607 2227 3748 2282 scri-

2161 2325 2306 2383 ptum
2331 2323 2602 2382 est,aurcs
2625 2323 2828 2370 vestras
2857 2316 3023 2384 spinis
3053 2315 3236 2389 (Eecli.
3259 2333 3442 2382 xxvut,
3469 2315 3584 2388 28).
3607 2317 3751 2371 Tur-

2163 2406 2306 2458 bavit
2347 2405 2538 2460 fratres
2569 2405 2809 2459 infirmos
2839 2407 3089 2462 Ecclesia:
3129 2407 3350 2478 quaestio
3377 2399 3698 2462 Arianorum
3731 2425 3750 2461 ι

2162 2495 2258 2550 sed
2291 2496 2342 2549 in
2383 2497 2596 2550 Domini
2625 2495 2992 2551 misericordia
3018 2499 3283 2567 superavit
3305 2497 3561 2552 catholica
3589 2497 3747 2552 fides.

2161 2588 2275 2642 Non
2304 2589 2442 2642 enim
2466 2588 2706 2643 deseruit
2733 2589 2822 2644 ille
2850 2589 3144 2644 Ecclesiam
3167 2605 3347 2653 suam;
3373 2590 3488 2644 etsi
3517 2589 3580 2644 ad
3603 2599 3750 2644 tem-2

2163 2693 2260 2747 pus
2285 2679 2510 2733 turbavit
2539 2695 2678 2744 eam,
2712 2681 2781 2734 ob
2805 2681 2906 2734 hoc
2935 2679 3197 2748 turbavit,
3229 2688 3286 2733 ut
3310 2695 3520 2749 semper
3543 2679 3753 2750 suppli-

2161 2779 2309 2824 caret
2355 2771 2425 2836 ci,
2468 2785 2497 2822 a
2527 2785 2651 2838 'quo
2699 2769 2750 2824 in
2805 2770 2974 2825 solida
3027 2779 3173 2840 petra
3217 2769 3634 2825 conﬁrmaretur.
3677 2771 3754 2827 Et

2161 2859 2332 2918 adhuc
2355 2861 2597 2919 mussitat
2623 2877 2863 2935 serpens,
2894 2870 2948 2921 et
2985 2877 3087 2922 non
3119 2871 3281 2922 tacet.
3311 2861 3510 2936 Quaerit
3529 2862 3748 2936 pollici-

2163 2955 2361 3009 talione
2412 2955 2638 3025 quadam
2667 2957 2902 3010 scicntia:
2930 2955 3164 3026 dejicere
3187 2958 3252 3012 de
3281 2958 3525 3026 paradiso
3556 2959 3748 3016 Eccle-

2161 3044 2254 3098 siae
2273 3037 2292 3108 ’,
2317 3059 2472 3113 quem
2508 3060 2611 3099 non
2639 3047 2911 3114 permittat
2941 3047 3116 3102 redire
3147 3047 3210 3102 ad
3242 3049 3387 3102 illum
3416 3048 3742 3117 paradisum,

2163 3133 2300 3189 unde
2323 3136 2522 3202 primus
2549 3135 2711 3190 homo
2737 3137 2976 3206 dejectus
3001 3148 3101 3192 est.

2231 3225 2454 3283 CAPUT
2497 3227 2556 3282 ν.
2587 3260 2655 3268 -
2685 3227 2736 3283 6.
2790 3227 2857 3282 Id
2904 3247 3038 3284 nunc
3081 3232 3184 3302 agit
3228 3232 3280 3286 in
3315 3231 3566 3300 Ecclesia,
3606 3233 3742 3301 quod

2162 3315 2284 3371 olim
2309 3318 2362 3373 in
2392 3322 2649 3387 paradiso.
2679 3321 2867 3376 Contra
2892 3322 3124 3389 Arianos,
3147 3325 3396 3396 quomodo
3427 3325 3580 3378 Pater
3607 3325 3741 3380 Filio

2161 3409 2347 3474 maior.
2365 3408 2555 3463 Filium
2573 3409 2721 3464 Patri
2732 3429 2835 3466 esse
2853 3413 3095 3480 aqualem
3111 3415 3163 3468 in
3184 3414 3348 3484 forma
3371 3413 3481 3481 Dei,
3501 3417 3743 3472 minorem

2159 3499 2212 3551 in
2243 3499 2406 3568 [arma
2433 3501 2580 3554 servi.
2622 3500 2902 3568 lntendite,
2925 3502 3134 3559 fratres.
3163 3503 3313 3570 Quod
3343 3515 3544 3574 gestum
3575 3515 3658 3561 est
3685 3507 3742 3562 in

2161 3589 2254 3643 illo
2281 3591 2546 3659 paradiso,
2573 3591 2674 3646 hoc
2695 3593 2962 3662 geriturin
2981 3593 3239 3649 Ecclesia.
3265 3594 3429 3649 Nemo
3457 3609 3553 3649 nos
3580 3597 3741 3652 sedu-

2160 3688 2244 3732 cat
2271 3681 2337 3734 ab
2363 3680 2463 3734 isto
2491 3681 2752 3750 paradiso.
2774 3682 3011 3737 Sufficiat
3037 3685 3174 3754 quod
3207 3685 3350 3739 illinc
3375 3685 3505 3753 lapsi
3531 3699 3738 3752 sumus,

2157 3769 2242 3824 vel
2271 3771 2472 3839 experti
2503 3772 2847 3841 corrigamur.
2879 3771 2997 3841 ipse
3025 3781 3106 3828 est
3133 3789 3353 3843 serpens
3372 3815 3385 3838 ,
3415 3775 3502 3843 qui
3529 3789 3741 3844 semper

2159 3861 2391 3930 suggerit
2431 3861 2760 3930 iniquitatem
2807 3872 2862 3918 et
2909 3863 3254 3933 impietatem.
3301 3865 3416 3935 lpse
3457 3866 3739 3935 aliquando

2159 3949 2420 4020 promittit
2455 3949 2851 4019 impunitatem,
2884 3953 3326 4022 quemadmodum
3355 3965 3409 4009 et
3436 3955 3502 4010 ibi
3536 3955 3737 4025 promi-

2157 4039 2245 4103 sit,
2276 4039 2459 4094 dicens
2490 4059 2502 4093 :
2537 4039 2799 4112 Numquid
2824 4053 2980 4096 morte
3007 4045 3291 4098 moriemini
3330 4045 3481 4116 (Gen.
3517 4061 3604 4111 ιιι,
3634 4045 3738 4115 ιγι

2159 4130 2276 4198 Ipse
2308 4131 2428 4185 talia
2457 4133 2710 4203 suggerit,
2751 4143 2808 4188 ut
2849 4135 3008 4190 modo
3053 4137 3188 4190 male
3217 4136 3396 4190 vivant
3424 4136 3730 4192 Christiani.

2157 4219 2421 4292 Numquid
2452 4237 2659 4289 omnes,
2693 4223 2860 4294 inquit
2903 4225 3202 4294 perditurus
3243 4236 3324 4280 est
3365 4227 3539 4280 Deus?
3580 4243 3736 4282 num-

2157 4313 2284 4383 quid
2315 4329 2501 4368 omnes
2529 4315 2874 4372 damnaturus
2901 4325 2982 4371 est
3007 4318 3181 4372 Deus?
3211 4317 3301 4372 Ille
3328 4317 3473 4382 dicit,
3509 4320 3736 4373 Damna-

2155 4403 2268 4457 bo:
2299 4403 2566 4472 ignoscam
2607 4405 2684 4459 eis
2725 4405 2812 4474 qui
2853 4419 2911 4460 se
2951 4407 3305 4470 mutaverint;
3351 4419 3554 4462 mutent
3597 4409 3732 4466 facta

2157 4509 2269 4560 sua,
2303 4505 2450 4550 muto
2476 4497 2646 4550 minas
2674 4511 2841 4551 meas.
2871 4497 2988 4566 Ipse
3013 4507 3095 4552 est
3134 4513 3260 4568 ergo
3285 4499 3374 4568 qui
3403 4510 3730 4567 murmurat,

2155 4594 2208 4640 ct
2233 4587 2509 4651 mussitat,
2543 4596 2596 4642 et
2624 4588 2750 4642 dicit
2781 4606 2793 4640 :
2823 4589 2961 4643 Ecce
3009 4589 3095 4643 ubi
3139 4591 3390 4659 scriptum
3435 4601 3534 4657 est,
3581 4591 3734 4647 Pater

2155 4675 2319 4743 maior
2367 4693 2446 4730 me
2495 4688 2566 4730 est
2595 4675 2793 4749 (Joan.
2850 4695 2962 4744 xw,
2995 4679 3123 4746 28);
3157 4689 3210 4734 et
3238 4691 3290 4735 tu
3318 4682 3448 4736 dicis
3474 4681 3730 4752 :equalem

2157 4765 2337 4818 Patri?
2377 4767 2594 4836 Accipio
2638 4767 2778 4835 quod
2811 4767 2944 4822 dicis
2988 4786 3001 4820 :
3047 4767 3142 4823 sed
3189 4779 3468 4839 utrumque
3506 4770 3728 4838 accipio,

2155 4855 2274 4924 quia
2303 4864 2581 4926 utrumque
2605 4857 2738 4927 lego.
2769 4859 2942 4923 Quare
2973 4868 3025 4914 tu
3053 4876 3215 4914 unum
3243 4861 3458 4930 accipis,
3488 4871 3541 4915 ct
3567 4879 3728 4916 untun

2156 4961 2259 4999 non
2301 4946 2416 5000 vis?
2444 4947 2574 5000 Nam
2611 4963 2818 5002 mecum
2849 4960 3134 5019 utrumque
3178 4950 3371 5020 legisti.
3405 4951 3541 5005 Ecce
3575 4949 3732 5005 Pater

2155 5038 2318 5109 major
2343 5053 2423 5090 me
2449 5047 2557 5102 est;
2597 5039 2797 5108 accipio
2819 5082 2832 5098 .
2861 5055 2964 5093 non
2998 5056 3026 5094 a
3055 5050 3104 5094 te
3123 5081 3138 5104 ,
3169 5042 3262 5094 sed
3292 5042 3359 5096 ab
3401 5042 3727 5111 Evangelia:

2153 5135 2204 5180 et
2233 5135 2288 5183 tu
2313 5141 2434 5181 esse
2457 5127 2649 5181 Filium
2673 5130 2930 5198 aequalem
2964 5130 3070 5183 Deo
3099 5129 3263 5196 Patri,
3291 5131 3473 5199 accipe
3497 5133 3563 5186 ab
3589 5133 3730 5201 Apo-

2153 5217 2309 5270 stolo.
2327 5217 2598 5287 Conjunge
2635 5223 2935 5287 utrumque,
2961 5227 3240 5288 utrumque
3258 5219 3543 5274 concordet
3566 5237 3580 5270 :
3607 5221 3725 5289 quia

2153 5307 2241 5377 qui
2268 5307 2474 5362 locutus
2495 5317 2578 5363 est
2607 5323 2702 5378 per
2724 5307 2984 5363 Joannem
3017 5311 3068 5362 in
3097 5309 3405 5380 Evangelio,
3439 5311 3552 5380 ipse
3575 5310 3728 5364 locu-

2155 5405 2238 5451 tus
2258 5405 2339 5452 est
2361 5411 2455 5465 per
2479 5397 2697 5452 Paulum
2721 5397 2773 5452 in
2803 5399 3058 5468 Epistula.
3081 5399 3196 5454 Non
3215 5409 3390 5469 potest
3411 5417 3525 5470 ipse
3543 5415 3724 5456 secum

2153 5486 2456 5543 discordare
2485 5506 2498 5542 :
2525 5489 2618 5543 sed
2649 5499 2700 5543 tu
2731 5491 3069 5545 concordiam
3097 5491 3486 5560 Scripturarum
3515 5507 3620 5547 non
3645 5493 3726 5547 vis

2153 5577 2467 5646 intelligere,
2494 5594 2612 5634 cum
2635 5595 2782 5636 amas
2802 5582 2916 5651 ipse
2935 5583 3160 5651 litigare.
3187 5581 3291 5637 Sed
3321 5599 3386 5638 ex
3417 5583 3721 5656 Evangelia,

2153 5669 2342 5738 inquit,
2371 5669 2570 5738 probo:
2602 5671 2757 5725 Pater
2779 5673 2940 5742 major
2966 5689 3043 5726 me
3064 5681 3154 5728 est.
3181 5671 3251 5729 Et
3273 5687 3373 5744 ego
3396 5689 3462 5730 ex
3485 5675 3724 5746 Evange-

2219 5780 2234 5810 ¹
2254 5777 2418 5829 Florus
2437 5787 2486 5830 et
2507 5781 2834 5832 tzisterciensis
2855 5781 2980 5834 iiber
3003 5795 3016 5833 :
3045 5783 3182 5837 Modo
3202 5799 3316 5854 ergo
3330 5785 3506 5838 anima.
