  <div class='ocr_page' id='page_1' title='image "/cluster/home/n/w/nwhite01/storage/ocr_20150623/39/hvd.32044015471485/012.png"; bbox 0 0 4080 6360; ppageno 0'>
   <div class='ocr_carea' id='block_1_1' title="bbox 295 379 430 437">
    <p class='ocr_par' dir='ltr' id='par_1_1' title="bbox 295 379 430 437">
     <span class='ocr_line' id='line_1_1' title="bbox 295 379 430 437; baseline -0.052 0"><span class='ocrx_word' id='word_1_1' title='bbox 295 379 430 437; x_wconf 73' lang='lat' dir='ltr'><strong>H97</strong></span> 
     </span>
    </p>
   </div>
   <div class='ocr_carea' id='block_1_2' title="bbox 285 498 1856 576">
    <p class='ocr_par' dir='ltr' id='par_1_2' title="bbox 285 498 1856 576">
     <span class='ocr_line' id='line_1_2' title="bbox 285 498 1856 576; baseline -0.006 -16"><span class='ocrx_word' id='word_1_2' title='bbox 285 509 358 560; x_wconf 87' lang='lat' dir='ltr'><strong>lio</strong></span> <span class='ocrx_word' id='word_1_3' title='bbox 399 503 608 576; x_wconf 84' lang='lat' dir='ltr'><strong>probo:</strong></span> <span class='ocrx_word' id='word_1_4' title='bbox 639 501 748 572; x_wconf 80' lang='lat' dir='ltr'><strong>Ego</strong></span> <span class='ocrx_word' id='word_1_5' title='bbox 791 513 838 554; x_wconf 90' lang='lat' dir='ltr'><strong>et</strong></span> <span class='ocrx_word' id='word_1_6' title='bbox 864 499 1017 552; x_wconf 78' lang='lat' dir='ltr'><strong>Pater</strong></span> <span class='ocrx_word' id='word_1_7' title='bbox 1063 516 1214 551; x_wconf 85' lang='lat' dir='ltr'><strong>unum</strong></span> <span class='ocrx_word' id='word_1_8' title='bbox 1263 515 1432 552; x_wconf 86' lang='lat' dir='ltr'><strong>sumus</strong></span> <span class='ocrx_word' id='word_1_9' title='bbox 1457 498 1632 566; x_wconf 79' lang='lat' dir='ltr'><strong>(Joun.</strong></span> <span class='ocrx_word' id='word_1_10' title='bbox 1663 517 1717 564; x_wconf 61' lang='grc' dir='ltr'><strong>ς,</strong></span> <span class='ocrx_word' id='word_1_11' title='bbox 1745 500 1856 569; x_wconf 77' lang='grc'><strong>50).</strong></span> 
     </span>
    </p>
   </div>
   <div class='ocr_carea' id='block_1_3' title="bbox 284 589 1868 664">
    <p class='ocr_par' dir='ltr' id='par_1_3' title="bbox 284 589 1868 664">
     <span class='ocr_line' id='line_1_3' title="bbox 284 589 1868 664; baseline -0.003 -15"><span class='ocrx_word' id='word_1_12' title='bbox 284 593 569 664; x_wconf 82' lang='lat' dir='ltr'><strong>Quomodo</strong></span> <span class='ocrx_word' id='word_1_13' title='bbox 621 603 905 661; x_wconf 87' lang='lat' dir='ltr'><strong>utrmnquc</strong></span> <span class='ocrx_word' id='word_1_14' title='bbox 941 605 1120 645; x_wconf 84' lang='lat' dir='ltr'><strong>verum</strong></span> <span class='ocrx_word' id='word_1_15' title='bbox 1144 590 1264 643; x_wconf 90' lang='lat' dir='ltr'><strong>est?</strong></span> <span class='ocrx_word' id='word_1_16' title='bbox 1291 589 1566 655; x_wconf 79' lang='lat' dir='ltr'><strong>Quomodo</strong></span> <span class='ocrx_word' id='word_1_17' title='bbox 1594 607 1690 644; x_wconf 88' lang='lat' dir='ltr'><strong>nos</strong></span> <span class='ocrx_word' id='word_1_18' title='bbox 1715 591 1868 645; x_wconf 88' lang='lat' dir='ltr'><strong>docet</strong></span> 
     </span>
    </p>
   </div>
   <div class='ocr_carea' id='block_1_4' title="bbox 285 679 1867 754">
    <p class='ocr_par' dir='ltr' id='par_1_4' title="bbox 285 679 1867 754">
     <span class='ocr_line' id='line_1_4' title="bbox 285 679 1867 754; baseline -0.003 -15"><span class='ocrx_word' id='word_1_19' title='bbox 285 685 598 752; x_wconf 73' lang='lat' dir='ltr'><strong>Apostolus,</strong></span> <span class='ocrx_word' id='word_1_20' title='bbox 627 683 732 754; x_wconf 76' lang='lat' dir='ltr'><strong>Ego</strong></span> <span class='ocrx_word' id='word_1_21' title='bbox 761 692 805 735; x_wconf 91' lang='lat' dir='ltr'><strong>et</strong></span> <span class='ocrx_word' id='word_1_22' title='bbox 834 680 991 734; x_wconf 86' lang='lat' dir='ltr'><strong>Pater</strong></span> <span class='ocrx_word' id='word_1_23' title='bbox 1018 697 1170 732; x_wconf 85' lang='lat' dir='ltr'><strong>unum</strong></span> <span class='ocrx_word' id='word_1_24' title='bbox 1191 681 1399 733; x_wconf 88' lang='lat' dir='ltr'><strong>sumus?</strong></span> <span class='ocrx_word' id='word_1_25' title='bbox 1426 679 1525 746; x_wconf 85' lang='lat' dir='ltr'><strong>Qui</strong></span> <span class='ocrx_word' id='word_1_26' title='bbox 1551 697 1663 732; x_wconf 88' lang='lat' dir='ltr'><strong>cmn</strong></span> <span class='ocrx_word' id='word_1_27' title='bbox 1685 683 1737 734; x_wconf 89' lang='lat' dir='ltr'><strong>in</strong></span> <span class='ocrx_word' id='word_1_28' title='bbox 1761 685 1867 752; x_wconf 79' lang='lat' dir='ltr'><strong>for-</strong></span> 
     </span>
    </p>
   </div>
   <div class='ocr_carea' id='block_1_5' title="bbox 285 770 1865 841">
    <p class='ocr_par' dir='ltr' id='par_1_5' title="bbox 285 770 1865 841">
     <span class='ocr_line' id='line_1_5' title="bbox 285 770 1865 841; baseline -0.001 -15"><span class='ocrx_word' id='word_1_29' title='bbox 285 794 363 827; x_wconf 82' lang='lat' dir='ltr'><strong>ma</strong></span> <span class='ocrx_word' id='word_1_30' title='bbox 401 774 498 827; x_wconf 75' lang='lat' dir='ltr'><strong>Dei</strong></span> <span class='ocrx_word' id='word_1_31' title='bbox 527 783 654 828; x_wconf 87' lang='lat' dir='ltr'><strong>esset</strong></span> <span class='ocrx_word' id='word_1_32' title='bbox 679 815 692 838; x_wconf 95' lang='lat'><strong>,</strong></span> <span class='ocrx_word' id='word_1_33' title='bbox 721 790 820 825; x_wconf 82' lang='lat' dir='ltr'><strong>non</strong></span> <span class='ocrx_word' id='word_1_34' title='bbox 851 772 1080 840; x_wconf 81' lang='lat' dir='ltr'><strong>rapinam</strong></span> <span class='ocrx_word' id='word_1_35' title='bbox 1111 770 1380 822; x_wconf 84' lang='lat' dir='ltr'><strong>arbitratus</strong></span> <span class='ocrx_word' id='word_1_36' title='bbox 1422 778 1490 823; x_wconf 87' lang='lat' dir='ltr'><strong>est</strong></span> <span class='ocrx_word' id='word_1_37' title='bbox 1528 786 1631 824; x_wconf 86' lang='lat' dir='ltr'><strong>esse</strong></span> <span class='ocrx_word' id='word_1_38' title='bbox 1660 771 1865 841; x_wconf 77' lang='lat' dir='ltr'><strong>a&#39;qualis</strong></span> 
     </span>
    </p>
   </div>
   <div class='ocr_carea' id='block_1_6' title="bbox 287 861 1861 931">
    <p class='ocr_par' dir='ltr' id='par_1_6' title="bbox 287 861 1861 931">
     <span class='ocr_line' id='line_1_6' title="bbox 287 861 1861 931; baseline -0.002 -14"><span class='ocrx_word' id='word_1_39' title='bbox 287 865 409 917; x_wconf 74' lang='lat' dir='ltr'><strong>Deo.</strong></span> <span class='ocrx_word' id='word_1_40' title='bbox 440 863 600 918; x_wconf 91' lang='lat' dir='ltr'><strong>Audi.</strong></span> <span class='ocrx_word' id='word_1_41' title='bbox 629 863 782 917; x_wconf 84' lang='lat' dir='ltr'><strong>Pater</strong></span> <span class='ocrx_word' id='word_1_42' title='bbox 806 863 969 931; x_wconf 84' lang='lat' dir='ltr'><strong>major</strong></span> <span class='ocrx_word' id='word_1_43' title='bbox 995 878 1071 913; x_wconf 90' lang='lat' dir='ltr'><strong>me</strong></span> <span class='ocrx_word' id='word_1_44' title='bbox 1091 871 1160 913; x_wconf 84' lang='lat' dir='ltr'><strong>cst</strong></span> <span class='ocrx_word' id='word_1_45' title='bbox 1185 876 1203 913; x_wconf 91' lang='lat'><strong><em>:</em></strong></span> <span class='ocrx_word' id='word_1_46' title='bbox 1232 861 1320 913; x_wconf 81' lang='lat' dir='ltr'><strong>sed</strong></span> <span class='ocrx_word' id='word_1_47' title='bbox 1342 862 1657 929; x_wconf 87' lang='lat' dir='ltr'><strong>semetipsum</strong></span> <span class='ocrx_word' id='word_1_48' title='bbox 1686 863 1861 914; x_wconf 73' lang='lat' dir='ltr'><strong>exina-</strong></span> 
     </span>
    </p>
   </div>
   <div class='ocr_carea' id='block_1_7' title="bbox 283 951 1863 1025">
    <p class='ocr_par' dir='ltr' id='par_1_7' title="bbox 283 951 1863 1025">
     <span class='ocr_line' id='line_1_7' title="bbox 283 951 1863 1025; baseline 0 -19"><span class='ocrx_word' id='word_1_49' title='bbox 283 957 424 1018; x_wconf 80' lang='lat' dir='ltr'><strong>nivit,</strong></span> <span class='ocrx_word' id='word_1_50' title='bbox 455 959 675 1025; x_wconf 76' lang='lat' dir='ltr'><strong>formam</strong></span> <span class='ocrx_word' id='word_1_51' title='bbox 700 954 826 1007; x_wconf 85' lang='lat' dir='ltr'><strong>servi</strong></span> <span class='ocrx_word' id='word_1_52' title='bbox 851 952 1118 1020; x_wconf 77' lang='lat' dir='ltr'><strong>accipiens.</strong></span> <span class='ocrx_word' id='word_1_53' title='bbox 1153 951 1291 1005; x_wconf 87' lang='lat' dir='ltr'><strong>Ecce</strong></span> <span class='ocrx_word' id='word_1_54' title='bbox 1316 966 1415 1020; x_wconf 93' lang='lat' dir='ltr'><strong>ego</strong></span> <span class='ocrx_word' id='word_1_55' title='bbox 1442 951 1668 1005; x_wconf 77' lang='lat' dir='ltr'><strong>ostendo</strong></span> <span class='ocrx_word' id='word_1_56' title='bbox 1697 967 1863 1020; x_wconf 87' lang='lat' dir='ltr'><strong>quare</strong></span> 
     </span>
    </p>
   </div>
   <div class='ocr_carea' id='block_1_8' title="bbox 281 1043 1866 1119">
    <p class='ocr_par' dir='ltr' id='par_1_8' title="bbox 281 1043 1866 1119">
     <span class='ocr_line' id='line_1_8' title="bbox 281 1043 1866 1119; baseline -0.004 -16"><span class='ocrx_word' id='word_1_57' title='bbox 281 1051 452 1119; x_wconf 89' lang='lat' dir='ltr'><strong>major</strong></span> <span class='ocrx_word' id='word_1_58' title='bbox 476 1059 557 1104; x_wconf 89' lang='lat' dir='ltr'><strong>est</strong></span> <span class='ocrx_word' id='word_1_59' title='bbox 584 1067 597 1103; x_wconf 91' lang='lat'><strong>:</strong></span> <span class='ocrx_word' id='word_1_60' title='bbox 622 1059 674 1102; x_wconf 89' lang='lat' dir='ltr'><strong>tu</strong></span> <span class='ocrx_word' id='word_1_61' title='bbox 702 1046 922 1102; x_wconf 89' lang='lat' dir='ltr'><strong>ostende</strong></span> <span class='ocrx_word' id='word_1_62' title='bbox 951 1048 999 1098; x_wconf 91' lang='lat' dir='ltr'><strong>in</strong></span> <span class='ocrx_word' id='word_1_63' title='bbox 1028 1061 1132 1115; x_wconf 89' lang='lat' dir='ltr'><strong>quo</strong></span> <span class='ocrx_word' id='word_1_64' title='bbox 1153 1045 1370 1114; x_wconf 74' lang='lat' dir='ltr'><strong>mqualis</strong></span> <span class='ocrx_word' id='word_1_65' title='bbox 1396 1060 1501 1098; x_wconf 91' lang='lat' dir='ltr'><strong>non</strong></span> <span class='ocrx_word' id='word_1_66' title='bbox 1525 1052 1624 1098; x_wconf 87' lang='lat' dir='ltr'><strong>est.</strong></span> <span class='ocrx_word' id='word_1_67' title='bbox 1650 1043 1866 1099; x_wconf 88' lang='lat' dir='ltr'><strong>Utrum-</strong></span> 
     </span>
    </p>
   </div>
   <div class='ocr_carea' id='block_1_9' title="bbox 278 1134 1862 1210">
    <p class='ocr_par' dir='ltr' id='par_1_9' title="bbox 278 1134 1862 1210">
     <span class='ocr_line' id='line_1_9' title="bbox 278 1134 1862 1210; baseline -0.001 -19"><span class='ocrx_word' id='word_1_68' title='bbox 278 1157 382 1207; x_wconf 85' lang='lat' dir='ltr'><strong>que</strong></span> <span class='ocrx_word' id='word_1_69' title='bbox 401 1141 546 1194; x_wconf 91' lang='lat' dir='ltr'><strong>enim</strong></span> <span class='ocrx_word' id='word_1_70' title='bbox 576 1140 817 1210; x_wconf 86' lang='lat' dir='ltr'><strong>legimus.</strong></span> <span class='ocrx_word' id='word_1_71' title='bbox 853 1136 1022 1190; x_wconf 82' lang='lat' dir='ltr'><strong>Minor</strong></span> <span class='ocrx_word' id='word_1_72' title='bbox 1044 1145 1124 1190; x_wconf 87' lang='lat' dir='ltr'><strong>est</strong></span> <span class='ocrx_word' id='word_1_73' title='bbox 1153 1136 1326 1201; x_wconf 84' lang='lat' dir='ltr'><strong>Patre,</strong></span> <span class='ocrx_word' id='word_1_74' title='bbox 1351 1136 1400 1188; x_wconf 92' lang='lat' dir='ltr'><strong>in</strong></span> <span class='ocrx_word' id='word_1_75' title='bbox 1431 1144 1684 1205; x_wconf 88' lang='lat' dir='ltr'><strong>quantum</strong></span> <span class='ocrx_word' id='word_1_76' title='bbox 1725 1134 1862 1189; x_wconf 83' lang='lat' dir='ltr'><strong>filius</strong></span> 
     </span>
    </p>
   </div>
   <div class='ocr_carea' id='block_1_10' title="bbox 279 1225 1857 1298">
    <p class='ocr_par' dir='ltr' id='par_1_10' title="bbox 279 1225 1857 1298">
     <span class='ocr_line' id='line_1_10' title="bbox 279 1225 1857 1298; baseline -0.004 -13"><span class='ocrx_word' id='word_1_77' title='bbox 279 1231 512 1286; x_wconf 90' lang='lat' dir='ltr'><strong>hominis</strong></span> <span class='ocrx_word' id='word_1_78' title='bbox 541 1241 628 1285; x_wconf 87' lang='lat' dir='ltr'><strong>cst</strong></span> <span class='ocrx_word' id='word_1_79' title='bbox 661 1247 674 1282; x_wconf 89' lang='lat'><strong>:</strong></span> <span class='ocrx_word' id='word_1_80' title='bbox 707 1230 925 1298; x_wconf 76' lang='lat' dir='ltr'><strong>aequalis</strong></span> <span class='ocrx_word' id='word_1_81' title='bbox 953 1227 1131 1292; x_wconf 91' lang='lat' dir='ltr'><strong>Patri,</strong></span> <span class='ocrx_word' id='word_1_82' title='bbox 1165 1227 1218 1280; x_wconf 91' lang='lat' dir='ltr'><strong>in</strong></span> <span class='ocrx_word' id='word_1_83' title='bbox 1257 1235 1510 1295; x_wconf 88' lang='lat' dir='ltr'><strong>quantum</strong></span> <span class='ocrx_word' id='word_1_84' title='bbox 1545 1225 1705 1280; x_wconf 81' lang='lat' dir='ltr'><strong>Filius</strong></span> <span class='ocrx_word' id='word_1_85' title='bbox 1735 1227 1857 1293; x_wconf 91' lang='lat' dir='ltr'><strong>Dei;</strong></span> 
     </span>
    </p>
   </div>
   <div class='ocr_carea' id='block_1_11' title="bbox 275 1319 1855 1391">
    <p class='ocr_par' dir='ltr' id='par_1_11' title="bbox 275 1319 1855 1391">
     <span class='ocr_line' id='line_1_11' title="bbox 275 1319 1855 1391; baseline -0.002 -16"><span class='ocrx_word' id='word_1_86' title='bbox 275 1326 397 1391; x_wconf 90' lang='lat' dir='ltr'><strong>quia</strong></span> <span class='ocrx_word' id='word_1_87' title='bbox 427 1324 568 1376; x_wconf 89' lang='lat' dir='ltr'><strong>Deus</strong></span> <span class='ocrx_word' id='word_1_88' title='bbox 599 1330 712 1375; x_wconf 86' lang='lat' dir='ltr'><strong>erat</strong></span> <span class='ocrx_word' id='word_1_89' title='bbox 738 1320 992 1374; x_wconf 75' lang='lat' dir='ltr'><strong>Verbum.</strong></span> <span class='ocrx_word' id='word_1_90' title='bbox 1048 1320 1304 1374; x_wconf 78' lang='lat' dir='ltr'><strong>Metliator</strong></span> <span class='ocrx_word' id='word_1_91' title='bbox 1324 1339 1348 1383; x_wconf 66' lang='grc' dir='ltr'>τ</span> <span class='ocrx_word' id='word_1_92' title='bbox 1373 1319 1516 1374; x_wconf 90' lang='lat' dir='ltr'><strong>Deus</strong></span> <span class='ocrx_word' id='word_1_93' title='bbox 1563 1327 1616 1373; x_wconf 93' lang='lat' dir='ltr'><strong>et</strong></span> <span class='ocrx_word' id='word_1_94' title='bbox 1661 1319 1855 1372; x_wconf 91' lang='lat' dir='ltr'><strong>homo:</strong></span> 
     </span>
    </p>
   </div>
   <div class='ocr_carea' id='block_1_12' title="bbox 278 1411 1860 1486">
    <p class='ocr_par' dir='ltr' id='par_1_12' title="bbox 278 1411 1860 1486">
     <span class='ocr_line' id='line_1_12' title="bbox 278 1411 1860 1486; baseline -0.004 -15"><span class='ocrx_word' id='word_1_95' title='bbox 278 1417 417 1471; x_wconf 85' lang='lat' dir='ltr'><strong>Deus</strong></span> <span class='ocrx_word' id='word_1_96' title='bbox 446 1415 666 1486; x_wconf 79' lang='lat' dir='ltr'><strong>:cqnalis</strong></span> <span class='ocrx_word' id='word_1_97' title='bbox 698 1414 876 1477; x_wconf 89' lang='lat' dir='ltr'><strong>Patri,</strong></span> <span class='ocrx_word' id='word_1_98' title='bbox 922 1413 1081 1467; x_wconf 84' lang='lat' dir='ltr'><strong>homo</strong></span> <span class='ocrx_word' id='word_1_99' title='bbox 1117 1413 1289 1466; x_wconf 90' lang='lat' dir='ltr'><strong>minor</strong></span> <span class='ocrx_word' id='word_1_100' title='bbox 1318 1412 1492 1466; x_wconf 86' lang='lat' dir='ltr'><strong>Patre.</strong></span> <span class='ocrx_word' id='word_1_101' title='bbox 1529 1411 1624 1465; x_wconf 87' lang='lat' dir='ltr'><strong>Est</strong></span> <span class='ocrx_word' id='word_1_102' title='bbox 1653 1426 1781 1479; x_wconf 88' lang='lat' dir='ltr'><strong>ergo</strong></span> <span class='ocrx_word' id='word_1_103' title='bbox 1806 1419 1860 1464; x_wconf 89' lang='lat' dir='ltr'><strong>et</strong></span> 
     </span>
    </p>
   </div>
   <div class='ocr_carea' id='block_1_13' title="bbox 276 1501 1856 1576">
    <p class='ocr_par' dir='ltr' id='par_1_13' title="bbox 276 1501 1856 1576">
     <span class='ocr_line' id='line_1_13' title="bbox 276 1501 1856 1576; baseline -0.002 -16"><span class='ocrx_word' id='word_1_104' title='bbox 276 1507 494 1576; x_wconf 66' lang='lat' dir='ltr'><strong>rqualis</strong></span> <span class='ocrx_word' id='word_1_105' title='bbox 518 1514 572 1558; x_wconf 83' lang='lat' dir='ltr'><strong>et</strong></span> <span class='ocrx_word' id='word_1_106' title='bbox 602 1505 777 1558; x_wconf 91' lang='lat' dir='ltr'><strong>minor</strong></span> <span class='ocrx_word' id='word_1_107' title='bbox 809 1521 820 1556; x_wconf 92' lang='lat'>:</span> <span class='ocrx_word' id='word_1_108' title='bbox 854 1504 1070 1573; x_wconf 82' lang='lat' dir='ltr'><strong>:equalis</strong></span> <span class='ocrx_word' id='word_1_109' title='bbox 1113 1505 1164 1556; x_wconf 92' lang='lat' dir='ltr'><strong>in</strong></span> <span class='ocrx_word' id='word_1_110' title='bbox 1210 1504 1376 1557; x_wconf 89' lang='lat' dir='ltr'><strong>forma</strong></span> <span class='ocrx_word' id='word_1_111' title='bbox 1423 1503 1536 1565; x_wconf 90' lang='lat' dir='ltr'><strong>Dei,</strong></span> <span class='ocrx_word' id='word_1_112' title='bbox 1589 1502 1764 1556; x_wconf 90' lang='lat' dir='ltr'><strong>minor</strong></span> <span class='ocrx_word' id='word_1_113' title='bbox 1803 1501 1856 1557; x_wconf 90' lang='lat' dir='ltr'><strong>in</strong></span> 
     </span>
    </p>
   </div>
   <div class='ocr_carea' id='block_1_14' title="bbox 274 1593 1857 1664">
    <p class='ocr_par' dir='ltr' id='par_1_14' title="bbox 274 1593 1857 1664">
     <span class='ocr_line' id='line_1_14' title="bbox 274 1593 1857 1664; baseline 0 -14"><span class='ocrx_word' id='word_1_114' title='bbox 274 1596 444 1650; x_wconf 89' lang='lat' dir='ltr'><strong>forma</strong></span> <span class='ocrx_word' id='word_1_115' title='bbox 477 1597 638 1650; x_wconf 89' lang='lat' dir='ltr'><strong>servi.</strong></span> <span class='ocrx_word' id='word_1_116' title='bbox 672 1595 750 1650; x_wconf 87' lang='lat' dir='ltr'><strong>Tu</strong></span> <span class='ocrx_word' id='word_1_117' title='bbox 781 1610 907 1664; x_wconf 87' lang='lat' dir='ltr'><strong>ergo</strong></span> <span class='ocrx_word' id='word_1_118' title='bbox 947 1595 1050 1658; x_wconf 90' lang='lat' dir='ltr'><strong>dic,</strong></span> <span class='ocrx_word' id='word_1_119' title='bbox 1093 1594 1236 1648; x_wconf 89' lang='lat' dir='ltr'><strong>unde</strong></span> <span class='ocrx_word' id='word_1_120' title='bbox 1283 1593 1501 1663; x_wconf 74' lang='lat' dir='ltr'><strong>mqualis</strong></span> <span class='ocrx_word' id='word_1_121' title='bbox 1547 1603 1598 1650; x_wconf 89' lang='lat' dir='ltr'><strong>et</strong></span> <span class='ocrx_word' id='word_1_122' title='bbox 1645 1594 1857 1650; x_wconf 89' lang='lat' dir='ltr'><strong>minor?</strong></span> 
     </span>
    </p>
   </div>
   <div class='ocr_carea' id='block_1_15' title="bbox 271 1685 1856 1757">
    <p class='ocr_par' dir='ltr' id='par_1_15' title="bbox 271 1685 1856 1757">
     <span class='ocr_line' id='line_1_15' title="bbox 271 1685 1856 1757; baseline -0.001 -15"><span class='ocrx_word' id='word_1_123' title='bbox 271 1687 536 1756; x_wconf 79' lang='lat' dir='ltr'><strong>Numquid</strong></span> <span class='ocrx_word' id='word_1_124' title='bbox 556 1688 655 1740; x_wconf 72' lang='lat' dir='ltr'><strong>alia</strong></span> <span class='ocrx_word' id='word_1_125' title='bbox 681 1695 830 1757; x_wconf 87' lang='lat' dir='ltr'><strong>parte</strong></span> <span class='ocrx_word' id='word_1_126' title='bbox 852 1686 1090 1754; x_wconf 67' lang='lat' dir='ltr'><strong>aequalis,</strong></span> <span class='ocrx_word' id='word_1_127' title='bbox 1115 1694 1167 1739; x_wconf 91' lang='lat' dir='ltr'><strong>ct</strong></span> <span class='ocrx_word' id='word_1_128' title='bbox 1195 1685 1296 1740; x_wconf 86' lang='lat' dir='ltr'><strong>alia</strong></span> <span class='ocrx_word' id='word_1_129' title='bbox 1321 1693 1466 1757; x_wconf 88' lang='lat' dir='ltr'><strong>parte</strong></span> <span class='ocrx_word' id='word_1_130' title='bbox 1490 1686 1700 1741; x_wconf 89' lang='lat' dir='ltr'><strong>minor?</strong></span> <span class='ocrx_word' id='word_1_131' title='bbox 1721 1687 1856 1742; x_wconf 86' lang='lat' dir='ltr'><strong>Ecce</strong></span> 
     </span>
    </p>
   </div>
   <div class='ocr_carea' id='block_1_16' title="bbox 271 1777 1856 1848">
    <p class='ocr_par' dir='ltr' id='par_1_16' title="bbox 271 1777 1856 1848">
     <span class='ocr_line' id='line_1_16' title="bbox 271 1777 1856 1848; baseline 0 -15"><span class='ocrx_word' id='word_1_132' title='bbox 271 1788 491 1847; x_wconf 75' lang='lat' dir='ltr'><strong>excepta</strong></span> <span class='ocrx_word' id='word_1_133' title='bbox 517 1778 854 1846; x_wconf 73' lang='lat' dir='ltr'><strong>susceptione</strong></span> <span class='ocrx_word' id='word_1_134' title='bbox 881 1777 1054 1830; x_wconf 91' lang='lat' dir='ltr'><strong>carnis</strong></span> <span class='ocrx_word' id='word_1_135' title='bbox 1075 1817 1088 1843; x_wconf 90' lang='lat'><strong>,</strong></span> <span class='ocrx_word' id='word_1_136' title='bbox 1117 1779 1338 1833; x_wconf 91' lang='lat' dir='ltr'><strong>ostende</strong></span> <span class='ocrx_word' id='word_1_137' title='bbox 1372 1779 1496 1832; x_wconf 89' lang='lat' dir='ltr'><strong>tnihi</strong></span> <span class='ocrx_word' id='word_1_138' title='bbox 1520 1779 1775 1848; x_wconf 79' lang='lat' dir='ltr'><strong>:cqnalem</strong></span> <span class='ocrx_word' id='word_1_139' title='bbox 1802 1787 1856 1833; x_wconf 90' lang='lat' dir='ltr'><strong>ct</strong></span> 
     </span>
    </p>
   </div>
   <div class='ocr_carea' id='block_1_17' title="bbox 271 1866 1694 1935">
    <p class='ocr_par' dir='ltr' id='par_1_17' title="bbox 271 1866 1694 1935">
     <span class='ocr_line' id='line_1_17' title="bbox 271 1866 1694 1935; baseline -0.001 -13"><span class='ocrx_word' id='word_1_140' title='bbox 271 1870 553 1922; x_wconf 86' lang='lat' dir='ltr'><strong>minorem.</strong></span> <span class='ocrx_word' id='word_1_141' title='bbox 582 1867 731 1922; x_wconf 89' lang='lat' dir='ltr'><strong>Unde</strong></span> <span class='ocrx_word' id='word_1_142' title='bbox 761 1866 1217 1924; x_wconf 72' lang='lat' dir='ltr'><strong>dcmousuaturas</strong></span> <span class='ocrx_word' id='word_1_143' title='bbox 1238 1885 1314 1935; x_wconf 89' lang='lat' dir='ltr'><strong>es,</strong></span> <span class='ocrx_word' id='word_1_144' title='bbox 1343 1869 1466 1922; x_wconf 91' lang='lat' dir='ltr'><strong>volo</strong></span> <span class='ocrx_word' id='word_1_145' title='bbox 1493 1869 1694 1923; x_wconf 91' lang='lat' dir='ltr'><strong>videre.</strong></span> 
     </span>
    </p>
   </div>
   <div class='ocr_carea' id='block_1_18' title="bbox 338 1960 1853 2024">
    <p class='ocr_par' dir='ltr' id='par_1_18' title="bbox 338 1960 1853 2024">
     <span class='ocr_line' id='line_1_18' title="bbox 338 1960 1853 2024; baseline -0.001 -9"><span class='ocrx_word' id='word_1_146' title='bbox 338 1960 568 2016; x_wconf 79' lang='lat' dir='ltr'><strong>CAPUT</strong></span> <span class='ocrx_word' id='word_1_147' title='bbox 604 1960 694 2014; x_wconf 78' lang='lat' dir='ltr'><strong>Vl.</strong></span> <span class='ocrx_word' id='word_1_148' title='bbox 722 1989 794 2002; x_wconf 57' lang='grc' dir='ltr'><strong>η-</strong></span> <span class='ocrx_word' id='word_1_149' title='bbox 832 1963 882 2015; x_wconf 88' lang='lat'><strong>7.</strong></span> <span class='ocrx_word' id='word_1_150' title='bbox 927 1961 1096 2024; x_wconf 77' lang='lat' dir='ltr'><strong>Filius</strong></span> <span class='ocrx_word' id='word_1_151' title='bbox 1137 1961 1231 2014; x_wconf 90' lang='lat' dir='ltr'><strong>Dei</strong></span> <span class='ocrx_word' id='word_1_152' title='bbox 1291 1971 1408 2014; x_wconf 89' lang='lat' dir='ltr'><strong>ante</strong></span> <span class='ocrx_word' id='word_1_153' title='bbox 1459 1962 1853 2014; x_wconf 89' lang='lat' dir='ltr'><strong>incarnationem</strong></span> 
     </span>
    </p>
   </div>
   <div class='ocr_carea' id='block_1_19' title="bbox 269 2051 1850 2121">
    <p class='ocr_par' dir='ltr' id='par_1_19' title="bbox 269 2051 1850 2121">
     <span class='ocr_line' id='line_1_19' title="bbox 269 2051 1850 2121; baseline 0 -17"><span class='ocrx_word' id='word_1_154' title='bbox 269 2053 408 2106; x_wconf 78' lang='lat' dir='ltr'><strong>nullo</strong></span> <span class='ocrx_word' id='word_1_155' title='bbox 440 2051 590 2106; x_wconf 87' lang='lat' dir='ltr'><strong>modo</strong></span> <span class='ocrx_word' id='word_1_156' title='bbox 620 2053 785 2106; x_wconf 90' lang='lat' dir='ltr'><strong>minor</strong></span> <span class='ocrx_word' id='word_1_157' title='bbox 818 2051 988 2106; x_wconf 84' lang='lat' dir='ltr'><strong>Patre.</strong></span> <span class='ocrx_word' id='word_1_158' title='bbox 1030 2051 1302 2106; x_wconf 85' lang='lat' dir='ltr'><strong>Attendite</strong></span> <span class='ocrx_word' id='word_1_159' title='bbox 1343 2051 1666 2121; x_wconf 89' lang='lat' dir='ltr'><strong>impietatem</strong></span> <span class='ocrx_word' id='word_1_160' title='bbox 1697 2051 1850 2105; x_wconf 86' lang='lat' dir='ltr'><strong>stoli-</strong></span> 
     </span>
    </p>
   </div>
   <div class='ocr_carea' id='block_1_20' title="bbox 266 2143 1852 2213">
    <p class='ocr_par' dir='ltr' id='par_1_20' title="bbox 266 2143 1852 2213">
     <span class='ocr_line' id='line_1_20' title="bbox 266 2143 1852 2213; baseline 0.001 -17"><span class='ocrx_word' id='word_1_161' title='bbox 266 2145 389 2198; x_wconf 85' lang='lat' dir='ltr'><strong>dam</strong></span> <span class='ocrx_word' id='word_1_162' title='bbox 418 2159 633 2198; x_wconf 88' lang='lat' dir='ltr'><strong>carnem</strong></span> <span class='ocrx_word' id='word_1_163' title='bbox 665 2159 854 2213; x_wconf 78' lang='lat' dir='ltr'><strong>sapere</strong></span> <span class='ocrx_word' id='word_1_164' title='bbox 875 2186 888 2210; x_wconf 94' lang='lat'><strong>,</strong></span> <span class='ocrx_word' id='word_1_165' title='bbox 921 2143 1188 2213; x_wconf 87' lang='lat' dir='ltr'><strong>quomodo</strong></span> <span class='ocrx_word' id='word_1_166' title='bbox 1219 2144 1472 2212; x_wconf 90' lang='lat' dir='ltr'><strong>scriptum</strong></span> <span class='ocrx_word' id='word_1_167' title='bbox 1499 2153 1580 2198; x_wconf 87' lang='lat' dir='ltr'><strong>est</strong></span> <span class='ocrx_word' id='word_1_168' title='bbox 1607 2163 1619 2198; x_wconf 91' lang='lat'><strong>:</strong></span> <span class='ocrx_word' id='word_1_169' title='bbox 1659 2144 1852 2213; x_wconf 78' lang='lat' dir='ltr'><strong>Sapere</strong></span> 
     </span>
    </p>
   </div>
   <div class='ocr_carea' id='block_1_21' title="bbox 263 2232 1845 2304">
    <p class='ocr_par' dir='ltr' id='par_1_21' title="bbox 263 2232 1845 2304">
     <span class='ocr_line' id='line_1_21' title="bbox 263 2232 1845 2304; baseline -0.002 -16"><span class='ocrx_word' id='word_1_170' title='bbox 263 2234 541 2288; x_wconf 78' lang='lat' dir='ltr'><strong>secundum</strong></span> <span class='ocrx_word' id='word_1_171' title='bbox 580 2250 808 2297; x_wconf 88' lang='lat' dir='ltr'><strong>carnem,</strong></span> <span class='ocrx_word' id='word_1_172' title='bbox 841 2250 975 2287; x_wconf 87' lang='lat' dir='ltr'><strong>mors</strong></span> <span class='ocrx_word' id='word_1_173' title='bbox 1015 2243 1085 2287; x_wconf 89' lang='lat' dir='ltr'><strong>est</strong></span> <span class='ocrx_word' id='word_1_174' title='bbox 1117 2232 1290 2304; x_wconf 86' lang='lat' dir='ltr'><strong>(Rom.</strong></span> <span class='ocrx_word' id='word_1_175' title='bbox 1316 2248 1409 2288; x_wconf 89' lang='lat' dir='ltr'><strong>vm</strong></span> <span class='ocrx_word' id='word_1_176' title='bbox 1431 2275 1444 2298; x_wconf 93' lang='lat'><strong>,</strong></span> <span class='ocrx_word' id='word_1_177' title='bbox 1477 2234 1550 2302; x_wconf 66' lang='lat'><strong>6).</strong></span> <span class='ocrx_word' id='word_1_178' title='bbox 1583 2233 1678 2288; x_wconf 81' lang='lat' dir='ltr'><strong>llic</strong></span> <span class='ocrx_word' id='word_1_179' title='bbox 1701 2233 1845 2288; x_wconf 87' lang='lat' dir='ltr'><strong>siste.</strong></span> 
     </span>
    </p>
   </div>
   <div class='ocr_carea' id='block_1_22' title="bbox 265 2322 1850 2394">
    <p class='ocr_par' dir='ltr' id='par_1_22' title="bbox 265 2322 1850 2394">
     <span class='ocr_line' id='line_1_22' title="bbox 265 2322 1850 2394; baseline 0.001 -17"><span class='ocrx_word' id='word_1_180' title='bbox 265 2323 562 2394; x_wconf 87' lang='lat' dir='ltr'><strong>Sequcstro</strong></span> <span class='ocrx_word' id='word_1_181' title='bbox 593 2325 798 2388; x_wconf 90' lang='lat' dir='ltr'><strong>adhuc,</strong></span> <span class='ocrx_word' id='word_1_182' title='bbox 828 2333 880 2377; x_wconf 93' lang='lat' dir='ltr'><strong>ct</strong></span> <span class='ocrx_word' id='word_1_183' title='bbox 907 2323 1138 2377; x_wconf 90' lang='lat' dir='ltr'><strong>nondum</strong></span> <span class='ocrx_word' id='word_1_184' title='bbox 1171 2324 1359 2393; x_wconf 89' lang='lat' dir='ltr'><strong>loquor</strong></span> <span class='ocrx_word' id='word_1_185' title='bbox 1384 2322 1452 2378; x_wconf 91' lang='lat' dir='ltr'><strong>de</strong></span> <span class='ocrx_word' id='word_1_186' title='bbox 1488 2323 1850 2378; x_wconf 79' lang='lat' dir='ltr'><strong>incarnatione</strong></span> 
     </span>
    </p>
   </div>
   <div class='ocr_carea' id='block_1_23' title="bbox 265 2413 1846 2470">
    <p class='ocr_par' dir='ltr' id='par_1_23' title="bbox 265 2413 1846 2470">
     <span class='ocr_line' id='line_1_23' title="bbox 265 2413 1846 2470; baseline -0.001 -2"><span class='ocrx_word' id='word_1_187' title='bbox 265 2416 477 2469; x_wconf 91' lang='lat' dir='ltr'><strong>Domini</strong></span> <span class='ocrx_word' id='word_1_188' title='bbox 511 2417 678 2468; x_wconf 87' lang='lat' dir='ltr'><strong>nostri</strong></span> <span class='ocrx_word' id='word_1_189' title='bbox 727 2415 852 2470; x_wconf 86' lang='lat' dir='ltr'><strong>Jesu</strong></span> <span class='ocrx_word' id='word_1_190' title='bbox 891 2414 1088 2469; x_wconf 85' lang='lat' dir='ltr'><strong>Christi</strong></span> <span class='ocrx_word' id='word_1_191' title='bbox 1115 2414 1255 2468; x_wconf 89' lang='lat' dir='ltr'><strong>unici</strong></span> <span class='ocrx_word' id='word_1_192' title='bbox 1287 2414 1405 2468; x_wconf 87' lang='lat' dir='ltr'><strong>Filii</strong></span> <span class='ocrx_word' id='word_1_193' title='bbox 1440 2413 1530 2466; x_wconf 89' lang='lat' dir='ltr'><strong>Dei</strong></span> <span class='ocrx_word' id='word_1_194' title='bbox 1565 2431 1577 2466; x_wconf 90' lang='lat'>:</span> <span class='ocrx_word' id='word_1_195' title='bbox 1607 2413 1700 2467; x_wconf 91' lang='lat' dir='ltr'><strong>sed</strong></span> <span class='ocrx_word' id='word_1_196' title='bbox 1731 2423 1846 2468; x_wconf 83' lang='lat' dir='ltr'><strong>tan—</strong></span> 
     </span>
    </p>
   </div>
   <div class='ocr_carea' id='block_1_24' title="bbox 261 2505 1846 2577">
    <p class='ocr_par' dir='ltr' id='par_1_24' title="bbox 261 2505 1846 2577">
     <span class='ocr_line' id='line_1_24' title="bbox 261 2505 1846 2577; baseline 0 -17"><span class='ocrx_word' id='word_1_197' title='bbox 261 2523 422 2576; x_wconf 89' lang='lat' dir='ltr'><strong>quam</strong></span> <span class='ocrx_word' id='word_1_198' title='bbox 453 2508 687 2562; x_wconf 84' lang='lat' dir='ltr'><strong>nonduin</strong></span> <span class='ocrx_word' id='word_1_199' title='bbox 727 2507 922 2561; x_wconf 89' lang='lat' dir='ltr'><strong>factum</strong></span> <span class='ocrx_word' id='word_1_200' title='bbox 961 2509 1031 2561; x_wconf 89' lang='lat' dir='ltr'><strong>sit</strong></span> <span class='ocrx_word' id='word_1_201' title='bbox 1067 2505 1205 2577; x_wconf 92' lang='lat' dir='ltr'><strong>quod</strong></span> <span class='ocrx_word' id='word_1_202' title='bbox 1229 2505 1337 2575; x_wconf 89' lang='lat' dir='ltr'><strong>jam</strong></span> <span class='ocrx_word' id='word_1_203' title='bbox 1378 2505 1572 2560; x_wconf 87' lang='lat' dir='ltr'><strong>factum</strong></span> <span class='ocrx_word' id='word_1_204' title='bbox 1624 2516 1724 2572; x_wconf 86' lang='lat' dir='ltr'><strong>c5t,</strong></span> <span class='ocrx_word' id='word_1_205' title='bbox 1763 2515 1846 2560; x_wconf 87' lang='lat' dir='ltr'><strong>at-</strong></span> 
     </span>
    </p>
   </div>
   <div class='ocr_carea' id='block_1_25' title="bbox 264 2597 1846 2670">
    <p class='ocr_par' dir='ltr' id='par_1_25' title="bbox 264 2597 1846 2670">
     <span class='ocr_line' id='line_1_25' title="bbox 264 2597 1846 2670; baseline -0.002 -15"><span class='ocrx_word' id='word_1_206' title='bbox 264 2601 426 2655; x_wconf 82' lang='lat' dir='ltr'><strong>tendo</strong></span> <span class='ocrx_word' id='word_1_207' title='bbox 463 2609 659 2663; x_wconf 89' lang='lat' dir='ltr'><strong>tecum,</strong></span> <span class='ocrx_word' id='word_1_208' title='bbox 695 2597 760 2652; x_wconf 85' lang='lat' dir='ltr'><strong>In</strong></span> <span class='ocrx_word' id='word_1_209' title='bbox 809 2599 1058 2670; x_wconf 87' lang='lat' dir='ltr'><strong>principio</strong></span> <span class='ocrx_word' id='word_1_210' title='bbox 1107 2607 1211 2653; x_wconf 89' lang='lat' dir='ltr'><strong>erat</strong></span> <span class='ocrx_word' id='word_1_211' title='bbox 1251 2597 1484 2665; x_wconf 80' lang='lat' dir='ltr'><strong>Verbum,</strong></span> <span class='ocrx_word' id='word_1_212' title='bbox 1533 2608 1576 2652; x_wconf 89' lang='lat' dir='ltr'><strong>et</strong></span> <span class='ocrx_word' id='word_1_213' title='bbox 1635 2598 1846 2654; x_wconf 85' lang='lat' dir='ltr'><strong>Verbum</strong></span> 
     </span>
    </p>
   </div>
   <div class='ocr_carea' id='block_1_26' title="bbox 261 2689 1846 2760">
    <p class='ocr_par' dir='ltr' id='par_1_26' title="bbox 261 2689 1846 2760">
     <span class='ocr_line' id='line_1_26' title="bbox 261 2689 1846 2760; baseline 0 -17"><span class='ocrx_word' id='word_1_214' title='bbox 261 2701 369 2744; x_wconf 79' lang='lat' dir='ltr'><strong>erat</strong></span> <span class='ocrx_word' id='word_1_215' title='bbox 409 2693 550 2760; x_wconf 83' lang='lat' dir='ltr'><strong>apud</strong></span> <span class='ocrx_word' id='word_1_216' title='bbox 592 2690 775 2756; x_wconf 90' lang='lat' dir='ltr'><strong>Deum,</strong></span> <span class='ocrx_word' id='word_1_217' title='bbox 825 2701 870 2745; x_wconf 92' lang='lat' dir='ltr'><strong>et</strong></span> <span class='ocrx_word' id='word_1_218' title='bbox 921 2690 1056 2746; x_wconf 79' lang='lat' dir='ltr'><strong>Deus</strong></span> <span class='ocrx_word' id='word_1_219' title='bbox 1095 2700 1200 2744; x_wconf 85' lang='lat' dir='ltr'><strong>erat</strong></span> <span class='ocrx_word' id='word_1_220' title='bbox 1248 2689 1490 2754; x_wconf 86' lang='lat' dir='ltr'><strong>Verbum;</strong></span> <span class='ocrx_word' id='word_1_221' title='bbox 1526 2692 1618 2743; x_wconf 83' lang='lat' dir='ltr'><strong>hoc</strong></span> <span class='ocrx_word' id='word_1_222' title='bbox 1655 2701 1761 2743; x_wconf 89' lang='lat' dir='ltr'><strong>erat</strong></span> <span class='ocrx_word' id='word_1_223' title='bbox 1794 2691 1846 2743; x_wconf 90' lang='lat' dir='ltr'><strong>in</strong></span> 
     </span>
    </p>
   </div>
   <div class='ocr_carea' id='block_1_27' title="bbox 262 2781 1845 2851">
    <p class='ocr_par' dir='ltr' id='par_1_27' title="bbox 262 2781 1845 2851">
     <span class='ocr_line' id='line_1_27' title="bbox 262 2781 1845 2851; baseline 0 -16"><span class='ocrx_word' id='word_1_224' title='bbox 262 2784 516 2851; x_wconf 83' lang='lat' dir='ltr'><strong>principio</strong></span> <span class='ocrx_word' id='word_1_225' title='bbox 579 2785 719 2849; x_wconf 86' lang='lat' dir='ltr'><strong>apud</strong></span> <span class='ocrx_word' id='word_1_226' title='bbox 772 2781 957 2836; x_wconf 83' lang='lat' dir='ltr'><strong>Deum.</strong></span> <span class='ocrx_word' id='word_1_227' title='bbox 1010 2782 1242 2837; x_wconf 83' lang='lat' dir='ltr'><strong>Attende</strong></span> <span class='ocrx_word' id='word_1_228' title='bbox 1303 2793 1473 2837; x_wconf 85' lang='lat' dir='ltr'><strong>tecum</strong></span> <span class='ocrx_word' id='word_1_229' title='bbox 1507 2823 1524 2848; x_wconf 92' lang='lat'><strong>,</strong></span> <span class='ocrx_word' id='word_1_230' title='bbox 1583 2782 1681 2849; x_wconf 84' lang='lat' dir='ltr'><strong>Qui</strong></span> <span class='ocrx_word' id='word_1_231' title='bbox 1732 2800 1845 2836; x_wconf 84' lang='lat' dir='ltr'><strong>cum</strong></span> 
     </span>
    </p>
   </div>
   <div class='ocr_carea' id='block_1_28' title="bbox 260 2873 1846 2944">
    <p class='ocr_par' dir='ltr' id='par_1_28' title="bbox 260 2873 1846 2944">
     <span class='ocr_line' id='line_1_28' title="bbox 260 2873 1846 2944; baseline 0 -18"><span class='ocrx_word' id='word_1_232' title='bbox 260 2874 310 2926; x_wconf 90' lang='lat' dir='ltr'><strong>in</strong></span> <span class='ocrx_word' id='word_1_233' title='bbox 350 2878 518 2944; x_wconf 76' lang='lat' dir='ltr'><strong>forma</strong></span> <span class='ocrx_word' id='word_1_234' title='bbox 551 2873 642 2928; x_wconf 85' lang='lat' dir='ltr'><strong>Dei</strong></span> <span class='ocrx_word' id='word_1_235' title='bbox 691 2885 851 2940; x_wconf 81' lang='lat' dir='ltr'><strong>esset,</strong></span> <span class='ocrx_word' id='word_1_236' title='bbox 894 2891 994 2927; x_wconf 86' lang='lat' dir='ltr'><strong>non</strong></span> <span class='ocrx_word' id='word_1_237' title='bbox 1037 2874 1268 2943; x_wconf 84' lang='lat' dir='ltr'><strong>rapinam</strong></span> <span class='ocrx_word' id='word_1_238' title='bbox 1309 2873 1580 2927; x_wconf 78' lang='lat' dir='ltr'><strong>arbitratus</strong></span> <span class='ocrx_word' id='word_1_239' title='bbox 1622 2883 1694 2926; x_wconf 87' lang='lat' dir='ltr'><strong>est</strong></span> <span class='ocrx_word' id='word_1_240' title='bbox 1743 2890 1846 2927; x_wconf 84' lang='lat' dir='ltr'><strong>esse</strong></span> 
     </span>
    </p>
   </div>
   <div class='ocr_carea' id='block_1_29' title="bbox 259 2964 1842 3032">
    <p class='ocr_par' dir='ltr' id='par_1_29' title="bbox 259 2964 1842 3032">
     <span class='ocr_line' id='line_1_29' title="bbox 259 2964 1842 3032; baseline 0.001 -15"><span class='ocrx_word' id='word_1_241' title='bbox 259 2967 470 3032; x_wconf 63' lang='lat' dir='ltr'><strong>aqualis</strong></span> <span class='ocrx_word' id='word_1_242' title='bbox 519 2965 645 3019; x_wconf 82' lang='lat' dir='ltr'><strong>Deo.</strong></span> <span class='ocrx_word' id='word_1_243' title='bbox 695 2966 765 3020; x_wconf 90' lang='lat' dir='ltr'><strong>lbi</strong></span> <span class='ocrx_word' id='word_1_244' title='bbox 812 2965 939 3020; x_wconf 89' lang='lat' dir='ltr'><strong>mihi</strong></span> <span class='ocrx_word' id='word_1_245' title='bbox 983 2964 1206 3020; x_wconf 88' lang='lat' dir='ltr'><strong>ostende</strong></span> <span class='ocrx_word' id='word_1_246' title='bbox 1252 2973 1307 3020; x_wconf 90' lang='lat' dir='ltr'><strong>et</strong></span> <span class='ocrx_word' id='word_1_247' title='bbox 1353 2964 1607 3032; x_wconf 76' lang='lat' dir='ltr'><strong>majorem</strong></span> <span class='ocrx_word' id='word_1_248' title='bbox 1646 2974 1699 3018; x_wconf 86' lang='lat' dir='ltr'><strong>et</strong></span> <span class='ocrx_word' id='word_1_249' title='bbox 1743 2966 1842 3018; x_wconf 91' lang='lat' dir='ltr'><strong>mi-</strong></span> 
     </span>
    </p>
   </div>
   <div class='ocr_carea' id='block_1_30' title="bbox 259 3055 1844 3126">
    <p class='ocr_par' dir='ltr' id='par_1_30' title="bbox 259 3055 1844 3126">
     <span class='ocr_line' id='line_1_30' title="bbox 259 3055 1844 3126; baseline 0 -18"><span class='ocrx_word' id='word_1_250' title='bbox 259 3072 470 3109; x_wconf 86' lang='lat' dir='ltr'><strong>norem.</strong></span> <span class='ocrx_word' id='word_1_251' title='bbox 502 3056 637 3122; x_wconf 85' lang='lat' dir='ltr'><strong>Quid</strong></span> <span class='ocrx_word' id='word_1_252' title='bbox 685 3056 920 3110; x_wconf 89' lang='lat' dir='ltr'><strong>dicturus</strong></span> <span class='ocrx_word' id='word_1_253' title='bbox 985 3057 1082 3111; x_wconf 88' lang='lat' dir='ltr'><strong>es?</strong></span> <span class='ocrx_word' id='word_1_254' title='bbox 1115 3055 1388 3110; x_wconf 86' lang='lat' dir='ltr'><strong>Divisurus</strong></span> <span class='ocrx_word' id='word_1_255' title='bbox 1428 3070 1487 3109; x_wconf 91' lang='lat' dir='ltr'><strong>cs</strong></span> <span class='ocrx_word' id='word_1_256' title='bbox 1536 3055 1700 3110; x_wconf 87' lang='lat' dir='ltr'><strong>Deum</strong></span> <span class='ocrx_word' id='word_1_257' title='bbox 1748 3071 1844 3126; x_wconf 87' lang='lat' dir='ltr'><strong>per</strong></span> 
     </span>
    </p>
   </div>
   <div class='ocr_carea' id='block_1_31' title="bbox 258 3145 1842 3216">
    <p class='ocr_par' dir='ltr' id='par_1_31' title="bbox 258 3145 1842 3216">
     <span class='ocr_line' id='line_1_31' title="bbox 258 3145 1842 3216; baseline 0.003 -21"><span class='ocrx_word' id='word_1_258' title='bbox 258 3145 567 3215; x_wconf 78' lang='lat' dir='ltr'><strong>qualitates,</strong></span> <span class='ocrx_word' id='word_1_259' title='bbox 598 3146 648 3200; x_wconf 89' lang='lat' dir='ltr'><strong>id</strong></span> <span class='ocrx_word' id='word_1_260' title='bbox 671 3155 771 3210; x_wconf 87' lang='lat' dir='ltr'><strong>est,</strong></span> <span class='ocrx_word' id='word_1_261' title='bbox 802 3161 896 3216; x_wconf 90' lang='lat' dir='ltr'><strong>per</strong></span> <span class='ocrx_word' id='word_1_262' title='bbox 921 3145 1174 3216; x_wconf 88' lang='lat' dir='ltr'><strong>quasdam</strong></span> <span class='ocrx_word' id='word_1_263' title='bbox 1205 3145 1513 3199; x_wconf 86' lang='lat' dir='ltr'><strong>affectiones</strong></span> <span class='ocrx_word' id='word_1_264' title='bbox 1537 3145 1842 3214; x_wconf 84' lang='lat' dir='ltr'><strong>corporales</strong></span> 
     </span>
    </p>
   </div>
   <div class='ocr_carea' id='block_1_32' title="bbox 258 3237 1839 3307">
    <p class='ocr_par' dir='ltr' id='par_1_32' title="bbox 258 3237 1839 3307">
     <span class='ocr_line' id='line_1_32' title="bbox 258 3237 1839 3307; baseline 0.002 -20"><span class='ocrx_word' id='word_1_265' title='bbox 258 3237 340 3290; x_wconf 91' lang='lat' dir='ltr'><strong>vel</strong></span> <span class='ocrx_word' id='word_1_266' title='bbox 369 3237 625 3291; x_wconf 83' lang='lat' dir='ltr'><strong>animales</strong></span> <span class='ocrx_word' id='word_1_267' title='bbox 646 3280 660 3301; x_wconf 95' lang='lat'><strong>,</strong></span> <span class='ocrx_word' id='word_1_268' title='bbox 697 3239 746 3291; x_wconf 92' lang='lat' dir='ltr'><strong>in</strong></span> <span class='ocrx_word' id='word_1_269' title='bbox 775 3238 964 3307; x_wconf 88' lang='lat' dir='ltr'><strong>quibus</strong></span> <span class='ocrx_word' id='word_1_270' title='bbox 999 3237 1137 3290; x_wconf 83' lang='lat' dir='ltr'><strong>aliud</strong></span> <span class='ocrx_word' id='word_1_271' title='bbox 1168 3245 1329 3306; x_wconf 90' lang='lat' dir='ltr'><strong>atque</strong></span> <span class='ocrx_word' id='word_1_272' title='bbox 1356 3237 1498 3290; x_wconf 87' lang='lat' dir='ltr'><strong>aliud</strong></span> <span class='ocrx_word' id='word_1_273' title='bbox 1528 3251 1646 3291; x_wconf 88' lang='lat' dir='ltr'><strong>esse</strong></span> <span class='ocrx_word' id='word_1_274' title='bbox 1673 3237 1839 3290; x_wconf 87' lang='lat' dir='ltr'><strong>senti-</strong></span> 
     </span>
    </p>
   </div>
   <div class='ocr_carea' id='block_1_33' title="bbox 258 3327 1838 3398">
    <p class='ocr_par' dir='ltr' id='par_1_33' title="bbox 258 3327 1838 3398">
     <span class='ocr_line' id='line_1_33' title="bbox 258 3327 1838 3398; baseline -0.001 -16"><span class='ocrx_word' id='word_1_275' title='bbox 258 3329 416 3382; x_wconf 83' lang='lat' dir='ltr'><strong>mus?</strong></span> <span class='ocrx_word' id='word_1_276' title='bbox 447 3329 770 3383; x_wconf 79' lang='lat' dir='ltr'><strong>Natmaliter</strong></span> <span class='ocrx_word' id='word_1_277' title='bbox 797 3329 976 3383; x_wconf 88' lang='lat' dir='ltr'><strong>dicere</strong></span> <span class='ocrx_word' id='word_1_278' title='bbox 1002 3329 1215 3398; x_wconf 86' lang='lat' dir='ltr'><strong>quidem</strong></span> <span class='ocrx_word' id='word_1_279' title='bbox 1243 3343 1458 3398; x_wconf 89' lang='lat' dir='ltr'><strong>possum</strong></span> <span class='ocrx_word' id='word_1_280' title='bbox 1489 3345 1502 3380; x_wconf 75' lang='grc' dir='ltr'>ε</span> <span class='ocrx_word' id='word_1_281' title='bbox 1531 3327 1623 3382; x_wconf 86' lang='lat' dir='ltr'><strong>sed</strong></span> <span class='ocrx_word' id='word_1_282' title='bbox 1662 3337 1838 3381; x_wconf 92' lang='lat' dir='ltr'><strong>utrum</strong></span> 
     </span>
    </p>
   </div>
   <div class='ocr_carea' id='block_1_34' title="bbox 257 3419 1840 3491">
    <p class='ocr_par' dir='ltr' id='par_1_34' title="bbox 257 3419 1840 3491">
     <span class='ocr_line' id='line_1_34' title="bbox 257 3419 1840 3491; baseline 0.001 -19"><span class='ocrx_word' id='word_1_283' title='bbox 257 3420 333 3472; x_wconf 87' lang='lat' dir='ltr'><strong>sic</strong></span> <span class='ocrx_word' id='word_1_284' title='bbox 358 3429 413 3472; x_wconf 91' lang='lat' dir='ltr'><strong>ct</strong></span> <span class='ocrx_word' id='word_1_285' title='bbox 443 3435 538 3473; x_wconf 70' lang='lat' dir='ltr'><strong>vos</strong></span> <span class='ocrx_word' id='word_1_286' title='bbox 582 3420 884 3489; x_wconf 88' lang='lat' dir='ltr'><strong>intelligatis</strong></span> <span class='ocrx_word' id='word_1_287' title='bbox 906 3463 920 3485; x_wconf 93' lang='lat'><strong>,</strong></span> <span class='ocrx_word' id='word_1_288' title='bbox 971 3420 1110 3475; x_wconf 90' lang='lat' dir='ltr'><strong>Dens</strong></span> <span class='ocrx_word' id='word_1_289' title='bbox 1135 3419 1342 3474; x_wconf 85' lang='lat' dir='ltr'><strong>viderit.</strong></span> <span class='ocrx_word' id='word_1_290' title='bbox 1372 3420 1512 3491; x_wconf 88' lang='lat' dir='ltr'><strong>Ergo</strong></span> <span class='ocrx_word' id='word_1_291' title='bbox 1534 3462 1546 3485; x_wconf 97' lang='lat'><strong>,</strong></span> <span class='ocrx_word' id='word_1_292' title='bbox 1579 3429 1632 3475; x_wconf 87' lang='grc' dir='ltr'><strong>ιιι</strong></span> <span class='ocrx_word' id='word_1_293' title='bbox 1662 3419 1840 3474; x_wconf 88' lang='lat' dir='ltr'><strong>dicere</strong></span> 
     </span>
    </p>
   </div>
   <div class='ocr_carea' id='block_1_35' title="bbox 255 3512 1837 3582">
    <p class='ocr_par' dir='ltr' id='par_1_35' title="bbox 255 3512 1837 3582">
     <span class='ocr_line' id='line_1_35' title="bbox 255 3512 1837 3582; baseline 0 -16"><span class='ocrx_word' id='word_1_294' title='bbox 255 3527 550 3580; x_wconf 72' lang='lat' dir='ltr'><strong>cmperam,</strong></span> <span class='ocrx_word' id='word_1_295' title='bbox 580 3521 700 3566; x_wconf 91' lang='lat' dir='ltr'><strong>ante</strong></span> <span class='ocrx_word' id='word_1_296' title='bbox 729 3513 1120 3581; x_wconf 89' lang='lat' dir='ltr'><strong>susceptionem</strong></span> <span class='ocrx_word' id='word_1_297' title='bbox 1162 3513 1356 3578; x_wconf 90' lang='lat' dir='ltr'><strong>carnis,</strong></span> <span class='ocrx_word' id='word_1_298' title='bbox 1389 3524 1672 3582; x_wconf 87' lang='lat' dir='ltr'><strong>antequam</strong></span> <span class='ocrx_word' id='word_1_299' title='bbox 1698 3512 1837 3568; x_wconf 79' lang='lat' dir='ltr'><strong>Ver-</strong></span> 
     </span>
    </p>
   </div>
   <div class='ocr_carea' id='block_1_36' title="bbox 256 3603 1838 3670">
    <p class='ocr_par' dir='ltr' id='par_1_36' title="bbox 256 3603 1838 3670">
     <span class='ocr_line' id='line_1_36' title="bbox 256 3603 1838 3670; baseline 0.001 -14"><span class='ocrx_word' id='word_1_300' title='bbox 256 3603 378 3656; x_wconf 84' lang='lat' dir='ltr'><strong>bum</strong></span> <span class='ocrx_word' id='word_1_301' title='bbox 405 3619 532 3656; x_wconf 92' lang='lat' dir='ltr'><strong>caro</strong></span> <span class='ocrx_word' id='word_1_302' title='bbox 561 3603 712 3657; x_wconf 87' lang='lat' dir='ltr'><strong>lierct</strong></span> <span class='ocrx_word' id='word_1_303' title='bbox 741 3614 793 3658; x_wconf 94' lang='lat' dir='ltr'><strong>et</strong></span> <span class='ocrx_word' id='word_1_304' title='bbox 822 3603 1089 3657; x_wconf 83' lang='lat' dir='ltr'><strong>habitaret</strong></span> <span class='ocrx_word' id='word_1_305' title='bbox 1115 3604 1164 3656; x_wconf 91' lang='lat' dir='ltr'><strong>in</strong></span> <span class='ocrx_word' id='word_1_306' title='bbox 1196 3605 1348 3658; x_wconf 87' lang='lat' dir='ltr'><strong>nobis</strong></span> <span class='ocrx_word' id='word_1_307' title='bbox 1372 3647 1386 3670; x_wconf 91' lang='lat'><strong>,</strong></span> <span class='ocrx_word' id='word_1_308' title='bbox 1419 3605 1640 3658; x_wconf 85' lang='lat' dir='ltr'><strong>ostende</strong></span> <span class='ocrx_word' id='word_1_309' title='bbox 1669 3605 1838 3657; x_wconf 88' lang='lat' dir='ltr'><strong>miuo-</strong></span> 
     </span>
    </p>
   </div>
   <div class='ocr_carea' id='block_1_37' title="bbox 254 3696 1833 3766">
    <p class='ocr_par' dir='ltr' id='par_1_37' title="bbox 254 3696 1833 3766">
     <span class='ocr_line' id='line_1_37' title="bbox 254 3696 1833 3766; baseline 0 -17"><span class='ocrx_word' id='word_1_310' title='bbox 254 3711 389 3760; x_wconf 88' lang='lat' dir='ltr'><strong>rcm,</strong></span> <span class='ocrx_word' id='word_1_311' title='bbox 421 3697 646 3751; x_wconf 80' lang='lat' dir='ltr'><strong>ostende</strong></span> <span class='ocrx_word' id='word_1_312' title='bbox 666 3697 945 3766; x_wconf 71' lang='lat' dir='ltr'><strong>arqualcm.</strong></span> <span class='ocrx_word' id='word_1_313' title='bbox 974 3696 1236 3766; x_wconf 87' lang='lat' dir='ltr'><strong>Numquid</strong></span> <span class='ocrx_word' id='word_1_314' title='bbox 1259 3697 1400 3750; x_wconf 88' lang='lat' dir='ltr'><strong>aliud</strong></span> <span class='ocrx_word' id='word_1_315' title='bbox 1432 3709 1482 3750; x_wconf 92' lang='lat' dir='ltr'><strong>et</strong></span> <span class='ocrx_word' id='word_1_316' title='bbox 1511 3699 1650 3752; x_wconf 80' lang='lat' dir='ltr'><strong>aliud</strong></span> <span class='ocrx_word' id='word_1_317' title='bbox 1677 3699 1833 3763; x_wconf 83' lang='lat' dir='ltr'><strong>Deus,</strong></span> 
     </span>
    </p>
   </div>
   <div class='ocr_carea' id='block_1_38' title="bbox 254 3788 1836 3856">
    <p class='ocr_par' dir='ltr' id='par_1_38' title="bbox 254 3788 1836 3856">
     <span class='ocr_line' id='line_1_38' title="bbox 254 3788 1836 3856; baseline 0.004 -18"><span class='ocrx_word' id='word_1_318' title='bbox 254 3798 311 3838; x_wconf 89' lang='lat' dir='ltr'><strong>ut</strong></span> <span class='ocrx_word' id='word_1_319' title='bbox 363 3803 430 3841; x_wconf 76' lang='lat' dir='ltr'><strong>ex</strong></span> <span class='ocrx_word' id='word_1_320' title='bbox 486 3788 586 3842; x_wconf 86' lang='lat' dir='ltr'><strong>alia</strong></span> <span class='ocrx_word' id='word_1_321' title='bbox 637 3797 788 3856; x_wconf 87' lang='lat' dir='ltr'><strong>parte</strong></span> <span class='ocrx_word' id='word_1_322' title='bbox 836 3790 902 3842; x_wconf 86' lang='lat' dir='ltr'><strong>sit</strong></span> <span class='ocrx_word' id='word_1_323' title='bbox 949 3789 1122 3842; x_wconf 91' lang='lat' dir='ltr'><strong>minor</strong></span> <span class='ocrx_word' id='word_1_324' title='bbox 1189 3788 1282 3843; x_wconf 92' lang='lat' dir='ltr'><strong>illo</strong></span> <span class='ocrx_word' id='word_1_325' title='bbox 1322 3789 1504 3853; x_wconf 87' lang='lat' dir='ltr'><strong>Filius,</strong></span> <span class='ocrx_word' id='word_1_326' title='bbox 1540 3799 1592 3844; x_wconf 92' lang='lat' dir='ltr'><strong>et</strong></span> <span class='ocrx_word' id='word_1_327' title='bbox 1627 3806 1691 3844; x_wconf 80' lang='lat' dir='ltr'><strong>ex</strong></span> <span class='ocrx_word' id='word_1_328' title='bbox 1735 3791 1836 3844; x_wconf 89' lang='lat' dir='ltr'><strong>alia</strong></span> 
     </span>
    </p>
   </div>
   <div class='ocr_carea' id='block_1_39' title="bbox 254 3877 1838 3951">
    <p class='ocr_par' dir='ltr' id='par_1_39' title="bbox 254 3877 1838 3951">
     <span class='ocr_line' id='line_1_39' title="bbox 254 3877 1838 3951; baseline 0.003 -21"><span class='ocrx_word' id='word_1_329' title='bbox 254 3889 409 3945; x_wconf 87' lang='lat' dir='ltr'><strong>parte</strong></span> <span class='ocrx_word' id='word_1_330' title='bbox 454 3877 527 3930; x_wconf 92' lang='lat' dir='ltr'><strong>illi</strong></span> <span class='ocrx_word' id='word_1_331' title='bbox 574 3879 836 3948; x_wconf 64' lang='lat' dir='ltr'><strong>aequalis?</strong></span> <span class='ocrx_word' id='word_1_332' title='bbox 865 3878 1033 3932; x_wconf 87' lang='lat' dir='ltr'><strong>Veluti</strong></span> <span class='ocrx_word' id='word_1_333' title='bbox 1065 3882 1106 3932; x_wconf 91' lang='lat' dir='ltr'><strong>si</strong></span> <span class='ocrx_word' id='word_1_334' title='bbox 1135 3879 1371 3934; x_wconf 77' lang='lat' dir='ltr'><strong>dicamus</strong></span> <span class='ocrx_word' id='word_1_335' title='bbox 1391 3921 1406 3945; x_wconf 91' lang='lat'><strong>,</strong></span> <span class='ocrx_word' id='word_1_336' title='bbox 1443 3879 1676 3951; x_wconf 85' lang='lat' dir='ltr'><strong>Corpora</strong></span> <span class='ocrx_word' id='word_1_337' title='bbox 1716 3891 1838 3935; x_wconf 88' lang='lat' dir='ltr'><strong>sunt</strong></span> 
     </span>
    </p>
   </div>
   <div class='ocr_carea' id='block_1_40' title="bbox 255 3967 1834 4042">
    <p class='ocr_par' dir='ltr' id='par_1_40' title="bbox 255 3967 1834 4042">
     <span class='ocr_line' id='line_1_40' title="bbox 255 3967 1834 4042; baseline 0.004 -23"><span class='ocrx_word' id='word_1_338' title='bbox 255 3967 535 4036; x_wconf 65' lang='lat' dir='ltr'><strong>quardam;</strong></span> <span class='ocrx_word' id='word_1_339' title='bbox 572 3979 726 4037; x_wconf 90' lang='lat' dir='ltr'><strong>potes</strong></span> <span class='ocrx_word' id='word_1_340' title='bbox 769 3969 897 4022; x_wconf 89' lang='lat' dir='ltr'><strong>mihi</strong></span> <span class='ocrx_word' id='word_1_341' title='bbox 926 3969 1139 4034; x_wconf 89' lang='lat' dir='ltr'><strong>dicere,</strong></span> <span class='ocrx_word' id='word_1_342' title='bbox 1173 3970 1400 4040; x_wconf 69' lang='lat' dir='ltr'><strong>Eqnale</strong></span> <span class='ocrx_word' id='word_1_343' title='bbox 1447 3982 1528 4026; x_wconf 89' lang='lat' dir='ltr'><strong>est</strong></span> <span class='ocrx_word' id='word_1_344' title='bbox 1571 3974 1620 4026; x_wconf 91' lang='lat' dir='ltr'><strong>in</strong></span> <span class='ocrx_word' id='word_1_345' title='bbox 1666 3973 1834 4042; x_wconf 60' lang='lat' dir='ltr'><strong>longi-</strong></span> 
     </span>
    </p>
   </div>
   <div class='ocr_carea' id='block_1_41' title="bbox 257 4059 1832 4133">
    <p class='ocr_par' dir='ltr' id='par_1_41' title="bbox 257 4059 1832 4133">
     <span class='ocr_line' id='line_1_41' title="bbox 257 4059 1832 4133; baseline 0.003 -21"><span class='ocrx_word' id='word_1_346' title='bbox 257 4059 472 4124; x_wconf 90' lang='lat' dir='ltr'><strong>tudine,</strong></span> <span class='ocrx_word' id='word_1_347' title='bbox 521 4061 613 4114; x_wconf 83' lang='lat' dir='ltr'><strong>sed</strong></span> <span class='ocrx_word' id='word_1_348' title='bbox 656 4061 941 4116; x_wconf 91' lang='lat' dir='ltr'><strong>minusest</strong></span> <span class='ocrx_word' id='word_1_349' title='bbox 992 4063 1041 4115; x_wconf 90' lang='lat' dir='ltr'><strong>in</strong></span> <span class='ocrx_word' id='word_1_350' title='bbox 1073 4063 1282 4116; x_wconf 89' lang='lat' dir='ltr'><strong>robore.</strong></span> <span class='ocrx_word' id='word_1_351' title='bbox 1335 4063 1651 4133; x_wconf 80' lang='lat' dir='ltr'><strong>Plerumque</strong></span> <span class='ocrx_word' id='word_1_352' title='bbox 1696 4065 1832 4116; x_wconf 85' lang='lat' dir='ltr'><strong>enim</strong></span> 
     </span>
    </p>
   </div>
   <div class='ocr_carea' id='block_1_42' title="bbox 253 4150 1835 4220">
    <p class='ocr_par' dir='ltr' id='par_1_42' title="bbox 253 4150 1835 4220">
     <span class='ocr_line' id='line_1_42' title="bbox 253 4150 1835 4220; baseline 0.003 -18"><span class='ocrx_word' id='word_1_353' title='bbox 253 4150 361 4203; x_wconf 90' lang='lat' dir='ltr'><strong>duo</strong></span> <span class='ocrx_word' id='word_1_354' title='bbox 389 4165 614 4219; x_wconf 89' lang='lat' dir='ltr'><strong>corpora</strong></span> <span class='ocrx_word' id='word_1_355' title='bbox 658 4151 780 4209; x_wconf 84' lang='lat' dir='ltr'><strong>talia</strong></span> <span class='ocrx_word' id='word_1_356' title='bbox 820 4162 1138 4217; x_wconf 89' lang='lat' dir='ltr'><strong>occurrunt,</strong></span> <span class='ocrx_word' id='word_1_357' title='bbox 1172 4161 1228 4205; x_wconf 89' lang='lat' dir='ltr'><strong>ut</strong></span> <span class='ocrx_word' id='word_1_358' title='bbox 1255 4160 1453 4205; x_wconf 82' lang='lat' dir='ltr'><strong>Statura</strong></span> <span class='ocrx_word' id='word_1_359' title='bbox 1495 4153 1835 4220; x_wconf 79' lang='lat' dir='ltr'><strong>longitudinis</strong></span> 
     </span>
    </p>
   </div>
   <div class='ocr_carea' id='block_1_43' title="bbox 255 4242 1831 4310">
    <p class='ocr_par' dir='ltr' id='par_1_43' title="bbox 255 4242 1831 4310">
     <span class='ocr_line' id='line_1_43' title="bbox 255 4242 1831 4310; baseline 0.001 -16"><span class='ocrx_word' id='word_1_360' title='bbox 255 4242 481 4310; x_wconf 68' lang='lat' dir='ltr'><strong>aequalia</strong></span> <span class='ocrx_word' id='word_1_361' title='bbox 510 4242 634 4305; x_wconf 90' lang='lat' dir='ltr'><strong>sint,</strong></span> <span class='ocrx_word' id='word_1_362' title='bbox 665 4242 856 4296; x_wconf 86' lang='lat' dir='ltr'><strong>robore</strong></span> <span class='ocrx_word' id='word_1_363' title='bbox 883 4251 1055 4296; x_wconf 90' lang='lat' dir='ltr'><strong>autem</strong></span> <span class='ocrx_word' id='word_1_364' title='bbox 1086 4259 1246 4296; x_wconf 91' lang='lat' dir='ltr'><strong>unum</strong></span> <span class='ocrx_word' id='word_1_365' title='bbox 1278 4243 1344 4296; x_wconf 89' lang='lat' dir='ltr'><strong>sit</strong></span> <span class='ocrx_word' id='word_1_366' title='bbox 1372 4243 1545 4296; x_wconf 91' lang='lat' dir='ltr'><strong>minus</strong></span> <span class='ocrx_word' id='word_1_367' title='bbox 1565 4285 1578 4308; x_wconf 92' lang='lat'><strong>,</strong></span> <span class='ocrx_word' id='word_1_368' title='bbox 1608 4244 1831 4296; x_wconf 88' lang='lat' dir='ltr'><strong>alterum</strong></span> 
     </span>
    </p>
   </div>
   <div class='ocr_carea' id='block_1_44' title="bbox 254 4332 1832 4403">
    <p class='ocr_par' dir='ltr' id='par_1_44' title="bbox 254 4332 1832 4403">
     <span class='ocr_line' id='line_1_44' title="bbox 254 4332 1832 4403; baseline 0.003 -19"><span class='ocrx_word' id='word_1_369' title='bbox 254 4332 447 4400; x_wconf 88' lang='lat' dir='ltr'><strong>majus.</strong></span> <span class='ocrx_word' id='word_1_370' title='bbox 469 4332 607 4401; x_wconf 84' lang='lat' dir='ltr'><strong>Ergo</strong></span> <span class='ocrx_word' id='word_1_371' title='bbox 626 4333 744 4386; x_wconf 87' lang='lat' dir='ltr'><strong>talia</strong></span> <span class='ocrx_word' id='word_1_372' title='bbox 763 4332 912 4402; x_wconf 86' lang='lat' dir='ltr'><strong>quasi</strong></span> <span class='ocrx_word' id='word_1_373' title='bbox 935 4348 1156 4401; x_wconf 87' lang='lat' dir='ltr'><strong>corpora</strong></span> <span class='ocrx_word' id='word_1_374' title='bbox 1174 4335 1448 4403; x_wconf 87' lang='lat' dir='ltr'><strong>cogitaturi</strong></span> <span class='ocrx_word' id='word_1_375' title='bbox 1467 4349 1649 4388; x_wconf 89' lang='lat' dir='ltr'><strong>sumus</strong></span> <span class='ocrx_word' id='word_1_376' title='bbox 1670 4335 1832 4388; x_wconf 85' lang='lat' dir='ltr'><strong>Deum</strong></span> 
     </span>
    </p>
   </div>
   <div class='ocr_carea' id='block_1_45' title="bbox 255 4421 1831 4493">
    <p class='ocr_par' dir='ltr' id='par_1_45' title="bbox 255 4421 1831 4493">
     <span class='ocr_line' id='line_1_45' title="bbox 255 4421 1831 4493; baseline 0.003 -20"><span class='ocrx_word' id='word_1_377' title='bbox 255 4430 306 4474; x_wconf 93' lang='lat' dir='ltr'><strong>et</strong></span> <span class='ocrx_word' id='word_1_378' title='bbox 336 4421 528 4473; x_wconf 85' lang='lat' dir='ltr'><strong>Filium</strong></span> <span class='ocrx_word' id='word_1_379' title='bbox 560 4421 715 4490; x_wconf 85' lang='lat' dir='ltr'><strong>ejus?</strong></span> <span class='ocrx_word' id='word_1_380' title='bbox 753 4423 1028 4492; x_wconf 89' lang='lat' dir='ltr'><strong>cogitaturi</strong></span> <span class='ocrx_word' id='word_1_381' title='bbox 1071 4437 1254 4477; x_wconf 86' lang='lat' dir='ltr'><strong>sumus</strong></span> <span class='ocrx_word' id='word_1_382' title='bbox 1302 4439 1420 4476; x_wconf 90' lang='lat' dir='ltr'><strong>eum</strong></span> <span class='ocrx_word' id='word_1_383' title='bbox 1461 4423 1548 4493; x_wconf 91' lang='lat' dir='ltr'><strong>qui</strong></span> <span class='ocrx_word' id='word_1_384' title='bbox 1596 4433 1734 4478; x_wconf 88' lang='lat' dir='ltr'><strong>totus</strong></span> <span class='ocrx_word' id='word_1_385' title='bbox 1781 4425 1831 4477; x_wconf 90' lang='lat' dir='ltr'><strong>in</strong></span> 
     </span>
    </p>
   </div>
   <div class='ocr_carea' id='block_1_46' title="bbox 254 4510 1835 4580">
    <p class='ocr_par' dir='ltr' id='par_1_46' title="bbox 254 4510 1835 4580">
     <span class='ocr_line' id='line_1_46' title="bbox 254 4510 1835 4580; baseline 0.003 -16"><span class='ocrx_word' id='word_1_386' title='bbox 254 4511 414 4564; x_wconf 77' lang='lat' dir='ltr'><strong>Maria</strong></span> <span class='ocrx_word' id='word_1_387' title='bbox 449 4510 572 4576; x_wconf 90' lang='lat' dir='ltr'><strong>fuit,</strong></span> <span class='ocrx_word' id='word_1_388' title='bbox 604 4521 744 4566; x_wconf 91' lang='lat' dir='ltr'><strong>totus</strong></span> <span class='ocrx_word' id='word_1_389' title='bbox 779 4512 917 4580; x_wconf 87' lang='lat' dir='ltr'><strong>apud</strong></span> <span class='ocrx_word' id='word_1_390' title='bbox 949 4513 1192 4578; x_wconf 85' lang='lat' dir='ltr'><strong>Patrem,</strong></span> <span class='ocrx_word' id='word_1_391' title='bbox 1226 4522 1364 4566; x_wconf 92' lang='lat' dir='ltr'><strong>totns</strong></span> <span class='ocrx_word' id='word_1_392' title='bbox 1393 4514 1442 4565; x_wconf 93' lang='lat' dir='ltr'><strong>in</strong></span> <span class='ocrx_word' id='word_1_393' title='bbox 1474 4529 1662 4578; x_wconf 92' lang='lat' dir='ltr'><strong>carne,</strong></span> <span class='ocrx_word' id='word_1_394' title='bbox 1694 4523 1835 4568; x_wconf 88' lang='lat' dir='ltr'><strong>totus</strong></span> 
     </span>
    </p>
   </div>
   <div class='ocr_carea' id='block_1_47' title="bbox 254 4602 1835 4672">
    <p class='ocr_par' dir='ltr' id='par_1_47' title="bbox 254 4602 1835 4672">
     <span class='ocr_line' id='line_1_47' title="bbox 254 4602 1835 4672; baseline 0.003 -18"><span class='ocrx_word' id='word_1_395' title='bbox 254 4616 417 4668; x_wconf 84' lang='lat' dir='ltr'><strong>super</strong></span> <span class='ocrx_word' id='word_1_396' title='bbox 447 4602 677 4670; x_wconf 83' lang='lat' dir='ltr'><strong>Angelos</strong></span> <span class='ocrx_word' id='word_1_397' title='bbox 691 4603 715 4654; x_wconf 67' lang='grc' dir='ltr'><strong>’ἔ</strong></span> <span class='ocrx_word' id='word_1_398' title='bbox 743 4604 957 4656; x_wconf 83' lang='lat' dir='ltr'><strong>Avertat</strong></span> <span class='ocrx_word' id='word_1_399' title='bbox 985 4603 1120 4661; x_wconf 90' lang='lat' dir='ltr'><strong>Deus</strong></span> <span class='ocrx_word' id='word_1_400' title='bbox 1146 4605 1272 4656; x_wconf 89' lang='lat' dir='ltr'><strong>istas</strong></span> <span class='ocrx_word' id='word_1_401' title='bbox 1298 4605 1642 4672; x_wconf 86' lang='lat' dir='ltr'><strong>cogitationes</strong></span> <span class='ocrx_word' id='word_1_402' title='bbox 1667 4621 1694 4657; x_wconf 92' lang='lat' dir='ltr'><strong>a</strong></span> <span class='ocrx_word' id='word_1_403' title='bbox 1717 4620 1835 4658; x_wconf 83' lang='lat' dir='ltr'><strong>cor-</strong></span> 
     </span>
    </p>
   </div>
   <div class='ocr_carea' id='block_1_48' title="bbox 253 4691 1830 4765">
    <p class='ocr_par' dir='ltr' id='par_1_48' title="bbox 253 4691 1830 4765">
     <span class='ocr_line' id='line_1_48' title="bbox 253 4691 1830 4765; baseline 0.004 -21"><span class='ocrx_word' id='word_1_404' title='bbox 253 4691 408 4745; x_wconf 90' lang='lat' dir='ltr'><strong>dibus</strong></span> <span class='ocrx_word' id='word_1_405' title='bbox 425 4691 866 4747; x_wconf 78' lang='lat' dir='ltr'><strong>Christianorum.</strong></span> <span class='ocrx_word' id='word_1_406' title='bbox 887 4693 1016 4748; x_wconf 91' lang='lat' dir='ltr'><strong>ltem</strong></span> <span class='ocrx_word' id='word_1_407' title='bbox 1035 4695 1169 4749; x_wconf 90' lang='lat' dir='ltr'><strong>forte</strong></span> <span class='ocrx_word' id='word_1_408' title='bbox 1191 4697 1257 4750; x_wconf 87' lang='lat' dir='ltr'><strong>ita</strong></span> <span class='ocrx_word' id='word_1_409' title='bbox 1279 4696 1555 4765; x_wconf 88' lang='lat' dir='ltr'><strong>cogitabis,</strong></span> <span class='ocrx_word' id='word_1_410' title='bbox 1577 4705 1632 4750; x_wconf 89' lang='grc' dir='ltr'><strong>ιιι</strong></span> <span class='ocrx_word' id='word_1_411' title='bbox 1652 4697 1794 4750; x_wconf 89' lang='lat' dir='ltr'><strong>dicas</strong></span> <span class='ocrx_word' id='word_1_412' title='bbox 1815 4714 1830 4752; x_wconf 91' lang='lat'><strong>:</strong></span> 
     </span>
    </p>
   </div>
   <div class='ocr_carea' id='block_1_49' title="bbox 255 4782 1832 4858">
    <p class='ocr_par' dir='ltr' id='par_1_49' title="bbox 255 4782 1832 4858">
     <span class='ocr_line' id='line_1_49' title="bbox 255 4782 1832 4858; baseline 0.004 -21"><span class='ocrx_word' id='word_1_413' title='bbox 255 4782 322 4837; x_wconf 84' lang='lat' dir='ltr'><strong>Et</strong></span> <span class='ocrx_word' id='word_1_414' title='bbox 348 4786 541 4836; x_wconf 90' lang='lat' dir='ltr'><strong>robore</strong></span> <span class='ocrx_word' id='word_1_415' title='bbox 566 4793 618 4838; x_wconf 91' lang='lat' dir='ltr'><strong>et</strong></span> <span class='ocrx_word' id='word_1_416' title='bbox 640 4786 968 4856; x_wconf 84' lang='lat' dir='ltr'><strong>longitudine</strong></span> <span class='ocrx_word' id='word_1_417' title='bbox 989 4787 1239 4856; x_wconf 70' lang='lat' dir='ltr'><strong>mqualcs,</strong></span> <span class='ocrx_word' id='word_1_418' title='bbox 1265 4788 1357 4842; x_wconf 90' lang='lat' dir='ltr'><strong>sed</strong></span> <span class='ocrx_word' id='word_1_419' title='bbox 1386 4788 1564 4843; x_wconf 93' lang='lat' dir='ltr'><strong>colore</strong></span> <span class='ocrx_word' id='word_1_420' title='bbox 1595 4789 1832 4858; x_wconf 87' lang='lat' dir='ltr'><strong>dispares</strong></span> 
     </span>
    </p>
   </div>
   <div class='ocr_carea' id='block_1_50' title="bbox 257 4874 1829 4947">
    <p class='ocr_par' dir='ltr' id='par_1_50' title="bbox 257 4874 1829 4947">
     <span class='ocr_line' id='line_1_50' title="bbox 257 4874 1829 4947; baseline 0.006 -21"><span class='ocrx_word' id='word_1_421' title='bbox 257 4884 400 4928; x_wconf 88' lang='lat' dir='ltr'><strong>sunt.</strong></span> <span class='ocrx_word' id='word_1_422' title='bbox 435 4874 534 4930; x_wconf 87' lang='lat' dir='ltr'><strong>Ubi</strong></span> <span class='ocrx_word' id='word_1_423' title='bbox 573 4876 754 4939; x_wconf 90' lang='lat' dir='ltr'><strong>color,</strong></span> <span class='ocrx_word' id='word_1_424' title='bbox 784 4877 886 4930; x_wconf 91' lang='lat' dir='ltr'><strong>nisi</strong></span> <span class='ocrx_word' id='word_1_425' title='bbox 915 4877 966 4930; x_wconf 92' lang='lat' dir='ltr'><strong>in</strong></span> <span class='ocrx_word' id='word_1_426' title='bbox 998 4877 1403 4947; x_wconf 88' lang='lat' dir='ltr'><strong>corporalibus?</strong></span> <span class='ocrx_word' id='word_1_427' title='bbox 1433 4879 1505 4932; x_wconf 93' lang='lat' dir='ltr'><strong>lbi</strong></span> <span class='ocrx_word' id='word_1_428' title='bbox 1537 4889 1713 4934; x_wconf 90' lang='lat' dir='ltr'><strong>autem</strong></span> <span class='ocrx_word' id='word_1_429' title='bbox 1744 4881 1829 4935; x_wconf 77' lang='lat' dir='ltr'><strong>lux</strong></span> 
     </span>
    </p>
   </div>
   <div class='ocr_carea' id='block_1_51' title="bbox 255 4967 1831 5041">
    <p class='ocr_par' dir='ltr' id='par_1_51' title="bbox 255 4967 1831 5041">
     <span class='ocr_line' id='line_1_51' title="bbox 255 4967 1831 5041; baseline 0.005 -22"><span class='ocrx_word' id='word_1_430' title='bbox 255 4967 552 5034; x_wconf 57' lang='lat' dir='ltr'><strong>sapientia.</strong></span> <span class='ocrx_word' id='word_1_431' title='bbox 583 4968 815 5022; x_wconf 85' lang='lat' dir='ltr'><strong>Ostende</strong></span> <span class='ocrx_word' id='word_1_432' title='bbox 847 4969 973 5024; x_wconf 91' lang='lat' dir='ltr'><strong>mihi</strong></span> <span class='ocrx_word' id='word_1_433' title='bbox 1000 4971 1234 5024; x_wconf 90' lang='lat' dir='ltr'><strong>colorem</strong></span> <span class='ocrx_word' id='word_1_434' title='bbox 1258 4971 1496 5041; x_wconf 71' lang='lat' dir='ltr'><strong>justititr.</strong></span> <span class='ocrx_word' id='word_1_435' title='bbox 1527 4971 1583 5026; x_wconf 91' lang='lat' dir='ltr'><strong>Si</strong></span> <span class='ocrx_word' id='word_1_436' title='bbox 1615 4973 1712 5026; x_wconf 90' lang='lat' dir='ltr'><strong>ista</strong></span> <span class='ocrx_word' id='word_1_437' title='bbox 1742 4987 1831 5027; x_wconf 89' lang='lat' dir='ltr'><strong>co-</strong></span> 
     </span>
    </p>
   </div>
   <div class='ocr_carea' id='block_1_52' title="bbox 252 5059 1832 5136">
    <p class='ocr_par' dir='ltr' id='par_1_52' title="bbox 252 5059 1832 5136">
     <span class='ocr_line' id='line_1_52' title="bbox 252 5059 1832 5136; baseline 0.005 -24"><span class='ocrx_word' id='word_1_438' title='bbox 252 5060 419 5112; x_wconf 88' lang='lat' dir='ltr'><strong>lorem</strong></span> <span class='ocrx_word' id='word_1_439' title='bbox 455 5076 559 5113; x_wconf 92' lang='lat' dir='ltr'><strong>non</strong></span> <span class='ocrx_word' id='word_1_440' title='bbox 591 5059 806 5126; x_wconf 87' lang='lat' dir='ltr'><strong>habent,</strong></span> <span class='ocrx_word' id='word_1_441' title='bbox 843 5071 896 5115; x_wconf 91' lang='lat' dir='ltr'><strong>tu</strong></span> <span class='ocrx_word' id='word_1_442' title='bbox 924 5061 1012 5117; x_wconf 89' lang='lat' dir='ltr'><strong>illa</strong></span> <span class='ocrx_word' id='word_1_443' title='bbox 1037 5062 1104 5118; x_wconf 91' lang='lat' dir='ltr'><strong>de</strong></span> <span class='ocrx_word' id='word_1_444' title='bbox 1142 5063 1250 5118; x_wconf 90' lang='lat' dir='ltr'><strong>Deo</strong></span> <span class='ocrx_word' id='word_1_445' title='bbox 1276 5079 1381 5117; x_wconf 91' lang='lat' dir='ltr'><strong>non</strong></span> <span class='ocrx_word' id='word_1_446' title='bbox 1409 5064 1634 5131; x_wconf 88' lang='lat' dir='ltr'><strong>diceres,</strong></span> <span class='ocrx_word' id='word_1_447' title='bbox 1665 5067 1706 5119; x_wconf 82' lang='lat' dir='ltr'><strong>si</strong></span> <span class='ocrx_word' id='word_1_448' title='bbox 1739 5082 1832 5136; x_wconf 89' lang='lat' dir='ltr'><strong>pu-</strong></span> 
     </span>
    </p>
   </div>
   <div class='ocr_carea' id='block_1_53' title="bbox 251 5149 1376 5208">
    <p class='ocr_par' dir='ltr' id='par_1_53' title="bbox 251 5149 1376 5208">
     <span class='ocr_line' id='line_1_53' title="bbox 251 5149 1376 5208; baseline 0.004 -4"><span class='ocrx_word' id='word_1_449' title='bbox 251 5152 400 5204; x_wconf 88' lang='lat' dir='ltr'><strong>doris</strong></span> <span class='ocrx_word' id='word_1_450' title='bbox 429 5151 661 5206; x_wconf 84' lang='lat' dir='ltr'><strong>colorem</strong></span> <span class='ocrx_word' id='word_1_451' title='bbox 694 5151 937 5208; x_wconf 84' lang='lat' dir='ltr'><strong>haberes.</strong></span> <span class='ocrx_word' id='word_1_452' title='bbox 1367 5149 1376 5153; x_wconf 75' lang='grc'><em>’</em></span> 
     </span>
    </p>
   </div>
   <div class='ocr_carea' id='block_1_54' title="bbox 321 5240 1831 5317">
    <p class='ocr_par' dir='ltr' id='par_1_54' title="bbox 321 5240 1831 5317">
     <span class='ocr_line' id='line_1_54' title="bbox 321 5240 1831 5317; baseline 0.005 -20"><span class='ocrx_word' id='word_1_453' title='bbox 321 5241 376 5297; x_wconf 88' lang='grc'><strong>8.</strong></span> <span class='ocrx_word' id='word_1_454' title='bbox 421 5240 614 5295; x_wconf 84' lang='lat' dir='ltr'><strong>Filium</strong></span> <span class='ocrx_word' id='word_1_455' title='bbox 641 5260 740 5297; x_wconf 85' lang='lat' dir='ltr'><strong>non</strong></span> <span class='ocrx_word' id='word_1_456' title='bbox 767 5261 909 5313; x_wconf 87' lang='lat' dir='ltr'><strong>posse</strong></span> <span class='ocrx_word' id='word_1_457' title='bbox 936 5246 1034 5298; x_wconf 88' lang='lat' dir='ltr'><strong>dici</strong></span> <span class='ocrx_word' id='word_1_458' title='bbox 1062 5246 1167 5300; x_wconf 88' lang='lat' dir='ltr'><strong>alia</strong></span> <span class='ocrx_word' id='word_1_459' title='bbox 1203 5247 1398 5301; x_wconf 85' lang='lat' dir='ltr'><strong>ratione</strong></span> <span class='ocrx_word' id='word_1_460' title='bbox 1424 5248 1686 5317; x_wconf 62' lang='lat' dir='ltr'><strong>(squalent,</strong></span> <span class='ocrx_word' id='word_1_461' title='bbox 1728 5252 1831 5305; x_wconf 88' lang='lat' dir='ltr'><strong>alia</strong></span> 
     </span>
    </p>
   </div>
   <div class='ocr_carea' id='block_1_55' title="bbox 253 5332 1828 5412">
    <p class='ocr_par' dir='ltr' id='par_1_55' title="bbox 253 5332 1828 5412">
     <span class='ocr_line' id='line_1_55' title="bbox 253 5332 1828 5412; baseline 0.01 -28"><span class='ocrx_word' id='word_1_462' title='bbox 253 5333 518 5386; x_wconf 87' lang='lat' dir='ltr'><strong>minorem.</strong></span> <span class='ocrx_word' id='word_1_463' title='bbox 571 5332 636 5387; x_wconf 84' lang='lat' dir='ltr'><strong>In</strong></span> <span class='ocrx_word' id='word_1_464' title='bbox 679 5333 786 5388; x_wconf 89' lang='lat' dir='ltr'><strong>Deo</strong></span> <span class='ocrx_word' id='word_1_465' title='bbox 812 5352 912 5390; x_wconf 84' lang='lat' dir='ltr'><strong>non</strong></span> <span class='ocrx_word' id='word_1_466' title='bbox 959 5337 1100 5390; x_wconf 86' lang='lat' dir='ltr'><strong>aliud</strong></span> <span class='ocrx_word' id='word_1_467' title='bbox 1123 5347 1357 5408; x_wconf 86' lang='lat' dir='ltr'><strong>potestas,</strong></span> <span class='ocrx_word' id='word_1_468' title='bbox 1387 5342 1527 5394; x_wconf 85' lang='lat' dir='ltr'><strong>aliud</strong></span> <span class='ocrx_word' id='word_1_469' title='bbox 1560 5342 1828 5412; x_wconf 81' lang='lat' dir='ltr'><strong>prudentia</strong></span> 
     </span>
    </p>
   </div>
   <div class='ocr_carea' id='block_1_56' title="bbox 249 5427 1826 5498">
    <p class='ocr_par' dir='ltr' id='par_1_56' title="bbox 249 5427 1826 5498">
     <span class='ocr_line' id='line_1_56' title="bbox 249 5427 1826 5498; baseline 0.011 -24"><span class='ocrx_word' id='word_1_470' title='bbox 249 5431 298 5475; x_wconf 86' lang='lat' dir='ltr'><strong>et</strong></span> <span class='ocrx_word' id='word_1_471' title='bbox 324 5434 520 5477; x_wconf 70' lang='lat' dir='ltr'><strong>cwtera:</strong></span> <span class='ocrx_word' id='word_1_472' title='bbox 566 5427 788 5479; x_wconf 81' lang='lat' dir='ltr'><strong>virtutes.</strong></span> <span class='ocrx_word' id='word_1_473' title='bbox 833 5427 967 5494; x_wconf 86' lang='lat' dir='ltr'><strong>Quid</strong></span> <span class='ocrx_word' id='word_1_474' title='bbox 1013 5444 1139 5498; x_wconf 83' lang='lat' dir='ltr'><strong>ergo</strong></span> <span class='ocrx_word' id='word_1_475' title='bbox 1168 5430 1405 5486; x_wconf 91' lang='lat' dir='ltr'><strong>dicturus</strong></span> <span class='ocrx_word' id='word_1_476' title='bbox 1432 5434 1527 5487; x_wconf 87' lang='lat' dir='ltr'><strong>es?</strong></span> <span class='ocrx_word' id='word_1_477' title='bbox 1559 5434 1826 5492; x_wconf 87' lang='lat' dir='ltr'><strong>Potestate</strong></span> 
     </span>
    </p>
   </div>
   <div class='ocr_carea' id='block_1_57' title="bbox 249 5515 1829 5595">
    <p class='ocr_par' dir='ltr' id='par_1_57' title="bbox 249 5515 1829 5595">
     <span class='ocr_line' id='line_1_57' title="bbox 249 5515 1829 5595; baseline 0.011 -31"><span class='ocrx_word' id='word_1_478' title='bbox 249 5515 485 5581; x_wconf 77' lang='lat' dir='ltr'><strong>a-quales</strong></span> <span class='ocrx_word' id='word_1_479' title='bbox 513 5523 670 5580; x_wconf 91' lang='lat' dir='ltr'><strong>sunt,</strong></span> <span class='ocrx_word' id='word_1_480' title='bbox 701 5516 792 5570; x_wconf 93' lang='lat' dir='ltr'><strong>sed</strong></span> <span class='ocrx_word' id='word_1_481' title='bbox 830 5518 1005 5572; x_wconf 91' lang='lat' dir='ltr'><strong>minor</strong></span> <span class='ocrx_word' id='word_1_482' title='bbox 1052 5519 1216 5574; x_wconf 91' lang='lat' dir='ltr'><strong>Filius</strong></span> <span class='ocrx_word' id='word_1_483' title='bbox 1258 5523 1571 5590; x_wconf 79' lang='lat' dir='ltr'><strong>prudentia?</strong></span> <span class='ocrx_word' id='word_1_484' title='bbox 1601 5525 1829 5595; x_wconf 84' lang='lat' dir='ltr'><strong>lnjnstns</strong></span> 
     </span>
    </p>
   </div>
   <div class='ocr_carea' id='block_1_58' title="bbox 249 5603 1828 5686">
    <p class='ocr_par' dir='ltr' id='par_1_58' title="bbox 249 5603 1828 5686">
     <span class='ocr_line' id='line_1_58' title="bbox 249 5603 1828 5686; baseline 0.011 -32"><span class='ocrx_word' id='word_1_485' title='bbox 249 5612 333 5655; x_wconf 86' lang='lat' dir='ltr'><strong>est</strong></span> <span class='ocrx_word' id='word_1_486' title='bbox 356 5603 516 5667; x_wconf 90' lang='lat' dir='ltr'><strong>Deus,</strong></span> <span class='ocrx_word' id='word_1_487' title='bbox 546 5605 587 5658; x_wconf 88' lang='lat' dir='ltr'><strong>si</strong></span> <span class='ocrx_word' id='word_1_488' title='bbox 620 5606 806 5660; x_wconf 91' lang='lat' dir='ltr'><strong>minori</strong></span> <span class='ocrx_word' id='word_1_489' title='bbox 831 5608 1122 5676; x_wconf 69' lang='lat' dir='ltr'><strong>prudentire</strong></span> <span class='ocrx_word' id='word_1_490' title='bbox 1148 5621 1461 5679; x_wconf 88' lang='lat' dir='ltr'><strong>potestatem</strong></span> <span class='ocrx_word' id='word_1_491' title='bbox 1489 5614 1632 5670; x_wconf 87' lang='lat' dir='ltr'><strong>dedit</strong></span> <span class='ocrx_word' id='word_1_492' title='bbox 1653 5634 1828 5686; x_wconf 73' lang='lat' dir='ltr'><strong>mqua-</strong></span> 
     </span>
    </p>
   </div>
   <div class='ocr_carea' id='block_1_59' title="bbox 248 5693 1825 5769">
    <p class='ocr_par' dir='ltr' id='par_1_59' title="bbox 248 5693 1825 5769">
     <span class='ocr_line' id='line_1_59' title="bbox 248 5693 1825 5769; baseline 0.011 -23"><span class='ocrx_word' id='word_1_493' title='bbox 248 5693 376 5748; x_wconf 79' lang='lat' dir='ltr'><strong>lem.</strong></span> <span class='ocrx_word' id='word_1_494' title='bbox 407 5693 464 5748; x_wconf 89' lang='lat' dir='ltr'><strong>Si</strong></span> <span class='ocrx_word' id='word_1_495' title='bbox 494 5696 772 5766; x_wconf 89' lang='lat' dir='ltr'><strong>prudentia</strong></span> <span class='ocrx_word' id='word_1_496' title='bbox 802 5701 1034 5769; x_wconf 54' lang='lat' dir='ltr'><strong>atquales</strong></span> <span class='ocrx_word' id='word_1_497' title='bbox 1059 5711 1202 5769; x_wconf 88' lang='lat' dir='ltr'><strong>sunt,</strong></span> <span class='ocrx_word' id='word_1_498' title='bbox 1231 5703 1324 5758; x_wconf 92' lang='lat' dir='ltr'><strong>sed</strong></span> <span class='ocrx_word' id='word_1_499' title='bbox 1353 5705 1525 5760; x_wconf 91' lang='lat' dir='ltr'><strong>minor</strong></span> <span class='ocrx_word' id='word_1_500' title='bbox 1551 5715 1631 5760; x_wconf 90' lang='lat' dir='ltr'><strong>est</strong></span> <span class='ocrx_word' id='word_1_501' title='bbox 1660 5707 1825 5765; x_wconf 87' lang='lat' dir='ltr'><strong>Filius</strong></span> 
     </span>
    </p>
   </div>
   <div class='ocr_carea' id='block_1_60' title="bbox 251 5788 1821 5868">
    <p class='ocr_par' dir='ltr' id='par_1_60' title="bbox 251 5788 1821 5868">
     <span class='ocr_line' id='line_1_60' title="bbox 251 5788 1821 5868; baseline 0.013 -33"><span class='ocrx_word' id='word_1_502' title='bbox 251 5793 546 5855; x_wconf 76' lang='lat' dir='ltr'><strong>potestate,</strong></span> <span class='ocrx_word' id='word_1_503' title='bbox 579 5788 787 5844; x_wconf 79' lang='lat' dir='ltr'><strong>invidus</strong></span> <span class='ocrx_word' id='word_1_504' title='bbox 826 5799 907 5846; x_wconf 87' lang='lat' dir='ltr'><strong>est</strong></span> <span class='ocrx_word' id='word_1_505' title='bbox 945 5791 1116 5860; x_wconf 90' lang='lat' dir='ltr'><strong>Deus,</strong></span> <span class='ocrx_word' id='word_1_506' title='bbox 1159 5794 1246 5864; x_wconf 87' lang='lat' dir='ltr'><strong>qui</strong></span> <span class='ocrx_word' id='word_1_507' title='bbox 1291 5797 1478 5867; x_wconf 63' lang='lat' dir='ltr'><strong>aequali</strong></span> <span class='ocrx_word' id='word_1_508' title='bbox 1530 5799 1821 5868; x_wconf 70' lang='lat' dir='ltr'><strong>prudentia:</strong></span> 
     </span>
    </p>
   </div>
   <div class='ocr_carea' id='block_1_61' title="bbox 1665 380 2186 436">
    <p class='ocr_par' dir='ltr' id='par_1_61' title="bbox 1665 380 2186 436">
     <span class='ocr_line' id='line_1_61' title="bbox 1665 380 2186 436; baseline 0.002 -2"><span class='ocrx_word' id='word_1_509' title='bbox 1665 380 1887 434; x_wconf 70' lang='lat' dir='ltr'><strong>SELiMU</strong></span> <span class='ocrx_word' id='word_1_510' title='bbox 1926 383 2186 436; x_wconf 64' lang='lat' dir='ltr'><strong>CCCXLI.</strong></span> 
     </span>
    </p>
   </div>
   <div class='ocr_carea' id='block_1_62' title="bbox 3061 422 3550 490">
    <p class='ocr_par' dir='ltr' id='par_1_62' title="bbox 3061 422 3550 490">
     <span class='ocr_line' id='line_1_62' title="bbox 3061 422 3550 490; baseline 0.012 -20"><span class='ocrx_word' id='word_1_511' title='bbox 3061 487 3063 490; x_wconf 2' lang='lat' dir='ltr'><strong>j</strong></span> <span class='ocrx_word' id='word_1_512' title='bbox 3416 422 3550 478; x_wconf 69' lang='lat' dir='ltr'><strong>tias</strong></span> 
     </span>
    </p>
   </div>
   <div class='ocr_carea' id='block_1_63' title="bbox 1981 511 3544 606">
    <p class='ocr_par' dir='ltr' id='par_1_63' title="bbox 1981 511 3544 606">
     <span class='ocr_line' id='line_1_63' title="bbox 1981 511 3544 606; baseline 0.026 -53"><span class='ocrx_word' id='word_1_513' title='bbox 1981 513 2288 569; x_wconf 85' lang='lat' dir='ltr'><strong>potestatem</strong></span> <span class='ocrx_word' id='word_1_514' title='bbox 2317 511 2456 564; x_wconf 83' lang='lat' dir='ltr'><strong>dedit</strong></span> <span class='ocrx_word' id='word_1_515' title='bbox 2487 516 2761 573; x_wconf 88' lang='lat' dir='ltr'><strong>minorem.</strong></span> <span class='ocrx_word' id='word_1_516' title='bbox 2795 522 2848 576; x_wconf 87' lang='lat' dir='ltr'><strong>In</strong></span> <span class='ocrx_word' id='word_1_517' title='bbox 2880 525 2988 579; x_wconf 91' lang='lat' dir='ltr'><strong>Deo</strong></span> <span class='ocrx_word' id='word_1_518' title='bbox 3017 539 3192 584; x_wconf 86' lang='lat' dir='ltr'><strong>autem</strong></span> <span class='ocrx_word' id='word_1_519' title='bbox 3221 549 3378 590; x_wconf 85' lang='lat' dir='ltr'><strong>etnue</strong></span> <span class='ocrx_word' id='word_1_520' title='bbox 3407 543 3544 606; x_wconf 84' lang='lat' dir='ltr'><strong>quod</strong></span> 
     </span>
    </p>
   </div>
   <div class='ocr_carea' id='block_1_64' title="bbox 1974 593 3615 696">
    <p class='ocr_par' dir='ltr' id='par_1_64' title="bbox 1974 593 3615 696">
     <span class='ocr_line' id='line_1_64' title="bbox 1974 593 3615 696; baseline 0.026 -51"><span class='ocrx_word' id='word_1_521' title='bbox 1974 593 2184 661; x_wconf 89' lang='lat' dir='ltr'><strong>dicitur,</strong></span> <span class='ocrx_word' id='word_1_522' title='bbox 2217 598 2442 667; x_wconf 68' lang='lat' dir='ltr'><strong>illli&#39;Sllltl</strong></span> <span class='ocrx_word' id='word_1_523' title='bbox 2469 615 2567 658; x_wconf 86' lang='lat' dir='ltr'><strong>est.</strong></span> <span class='ocrx_word' id='word_1_524' title='bbox 2594 608 2771 679; x_wconf 71' lang='lat' dir='ltr'><strong>Neque</strong></span> <span class='ocrx_word' id='word_1_525' title='bbox 2804 615 2944 668; x_wconf 90' lang='lat' dir='ltr'><strong>enim</strong></span> <span class='ocrx_word' id='word_1_526' title='bbox 2986 619 3035 672; x_wconf 91' lang='lat' dir='ltr'><strong>in</strong></span> <span class='ocrx_word' id='word_1_527' title='bbox 3072 620 3177 676; x_wconf 88' lang='lat' dir='ltr'><strong>Deo</strong></span> <span class='ocrx_word' id='word_1_528' title='bbox 3215 624 3354 679; x_wconf 90' lang='lat' dir='ltr'><strong>aliud</strong></span> <span class='ocrx_word' id='word_1_529' title='bbox 3399 593 3546 696; x_wconf 49' lang='lat' dir='ltr'><strong>pote;</strong></span> <span class='ocrx_word' id='word_1_530' title='bbox 3604 644 3615 656; x_wconf 92' lang='lat'>&#39;</span> 
     </span>
    </p>
   </div>
   <div class='ocr_carea' id='block_1_65' title="bbox 1971 689 3545 787">
    <p class='ocr_par' dir='ltr' id='par_1_65' title="bbox 1971 689 3545 787">
     <span class='ocr_line' id='line_1_65' title="bbox 1971 689 3545 787; baseline 0.024 -51"><span class='ocrx_word' id='word_1_531' title='bbox 1971 694 2082 787; x_wconf 75' lang='lat' dir='ltr'><strong>stas</strong></span> <span class='ocrx_word' id='word_1_532' title='bbox 2118 697 2171 740; x_wconf 80' lang='lat' dir='ltr'><strong>et</strong></span> <span class='ocrx_word' id='word_1_533' title='bbox 2222 689 2363 744; x_wconf 86' lang='lat' dir='ltr'><strong>aliud</strong></span> <span class='ocrx_word' id='word_1_534' title='bbox 2421 697 2716 763; x_wconf 70' lang='lat' dir='ltr'><strong>prudentia,</strong></span> <span class='ocrx_word' id='word_1_535' title='bbox 2746 703 2886 757; x_wconf 84' lang='lat' dir='ltr'><strong>aliud</strong></span> <span class='ocrx_word' id='word_1_536' title='bbox 2918 708 3164 766; x_wconf 72' lang='lat' dir='ltr'><strong>fortitudo</strong></span> <span class='ocrx_word' id='word_1_537' title='bbox 3204 725 3255 768; x_wconf 90' lang='lat' dir='ltr'><strong>et</strong></span> <span class='ocrx_word' id='word_1_538' title='bbox 3299 689 3439 771; x_wconf 77' lang='lat' dir='ltr'><strong>aliud</strong></span> <span class='ocrx_word' id='word_1_539' title='bbox 3463 723 3545 787; x_wconf 90' lang='lat' dir='ltr'><strong>ju-</strong></span> 
     </span>
    </p>
   </div>
   <div class='ocr_carea' id='block_1_66' title="bbox 1971 775 3542 868">
    <p class='ocr_par' dir='ltr' id='par_1_66' title="bbox 1971 775 3542 868">
     <span class='ocr_line' id='line_1_66' title="bbox 1971 775 3542 868; baseline 0.023 -43"><span class='ocrx_word' id='word_1_540' title='bbox 1971 775 2110 828; x_wconf 91' lang='lat' dir='ltr'><strong>stitia</strong></span> <span class='ocrx_word' id='word_1_541' title='bbox 2141 788 2228 830; x_wconf 89' lang='lat' dir='ltr'><strong>aut</strong></span> <span class='ocrx_word' id='word_1_542' title='bbox 2252 780 2390 833; x_wconf 81' lang='lat' dir='ltr'><strong>aliud</strong></span> <span class='ocrx_word' id='word_1_543' title='bbox 2423 788 2655 840; x_wconf 80' lang='lat' dir='ltr'><strong>castitas.</strong></span> <span class='ocrx_word' id='word_1_544' title='bbox 2683 790 2941 862; x_wconf 78' lang='lat' dir='ltr'><strong>Quidquid</strong></span> <span class='ocrx_word' id='word_1_545' title='bbox 2975 800 3157 854; x_wconf 86' lang='lat' dir='ltr'><strong>horum</strong></span> <span class='ocrx_word' id='word_1_546' title='bbox 3182 805 3247 859; x_wconf 89' lang='lat' dir='ltr'><strong>de</strong></span> <span class='ocrx_word' id='word_1_547' title='bbox 3264 806 3369 859; x_wconf 87' lang='lat' dir='ltr'><strong>Deo</strong></span> <span class='ocrx_word' id='word_1_548' title='bbox 3391 775 3542 868; x_wconf 50' lang='lat' dir='ltr'><strong>ditiis.</strong></span> 
     </span>
    </p>
   </div>
   <div class='ocr_carea' id='block_1_67' title="bbox 1971 869 3540 961">
    <p class='ocr_par' dir='ltr' id='par_1_67' title="bbox 1971 869 3540 961">
     <span class='ocr_line' id='line_1_67' title="bbox 1971 869 3540 961; baseline 0.022 -44"><span class='ocrx_word' id='word_1_549' title='bbox 1971 880 2145 935; x_wconf 88' lang='lat' dir='ltr'><strong>neque</strong></span> <span class='ocrx_word' id='word_1_550' title='bbox 2167 869 2303 923; x_wconf 87' lang='lat' dir='ltr'><strong>aliud</strong></span> <span class='ocrx_word' id='word_1_551' title='bbox 2328 881 2380 925; x_wconf 92' lang='lat' dir='ltr'><strong>et</strong></span> <span class='ocrx_word' id='word_1_552' title='bbox 2405 875 2542 928; x_wconf 87' lang='lat' dir='ltr'><strong>aliud</strong></span> <span class='ocrx_word' id='word_1_553' title='bbox 2565 879 2892 950; x_wconf 69' lang='lat' dir='ltr'><strong>intelligitur,</strong></span> <span class='ocrx_word' id='word_1_554' title='bbox 2921 898 2970 939; x_wconf 90' lang='lat' dir='ltr'><strong>ct</strong></span> <span class='ocrx_word' id='word_1_555' title='bbox 3001 891 3125 944; x_wconf 81' lang='lat' dir='ltr'><strong>nihil</strong></span> <span class='ocrx_word' id='word_1_556' title='bbox 3144 894 3298 961; x_wconf 87' lang='lat' dir='ltr'><strong>digne</strong></span> <span class='ocrx_word' id='word_1_557' title='bbox 3320 897 3540 952; x_wconf 86' lang='lat' dir='ltr'><strong>dicitur;</strong></span> 
     </span>
    </p>
   </div>
   <div class='ocr_carea' id='block_1_68' title="bbox 1968 957 3539 1058">
    <p class='ocr_par' dir='ltr' id='par_1_68' title="bbox 1968 957 3539 1058">
     <span class='ocr_line' id='line_1_68' title="bbox 1968 957 3539 1058; baseline 0.021 -49"><span class='ocrx_word' id='word_1_558' title='bbox 1968 957 2090 1058; x_wconf 80' lang='lat' dir='ltr'><strong>quia</strong></span> <span class='ocrx_word' id='word_1_559' title='bbox 2122 959 2232 1015; x_wconf 80' lang='lat' dir='ltr'><strong>haec</strong></span> <span class='ocrx_word' id='word_1_560' title='bbox 2255 965 2549 1020; x_wconf 88' lang='lat' dir='ltr'><strong>animarum</strong></span> <span class='ocrx_word' id='word_1_561' title='bbox 2574 982 2716 1037; x_wconf 82' lang='lat' dir='ltr'><strong>sunt,</strong></span> <span class='ocrx_word' id='word_1_562' title='bbox 2741 991 2871 1042; x_wconf 87' lang='lat' dir='ltr'><strong>quas</strong></span> <span class='ocrx_word' id='word_1_563' title='bbox 2895 977 2978 1031; x_wconf 88' lang='lat' dir='ltr'><strong>illa</strong></span> <span class='ocrx_word' id='word_1_564' title='bbox 3007 980 3090 1034; x_wconf 80' lang='lat' dir='ltr'><strong>lux</strong></span> <span class='ocrx_word' id='word_1_565' title='bbox 3119 984 3381 1051; x_wconf 88' lang='lat' dir='ltr'><strong>perfundit</strong></span> <span class='ocrx_word' id='word_1_566' title='bbox 3405 1005 3539 1058; x_wconf 88' lang='lat' dir='ltr'><strong>quo-</strong></span> 
     </span>
    </p>
   </div>
   <div class='ocr_carea' id='block_1_69' title="bbox 1967 1045 3540 1145">
    <p class='ocr_par' dir='ltr' id='par_1_69' title="bbox 1967 1045 3540 1145">
     <span class='ocr_line' id='line_1_69' title="bbox 1967 1045 3540 1145; baseline 0.022 -46"><span class='ocrx_word' id='word_1_567' title='bbox 1967 1045 2090 1101; x_wconf 88' lang='lat' dir='ltr'><strong>dam</strong></span> <span class='ocrx_word' id='word_1_568' title='bbox 2133 1051 2309 1145; x_wconf 81' lang='lat' dir='ltr'><strong>modo,</strong></span> <span class='ocrx_word' id='word_1_569' title='bbox 2345 1064 2395 1108; x_wconf 89' lang='lat' dir='ltr'><strong>et</strong></span> <span class='ocrx_word' id='word_1_570' title='bbox 2424 1071 2520 1126; x_wconf 90' lang='lat' dir='ltr'><strong>pro</strong></span> <span class='ocrx_word' id='word_1_571' title='bbox 2548 1061 2654 1113; x_wconf 83' lang='lat' dir='ltr'><strong>suis</strong></span> <span class='ocrx_word' id='word_1_572' title='bbox 2681 1065 3023 1133; x_wconf 88' lang='lat' dir='ltr'><strong>qualitatibus</strong></span> <span class='ocrx_word' id='word_1_573' title='bbox 3051 1045 3243 1139; x_wconf 83' lang='lat' dir='ltr'><strong>afficit;</strong></span> <span class='ocrx_word' id='word_1_574' title='bbox 3277 1045 3540 1145; x_wconf 77' lang='lat' dir='ltr'><strong>quottiodo</strong></span> 
     </span>
    </p>
   </div>
   <div class='ocr_carea' id='block_1_70' title="bbox 1966 1140 3535 1231">
    <p class='ocr_par' dir='ltr' id='par_1_70' title="bbox 1966 1140 3535 1231">
     <span class='ocr_line' id='line_1_70' title="bbox 1966 1140 3535 1231; baseline 0.018 -40"><span class='ocrx_word' id='word_1_575' title='bbox 1966 1151 2087 1191; x_wconf 89' lang='lat' dir='ltr'><strong>cum</strong></span> <span class='ocrx_word' id='word_1_576' title='bbox 2118 1140 2286 1195; x_wconf 91' lang='lat' dir='ltr'><strong>oritur</strong></span> <span class='ocrx_word' id='word_1_577' title='bbox 2309 1147 2623 1212; x_wconf 86' lang='lat' dir='ltr'><strong>corporibus</strong></span> <span class='ocrx_word' id='word_1_578' title='bbox 2649 1151 2734 1205; x_wconf 75' lang='lat' dir='ltr'><strong>lnx</strong></span> <span class='ocrx_word' id='word_1_579' title='bbox 2761 1155 2857 1208; x_wconf 89' lang='lat' dir='ltr'><strong>ista</strong></span> <span class='ocrx_word' id='word_1_580' title='bbox 2882 1159 3120 1213; x_wconf 82' lang='lat' dir='ltr'><strong>visibilis.</strong></span> <span class='ocrx_word' id='word_1_581' title='bbox 3146 1162 3200 1216; x_wconf 86' lang='lat' dir='ltr'><strong>Si</strong></span> <span class='ocrx_word' id='word_1_582' title='bbox 3236 1140 3535 1231; x_wconf 68' lang='lat' dir='ltr'><strong>auferatur,</strong></span> 
     </span>
    </p>
   </div>
   <div class='ocr_carea' id='block_1_71' title="bbox 1967 1237 3536 1320">
    <p class='ocr_par' dir='ltr' id='par_1_71' title="bbox 1967 1237 3536 1320">
     <span class='ocr_line' id='line_1_71' title="bbox 1967 1237 3536 1320; baseline 0.02 -41"><span class='ocrx_word' id='word_1_583' title='bbox 1967 1243 2102 1282; x_wconf 92' lang='lat' dir='ltr'><strong>unus</strong></span> <span class='ocrx_word' id='word_1_584' title='bbox 2122 1241 2202 1284; x_wconf 89' lang='lat' dir='ltr'><strong>est</strong></span> <span class='ocrx_word' id='word_1_585' title='bbox 2232 1237 2545 1302; x_wconf 86' lang='lat' dir='ltr'><strong>corporibus</strong></span> <span class='ocrx_word' id='word_1_586' title='bbox 2571 1243 2815 1297; x_wconf 89' lang='lat' dir='ltr'><strong>omnibus</strong></span> <span class='ocrx_word' id='word_1_587' title='bbox 2842 1247 3014 1312; x_wconf 90' lang='lat' dir='ltr'><strong>color;</strong></span> <span class='ocrx_word' id='word_1_588' title='bbox 3043 1252 3126 1318; x_wconf 91' lang='lat' dir='ltr'><strong>qui</strong></span> <span class='ocrx_word' id='word_1_589' title='bbox 3161 1255 3332 1320; x_wconf 87' lang='lat' dir='ltr'><strong>potius</strong></span> <span class='ocrx_word' id='word_1_590' title='bbox 3353 1257 3536 1312; x_wconf 87' lang='lat' dir='ltr'><strong>dicen-</strong></span> 
     </span>
    </p>
   </div>
   <div class='ocr_carea' id='block_1_72' title="bbox 1963 1317 3538 1401">
    <p class='ocr_par' dir='ltr' id='par_1_72' title="bbox 1963 1317 3538 1401">
     <span class='ocr_line' id='line_1_72' title="bbox 1963 1317 3538 1401; baseline 0.019 -30"><span class='ocrx_word' id='word_1_591' title='bbox 1963 1317 2063 1371; x_wconf 81' lang='lat' dir='ltr'><strong>das</strong></span> <span class='ocrx_word' id='word_1_592' title='bbox 2089 1328 2172 1374; x_wconf 88' lang='lat' dir='ltr'><strong>est</strong></span> <span class='ocrx_word' id='word_1_593' title='bbox 2217 1324 2395 1380; x_wconf 87' lang='lat' dir='ltr'><strong>nullus</strong></span> <span class='ocrx_word' id='word_1_594' title='bbox 2432 1330 2594 1383; x_wconf 86' lang='lat' dir='ltr'><strong>color.</strong></span> <span class='ocrx_word' id='word_1_595' title='bbox 2627 1328 2755 1386; x_wconf 89' lang='lat' dir='ltr'><strong>Cum</strong></span> <span class='ocrx_word' id='word_1_596' title='bbox 2799 1346 2974 1390; x_wconf 90' lang='lat' dir='ltr'><strong>autem</strong></span> <span class='ocrx_word' id='word_1_597' title='bbox 3017 1317 3174 1393; x_wconf 25' lang='lat' dir='ltr'><strong>illatai</strong></span> <span class='ocrx_word' id='word_1_598' title='bbox 3202 1342 3538 1401; x_wconf 83' lang='lat' dir='ltr'><strong>illustraverit</strong></span> 
     </span>
    </p>
   </div>
   <div class='ocr_carea' id='block_1_73' title="bbox 1963 1420 3534 1506">
    <p class='ocr_par' dir='ltr' id='par_1_73' title="bbox 1963 1420 3534 1506">
     <span class='ocr_line' id='line_1_73' title="bbox 1963 1420 3534 1506; baseline 0.02 -44"><span class='ocrx_word' id='word_1_599' title='bbox 1963 1423 2207 1484; x_wconf 88' lang='lat' dir='ltr'><strong>corpora,</strong></span> <span class='ocrx_word' id='word_1_600' title='bbox 2240 1420 2478 1485; x_wconf 76' lang='lat' dir='ltr'><strong>quamvis</strong></span> <span class='ocrx_word' id='word_1_601' title='bbox 2529 1424 2636 1490; x_wconf 88' lang='lat' dir='ltr'><strong>ipsa</strong></span> <span class='ocrx_word' id='word_1_602' title='bbox 2685 1427 2839 1480; x_wconf 90' lang='lat' dir='ltr'><strong>unius</strong></span> <span class='ocrx_word' id='word_1_603' title='bbox 2871 1429 3010 1483; x_wconf 90' lang='lat' dir='ltr'><strong>modi</strong></span> <span class='ocrx_word' id='word_1_604' title='bbox 3051 1433 3138 1496; x_wconf 88' lang='lat' dir='ltr'><strong>sit,</strong></span> <span class='ocrx_word' id='word_1_605' title='bbox 3185 1452 3279 1506; x_wconf 90' lang='lat' dir='ltr'><strong>pro</strong></span> <span class='ocrx_word' id='word_1_606' title='bbox 3310 1437 3534 1494; x_wconf 87' lang='lat' dir='ltr'><strong>diversis</strong></span> 
     </span>
    </p>
   </div>
   <div class='ocr_carea' id='block_1_74' title="bbox 1965 1508 3535 1597">
    <p class='ocr_par' dir='ltr' id='par_1_74' title="bbox 1965 1508 3535 1597">
     <span class='ocr_line' id='line_1_74' title="bbox 1965 1508 3535 1597; baseline 0.02 -43"><span class='ocrx_word' id='word_1_607' title='bbox 1965 1508 2139 1555; x_wconf 73' lang='lat' dir='ltr'><strong>trmcn</strong></span> <span class='ocrx_word' id='word_1_608' title='bbox 2162 1521 2442 1574; x_wconf 86' lang='lat' dir='ltr'><strong>corporum</strong></span> <span class='ocrx_word' id='word_1_609' title='bbox 2470 1513 2808 1580; x_wconf 85' lang='lat' dir='ltr'><strong>qualitatibus</strong></span> <span class='ocrx_word' id='word_1_610' title='bbox 2829 1517 3039 1572; x_wconf 86' lang='lat' dir='ltr'><strong>diverso</strong></span> <span class='ocrx_word' id='word_1_611' title='bbox 3057 1539 3149 1577; x_wconf 91' lang='lat' dir='ltr'><strong>eos</strong></span> <span class='ocrx_word' id='word_1_612' title='bbox 3167 1526 3332 1580; x_wconf 88' lang='lat' dir='ltr'><strong>nitore</strong></span> <span class='ocrx_word' id='word_1_613' title='bbox 3355 1544 3535 1597; x_wconf 80' lang='lat' dir='ltr'><strong>aSpcr-</strong></span> 
     </span>
    </p>
   </div>
   <div class='ocr_carea' id='block_1_75' title="bbox 1961 1591 3534 1688">
    <p class='ocr_par' dir='ltr' id='par_1_75' title="bbox 1961 1591 3534 1688">
     <span class='ocr_line' id='line_1_75' title="bbox 1961 1591 3534 1688; baseline 0.023 -45"><span class='ocrx_word' id='word_1_614' title='bbox 1961 1591 2054 1660; x_wconf 83' lang='lat' dir='ltr'><strong>git.</strong></span> <span class='ocrx_word' id='word_1_615' title='bbox 2086 1595 2224 1664; x_wconf 88' lang='lat' dir='ltr'><strong>Ergo</strong></span> <span class='ocrx_word' id='word_1_616' title='bbox 2267 1600 2558 1658; x_wconf 78' lang='lat' dir='ltr'><strong>animarum</strong></span> <span class='ocrx_word' id='word_1_617' title='bbox 2599 1617 2720 1659; x_wconf 89' lang='lat' dir='ltr'><strong>sunt</strong></span> <span class='ocrx_word' id='word_1_618' title='bbox 2755 1608 2866 1662; x_wconf 81' lang='lat' dir='ltr'><strong>istae</strong></span> <span class='ocrx_word' id='word_1_619' title='bbox 2893 1612 3217 1683; x_wconf 72' lang='lat' dir='ltr'><strong>affectiones,</strong></span> <span class='ocrx_word' id='word_1_620' title='bbox 3259 1637 3374 1688; x_wconf 76' lang='lat' dir='ltr'><strong>qua:</strong></span> <span class='ocrx_word' id='word_1_621' title='bbox 3399 1591 3534 1680; x_wconf 82' lang='lat' dir='ltr'><strong>bene</strong></span> 
     </span>
    </p>
   </div>
   <div class='ocr_carea' id='block_1_76' title="bbox 1960 1686 3524 1773">
    <p class='ocr_par' dir='ltr' id='par_1_76' title="bbox 1960 1686 3524 1773">
     <span class='ocr_line' id='line_1_76' title="bbox 1960 1686 3524 1773; baseline 0.02 -37"><span class='ocrx_word' id='word_1_622' title='bbox 1960 1693 2084 1736; x_wconf 89' lang='lat' dir='ltr'><strong>sunt</strong></span> <span class='ocrx_word' id='word_1_623' title='bbox 2113 1686 2314 1741; x_wconf 65' lang='lat' dir='ltr'><strong>affectio</strong></span> <span class='ocrx_word' id='word_1_624' title='bbox 2338 1690 2404 1744; x_wconf 90' lang='lat' dir='ltr'><strong>ab</strong></span> <span class='ocrx_word' id='word_1_625' title='bbox 2429 1692 2511 1744; x_wconf 89' lang='lat' dir='ltr'><strong>illa</strong></span> <span class='ocrx_word' id='word_1_626' title='bbox 2537 1695 2650 1748; x_wconf 88' lang='lat' dir='ltr'><strong>luce</strong></span> <span class='ocrx_word' id='word_1_627' title='bbox 2675 1712 2790 1766; x_wconf 68' lang='lat' dir='ltr'><strong>qtae</strong></span> <span class='ocrx_word' id='word_1_628' title='bbox 2813 1715 2914 1754; x_wconf 91' lang='lat' dir='ltr'><strong>non</strong></span> <span class='ocrx_word' id='word_1_629' title='bbox 2939 1702 3185 1773; x_wconf 84' lang='lat' dir='ltr'><strong>afticitnr,</strong></span> <span class='ocrx_word' id='word_1_630' title='bbox 3212 1686 3524 1769; x_wconf 71' lang='lat' dir='ltr'><strong>etlormata:</strong></span> 
     </span>
    </p>
   </div>
   <div class='ocr_carea' id='block_1_77' title="bbox 1957 1773 2730 1845">
    <p class='ocr_par' dir='ltr' id='par_1_77' title="bbox 1957 1773 2730 1845">
     <span class='ocr_line' id='line_1_77' title="bbox 1957 1773 2730 1845; baseline 0.019 -20"><span class='ocrx_word' id='word_1_631' title='bbox 1957 1773 2026 1826; x_wconf 84' lang='lat' dir='ltr'><strong>ab</strong></span> <span class='ocrx_word' id='word_1_632' title='bbox 2057 1773 2140 1827; x_wconf 88' lang='lat' dir='ltr'><strong>illa</strong></span> <span class='ocrx_word' id='word_1_633' title='bbox 2172 1792 2289 1845; x_wconf 71' lang='lat' dir='ltr'><strong>qua:</strong></span> <span class='ocrx_word' id='word_1_634' title='bbox 2319 1796 2420 1833; x_wconf 87' lang='lat' dir='ltr'><strong>non</strong></span> <span class='ocrx_word' id='word_1_635' title='bbox 2456 1781 2730 1840; x_wconf 81' lang='lat' dir='ltr'><strong>formatur.</strong></span> 
     </span>
    </p>
   </div>
   <div class='ocr_carea' id='block_1_78' title="bbox 2029 1864 3531 1947">
    <p class='ocr_par' dir='ltr' id='par_1_78' title="bbox 2029 1864 3531 1947">
     <span class='ocr_line' id='line_1_78' title="bbox 2029 1864 3531 1947; baseline 0.021 -31"><span class='ocrx_word' id='word_1_636' title='bbox 2029 1864 2252 1922; x_wconf 83' lang='lat' dir='ltr'><strong>CAPUT</strong></span> <span class='ocrx_word' id='word_1_637' title='bbox 2297 1869 2478 1924; x_wconf 79' lang='lat' dir='ltr'><strong>VII.—</strong></span> <span class='ocrx_word' id='word_1_638' title='bbox 2498 1873 2548 1928; x_wconf 87' lang='lat'><strong>9.</strong></span> <span class='ocrx_word' id='word_1_639' title='bbox 2567 1874 2774 1930; x_wconf 73' lang='lat' dir='ltr'><strong>Iustitia</strong></span> <span class='ocrx_word' id='word_1_640' title='bbox 2793 1890 2840 1932; x_wconf 91' lang='lat' dir='ltr'><strong>et</strong></span> <span class='ocrx_word' id='word_1_641' title='bbox 2869 1881 3052 1937; x_wconf 83' lang='lat' dir='ltr'><strong>similia</strong></span> <span class='ocrx_word' id='word_1_642' title='bbox 3078 1885 3139 1940; x_wconf 83' lang='lat' dir='ltr'><strong>de</strong></span> <span class='ocrx_word' id='word_1_643' title='bbox 3164 1887 3270 1941; x_wconf 78' lang='lat' dir='ltr'><strong>Deo</strong></span> <span class='ocrx_word' id='word_1_644' title='bbox 3296 1892 3531 1947; x_wconf 82' lang='lat' dir='ltr'><strong>dicuntur</strong></span> 
     </span>
    </p>
   </div>
   <div class='ocr_carea' id='block_1_79' title="bbox 1957 1961 3528 2042">
    <p class='ocr_par' dir='ltr' id='par_1_79' title="bbox 1957 1961 3528 2042">
     <span class='ocr_line' id='line_1_79' title="bbox 1957 1961 3528 2042; baseline 0.018 -33"><span class='ocrx_word' id='word_1_645' title='bbox 1957 1970 2058 2010; x_wconf 81' lang='lat' dir='ltr'><strong>non</strong></span> <span class='ocrx_word' id='word_1_646' title='bbox 2110 1961 2326 2027; x_wconf 87' lang='lat' dir='ltr'><strong>proprie,</strong></span> <span class='ocrx_word' id='word_1_647' title='bbox 2359 1963 2446 2015; x_wconf 86' lang='lat' dir='ltr'><strong>sed</strong></span> <span class='ocrx_word' id='word_1_648' title='bbox 2480 1966 2596 2033; x_wconf 79' lang='lat' dir='ltr'><strong>quia</strong></span> <span class='ocrx_word' id='word_1_649' title='bbox 2638 1967 2766 2021; x_wconf 80' lang='lat' dir='ltr'><strong>nihil</strong></span> <span class='ocrx_word' id='word_1_650' title='bbox 2796 1970 2895 2024; x_wconf 88' lang='lat' dir='ltr'><strong>dici</strong></span> <span class='ocrx_word' id='word_1_651' title='bbox 2919 1983 3076 2042; x_wconf 84' lang='lat' dir='ltr'><strong>potest</strong></span> <span class='ocrx_word' id='word_1_652' title='bbox 3105 1979 3299 2032; x_wconf 88' lang='lat' dir='ltr'><strong>melius.</strong></span> <span class='ocrx_word' id='word_1_653' title='bbox 3330 1981 3528 2037; x_wconf 86' lang='lat' dir='ltr'><strong>Tamen</strong></span> 
     </span>
    </p>
   </div>
   <div class='ocr_carea' id='block_1_80' title="bbox 1957 2044 3529 2131">
    <p class='ocr_par' dir='ltr' id='par_1_80' title="bbox 1957 2044 3529 2131">
     <span class='ocr_line' id='line_1_80' title="bbox 1957 2044 3529 2131; baseline 0.02 -35"><span class='ocrx_word' id='word_1_654' title='bbox 1957 2044 2056 2097; x_wconf 86' lang='lat' dir='ltr'><strong>ista</strong></span> <span class='ocrx_word' id='word_1_655' title='bbox 2106 2047 2172 2100; x_wconf 91' lang='lat' dir='ltr'><strong>de</strong></span> <span class='ocrx_word' id='word_1_656' title='bbox 2218 2049 2326 2103; x_wconf 91' lang='lat' dir='ltr'><strong>Deo</strong></span> <span class='ocrx_word' id='word_1_657' title='bbox 2355 2051 2579 2108; x_wconf 89' lang='lat' dir='ltr'><strong>dicimus</strong></span> <span class='ocrx_word' id='word_1_658' title='bbox 2609 2097 2622 2120; x_wconf 93' lang='lat'><strong>,</strong></span> <span class='ocrx_word' id='word_1_659' title='bbox 2673 2057 2890 2127; x_wconf 79' lang='lat' dir='ltr'><strong>fratres,</strong></span> <span class='ocrx_word' id='word_1_660' title='bbox 2924 2065 3043 2131; x_wconf 89' lang='lat' dir='ltr'><strong>quia</strong></span> <span class='ocrx_word' id='word_1_661' title='bbox 3086 2083 3188 2120; x_wconf 91' lang='lat' dir='ltr'><strong>non</strong></span> <span class='ocrx_word' id='word_1_662' title='bbox 3233 2069 3529 2128; x_wconf 86' lang='lat' dir='ltr'><strong>invenimus</strong></span> 
     </span>
    </p>
   </div>
   <div class='ocr_carea' id='block_1_81' title="bbox 1957 2135 3526 2230">
    <p class='ocr_par' dir='ltr' id='par_1_81' title="bbox 1957 2135 3526 2230">
     <span class='ocr_line' id='line_1_81' title="bbox 1957 2135 3526 2230; baseline 0.022 -44"><span class='ocrx_word' id='word_1_663' title='bbox 1957 2135 2147 2190; x_wconf 91' lang='lat' dir='ltr'><strong>melius</strong></span> <span class='ocrx_word' id='word_1_664' title='bbox 2193 2141 2334 2208; x_wconf 89' lang='lat' dir='ltr'><strong>quod</strong></span> <span class='ocrx_word' id='word_1_665' title='bbox 2385 2144 2640 2199; x_wconf 85' lang='lat' dir='ltr'><strong>dicamus.</strong></span> <span class='ocrx_word' id='word_1_666' title='bbox 2690 2149 2814 2203; x_wconf 90' lang='lat' dir='ltr'><strong>Dico</strong></span> <span class='ocrx_word' id='word_1_667' title='bbox 2843 2153 3042 2219; x_wconf 89' lang='lat' dir='ltr'><strong>justum</strong></span> <span class='ocrx_word' id='word_1_668' title='bbox 3089 2159 3286 2226; x_wconf 81' lang='lat' dir='ltr'><strong>Deum;</strong></span> <span class='ocrx_word' id='word_1_669' title='bbox 3315 2164 3434 2230; x_wconf 88' lang='lat' dir='ltr'><strong>quia</strong></span> <span class='ocrx_word' id='word_1_670' title='bbox 3476 2165 3526 2219; x_wconf 91' lang='lat' dir='ltr'><strong>in</strong></span> 
     </span>
    </p>
   </div>
   <div class='ocr_carea' id='block_1_82' title="bbox 1953 2227 3528 2312">
    <p class='ocr_par' dir='ltr' id='par_1_82' title="bbox 1953 2227 3528 2312">
     <span class='ocr_line' id='line_1_82' title="bbox 1953 2227 3528 2312; baseline 0.021 -34"><span class='ocrx_word' id='word_1_671' title='bbox 1953 2227 2131 2283; x_wconf 83' lang='lat' dir='ltr'><strong>verbis</strong></span> <span class='ocrx_word' id='word_1_672' title='bbox 2157 2229 2400 2288; x_wconf 88' lang='lat' dir='ltr'><strong>humanis</strong></span> <span class='ocrx_word' id='word_1_673' title='bbox 2427 2237 2555 2291; x_wconf 90' lang='lat' dir='ltr'><strong>nihil</strong></span> <span class='ocrx_word' id='word_1_674' title='bbox 2584 2240 2770 2295; x_wconf 90' lang='lat' dir='ltr'><strong>melius</strong></span> <span class='ocrx_word' id='word_1_675' title='bbox 2799 2243 3009 2300; x_wconf 81' lang='lat' dir='ltr'><strong>invenio</strong></span> <span class='ocrx_word' id='word_1_676' title='bbox 3038 2266 3050 2300; x_wconf 87' lang='lat'>:</span> <span class='ocrx_word' id='word_1_677' title='bbox 3085 2265 3204 2303; x_wconf 90' lang='lat' dir='ltr'><strong>nam</strong></span> <span class='ocrx_word' id='word_1_678' title='bbox 3229 2262 3309 2306; x_wconf 91' lang='lat' dir='ltr'><strong>est</strong></span> <span class='ocrx_word' id='word_1_679' title='bbox 3335 2227 3423 2310; x_wconf 87' lang='lat' dir='ltr'><strong>ille</strong></span> <span class='ocrx_word' id='word_1_680' title='bbox 3449 2257 3528 2312; x_wconf 86' lang='lat' dir='ltr'><strong>ul-</strong></span> 
     </span>
    </p>
   </div>
   <div class='ocr_carea' id='block_1_83' title="bbox 1955 2321 3524 2415">
    <p class='ocr_par' dir='ltr' id='par_1_83' title="bbox 1955 2321 3524 2415">
     <span class='ocr_line' id='line_1_83' title="bbox 1955 2321 3524 2415; baseline 0.02 -44"><span class='ocrx_word' id='word_1_681' title='bbox 1955 2325 2033 2371; x_wconf 86' lang='lat' dir='ltr'><strong>tra</strong></span> <span class='ocrx_word' id='word_1_682' title='bbox 2055 2321 2360 2388; x_wconf 52' lang='lat' dir='ltr'><strong>justitiam.‘</strong></span> <span class='ocrx_word' id='word_1_683' title='bbox 2378 2327 2578 2383; x_wconf 87' lang='lat' dir='ltr'><strong>Dicitur</strong></span> <span class='ocrx_word' id='word_1_684' title='bbox 2617 2332 2667 2384; x_wconf 93' lang='lat' dir='ltr'><strong>in</strong></span> <span class='ocrx_word' id='word_1_685' title='bbox 2694 2334 3007 2404; x_wconf 88' lang='lat' dir='ltr'><strong>Scriptnris,</strong></span> <span class='ocrx_word' id='word_1_686' title='bbox 3030 2339 3209 2397; x_wconf 87' lang='lat' dir='ltr'><strong>Justus</strong></span> <span class='ocrx_word' id='word_1_687' title='bbox 3239 2343 3486 2402; x_wconf 87' lang='lat' dir='ltr'><strong>Dominus</strong></span> <span class='ocrx_word' id='word_1_688' title='bbox 3509 2391 3524 2415; x_wconf 88' lang='lat'><strong>,</strong></span> 
     </span>
    </p>
   </div>
   <div class='ocr_carea' id='block_1_84' title="bbox 1952 2409 3527 2505">
    <p class='ocr_par' dir='ltr' id='par_1_84' title="bbox 1952 2409 3527 2505">
     <span class='ocr_line' id='line_1_84' title="bbox 1952 2409 3527 2505; baseline 0.021 -45"><span class='ocrx_word' id='word_1_689' title='bbox 1952 2416 1999 2460; x_wconf 91' lang='lat' dir='ltr'><strong>et</strong></span> <span class='ocrx_word' id='word_1_690' title='bbox 2014 2409 2240 2478; x_wconf 87' lang='lat' dir='ltr'><strong>justitias</strong></span> <span class='ocrx_word' id='word_1_691' title='bbox 2269 2414 2443 2470; x_wconf 76' lang='lat' dir='ltr'><strong>dilexit</strong></span> <span class='ocrx_word' id='word_1_692' title='bbox 2485 2418 2653 2490; x_wconf 87' lang='lat' dir='ltr'><strong>(Psal.</strong></span> <span class='ocrx_word' id='word_1_693' title='bbox 2683 2439 2713 2476; x_wconf 76' lang='grc' dir='ltr'>χ</span> <span class='ocrx_word' id='word_1_694' title='bbox 2733 2465 2747 2488; x_wconf 94' lang='lat'><strong>,</strong></span> <span class='ocrx_word' id='word_1_695' title='bbox 2777 2423 2851 2493; x_wconf 87' lang='lat'><strong>8).</strong></span> <span class='ocrx_word' id='word_1_696' title='bbox 2886 2426 2989 2481; x_wconf 85' lang='lat' dir='ltr'><strong>Sed</strong></span> <span class='ocrx_word' id='word_1_697' title='bbox 3021 2430 3091 2484; x_wconf 92' lang='lat' dir='ltr'><strong>ibi</strong></span> <span class='ocrx_word' id='word_1_698' title='bbox 3121 2431 3313 2488; x_wconf 89' lang='lat' dir='ltr'><strong>dicitur</strong></span> <span class='ocrx_word' id='word_1_699' title='bbox 3336 2445 3391 2490; x_wconf 89' lang='lat' dir='ltr'><strong>ct</strong></span> <span class='ocrx_word' id='word_1_700' title='bbox 3418 2409 3527 2505; x_wconf 52' lang='lat' dir='ltr'><strong>pos;</strong></span> 
     </span>
    </p>
   </div>
   <div class='ocr_carea' id='block_1_85' title="bbox 1953 2500 3527 2582">
    <p class='ocr_par' dir='ltr' id='par_1_85' title="bbox 1953 2500 3527 2582">
     <span class='ocr_line' id='line_1_85' title="bbox 1953 2500 3527 2582; baseline 0.02 -31"><span class='ocrx_word' id='word_1_701' title='bbox 1953 2500 2122 2556; x_wconf 90' lang='lat' dir='ltr'><strong>niterc</strong></span> <span class='ocrx_word' id='word_1_702' title='bbox 2153 2503 2314 2558; x_wconf 88' lang='lat' dir='ltr'><strong>Deum</strong></span> <span class='ocrx_word' id='word_1_703' title='bbox 2351 2504 2499 2577; x_wconf 84' lang='lat' dir='ltr'><strong>(Gen.</strong></span> <span class='ocrx_word' id='word_1_704' title='bbox 2543 2526 2614 2576; x_wconf 88' lang='lat' dir='ltr'><strong>vt,</strong></span> <span class='ocrx_word' id='word_1_705' title='bbox 2649 2513 2726 2579; x_wconf 86' lang='lat'><strong>7),</strong></span> <span class='ocrx_word' id='word_1_706' title='bbox 2757 2514 2828 2568; x_wconf 89' lang='lat' dir='ltr'><strong>ibi</strong></span> <span class='ocrx_word' id='word_1_707' title='bbox 2854 2516 3046 2572; x_wconf 90' lang='lat' dir='ltr'><strong>dicitur</strong></span> <span class='ocrx_word' id='word_1_708' title='bbox 3074 2531 3127 2574; x_wconf 91' lang='lat' dir='ltr'><strong>et</strong></span> <span class='ocrx_word' id='word_1_709' title='bbox 3158 2525 3360 2578; x_wconf 90' lang='lat' dir='ltr'><strong>nescire</strong></span> <span class='ocrx_word' id='word_1_710' title='bbox 3392 2500 3527 2582; x_wconf 79' lang='lat' dir='ltr'><strong>Deus</strong></span> 
     </span>
    </p>
   </div>
   <div class='ocr_carea' id='block_1_86' title="bbox 1953 2587 3523 2685">
    <p class='ocr_par' dir='ltr' id='par_1_86' title="bbox 1953 2587 3523 2685">
     <span class='ocr_line' id='line_1_86' title="bbox 1953 2587 3523 2685; baseline 0.02 -44"><span class='ocrx_word' id='word_1_711' title='bbox 1953 2587 2063 2662; x_wconf 78' lang='lat' dir='ltr'><strong>(Id.</strong></span> <span class='ocrx_word' id='word_1_712' title='bbox 2116 2608 2278 2658; x_wconf 81' lang='lat' dir='ltr'><strong>xvttt,</strong></span> <span class='ocrx_word' id='word_1_713' title='bbox 2304 2595 2418 2668; x_wconf 74' lang='lat' dir='ltr'><strong>2t).</strong></span> <span class='ocrx_word' id='word_1_714' title='bbox 2447 2598 2576 2666; x_wconf 88' lang='lat' dir='ltr'><strong>Quis</strong></span> <span class='ocrx_word' id='word_1_715' title='bbox 2621 2618 2724 2656; x_wconf 90' lang='lat' dir='ltr'><strong>non</strong></span> <span class='ocrx_word' id='word_1_716' title='bbox 2771 2607 3098 2665; x_wconf 81' lang='lat' dir='ltr'><strong>cxhorreat?</strong></span> <span class='ocrx_word' id='word_1_717' title='bbox 3135 2611 3314 2668; x_wconf 87' lang='lat' dir='ltr'><strong>Nescit</strong></span> <span class='ocrx_word' id='word_1_718' title='bbox 3351 2617 3523 2685; x_wconf 89' lang='lat' dir='ltr'><strong>Dens,</strong></span> 
     </span>
    </p>
   </div>
   <div class='ocr_carea' id='block_1_87' title="bbox 1951 2683 3525 2761">
    <p class='ocr_par' dir='ltr' id='par_1_87' title="bbox 1951 2683 3525 2761">
     <span class='ocr_line' id='line_1_87' title="bbox 1951 2683 3525 2761; baseline 0.017 -27"><span class='ocrx_word' id='word_1_719' title='bbox 1951 2683 2172 2750; x_wconf 67' lang='lat' dir='ltr'><strong>paenitet</strong></span> <span class='ocrx_word' id='word_1_720' title='bbox 2223 2685 2427 2761; x_wconf 80' lang='lat' dir='ltr'><strong>Deum?</strong></span> <span class='ocrx_word' id='word_1_721' title='bbox 2479 2690 2600 2745; x_wconf 91' lang='lat' dir='ltr'><strong>Ideo</strong></span> <span class='ocrx_word' id='word_1_722' title='bbox 2649 2701 2822 2748; x_wconf 90' lang='lat' dir='ltr'><strong>tamen</strong></span> <span class='ocrx_word' id='word_1_723' title='bbox 2874 2707 2928 2750; x_wconf 90' lang='lat' dir='ltr'><strong>et</strong></span> <span class='ocrx_word' id='word_1_724' title='bbox 2979 2699 3044 2753; x_wconf 89' lang='lat' dir='ltr'><strong>ad</strong></span> <span class='ocrx_word' id='word_1_725' title='bbox 3097 2701 3196 2756; x_wconf 87' lang='lat' dir='ltr'><strong>ista</strong></span> <span class='ocrx_word' id='word_1_726' title='bbox 3244 2705 3400 2758; x_wconf 89' lang='lat' dir='ltr'><strong>verba</strong></span> <span class='ocrx_word' id='word_1_727' title='bbox 3441 2683 3525 2761; x_wconf 42' lang='lat' dir='ltr'><strong>sa;</strong></span> 
     </span>
    </p>
   </div>
   <div class='ocr_carea' id='block_1_88' title="bbox 1951 2775 3524 2861">
    <p class='ocr_par' dir='ltr' id='par_1_88' title="bbox 1951 2775 3524 2861">
     <span class='ocr_line' id='line_1_88' title="bbox 1951 2775 3524 2861; baseline 0.015 -32"><span class='ocrx_word' id='word_1_728' title='bbox 1951 2775 2172 2832; x_wconf 80' lang='lat' dir='ltr'><strong>lubriter</strong></span> <span class='ocrx_word' id='word_1_729' title='bbox 2218 2779 2488 2850; x_wconf 87' lang='lat' dir='ltr'><strong>Scriptura</strong></span> <span class='ocrx_word' id='word_1_730' title='bbox 2529 2783 2837 2852; x_wconf 89' lang='lat' dir='ltr'><strong>descendit,</strong></span> <span class='ocrx_word' id='word_1_731' title='bbox 2872 2806 2988 2857; x_wconf 78' lang='lat' dir='ltr'><strong>qnze</strong></span> <span class='ocrx_word' id='word_1_732' title='bbox 3035 2800 3087 2845; x_wconf 93' lang='lat' dir='ltr'><strong>tu</strong></span> <span class='ocrx_word' id='word_1_733' title='bbox 3128 2794 3384 2852; x_wconf 63' lang='lat' dir='ltr'><strong>exhorres</strong></span> <span class='ocrx_word' id='word_1_734' title='bbox 3408 2841 3422 2861; x_wconf 91' lang='lat'><strong>,</strong></span> <span class='ocrx_word' id='word_1_735' title='bbox 3457 2815 3524 2854; x_wconf 90' lang='lat' dir='ltr'><strong>ne</strong></span> 
     </span>
    </p>
   </div>
   <div class='ocr_carea' id='block_1_89' title="bbox 1949 2866 3524 2958">
    <p class='ocr_par' dir='ltr' id='par_1_89' title="bbox 1949 2866 3524 2958">
     <span class='ocr_line' id='line_1_89' title="bbox 1949 2866 3524 2958; baseline 0.018 -40"><span class='ocrx_word' id='word_1_736' title='bbox 1949 2866 2034 2921; x_wconf 88' lang='lat' dir='ltr'><strong>illa</strong></span> <span class='ocrx_word' id='word_1_737' title='bbox 2061 2883 2178 2936; x_wconf 68' lang='lat' dir='ltr'><strong>qua:</strong></span> <span class='ocrx_word' id='word_1_738' title='bbox 2218 2886 2403 2940; x_wconf 89' lang='lat' dir='ltr'><strong>magna</strong></span> <span class='ocrx_word' id='word_1_739' title='bbox 2434 2883 2586 2941; x_wconf 90' lang='lat' dir='ltr'><strong>putas</strong></span> <span class='ocrx_word' id='word_1_740' title='bbox 2611 2916 2623 2937; x_wconf 88' lang='lat'><strong>,</strong></span> <span class='ocrx_word' id='word_1_741' title='bbox 2655 2876 2814 2945; x_wconf 88' lang='lat' dir='ltr'><strong>digne</strong></span> <span class='ocrx_word' id='word_1_742' title='bbox 2853 2881 2994 2934; x_wconf 90' lang='lat' dir='ltr'><strong>dicta</strong></span> <span class='ocrx_word' id='word_1_743' title='bbox 3025 2882 3318 2940; x_wconf 87' lang='lat' dir='ltr'><strong>arbitreris.</strong></span> <span class='ocrx_word' id='word_1_744' title='bbox 3355 2890 3524 2958; x_wconf 84' lang='lat' dir='ltr'><strong>Atque</strong></span> 
     </span>
    </p>
   </div>
   <div class='ocr_carea' id='block_1_90' title="bbox 1950 2957 3524 3049">
    <p class='ocr_par' dir='ltr' id='par_1_90' title="bbox 1950 2957 3524 3049">
     <span class='ocr_line' id='line_1_90' title="bbox 1950 2957 3524 3049; baseline 0.018 -40"><span class='ocrx_word' id='word_1_745' title='bbox 1950 2957 2018 3010; x_wconf 91' lang='lat' dir='ltr'><strong>ita</strong></span> <span class='ocrx_word' id='word_1_746' title='bbox 2048 2959 2092 3011; x_wconf 91' lang='lat' dir='ltr'><strong>si</strong></span> <span class='ocrx_word' id='word_1_747' title='bbox 2123 2974 2349 3029; x_wconf 79' lang='lat' dir='ltr'><strong>qtncras,</strong></span> <span class='ocrx_word' id='word_1_748' title='bbox 2381 2962 2513 3029; x_wconf 90' lang='lat' dir='ltr'><strong>Quid</strong></span> <span class='ocrx_word' id='word_1_749' title='bbox 2537 2981 2662 3036; x_wconf 90' lang='lat' dir='ltr'><strong>ergo</strong></span> <span class='ocrx_word' id='word_1_750' title='bbox 2693 2969 2757 3022; x_wconf 91' lang='lat' dir='ltr'><strong>de</strong></span> <span class='ocrx_word' id='word_1_751' title='bbox 2786 2971 2890 3024; x_wconf 92' lang='lat' dir='ltr'><strong>Deo</strong></span> <span class='ocrx_word' id='word_1_752' title='bbox 2913 2971 3069 3042; x_wconf 90' lang='lat' dir='ltr'><strong>digne</strong></span> <span class='ocrx_word' id='word_1_753' title='bbox 3090 2976 3315 3032; x_wconf 90' lang='lat' dir='ltr'><strong>dicitur?</strong></span> <span class='ocrx_word' id='word_1_754' title='bbox 3335 2957 3524 3049; x_wconf 83' lang='lat' dir='ltr'><strong>aliquis</strong></span> 
     </span>
    </p>
   </div>
   <div class='ocr_carea' id='block_1_91' title="bbox 1946 3044 3524 3130">
    <p class='ocr_par' dir='ltr' id='par_1_91' title="bbox 1946 3044 3524 3130">
     <span class='ocr_line' id='line_1_91' title="bbox 1946 3044 3524 3130; baseline 0.016 -31"><span class='ocrx_word' id='word_1_755' title='bbox 1946 3044 2170 3102; x_wconf 81' lang='lat' dir='ltr'><strong>fortasse</strong></span> <span class='ocrx_word' id='word_1_756' title='bbox 2193 3049 2285 3104; x_wconf 90' lang='lat' dir='ltr'><strong>tibi</strong></span> <span class='ocrx_word' id='word_1_757' title='bbox 2309 3054 2624 3119; x_wconf 88' lang='lat' dir='ltr'><strong>respondeat</strong></span> <span class='ocrx_word' id='word_1_758' title='bbox 2653 3068 2702 3110; x_wconf 89' lang='lat' dir='ltr'><strong>et</strong></span> <span class='ocrx_word' id='word_1_759' title='bbox 2726 3057 2886 3125; x_wconf 90' lang='lat' dir='ltr'><strong>dicat,</strong></span> <span class='ocrx_word' id='word_1_760' title='bbox 2915 3062 3034 3130; x_wconf 88' lang='lat' dir='ltr'><strong>quia</strong></span> <span class='ocrx_word' id='word_1_761' title='bbox 3054 3063 3226 3130; x_wconf 83' lang='lat' dir='ltr'><strong>justus</strong></span> <span class='ocrx_word' id='word_1_762' title='bbox 3251 3077 3351 3120; x_wconf 90' lang='lat' dir='ltr'><strong>cst.</strong></span> <span class='ocrx_word' id='word_1_763' title='bbox 3377 3044 3524 3124; x_wconf 84' lang='lat' dir='ltr'><strong>Alius</strong></span> 
     </span>
    </p>
   </div>
   <div class='ocr_carea' id='block_1_92' title="bbox 1945 3139 3525 3217">
    <p class='ocr_par' dir='ltr' id='par_1_92' title="bbox 1945 3139 3525 3217">
     <span class='ocr_line' id='line_1_92' title="bbox 1945 3139 3525 3217; baseline 0.015 -25"><span class='ocrx_word' id='word_1_764' title='bbox 1945 3147 2120 3192; x_wconf 80' lang='lat' dir='ltr'><strong>autem</strong></span> <span class='ocrx_word' id='word_1_765' title='bbox 2150 3139 2250 3194; x_wconf 86' lang='lat' dir='ltr'><strong>isto</strong></span> <span class='ocrx_word' id='word_1_766' title='bbox 2292 3144 2478 3198; x_wconf 82' lang='lat' dir='ltr'><strong>melius</strong></span> <span class='ocrx_word' id='word_1_767' title='bbox 2509 3146 2804 3217; x_wconf 85' lang='lat' dir='ltr'><strong>intelligens</strong></span> <span class='ocrx_word' id='word_1_768' title='bbox 2829 3193 2842 3216; x_wconf 93' lang='lat'><strong>,</strong></span> <span class='ocrx_word' id='word_1_769' title='bbox 2876 3153 3031 3206; x_wconf 89' lang='lat' dir='ltr'><strong>ctiam</strong></span> <span class='ocrx_word' id='word_1_770' title='bbox 3066 3154 3167 3210; x_wconf 89' lang='lat' dir='ltr'><strong>hoc</strong></span> <span class='ocrx_word' id='word_1_771' title='bbox 3198 3159 3414 3212; x_wconf 87' lang='lat' dir='ltr'><strong>verbum</strong></span> <span class='ocrx_word' id='word_1_772' title='bbox 3443 3161 3525 3214; x_wconf 89' lang='lat' dir='ltr'><strong>di-</strong></span> 
     </span>
    </p>
   </div>
   <div class='ocr_carea' id='block_1_93' title="bbox 1945 3232 3524 3316">
    <p class='ocr_par' dir='ltr' id='par_1_93' title="bbox 1945 3232 3524 3316">
     <span class='ocr_line' id='line_1_93' title="bbox 1945 3232 3524 3316; baseline 0.015 -35"><span class='ocrx_word' id='word_1_773' title='bbox 1945 3236 2030 3281; x_wconf 88' lang='lat' dir='ltr'><strong>cat</strong></span> <span class='ocrx_word' id='word_1_774' title='bbox 2075 3232 2312 3298; x_wconf 88' lang='lat' dir='ltr'><strong>snperari</strong></span> <span class='ocrx_word' id='word_1_775' title='bbox 2350 3235 2418 3288; x_wconf 88' lang='lat' dir='ltr'><strong>ab</strong></span> <span class='ocrx_word' id='word_1_776' title='bbox 2457 3235 2596 3289; x_wconf 89' lang='lat' dir='ltr'><strong>illius</strong></span> <span class='ocrx_word' id='word_1_777' title='bbox 2635 3240 2946 3294; x_wconf 80' lang='lat' dir='ltr'><strong>excellentia</strong></span> <span class='ocrx_word' id='word_1_778' title='bbox 2973 3285 2986 3308; x_wconf 90' lang='lat'><strong>,</strong></span> <span class='ocrx_word' id='word_1_779' title='bbox 3015 3255 3068 3299; x_wconf 88' lang='lat' dir='ltr'><strong>et</strong></span> <span class='ocrx_word' id='word_1_780' title='bbox 3100 3246 3314 3316; x_wconf 80' lang='lat' dir='ltr'><strong>indigne</strong></span> <span class='ocrx_word' id='word_1_781' title='bbox 3347 3250 3412 3304; x_wconf 91' lang='lat' dir='ltr'><strong>de</strong></span> <span class='ocrx_word' id='word_1_782' title='bbox 3435 3252 3524 3306; x_wconf 91' lang='lat' dir='ltr'><strong>illo</strong></span> 
     </span>
    </p>
   </div>
   <div class='ocr_carea' id='block_1_94' title="bbox 1945 3321 3522 3402">
    <p class='ocr_par' dir='ltr' id='par_1_94' title="bbox 1945 3321 3522 3402">
     <span class='ocr_line' id='line_1_94' title="bbox 1945 3321 3522 3402; baseline 0.016 -30"><span class='ocrx_word' id='word_1_783' title='bbox 1945 3321 2104 3374; x_wconf 86' lang='lat' dir='ltr'><strong>etiam</strong></span> <span class='ocrx_word' id='word_1_784' title='bbox 2135 3321 2237 3376; x_wconf 91' lang='lat' dir='ltr'><strong>hoc</strong></span> <span class='ocrx_word' id='word_1_785' title='bbox 2261 3325 2363 3378; x_wconf 89' lang='lat' dir='ltr'><strong>dici</strong></span> <span class='ocrx_word' id='word_1_786' title='bbox 2388 3368 2402 3391; x_wconf 91' lang='lat'><strong>,</strong></span> <span class='ocrx_word' id='word_1_787' title='bbox 2435 3330 2673 3395; x_wconf 89' lang='lat' dir='ltr'><strong>quamvis</strong></span> <span class='ocrx_word' id='word_1_788' title='bbox 2713 3345 3066 3402; x_wconf 85' lang='lat' dir='ltr'><strong>congruenter</strong></span> <span class='ocrx_word' id='word_1_789' title='bbox 3094 3341 3379 3394; x_wconf 86' lang='lat' dir='ltr'><strong>secundum</strong></span> <span class='ocrx_word' id='word_1_790' title='bbox 3423 3345 3522 3398; x_wconf 90' lang='lat' dir='ltr'><strong>hu-</strong></span> 
     </span>
    </p>
   </div>
   <div class='ocr_carea' id='block_1_95' title="bbox 1945 3416 3522 3502">
    <p class='ocr_par' dir='ltr' id='par_1_95' title="bbox 1945 3416 3522 3502">
     <span class='ocr_line' id='line_1_95' title="bbox 1945 3416 3522 3502; baseline 0.015 -38"><span class='ocrx_word' id='word_1_791' title='bbox 1945 3424 2154 3464; x_wconf 88' lang='lat' dir='ltr'><strong>manam</strong></span> <span class='ocrx_word' id='word_1_792' title='bbox 2179 3416 2524 3481; x_wconf 86' lang='lat' dir='ltr'><strong>capacitatem</strong></span> <span class='ocrx_word' id='word_1_793' title='bbox 2569 3418 2777 3475; x_wconf 86' lang='lat' dir='ltr'><strong>dicatur</strong></span> <span class='ocrx_word' id='word_1_794' title='bbox 2802 3439 2814 3474; x_wconf 91' lang='lat'>:</span> <span class='ocrx_word' id='word_1_795' title='bbox 2846 3435 2902 3476; x_wconf 92' lang='lat' dir='ltr'><strong>ut</strong></span> <span class='ocrx_word' id='word_1_796' title='bbox 2929 3442 3048 3478; x_wconf 91' lang='lat' dir='ltr'><strong>cum</strong></span> <span class='ocrx_word' id='word_1_797' title='bbox 3079 3428 3166 3482; x_wconf 94' lang='lat' dir='ltr'><strong>ille</strong></span> <span class='ocrx_word' id='word_1_798' title='bbox 3194 3430 3260 3484; x_wconf 92' lang='lat' dir='ltr'><strong>de</strong></span> <span class='ocrx_word' id='word_1_799' title='bbox 3289 3432 3522 3502; x_wconf 83' lang='lat' dir='ltr'><strong>Scriptu-</strong></span> 
     </span>
    </p>
   </div>
   <div class='ocr_carea' id='block_1_96' title="bbox 1945 3501 3519 3582">
    <p class='ocr_par' dir='ltr' id='par_1_96' title="bbox 1945 3501 3519 3582">
     <span class='ocr_line' id='line_1_96' title="bbox 1945 3501 3519 3582; baseline 0.016 -29"><span class='ocrx_word' id='word_1_800' title='bbox 1945 3501 2020 3554; x_wconf 89' lang='lat' dir='ltr'><strong>ris</strong></span> <span class='ocrx_word' id='word_1_801' title='bbox 2041 3504 2265 3570; x_wconf 89' lang='lat' dir='ltr'><strong>probare</strong></span> <span class='ocrx_word' id='word_1_802' title='bbox 2293 3507 2539 3574; x_wconf 84' lang='lat' dir='ltr'><strong>voluerit,</strong></span> <span class='ocrx_word' id='word_1_803' title='bbox 2568 3513 2686 3579; x_wconf 88' lang='lat' dir='ltr'><strong>quia</strong></span> <span class='ocrx_word' id='word_1_804' title='bbox 2709 3515 2962 3582; x_wconf 87' lang='lat' dir='ltr'><strong>scriptum</strong></span> <span class='ocrx_word' id='word_1_805' title='bbox 2995 3529 3075 3572; x_wconf 87' lang='lat' dir='ltr'><strong>est</strong></span> <span class='ocrx_word' id='word_1_806' title='bbox 3093 3561 3107 3582; x_wconf 91' lang='lat'><strong>,</strong></span> <span class='ocrx_word' id='word_1_807' title='bbox 3133 3519 3310 3576; x_wconf 82' lang='lat' dir='ltr'><strong>Justus</strong></span> <span class='ocrx_word' id='word_1_808' title='bbox 3341 3501 3519 3578; x_wconf 84' lang='lat' dir='ltr'><strong>Domi-</strong></span> 
     </span>
    </p>
   </div>
   <div class='ocr_carea' id='block_1_97' title="bbox 1943 3598 3520 3683">
    <p class='ocr_par' dir='ltr' id='par_1_97' title="bbox 1943 3598 3520 3683">
     <span class='ocr_line' id='line_1_97' title="bbox 1943 3598 3520 3683; baseline 0.016 -39"><span class='ocrx_word' id='word_1_809' title='bbox 1943 3608 2083 3656; x_wconf 84' lang='lat' dir='ltr'><strong>nus;</strong></span> <span class='ocrx_word' id='word_1_810' title='bbox 2131 3606 2276 3650; x_wconf 90' lang='lat' dir='ltr'><strong>recte</strong></span> <span class='ocrx_word' id='word_1_811' title='bbox 2327 3598 2399 3651; x_wconf 90' lang='lat' dir='ltr'><strong>illi</strong></span> <span class='ocrx_word' id='word_1_812' title='bbox 2451 3603 2948 3672; x_wconf 86' lang='lat' dir='ltr'><strong>respondeatur,in</strong></span> <span class='ocrx_word' id='word_1_813' title='bbox 2995 3610 3195 3664; x_wconf 90' lang='lat' dir='ltr'><strong>eisdem</strong></span> <span class='ocrx_word' id='word_1_814' title='bbox 3235 3613 3520 3683; x_wconf 82' lang='lat' dir='ltr'><strong>Scripturis</strong></span> 
     </span>
    </p>
   </div>
   <div class='ocr_carea' id='block_1_98' title="bbox 1947 3686 3518 3771">
    <p class='ocr_par' dir='ltr' id='par_1_98' title="bbox 1947 3686 3518 3771">
     <span class='ocr_line' id='line_1_98' title="bbox 1947 3686 3518 3771; baseline 0.017 -36"><span class='ocrx_word' id='word_1_815' title='bbox 1947 3686 2177 3752; x_wconf 89' lang='lat' dir='ltr'><strong>positum</strong></span> <span class='ocrx_word' id='word_1_816' title='bbox 2203 3703 2341 3753; x_wconf 86' lang='lat' dir='ltr'><strong>esse,</strong></span> <span class='ocrx_word' id='word_1_817' title='bbox 2374 3691 2492 3759; x_wconf 88' lang='lat' dir='ltr'><strong>quia</strong></span> <span class='ocrx_word' id='word_1_818' title='bbox 2528 3695 2746 3760; x_wconf 78' lang='lat' dir='ltr'><strong>pamitet</strong></span> <span class='ocrx_word' id='word_1_819' title='bbox 2771 3697 2934 3751; x_wconf 91' lang='lat' dir='ltr'><strong>Deum</strong></span> <span class='ocrx_word' id='word_1_820' title='bbox 2965 3718 2980 3754; x_wconf 90' lang='lat'><strong>:</strong></span> <span class='ocrx_word' id='word_1_821' title='bbox 3010 3711 3063 3754; x_wconf 86' lang='grc' dir='ltr'><strong>ιιι</strong></span> <span class='ocrx_word' id='word_1_822' title='bbox 3090 3706 3356 3771; x_wconf 90' lang='lat' dir='ltr'><strong>quomodo</strong></span> <span class='ocrx_word' id='word_1_823' title='bbox 3381 3707 3518 3763; x_wconf 88' lang='lat' dir='ltr'><strong>istud</strong></span> 
     </span>
    </p>
   </div>
   <div class='ocr_carea' id='block_1_99' title="bbox 1943 3777 3517 3865">
    <p class='ocr_par' dir='ltr' id='par_1_99' title="bbox 1943 3777 3517 3865">
     <span class='ocr_line' id='line_1_99' title="bbox 1943 3777 3517 3865; baseline 0.016 -39"><span class='ocrx_word' id='word_1_824' title='bbox 1943 3789 2053 3827; x_wconf 90' lang='lat' dir='ltr'><strong>non</strong></span> <span class='ocrx_word' id='word_1_825' title='bbox 2113 3777 2302 3845; x_wconf 91' lang='lat' dir='ltr'><strong>accipit</strong></span> <span class='ocrx_word' id='word_1_826' title='bbox 2340 3781 2629 3835; x_wconf 89' lang='lat' dir='ltr'><strong>secundum</strong></span> <span class='ocrx_word' id='word_1_827' title='bbox 2679 3791 3115 3845; x_wconf 85' lang='lat' dir='ltr'><strong>consuetudinem</strong></span> <span class='ocrx_word' id='word_1_828' title='bbox 3175 3795 3517 3865; x_wconf 88' lang='lat' dir='ltr'><strong>loquentium,</strong></span> 
     </span>
    </p>
   </div>
   <div class='ocr_carea' id='block_1_100' title="bbox 1941 3864 3518 3955">
    <p class='ocr_par' dir='ltr' id='par_1_100' title="bbox 1941 3864 3518 3955">
     <span class='ocr_line' id='line_1_100' title="bbox 1941 3864 3518 3955; baseline 0.016 -38"><span class='ocrx_word' id='word_1_829' title='bbox 1941 3864 2075 3918; x_wconf 87' lang='lat' dir='ltr'><strong>sicut</strong></span> <span class='ocrx_word' id='word_1_830' title='bbox 2106 3868 2281 3922; x_wconf 86' lang='lat' dir='ltr'><strong>solent</strong></span> <span class='ocrx_word' id='word_1_831' title='bbox 2321 3869 2561 3926; x_wconf 87' lang='lat' dir='ltr'><strong>homines</strong></span> <span class='ocrx_word' id='word_1_832' title='bbox 2597 3875 2882 3943; x_wconf 74' lang='lat' dir='ltr'><strong>pmniterc;</strong></span> <span class='ocrx_word' id='word_1_833' title='bbox 2913 3880 2989 3934; x_wconf 89' lang='lat' dir='ltr'><strong>sic</strong></span> <span class='ocrx_word' id='word_1_834' title='bbox 3011 3891 3064 3935; x_wconf 91' lang='lat' dir='ltr'><strong>et</strong></span> <span class='ocrx_word' id='word_1_835' title='bbox 3106 3864 3402 3955; x_wconf 78' lang='lat' dir='ltr'><strong>illudqnod</strong></span> <span class='ocrx_word' id='word_1_836' title='bbox 3435 3890 3518 3943; x_wconf 85' lang='lat' dir='ltr'><strong>di-</strong></span> 
     </span>
    </p>
   </div>
   <div class='ocr_carea' id='block_1_101' title="bbox 1941 3957 3518 4050">
    <p class='ocr_par' dir='ltr' id='par_1_101' title="bbox 1941 3957 3518 4050">
     <span class='ocr_line' id='line_1_101' title="bbox 1941 3957 3518 4050; baseline 0.019 -41"><span class='ocrx_word' id='word_1_837' title='bbox 1941 3957 2078 4010; x_wconf 85' lang='lat' dir='ltr'><strong>citur</strong></span> <span class='ocrx_word' id='word_1_838' title='bbox 2111 3958 2317 4026; x_wconf 82' lang='lat' dir='ltr'><strong>justus,</strong></span> <span class='ocrx_word' id='word_1_839' title='bbox 2350 3967 2814 4031; x_wconf 70' lang='lat' dir='ltr'><strong>supereminentiae</strong></span> <span class='ocrx_word' id='word_1_840' title='bbox 2859 3972 3023 4039; x_wconf 87' lang='lat' dir='ltr'><strong>ipsius</strong></span> <span class='ocrx_word' id='word_1_841' title='bbox 3067 3991 3169 4029; x_wconf 93' lang='lat' dir='ltr'><strong>non</strong></span> <span class='ocrx_word' id='word_1_842' title='bbox 3211 3991 3518 4050; x_wconf 89' lang='lat' dir='ltr'><strong>competere</strong></span> 
     </span>
    </p>
   </div>
   <div class='ocr_carea' id='block_1_102' title="bbox 1942 4045 3520 4137">
    <p class='ocr_par' dir='ltr' id='par_1_102' title="bbox 1942 4045 3520 4137">
     <span class='ocr_line' id='line_1_102' title="bbox 1942 4045 3520 4137; baseline 0.019 -39"><span class='ocrx_word' id='word_1_843' title='bbox 1942 4045 2196 4117; x_wconf 87' lang='lat' dir='ltr'><strong>intelligat</strong></span> <span class='ocrx_word' id='word_1_844' title='bbox 2226 4067 2238 4102; x_wconf 93' lang='lat'>:</span> <span class='ocrx_word' id='word_1_845' title='bbox 2271 4055 2509 4120; x_wconf 90' lang='lat' dir='ltr'><strong>quamvis</strong></span> <span class='ocrx_word' id='word_1_846' title='bbox 2537 4055 2637 4109; x_wconf 93' lang='lat' dir='ltr'><strong>hoc</strong></span> <span class='ocrx_word' id='word_1_847' title='bbox 2674 4057 2941 4128; x_wconf 84' lang='lat' dir='ltr'><strong>Scriptura</strong></span> <span class='ocrx_word' id='word_1_848' title='bbox 2975 4063 3108 4119; x_wconf 88' lang='lat' dir='ltr'><strong>bene</strong></span> <span class='ocrx_word' id='word_1_849' title='bbox 3154 4045 3418 4137; x_wconf 79' lang='lat' dir='ltr'><strong>posuerit,</strong></span> <span class='ocrx_word' id='word_1_850' title='bbox 3461 4085 3520 4128; x_wconf 92' lang='lat' dir='ltr'><strong>ut</strong></span> 
     </span>
    </p>
   </div>
   <div class='ocr_carea' id='block_1_103' title="bbox 1941 4139 3515 4231">
    <p class='ocr_par' dir='ltr' id='par_1_103' title="bbox 1941 4139 3515 4231">
     <span class='ocr_line' id='line_1_103' title="bbox 1941 4139 3515 4231; baseline 0.015 -40"><span class='ocrx_word' id='word_1_851' title='bbox 1941 4150 2039 4204; x_wconf 85' lang='lat' dir='ltr'><strong>per</strong></span> <span class='ocrx_word' id='word_1_852' title='bbox 2063 4139 2465 4211; x_wconf 87' lang='lat' dir='ltr'><strong>qualiacumque</strong></span> <span class='ocrx_word' id='word_1_853' title='bbox 2489 4146 2648 4199; x_wconf 70' lang='lat' dir='ltr'><strong>verba</strong></span> <span class='ocrx_word' id='word_1_854' title='bbox 2677 4150 2933 4216; x_wconf 87' lang='lat' dir='ltr'><strong>gradatim</strong></span> <span class='ocrx_word' id='word_1_855' title='bbox 2961 4155 3168 4211; x_wconf 88' lang='lat' dir='ltr'><strong>animus</strong></span> <span class='ocrx_word' id='word_1_856' title='bbox 3190 4159 3254 4210; x_wconf 89' lang='lat' dir='ltr'><strong>ad</strong></span> <span class='ocrx_word' id='word_1_857' title='bbox 3293 4161 3342 4213; x_wconf 91' lang='lat' dir='ltr'><strong>id</strong></span> <span class='ocrx_word' id='word_1_858' title='bbox 3377 4165 3515 4231; x_wconf 72' lang='lat' dir='ltr'><strong>quod</strong></span> 
     </span>
    </p>
   </div>
   <div class='ocr_carea' id='block_1_104' title="bbox 1940 4225 3515 4312">
    <p class='ocr_par' dir='ltr' id='par_1_104' title="bbox 1940 4225 3515 4312">
     <span class='ocr_line' id='line_1_104' title="bbox 1940 4225 3515 4312; baseline 0.018 -35"><span class='ocrx_word' id='word_1_859' title='bbox 1940 4225 2042 4278; x_wconf 85' lang='lat' dir='ltr'><strong>dici</strong></span> <span class='ocrx_word' id='word_1_860' title='bbox 2073 4243 2177 4280; x_wconf 90' lang='lat' dir='ltr'><strong>non</strong></span> <span class='ocrx_word' id='word_1_861' title='bbox 2203 4238 2378 4297; x_wconf 89' lang='lat' dir='ltr'><strong>potest</strong></span> <span class='ocrx_word' id='word_1_862' title='bbox 2410 4233 2743 4300; x_wconf 80' lang='lat' dir='ltr'><strong>perducatur.</strong></span> <span class='ocrx_word' id='word_1_863' title='bbox 2777 4239 2982 4294; x_wconf 80' lang='lat' dir='ltr'><strong>Justinn</strong></span> <span class='ocrx_word' id='word_1_864' title='bbox 3011 4246 3220 4312; x_wconf 89' lang='lat' dir='ltr'><strong>qnidem</strong></span> <span class='ocrx_word' id='word_1_865' title='bbox 3249 4225 3409 4304; x_wconf 75' lang='lat' dir='ltr'><strong>Dcuni</strong></span> <span class='ocrx_word' id='word_1_866' title='bbox 3433 4253 3515 4306; x_wconf 83' lang='lat' dir='ltr'><strong>tli-</strong></span> 
     </span>
    </p>
   </div>
   <div class='ocr_carea' id='block_1_105' title="bbox 1939 4320 3519 4409">
    <p class='ocr_par' dir='ltr' id='par_1_105' title="bbox 1939 4320 3519 4409">
     <span class='ocr_line' id='line_1_105' title="bbox 1939 4320 3519 4409; baseline 0.02 -40"><span class='ocrx_word' id='word_1_867' title='bbox 1939 4320 2017 4370; x_wconf 91' lang='lat' dir='ltr'><strong>cis</strong></span> <span class='ocrx_word' id='word_1_868' title='bbox 2046 4336 2059 4370; x_wconf 88' lang='lat'>:</span> <span class='ocrx_word' id='word_1_869' title='bbox 2092 4320 2183 4373; x_wconf 90' lang='lat' dir='ltr'><strong>sed</strong></span> <span class='ocrx_word' id='word_1_870' title='bbox 2228 4322 2462 4392; x_wconf 81' lang='lat' dir='ltr'><strong>intelligo</strong></span> <span class='ocrx_word' id='word_1_871' title='bbox 2502 4327 2697 4396; x_wconf 86' lang='lat' dir='ltr'><strong>aliquid</strong></span> <span class='ocrx_word' id='word_1_872' title='bbox 2731 4331 2862 4384; x_wconf 87' lang='lat' dir='ltr'><strong>ultra</strong></span> <span class='ocrx_word' id='word_1_873' title='bbox 2895 4333 3153 4401; x_wconf 89' lang='lat' dir='ltr'><strong>justitiam</strong></span> <span class='ocrx_word' id='word_1_874' title='bbox 3193 4357 3348 4409; x_wconf 84' lang='lat' dir='ltr'><strong>quam</strong></span> <span class='ocrx_word' id='word_1_875' title='bbox 3377 4345 3519 4400; x_wconf 91' lang='lat' dir='ltr'><strong>soles</strong></span> 
     </span>
    </p>
   </div>
   <div class='ocr_carea' id='block_1_106' title="bbox 1939 4410 3518 4496">
    <p class='ocr_par' dir='ltr' id='par_1_106' title="bbox 1939 4410 3518 4496">
     <span class='ocr_line' id='line_1_106' title="bbox 1939 4410 3518 4496; baseline 0.018 -34"><span class='ocrx_word' id='word_1_876' title='bbox 1939 4417 1992 4462; x_wconf 90' lang='lat' dir='ltr'><strong>et</strong></span> <span class='ocrx_word' id='word_1_877' title='bbox 2015 4410 2083 4464; x_wconf 91' lang='lat' dir='ltr'><strong>de</strong></span> <span class='ocrx_word' id='word_1_878' title='bbox 2104 4411 2334 4471; x_wconf 57' lang='lat' dir='ltr'><strong>.homine</strong></span> <span class='ocrx_word' id='word_1_879' title='bbox 2379 4417 2633 4485; x_wconf 84' lang='lat' dir='ltr'><strong>cogitare.</strong></span> <span class='ocrx_word' id='word_1_880' title='bbox 2666 4421 2769 4474; x_wconf 92' lang='lat' dir='ltr'><strong>Sed</strong></span> <span class='ocrx_word' id='word_1_881' title='bbox 2815 4424 3104 4494; x_wconf 77' lang='lat' dir='ltr'><strong>Seriptnrze</strong></span> <span class='ocrx_word' id='word_1_882' title='bbox 3134 4432 3332 4496; x_wconf 86' lang='lat' dir='ltr'><strong>justum</strong></span> <span class='ocrx_word' id='word_1_883' title='bbox 3372 4437 3518 4491; x_wconf 77' lang='lat' dir='ltr'><strong>dixe-</strong></span> 
     </span>
    </p>
   </div>
   <div class='ocr_carea' id='block_1_107' title="bbox 1939 4511 3516 4582">
    <p class='ocr_par' dir='ltr' id='par_1_107' title="bbox 1939 4511 3516 4582">
     <span class='ocr_line' id='line_1_107' title="bbox 1939 4511 3516 4582; baseline 0.02 -31"><span class='ocrx_word' id='word_1_884' title='bbox 1939 4513 2063 4554; x_wconf 89' lang='lat' dir='ltr'><strong>runt</strong></span> <span class='ocrx_word' id='word_1_885' title='bbox 2094 4517 2107 4555; x_wconf 91' lang='lat'><strong>:</strong></span> <span class='ocrx_word' id='word_1_886' title='bbox 2143 4513 2419 4572; x_wconf 89' lang='lat' dir='ltr'><strong>pr0ptcrea</strong></span> <span class='ocrx_word' id='word_1_887' title='bbox 2457 4519 2509 4562; x_wconf 89' lang='lat' dir='ltr'><strong>et</strong></span> <span class='ocrx_word' id='word_1_888' title='bbox 2537 4511 2880 4577; x_wconf 75' lang='grc' dir='ltr'><strong>ιιωιιίιειιιεηι</strong></span> <span class='ocrx_word' id='word_1_889' title='bbox 2919 4518 3167 4574; x_wconf 81' lang='lat' dir='ltr'><strong>dixerunt</strong></span> <span class='ocrx_word' id='word_1_890' title='bbox 3195 4533 3247 4578; x_wconf 92' lang='lat' dir='ltr'><strong>et</strong></span> <span class='ocrx_word' id='word_1_891' title='bbox 3278 4528 3516 4582; x_wconf 88' lang='lat' dir='ltr'><strong>nescien-</strong></span> 
     </span>
    </p>
   </div>
   <div class='ocr_carea' id='block_1_108' title="bbox 1941 4596 3516 4686">
    <p class='ocr_par' dir='ltr' id='par_1_108' title="bbox 1941 4596 3516 4686">
     <span class='ocr_line' id='line_1_108' title="bbox 1941 4596 3516 4686; baseline 0.02 -42"><span class='ocrx_word' id='word_1_892' title='bbox 1941 4601 2068 4655; x_wconf 90' lang='lat' dir='ltr'><strong>tem,</strong></span> <span class='ocrx_word' id='word_1_893' title='bbox 2101 4596 2242 4662; x_wconf 90' lang='lat' dir='ltr'><strong>qttod</strong></span> <span class='ocrx_word' id='word_1_894' title='bbox 2287 4596 2396 4665; x_wconf 86' lang='lat' dir='ltr'><strong>jam</strong></span> <span class='ocrx_word' id='word_1_895' title='bbox 2427 4615 2532 4655; x_wconf 91' lang='lat' dir='ltr'><strong>non</strong></span> <span class='ocrx_word' id='word_1_896' title='bbox 2561 4603 2640 4656; x_wconf 87' lang='lat' dir='ltr'><strong>vis</strong></span> <span class='ocrx_word' id='word_1_897' title='bbox 2685 4606 2882 4662; x_wconf 90' lang='lat' dir='ltr'><strong>dicere.</strong></span> <span class='ocrx_word' id='word_1_898' title='bbox 2931 4610 3206 4676; x_wconf 89' lang='lat' dir='ltr'><strong>Quomodo</strong></span> <span class='ocrx_word' id='word_1_899' title='bbox 3254 4633 3378 4686; x_wconf 84' lang='lat' dir='ltr'><strong>ergo</strong></span> <span class='ocrx_word' id='word_1_900' title='bbox 3427 4621 3516 4676; x_wconf 84' lang='lat' dir='ltr'><strong>illa</strong></span> 
     </span>
    </p>
   </div>
   <div class='ocr_carea' id='block_1_109' title="bbox 1937 4687 3512 4770">
    <p class='ocr_par' dir='ltr' id='par_1_109' title="bbox 1937 4687 3512 4770">
     <span class='ocr_line' id='line_1_109' title="bbox 1937 4687 3512 4770; baseline 0.02 -34"><span class='ocrx_word' id='word_1_901' title='bbox 1937 4700 2056 4753; x_wconf 66' lang='lat' dir='ltr'><strong>quae</strong></span> <span class='ocrx_word' id='word_1_902' title='bbox 2098 4687 2207 4755; x_wconf 87' lang='lat' dir='ltr'><strong>jam</strong></span> <span class='ocrx_word' id='word_1_903' title='bbox 2246 4691 2538 4755; x_wconf 73' lang='lat' dir='ltr'><strong>exhorres,</strong></span> <span class='ocrx_word' id='word_1_904' title='bbox 2595 4697 2842 4768; x_wconf 83' lang='lat' dir='ltr'><strong>intelligis</strong></span> <span class='ocrx_word' id='word_1_905' title='bbox 2888 4713 3103 4770; x_wconf 87' lang='lat' dir='ltr'><strong>prepter</strong></span> <span class='ocrx_word' id='word_1_906' title='bbox 3154 4707 3512 4767; x_wconf 76' lang='lat' dir='ltr'><strong>infirmitatem</strong></span> 
     </span>
    </p>
   </div>
   <div class='ocr_carea' id='block_1_110' title="bbox 1941 4779 3510 4872">
    <p class='ocr_par' dir='ltr' id='par_1_110' title="bbox 1941 4779 3510 4872">
     <span class='ocr_line' id='line_1_110' title="bbox 1941 4779 3510 4872; baseline 0.017 -43"><span class='ocrx_word' id='word_1_907' title='bbox 1941 4786 2081 4830; x_wconf 89' lang='lat' dir='ltr'><strong>tuam</strong></span> <span class='ocrx_word' id='word_1_908' title='bbox 2108 4779 2244 4834; x_wconf 89' lang='lat' dir='ltr'><strong>dicta</strong></span> <span class='ocrx_word' id='word_1_909' title='bbox 2273 4797 2286 4843; x_wconf 90' lang='lat'><strong>;</strong></span> <span class='ocrx_word' id='word_1_910' title='bbox 2318 4783 2393 4836; x_wconf 89' lang='lat' dir='ltr'><strong>sic</strong></span> <span class='ocrx_word' id='word_1_911' title='bbox 2415 4794 2468 4838; x_wconf 80' lang='lat' dir='ltr'><strong>et</strong></span> <span class='ocrx_word' id='word_1_912' title='bbox 2503 4786 2599 4840; x_wconf 77' lang='lat' dir='ltr'><strong>ista</strong></span> <span class='ocrx_word' id='word_1_913' title='bbox 2625 4803 2744 4856; x_wconf 78' lang='lat' dir='ltr'><strong>qua:</strong></span> <span class='ocrx_word' id='word_1_914' title='bbox 2783 4793 3182 4862; x_wconf 86' lang='lat' dir='ltr'><strong>magnipeudis,</strong></span> <span class='ocrx_word' id='word_1_915' title='bbox 3218 4815 3311 4867; x_wconf 91' lang='lat' dir='ltr'><strong>pro</strong></span> <span class='ocrx_word' id='word_1_916' title='bbox 3339 4803 3510 4872; x_wconf 88' lang='lat' dir='ltr'><strong>aliqua</strong></span> 
     </span>
    </p>
   </div>
   <div class='ocr_carea' id='block_1_111' title="bbox 1940 4866 3514 4949">
    <p class='ocr_par' dir='ltr' id='par_1_111' title="bbox 1940 4866 3514 4949">
     <span class='ocr_line' id='line_1_111' title="bbox 1940 4866 3514 4949; baseline 0.018 -30"><span class='ocrx_word' id='word_1_917' title='bbox 1940 4866 2228 4922; x_wconf 69' lang='lat' dir='ltr'><strong>firtnitate‘</strong></span> <span class='ocrx_word' id='word_1_918' title='bbox 2259 4873 2513 4929; x_wconf 87' lang='lat' dir='ltr'><strong>validiore</strong></span> <span class='ocrx_word' id='word_1_919' title='bbox 2549 4877 2684 4930; x_wconf 90' lang='lat' dir='ltr'><strong>dicta</strong></span> <span class='ocrx_word' id='word_1_920' title='bbox 2743 4890 2886 4933; x_wconf 92' lang='lat' dir='ltr'><strong>sunt.</strong></span> <span class='ocrx_word' id='word_1_921' title='bbox 2933 4884 3031 4949; x_wconf 89' lang='lat' dir='ltr'><strong>Qui</strong></span> <span class='ocrx_word' id='word_1_922' title='bbox 3089 4866 3263 4942; x_wconf 86' lang='lat' dir='ltr'><strong>autem</strong></span> <span class='ocrx_word' id='word_1_923' title='bbox 3313 4902 3367 4946; x_wconf 88' lang='lat' dir='ltr'><strong>et</strong></span> <span class='ocrx_word' id='word_1_924' title='bbox 3416 4866 3514 4948; x_wconf 81' lang='lat' dir='ltr'><strong>ista</strong></span> 
     </span>
    </p>
   </div>
   <div class='ocr_carea' id='block_1_112' title="bbox 1938 4961 3516 5040">
    <p class='ocr_par' dir='ltr' id='par_1_112' title="bbox 1938 4961 3516 5040">
     <span class='ocr_line' id='line_1_112' title="bbox 1938 4961 3516 5040; baseline 0.02 -30"><span class='ocrx_word' id='word_1_925' title='bbox 1938 4961 2346 5028; x_wconf 87' lang='lat' dir='ltr'><strong>transcenderit,</strong></span> <span class='ocrx_word' id='word_1_926' title='bbox 2373 4974 2425 5018; x_wconf 91' lang='lat' dir='ltr'><strong>et</strong></span> <span class='ocrx_word' id='word_1_927' title='bbox 2454 4967 2520 5020; x_wconf 92' lang='lat' dir='ltr'><strong>de</strong></span> <span class='ocrx_word' id='word_1_928' title='bbox 2551 4968 2658 5022; x_wconf 90' lang='lat' dir='ltr'><strong>Deo</strong></span> <span class='ocrx_word' id='word_1_929' title='bbox 2680 5011 2692 5028; x_wconf 94' lang='lat'><strong>.</strong></span> <span class='ocrx_word' id='word_1_930' title='bbox 2721 4983 2973 5040; x_wconf 90' lang='lat' dir='ltr'><strong>quantum</strong></span> <span class='ocrx_word' id='word_1_931' title='bbox 3019 4977 3219 5034; x_wconf 91' lang='lat' dir='ltr'><strong>homini</strong></span> <span class='ocrx_word' id='word_1_932' title='bbox 3263 4986 3516 5040; x_wconf 87' lang='lat' dir='ltr'><strong>concedi-</strong></span> 
     </span>
    </p>
   </div>
   <div class='ocr_carea' id='block_1_113' title="bbox 1937 5049 3518 5132">
    <p class='ocr_par' dir='ltr' id='par_1_113' title="bbox 1937 5049 3518 5132">
     <span class='ocr_line' id='line_1_113' title="bbox 1937 5049 3518 5132; baseline 0.019 -31"><span class='ocrx_word' id='word_1_933' title='bbox 1937 5056 2043 5111; x_wconf 89' lang='lat' dir='ltr'><strong>tur,</strong></span> <span class='ocrx_word' id='word_1_934' title='bbox 2068 5049 2226 5120; x_wconf 90' lang='lat' dir='ltr'><strong>digne</strong></span> <span class='ocrx_word' id='word_1_935' title='bbox 2254 5055 2487 5123; x_wconf 84' lang='lat' dir='ltr'><strong>cogitare</strong></span> <span class='ocrx_word' id='word_1_936' title='bbox 2516 5059 2735 5126; x_wconf 69' lang='lat' dir='ltr'><strong>cmperit</strong></span> <span class='ocrx_word' id='word_1_937' title='bbox 2760 5102 2774 5126; x_wconf 92' lang='lat'><strong>,</strong></span> <span class='ocrx_word' id='word_1_938' title='bbox 2811 5061 3040 5120; x_wconf 86' lang='lat' dir='ltr'><strong>inveniet</strong></span> <span class='ocrx_word' id='word_1_939' title='bbox 3074 5070 3342 5127; x_wconf 88' lang='lat' dir='ltr'><strong>silentium</strong></span> <span class='ocrx_word' id='word_1_940' title='bbox 3385 5076 3518 5132; x_wconf 80' lang='lat' dir='ltr'><strong>inef-</strong></span> 
     </span>
    </p>
   </div>
   <div class='ocr_carea' id='block_1_114' title="bbox 1936 5140 2807 5204">
    <p class='ocr_par' dir='ltr' id='par_1_114' title="bbox 1936 5140 2807 5204">
     <span class='ocr_line' id='line_1_114' title="bbox 1936 5140 2807 5204; baseline 0.014 -12"><span class='ocrx_word' id='word_1_941' title='bbox 1936 5140 2079 5195; x_wconf 86' lang='lat' dir='ltr'><strong>fabili</strong></span> <span class='ocrx_word' id='word_1_942' title='bbox 2101 5143 2276 5196; x_wconf 90' lang='lat' dir='ltr'><strong>cordis</strong></span> <span class='ocrx_word' id='word_1_943' title='bbox 2306 5160 2435 5198; x_wconf 90' lang='lat' dir='ltr'><strong>voce</strong></span> <span class='ocrx_word' id='word_1_944' title='bbox 2467 5147 2807 5204; x_wconf 85' lang='lat' dir='ltr'><strong>laudandum.</strong></span> 
     </span>
    </p>
   </div>
   <div class='ocr_carea' id='block_1_115' title="bbox 2006 5232 3514 5320">
    <p class='ocr_par' dir='ltr' id='par_1_115' title="bbox 2006 5232 3514 5320">
     <span class='ocr_line' id='line_1_115' title="bbox 2006 5232 3514 5320; baseline 0.018 -35"><span class='ocrx_word' id='word_1_945' title='bbox 2006 5232 2231 5287; x_wconf 80' lang='lat' dir='ltr'><strong>CAPUT</strong></span> <span class='ocrx_word' id='word_1_946' title='bbox 2263 5235 2392 5290; x_wconf 82' lang='lat' dir='ltr'><strong>VIII.</strong></span> <span class='ocrx_word' id='word_1_947' title='bbox 2420 5268 2492 5277; x_wconf 90' lang='lat'><strong><em>—</em></strong></span> <span class='ocrx_word' id='word_1_948' title='bbox 2523 5241 2609 5294; x_wconf 85' lang='grc'><strong>10.</strong></span> <span class='ocrx_word' id='word_1_949' title='bbox 2641 5241 2832 5296; x_wconf 77' lang='lat' dir='ltr'><strong>Filium</strong></span> <span class='ocrx_word' id='word_1_950' title='bbox 2883 5245 2975 5300; x_wconf 87' lang='lat' dir='ltr'><strong>Dei</strong></span> <span class='ocrx_word' id='word_1_951' title='bbox 2995 5266 3094 5302; x_wconf 87' lang='lat' dir='ltr'><strong>non</strong></span> <span class='ocrx_word' id='word_1_952' title='bbox 3127 5268 3272 5320; x_wconf 86' lang='lat' dir='ltr'><strong>posse</strong></span> <span class='ocrx_word' id='word_1_953' title='bbox 3305 5256 3406 5309; x_wconf 86' lang='lat' dir='ltr'><strong>dici</strong></span> <span class='ocrx_word' id='word_1_954' title='bbox 3451 5275 3514 5312; x_wconf 71' lang='lat' dir='ltr'><strong>ex</strong></span> 
     </span>
    </p>
   </div>
   <div class='ocr_carea' id='block_1_116' title="bbox 1935 5319 3512 5415">
    <p class='ocr_par' dir='ltr' id='par_1_116' title="bbox 1935 5319 3512 5415">
     <span class='ocr_line' id='line_1_116' title="bbox 1935 5319 3512 5415; baseline 0.021 -43"><span class='ocrx_word' id='word_1_955' title='bbox 1935 5319 2036 5374; x_wconf 90' lang='lat' dir='ltr'><strong>alia</strong></span> <span class='ocrx_word' id='word_1_956' title='bbox 2062 5332 2204 5392; x_wconf 86' lang='lat' dir='ltr'><strong>parte</strong></span> <span class='ocrx_word' id='word_1_957' title='bbox 2227 5327 2490 5394; x_wconf 77' lang='lat' dir='ltr'><strong>a&#39;qualem,</strong></span> <span class='ocrx_word' id='word_1_958' title='bbox 2520 5345 2582 5383; x_wconf 84' lang='lat' dir='ltr'><strong>ea:</strong></span> <span class='ocrx_word' id='word_1_959' title='bbox 2608 5333 2710 5384; x_wconf 87' lang='lat' dir='ltr'><strong>alia</strong></span> <span class='ocrx_word' id='word_1_960' title='bbox 2733 5335 3047 5405; x_wconf 72' lang='lat' dir='ltr'><strong>inrequalem.</strong></span> <span class='ocrx_word' id='word_1_961' title='bbox 3090 5319 3229 5411; x_wconf 87' lang='lat' dir='ltr'><strong>Ergo</strong></span> <span class='ocrx_word' id='word_1_962' title='bbox 3251 5387 3265 5409; x_wconf 92' lang='lat'><strong>,</strong></span> <span class='ocrx_word' id='word_1_963' title='bbox 3299 5346 3512 5415; x_wconf 84' lang='lat' dir='ltr'><strong>fratres,</strong></span> 
     </span>
    </p>
   </div>
   <div class='ocr_carea' id='block_1_117' title="bbox 1935 5413 3507 5508">
    <p class='ocr_par' dir='ltr' id='par_1_117' title="bbox 1935 5413 3507 5508">
     <span class='ocr_line' id='line_1_117' title="bbox 1935 5413 3507 5508; baseline 0.02 -47"><span class='ocrx_word' id='word_1_964' title='bbox 1935 5413 2054 5479; x_wconf 89' lang='lat' dir='ltr'><strong>quia</strong></span> <span class='ocrx_word' id='word_1_965' title='bbox 2087 5413 2185 5466; x_wconf 92' lang='lat' dir='ltr'><strong>hoc</strong></span> <span class='ocrx_word' id='word_1_966' title='bbox 2205 5425 2287 5468; x_wconf 90' lang='lat' dir='ltr'><strong>est</strong></span> <span class='ocrx_word' id='word_1_967' title='bbox 2314 5419 2364 5469; x_wconf 92' lang='lat' dir='ltr'><strong>in</strong></span> <span class='ocrx_word' id='word_1_968' title='bbox 2397 5419 2618 5474; x_wconf 88' lang='lat' dir='ltr'><strong>Domino</strong></span> <span class='ocrx_word' id='word_1_969' title='bbox 2646 5423 2808 5478; x_wconf 88' lang='lat' dir='ltr'><strong>virtus</strong></span> <span class='ocrx_word' id='word_1_970' title='bbox 2842 5430 2979 5496; x_wconf 87' lang='lat' dir='ltr'><strong>quod</strong></span> <span class='ocrx_word' id='word_1_971' title='bbox 3002 5429 3204 5498; x_wconf 86' lang='lat' dir='ltr'><strong>justitia</strong></span> <span class='ocrx_word' id='word_1_972' title='bbox 3233 5413 3507 5508; x_wconf 80' lang='lat' dir='ltr'><strong>(quidquid</strong></span> 
     </span>
    </p>
   </div>
   <div class='ocr_carea' id='block_1_118' title="bbox 1934 5502 3507 5601">
    <p class='ocr_par' dir='ltr' id='par_1_118' title="bbox 1934 5502 3507 5601">
     <span class='ocr_line' id='line_1_118' title="bbox 1934 5502 3507 5601; baseline 0.021 -47"><span class='ocrx_word' id='word_1_973' title='bbox 1934 5502 2002 5601; x_wconf 78' lang='lat' dir='ltr'><strong>de</strong></span> <span class='ocrx_word' id='word_1_974' title='bbox 2032 5504 2120 5557; x_wconf 90' lang='lat' dir='ltr'><strong>illo</strong></span> <span class='ocrx_word' id='word_1_975' title='bbox 2147 5506 2366 5576; x_wconf 80' lang='lat' dir='ltr'><strong>dixeris,</strong></span> <span class='ocrx_word' id='word_1_976' title='bbox 2397 5510 2496 5566; x_wconf 92' lang='lat' dir='ltr'><strong>hoc</strong></span> <span class='ocrx_word' id='word_1_977' title='bbox 2527 5515 2661 5568; x_wconf 90' lang='lat' dir='ltr'><strong>idem</strong></span> <span class='ocrx_word' id='word_1_978' title='bbox 2689 5516 2841 5585; x_wconf 91' lang='lat' dir='ltr'><strong>dicis,</strong></span> <span class='ocrx_word' id='word_1_979' title='bbox 2861 5537 2978 5574; x_wconf 90' lang='lat' dir='ltr'><strong>cum</strong></span> <span class='ocrx_word' id='word_1_980' title='bbox 3006 5533 3178 5579; x_wconf 90' lang='lat' dir='ltr'><strong>tamen</strong></span> <span class='ocrx_word' id='word_1_981' title='bbox 3206 5502 3332 5582; x_wconf 78' lang='lat' dir='ltr'><strong>nihil</strong></span> <span class='ocrx_word' id='word_1_982' title='bbox 3352 5502 3507 5601; x_wconf 73' lang='lat' dir='ltr'><strong>digne</strong></span> 
     </span>
    </p>
   </div>
   <div class='ocr_carea' id='block_1_119' title="bbox 1934 5593 3502 5678">
    <p class='ocr_par' dir='ltr' id='par_1_119' title="bbox 1934 5593 3502 5678">
     <span class='ocr_line' id='line_1_119' title="bbox 1934 5593 3502 5678; baseline 0.019 -32"><span class='ocrx_word' id='word_1_983' title='bbox 1934 5593 2137 5665; x_wconf 88' lang='lat' dir='ltr'><strong>dicas),</strong></span> <span class='ocrx_word' id='word_1_984' title='bbox 2167 5613 2271 5652; x_wconf 90' lang='lat' dir='ltr'><strong>non</strong></span> <span class='ocrx_word' id='word_1_985' title='bbox 2300 5611 2448 5670; x_wconf 90' lang='lat' dir='ltr'><strong>potes</strong></span> <span class='ocrx_word' id='word_1_986' title='bbox 2472 5603 2650 5661; x_wconf 89' lang='lat' dir='ltr'><strong>dicere</strong></span> <span class='ocrx_word' id='word_1_987' title='bbox 2688 5612 2944 5678; x_wconf 69' lang='lat' dir='ltr'><strong>azqnalem</strong></span> <span class='ocrx_word' id='word_1_988' title='bbox 2979 5630 3096 5670; x_wconf 89' lang='lat' dir='ltr'><strong>esse</strong></span> <span class='ocrx_word' id='word_1_989' title='bbox 3128 5617 3266 5672; x_wconf 86' lang='lat' dir='ltr'><strong>Patri</strong></span> <span class='ocrx_word' id='word_1_990' title='bbox 3315 5593 3502 5676; x_wconf 67' lang='lat' dir='ltr'><strong>Filium</strong></span> 
     </span>
    </p>
   </div>
   <div class='ocr_carea' id='block_1_120' title="bbox 1936 5686 3509 5778">
    <p class='ocr_par' dir='ltr' id='par_1_120' title="bbox 1936 5686 3509 5778">
     <span class='ocr_line' id='line_1_120' title="bbox 1936 5686 3509 5778; baseline 0.02 -40"><span class='ocrx_word' id='word_1_991' title='bbox 1936 5700 2030 5753; x_wconf 89' lang='lat' dir='ltr'><strong>per</strong></span> <span class='ocrx_word' id='word_1_992' title='bbox 2053 5686 2312 5756; x_wconf 88' lang='lat' dir='ltr'><strong>justitiam</strong></span> <span class='ocrx_word' id='word_1_993' title='bbox 2356 5703 2410 5748; x_wconf 89' lang='lat' dir='ltr'><strong>et</strong></span> <span class='ocrx_word' id='word_1_994' title='bbox 2439 5711 2540 5750; x_wconf 93' lang='lat' dir='ltr'><strong>non</strong></span> <span class='ocrx_word' id='word_1_995' title='bbox 2573 5712 2690 5753; x_wconf 90' lang='lat' dir='ltr'><strong>csse</strong></span> <span class='ocrx_word' id='word_1_996' title='bbox 2716 5704 2972 5771; x_wconf 79' lang='lat' dir='ltr'><strong>aequalem</strong></span> <span class='ocrx_word' id='word_1_997' title='bbox 3006 5721 3099 5776; x_wconf 89' lang='lat' dir='ltr'><strong>per</strong></span> <span class='ocrx_word' id='word_1_998' title='bbox 3125 5710 3386 5778; x_wconf 86' lang='lat' dir='ltr'><strong>virtutem,</strong></span> <span class='ocrx_word' id='word_1_999' title='bbox 3419 5726 3509 5769; x_wconf 81' lang='lat' dir='ltr'><strong>aut</strong></span> 
     </span>
    </p>
   </div>
   <div class='ocr_carea' id='block_1_121' title="bbox 2001 5817 2779 5890">
    <p class='ocr_par' dir='ltr' id='par_1_121' title="bbox 2001 5817 2779 5890">
     <span class='ocr_line' id='line_1_121' title="bbox 2001 5817 2779 5890; baseline 0.023 -25"><span class='ocrx_word' id='word_1_1000' title='bbox 2001 5817 2015 5846; x_wconf 90' lang='grc'>¹</span> <span class='ocrx_word' id='word_1_1001' title='bbox 2042 5817 2342 5873; x_wconf 86' lang='lat' dir='ltr'><strong>Colbertinus</strong></span> <span class='ocrx_word' id='word_1_1002' title='bbox 2361 5830 2467 5890; x_wconf 68' lang='lat' dir='ltr'><strong>its,</strong></span> <span class='ocrx_word' id='word_1_1003' title='bbox 2489 5825 2779 5890; x_wconf 61' lang='lat' dir='ltr'><strong>inﬁrmitate.</strong></span> 
     </span>
    </p>
   </div>
  </div>
