4046 6360
499 348 641 405 N99

500 461 760 533 aequalem
810 475 903 531 per
941 459 1187 514 virtutem
1232 467 1285 513 ct
1323 471 1427 511 non
1467 456 1723 525 aequalem
1765 471 1858 525 per
1904 456 2080 509 scicn—

502 556 628 608 tiam
656 571 668 606 :
694 552 815 623 quia
846 552 889 605 si
917 566 981 605 ex
1025 564 1127 602 una
1156 564 1214 603 re
1248 548 1422 617 aliqua
1452 546 1669 617 aequalis
1708 556 1817 609 est,
1845 562 1909 600 ex
1936 546 2084 601 omni

432 628 437 635 ’
498 658 561 699 ro
590 642 809 712 aequalis
838 649 951 703 est;
986 640 1108 708 quia
1137 639 1313 692 omnia
1343 654 1461 707 qum
1488 637 1558 691 ibi
1585 636 1739 702 dicis,
1769 636 1910 692 idem
1937 646 2080 703 sunt,

502 740 555 787 et
588 731 729 787 idem
751 731 944 785 valent.
980 730 1184 785 Sufﬁcit
1227 744 1375 798 ergo,
1403 728 1524 798 quia
1562 727 1743 782 dicere
1787 744 1891 781 non
1930 737 2085 798 potes

502 822 768 893 quomodo
794 822 862 876 sit
894 820 1203 890 itttequalis'
1234 819 1396 873 Filius
1423 819 1600 882 Patri,
1633 818 1732 872 nisi
1763 818 1977 874 dederis
2002 818 2083 871 di-

506 916 786 970 vctsitates
814 913 1067 983 quasdam
1108 913 1163 967 in
1207 912 1501 967 substantia
1532 912 1646 966 Dei.
1670 910 1811 977 Quas
1844 926 1963 965 cum
1990 910 2084 963 de.

507 1004 671 1070 detis,
715 1005 854 1059 foras
903 1012 953 1058 te
999 1004 1159 1058 mittit
1197 1003 1429 1068 veritas,
1462 1018 1561 1057 nec
1598 1001 1807 1057 accedis
1848 1001 1913 1055 ad
1953 1000 2083 1055 illud

509 1097 869 1152 sanctuarium
899 1096 1023 1160 Dei,
1059 1095 1147 1149 ubi
1178 1094 1535 1149 sincerissime
1569 1094 1795 1148 videtur.
1825 1093 1957 1147 Cum
1987 1108 2083 1146 au-

506 1195 609 1242 tem
655 1202 759 1241 non
791 1187 963 1257 possis
1000 1186 1256 1256 mqualem
1297 1185 1473 1240 dicere
1502 1200 1567 1239 ex
1598 1184 1696 1239 alia
1739 1194 1889 1255 parte
1926 1191 1979 1238 et
2018 1200 2083 1239 ex

503 1278 608 1331 alia
646 1277 982 1347 inaequalem,
1017 1277 1139 1346 quia
1171 1292 1275 1329 non
1320 1286 1442 1331 sunt
1487 1276 1540 1330 in
1588 1276 1698 1331 Deo
1737 1285 1949 1345 partes;
1978 1291 2085 1330 non

504 1367 677 1436 possis
702 1367 881 1421 dicere
909 1382 974 1421 ex
1000 1366 1103 1420 alia
1132 1381 1253 1420 eum
1279 1381 1397 1421 csse
1427 1366 1682 1436 mqualem
1710 1406 1725 1432 ,
1753 1382 1819 1421 ex
1845 1366 1945 1420 alia
1980 1366 2083 1420 mi-

503 1472 721 1523 norem,
742 1456 866 1527 quia
919 1473 1023 1511 non
1051 1466 1173 1511 sunt
1218 1457 1271 1511 in
1314 1458 1423 1511 Deo
1448 1458 1761 1527 qualitates;
1792 1457 2082 1512 secundum

504 1546 673 1600 Deum
718 1562 823 1600 non
854 1554 1004 1616 potes
1051 1547 1229 1602 dicere
1272 1548 1553 1616 aqualem,
1604 1548 1703 1603 nisi
1744 1548 1889 1602 omni
1927 1548 2085 1603 modo

503 1635 764 1705 mqualem
796 1652 811 1690 :
838 1636 979 1692 unde
1006 1651 1133 1707 ergo
1162 1646 1313 1706 potes
1333 1637 1509 1693 dicere
1531 1638 1815 1707 minorem,
1842 1639 1940 1692 nisi
1962 1639 2084 1708 quia

505 1727 730 1783 formam
767 1728 906 1783 servi
935 1729 1174 1798 accepit?
1211 1730 1392 1799 Itaque
1415 1770 1430 1794 ,
1462 1728 1683 1795 fratres,
1718 1746 1929 1800 semper
1971 1729 2086 1785 lucc

504 1817 788 1874 advertite.
818 1819 873 1875 Si
905 1820 955 1873 in
982 1820 1271 1890 Seripturis
1300 1820 1537 1891 regulam
1559 1820 1841 1891 quamdam
1871 1836 2086 1891 accepe-

503 1912 642 1976 ritis,
673 1913 847 1966 omnia
874 1913 1027 1967 vobis
1049 1913 1139 1967 lux
1160 1914 1272 1982 ipsa
1304 1913 1639 1968 monstrabit.
1664 1912 1843 1968 Sicubi
1866 1914 2087 1996 iuvene:

506 2004 661 2069 ritis,
689 2006 981 2060 secundum
1028 2006 1167 2075 quod
1202 2006 1401 2061 dictum
1444 2006 1844 2075 est,acqualcm
1891 2005 2082 2060 Filium

506 2094 672 2162 Patri,
705 2095 994 2150 secundum
1022 2096 1351 2150 divinitatctn
1388 2097 1627 2165 accipite.
1655 2095 1955 2151 Secundum
1978 2094 2087 2149 fur-

508 2201 650 2240 mam
680 2202 808 2241 vero
840 2186 981 2241 servi
1018 2195 1341 2255 assumptum
1363 2227 1379 2253 ,
1410 2188 1668 2239 minorem
1712 2186 1972 2254 accipite:
2001 2200 2087 2239 se-

506 2275 737 2330 cundum
765 2275 906 2346 quod
932 2274 1132 2329 dictum
1158 2284 1270 2339 est,
1299 2274 1407 2345 Ego
1426 2291 1539 2328 sum
1559 2275 1645 2344 qui
1664 2292 1777 2329 sum
1795 2290 1814 2337 ;
1831 2282 1884 2328 et
1904 2288 2087 2328 secun-

503 2366 629 2419 dum
656 2366 798 2436 quod
846 2366 1043 2420 dictum
1084 2375 1185 2431 est,
1216 2363 1329 2435 Ego
1374 2382 1484 2418 sum
1531 2364 1667 2419 Deus
1715 2364 2009 2432 Abraham,
2041 2374 2087 2419 et

509 2456 643 2511 Deus
673 2455 841 2523 Isaac,
865 2466 909 2510 et
938 2457 1076 2511 Deus
1098 2457 1258 2511 Iacob
1289 2456 1480 2531 (Exod.
1512 2472 1565 2513 ιιι
1586 2499 1601 2525 ,
1639 2458 1725 2520 14,
1756 2458 1842 2524 15,
1874 2458 1929 2527 6)
1965 2475 1978 2512 :
2011 2459 2088 2514 sic

506 2545 756 2601 tenebitis
780 2588 793 2611 ,
823 2555 877 2600 ct
900 2548 1039 2616 quod
1070 2547 1123 2601 in
1153 2547 1266 2617 ejus
1294 2558 1480 2602 natura
1504 2557 1585 2603 est
1604 2590 1618 2612 ,
1642 2559 1695 2603 et
1715 2549 1854 2618 quod
1888 2549 1940 2602 in
1970 2548 2086 2617 ejus

506 2636 891 2692 misericordia.
917 2637 1161 2691 Arbitror
1190 2639 1319 2693 satis
1340 2654 1458 2694 esse
1482 2638 1679 2694 dictum
1708 2638 1774 2693 de
1804 2640 1895 2694 illo
1924 2640 2085 2694 etiam

505 2728 666 2783 modo
693 2769 709 2795 ,
736 2744 843 2799 quo
868 2729 1126 2785 Dominus
1154 2740 1337 2785 noster
1380 2730 1537 2785 Jesus
1574 2730 1814 2785 Christus
1845 2731 2089 2787 Salvator

506 2829 691 2875 noster
734 2829 896 2892 caput
933 2822 1186 2878 Ecclesia:
1237 2824 1497 2878 mediator
1544 2822 1736 2889 factus,
1792 2840 1886 2893 per
1931 2840 2087 2892 quem

508 2912 914 2967 reconciliamur
940 2914 1071 2981 Deo,
1100 2914 1242 2969 Deus
1267 2923 1321 2969 et
1345 2914 1506 2969 homo
1532 2914 1830 2970 insinuatur
1858 2917 1909 2971 in
1940 2916 2085 2971 Scri-

506 3001 693 3071 pluris.

579 3110 807 3167 CAPUT
834 3112 926 3167 IX.
956 3144 1027 3154 —
1066 3116 1155 3169 Η.
1195 3114 1421 3171 Christus
1447 3118 1591 3171 tertio
1617 3118 1766 3172 modo
1794 3119 2090 3189 intelligitur

507 3212 662 3274 caput
687 3212 732 3257 et
756 3219 959 3273 corpus.
991 3206 1200 3261 Tertius
1240 3208 1429 3263 modus
1473 3219 1586 3277 est,
1637 3212 1904 3280 quomodo
1946 3221 2088 3267 totus

504 3288 751 3343 Christus
777 3291 1066 3345 secundum
1098 3292 1413 3360 Ecclesium,
1439 3295 1490 3348 id
1516 3304 1615 3360 est,
1639 3305 1795 3366 caput
1817 3306 1869 3351 et
1894 3312 2089 3366 corpus

509 3378 845 3447 praedicetur.
887 3380 1099 3437 Etenim
1139 3394 1297 3452 caput
1336 3394 1391 3441 et
1432 3401 1625 3453 corpus
1652 3403 1788 3441 unus
1811 3397 1892 3442 est
1928 3387 2087 3442 Chri-

510 3478 627 3525 stus
659 3488 672 3523 :
706 3487 810 3525 non
851 3475 979 3543 quia
1028 3476 1143 3529 sine
1178 3492 1403 3545 corpore
1444 3494 1547 3531 non
1589 3480 1677 3531 est
1716 3479 1951 3549 integer,
1993 3481 2087 3534 sed

511 3564 633 3627 quia
674 3573 727 3618 et
771 3566 1046 3620 nobiseum
1086 3568 1291 3637 integer
1332 3584 1451 3624 esse
1486 3570 1731 3639 dignatus
1756 3578 1870 3635 est,
1904 3572 1992 3641 qui
2035 3580 2088 3625 et

511 3651 627 3706 sine
656 3653 807 3708 nobis
836 3670 1051 3724 semper
1078 3668 1161 3711 est
1186 3659 1408 3727 integer,
1438 3674 1541 3712 non
1574 3661 1743 3714 solum
1775 3662 1825 3715 in
1856 3678 1921 3716 eo
1945 3662 2087 3732 quod

511 3741 744 3797 Verbum
772 3753 854 3799 est
883 3746 1181 3813 unigenitus
1215 3748 1379 3803 Filius
1411 3751 1628 3819 :nqttalis
1651 3751 1811 3814 Patri,
1836 3752 1929 3806 sed
1956 3762 2010 3807 et
2034 3754 2086 3807 in

510 3832 627 3900 ipso
653 3832 866 3889 homine
894 3850 1051 3904 quem
1077 3839 1343 3905 suscepit,
1382 3848 1436 3893 et
1471 3855 1590 3893 cum
1628 3856 1733 3909 quo
1762 3841 1917 3895 simul
1949 3843 2088 3898 Deus

515 3932 569 3978 et
599 3924 760 3979 homo
782 3934 882 3980 est.
914 3925 1291 3982 Verumtamen
1310 3970 1325 3994 ,
1355 3929 1545 3985 fratres
1566 3972 1580 3997 ,
1604 3932 1870 4001 quomodo
1895 3948 2087 4003 corpus

508 4015 625 4085 ejus
654 4031 750 4071 nos
779 4034 991 4086 sumus,
1034 4028 1088 4074 et
1128 4022 1403 4075 nobiscum
1447 4038 1583 4077 unus
1626 4024 1869 4078 Christus
1895 4026 1958 4079 ’ἲ
1986 4025 2087 4081 Ubi

512 4108 816 4165 invenimus
845 4110 967 4178 hoc,
994 4112 1115 4181 quia
1145 4128 1280 4167 unus
1317 4112 1563 4169 Christus
1591 4123 1673 4169 est
1694 4125 1852 4183 caput
1880 4125 1934 4171 et
1968 4132 2089 4171 cor-

510 4214 609 4267 pus
634 4240 648 4265 ,
692 4199 744 4253 id
784 4208 897 4267 est,
942 4216 1138 4270 corpus
1172 4218 1291 4257 cum
1332 4204 1504 4274 capite
1552 4206 1687 4259 suo?
1724 4205 1928 4274 Sponsa
1965 4224 2086 4262 cum

508 4304 708 4358 sponso
734 4304 832 4345 suo
862 4293 1008 4359 quasi
1038 4294 1377 4362 singulariter
1414 4296 1645 4365 loquitur
1684 4298 1820 4366 apud
1853 4298 2038 4353 lsaiam
2070 4319 2082 4353 :

508 4388 654 4433 certe
692 4395 828 4434 unus
873 4380 1117 4449 idemque
1158 4383 1417 4453 loquitur;
1466 4395 1519 4438 et
1566 4386 1739 4440 videte
1786 4388 1911 4456 quid
1964 4390 2083 4442 ait:

520 4467 664 4522 Velut
700 4486 886 4536 sponso
911 4472 1137 4541 alligavit
1177 4474 1299 4526 mihi
1343 4476 1575 4538 mitram,
1624 4486 1667 4528 et
1696 4478 1822 4529 velut
1850 4495 2086 4545 sponsam

508 4559 673 4613 induit
716 4577 793 4613 me
833 4572 1124 4614 ornamento
1155 4561 1304 4630 (Isui.
1339 4580 1444 4629 th,
1499 4565 1607 4633 lO).
1655 4565 1720 4621 Ut
1764 4582 1990 4636 sponsus
2034 4577 2087 4621 ct

508 4666 702 4721 sponsa
732 4668 743 4703 :
770 4652 1013 4706 eumdem
1049 4653 1069 4684 ³
1102 4654 1229 4707 dicit
1262 4669 1513 4723 Sponsum
1558 4657 1849 4710 secundum
1891 4666 2046 4726 caput
2067 4697 2083 4723 ,

508 4754 757 4809 sponsam
797 4742 1088 4795 secundum
1130 4759 1341 4811 corpus.
1394 4745 1506 4798 Duo
1552 4746 1831 4808 videntur,
1864 4758 1917 4801 et
1952 4764 2087 4803 unus

506 4840 610 4885 est.
643 4831 887 4900 Alioquin
910 4834 1177 4901 quomodo
1202 4835 1439 4889 membra
1474 4835 1668 4890 Christi
1695 4840 1915 4892 sumus?
1941 4841 2087 4908 Apo-

508 4922 645 4976 stolo
674 4922 1006 4990 apertissime
1034 4923 1243 4978 dicente
1265 4966 1279 4990 ,
1324 4924 1420 4978 l’os
1457 4928 1575 4979 estis
1610 4944 1791 4996 rorpus
1831 4929 2013 4983 Christi
2042 4940 2089 4984 et

508 5013 730 5067 membra
758 5013 810 5087 (Ι
840 5013 957 5068 Cor.
998 5031 1109 5081 xu,
1150 5018 1263 5087 27).
1310 5018 1542 5072 Membra
1572 5019 1768 5074 Christi
1807 5030 1860 5075 et
1895 5037 2088 5092 corpus

508 5119 692 5158 smnus
708 5120 892 5160 omnes
915 5105 1105 5171 simul;
1135 5124 1239 5160 non
1262 5108 1351 5175 qui
1378 5108 1477 5162 hoc
1507 5110 1625 5165 loco
1647 5121 1849 5165 tantum
1878 5129 2083 5179 sumus,

509 5194 602 5249 sed
632 5204 685 5250 et
716 5212 809 5266 per
836 5197 1134 5252 universam
1182 5208 1409 5264 terram;
1461 5218 1560 5257 nec
1604 5204 1692 5273 qui
1747 5213 1949 5259 tantum
1989 5208 2089 5259 hoc

510 5296 749 5357 tempore
773 5330 788 5356 ,
837 5289 933 5345 sed
972 5292 1095 5360 quid
1135 5292 1348 5347 dicam?
1381 5296 1456 5349 Ex
1497 5297 1629 5352 Abel
1666 5298 1808 5368 justo
1838 5316 2009 5371 usque
2035 5301 2087 5355 in

834 5467 962 5522 Mss,
1002 5462 1218 5527 aequalis.
1261 5472 1402 5517 Forte
1459 5467 1722 5533 legendum
1744 5509 1758 5534 ,
1803 5472 2003 5537 wqualis
2042 5480 2089 5525 et

573 5585 593 5613 ι
620 5582 791 5656 ἰξρείιιε
812 5582 938 5634 liber
962 5584 1220 5656 et_Florus_,_
1235 5590 1469 5651 quomodo
1492 5605 1663 5655 corpus
1680 5594 1783 5655 ejus
1805 5609 1904 5656 nos,
1932 5596 1976 5645 ri
1995 5610 2088 5647 non

508 5650 556 5695 et
570 5645 807 5695 muscum
833 5660 954 5696 unus
967 5645 1180 5698 Christus
1197 5649 1221 5700 γ

574 5707 596 5739 ³
614 5708 747 5769 illiti,
770 5721 879 5759 cum
901 5707 1035 5760 dicit.
1061 5717 1113 5760 At
1137 5712 1311 5774 ttegius
1330 5719 1431 5773 Ms,
1454 5729 1577 5764 cum.
1604 5717 1783 5777 Florus,
1810 5720 1952 5767 eumd
1980 5733 2045 5767 m.

1696 340 1751 397 S.
1795 340 2157 397 AUGUSTI-Nl
2201 340 2498 397 EPISCOPI

3628 352 3766 413 ὅου

2196 455 2353 508 ﬁnem
2395 454 2571 508 saeculi
2611 455 2858 524 quamdiu
2890 468 3142 528 generant
3169 468 3221 514 ct
3248 471 3566 532 generantur
3594 460 3766 521 homi-

2192 562 2306 610 nes,
2329 546 2568 616 quisquis
2580 546 2843 616 justorum
2870 564 2964 619 per
2982 549 3117 606 hanc
3138 551 3293 607 vitam
3316 555 3595 611 transitum
3616 556 3766 625 facit,

2191 637 2444 707 quidquid
2476 653 2634 704 nunc,
2680 638 2732 692 id
2777 649 2891 705 est,
2921 656 3026 696 non
3066 643 3119 697 in
3149 642 3250 699 hoc
3276 644 3413 712 loco,
3452 647 3547 701 sed
3575 648 3631 703 in
3667 647 3766 703 hac

2192 729 2319 794 vita,
2351 727 2604 798 quidquid
2634 739 2753 799 post
2783 733 3112 787 nascentium
3159 734 3390 789 futurum
3431 746 3550 803 est,
3596 747 3766 792 totum

2190 818 2291 873 hoc
2330 834 2494 873 unum
2539 834 2733 889 corpus
2779 821 2974 878 Christi
3021 841 3034 878 :
3079 825 3267 895 singuli
3314 834 3489 880 autem
3530 828 3766 883 membra

2188 907 2404 963 Christi.
2444 910 2499 965 Si
2538 925 2665 980 ergo
2690 927 2877 967 omnes
2904 928 3117 983 corpus,
3146 916 3337 985 singuli
3383 918 3618 972 membra
3643 935 3657 983 ;
3686 929 3767 973 est

2191 1001 2371 1071 utique
2399 1012 2557 1071 caput
2583 1003 2732 1073 cujus
2758 1004 2858 1060 hoc
2884 1005 2960 1075 sit
2986 1021 3197 1076 corpus.
3239 1006 3306 1060 Et
3326 1009 3434 1077 ipse
3451 1019 3543 1075 est,
3574 1010 3764 1080 inquit,

2189 1102 2340 1163 caput
2376 1095 2601 1165 corporis
2639 1094 2902 1160 Ecclesiw,
2934 1098 3315 1167 primogenitus,
3358 1100 3465 1168 ipse
3494 1102 3768 1170 primatum

2190 1193 2358 1238 tenens
2384 1183 2601 1253 (Coloss.
2639 1201 2689 1250 ι,
2724 1184 2834 1256 18).
2863 1186 2931 1240 Ει
2951 1187 3072 1255 quia
3098 1187 3165 1242 de
3197 1188 3287 1242 illo
3314 1189 3388 1242 ait
3414 1190 3596 1257 etiam,
3624 1190 3765 1259 quod

2189 1290 2399 1344 semper
2426 1285 2577 1346 caput
2600 1277 2761 1331 omnis
2788 1278 3097 1347 principatus
3114 1287 3161 1330 et
3191 1280 3445 1347 potestatis
3470 1280 3538 1333 sit
3564 1279 3671 1350 (Id.
3705 1296 3763 1346 tt,

2190 1365 2301 1435 10),
2325 1365 2625 1435 adjungitur
2647 1366 2744 1419 ista
2767 1366 3025 1432 Ecclesia,
3059 1383 3176 1437 qua:
3204 1384 3343 1423 nunc
3360 1370 3633 1439 peregrina
3661 1379 3764 1436 est,

2192 1456 2267 1509 illi
2296 1456 2499 1510 cmlesti
2529 1456 2799 1523 Ecclesize,
2822 1457 2910 1511 ubi
2940 1458 3169 1528 Angelos
3190 1459 3331 1513 cives
3361 1458 3653 1523 habemus;
3678 1460 3763 1515 cui

2190 1549 2419 1616 :equales
2463 1562 2560 1601 nos
2593 1546 2797 1602 futuros
2839 1557 2957 1618 post
3000 1550 3440 1604 resurrectionem
3481 1565 3769 1620 corporum

2190 1636 2523 1705 impudenter
2555 1637 2706 1692 nobis
2747 1653 3149 1709 arrogaremus,
3191 1640 3291 1694 nisi
3319 1639 3528 1695 Veritas
3562 1641 3765 1710 promi-

2189 1728 2365 1795 sisset,
2396 1728 2579 1784 dicens
2610 1748 2624 1783 :
2655 1728 2822 1784 Erunt
2849 1730 3067 1802 wgunles
3092 1732 3295 1802 Angelis
3325 1732 3421 1787 Dei
3458 1733 3605 1805 (Luc.
3640 1749 3714 1788 xx
3743 1776 3761 1803 ,

2190 1819 2314 1890 '56);
2352 1829 2406 1875 et
2434 1820 2491 1875 lit
2520 1837 2621 1875 una
2652 1822 2903 1885 Ecclesia,
2934 1823 3119 1877 civitas
3142 1824 3301 1894 Regis
3329 1826 3526 1895 magni.

2259 1909 2485 1965 CAPUT
2530 1910 2598 1963 Χ.
2643 1940 2713 1950 --
2764 1911 2848 1964 12.
2896 1912 3123 1966 Christus
3170 1913 3223 1967 in
3287 1913 3564 1983 Scripturis
3606 1931 3765 1968 enun-

2192 1999 2343 2052 tiatus
2370 1998 2527 2053 tribus
2555 2000 2735 2053 modis.
2765 1999 2991 2055 Christus
3017 2010 3065 2055 et
3104 2000 3334 2055 Ecclesia
3362 2020 3492 2057 unus
3516 2003 3759 2057 Christus.

2191 2088 2278 2141 Sic
2300 2103 2426 2157 ergo
2450 2088 2732 2159 aliquando
2760 2090 2811 2144 in
2844 2091 3132 2160 Scripturis
3158 2092 3455 2147 insinuatur
3478 2093 3720 2147 Christus
3744 2132 3761 2159 ,

2192 2187 2246 2231 ut
2270 2177 2532 2247 intelligas
2565 2179 2791 2234 Verbum
2821 2183 3024 2251 aequale
3054 2183 3214 2236 Patri.
3243 2183 3329 2237 Sic
3349 2184 3633 2253 aliquando
3657 2225 3673 2251 ,
3706 2195 3764 2237 ut

2190 2272 2451 2341 intelligas
2480 2273 2858 2339 mcdiatorem;
2902 2290 3020 2328 cum
3064 2274 3274 2328 Verbum
3309 2292 3425 2328 caro
3453 2276 3643 2344 factum
3668 2286 3761 2341 est,

2190 2372 2249 2417 ut
2276 2364 2535 2419 habitaret
2556 2365 2610 2418 in
2637 2364 2775 2419 nobis
2804 2365 2978 2437 (Joan.
3004 2382 3041 2433 ι,
3067 2367 3155 2437 14)
3177 2385 3189 2419 :
3209 2382 3328 2421 cum
3351 2367 3438 2420 ille
3462 2367 3765 2436 unigenitus

2189 2470 2285 2525 per
2312 2470 2469 2524 quem
2518 2454 2653 2509 facta
2696 2464 2820 2510 sunt
2859 2457 3071 2523 omnia,
3110 2474 3211 2510 non
3237 2458 3467 2526 rapinam
3493 2458 3771 2511 arbitratus

2190 2554 2263 2599 est
2307 2561 2412 2598 esse
2456 2547 2661 2611 (aqualis
2725 2545 2870 2612 Deo,
2931 2547 3019 2601 sed
3074 2548 3391 2616 semetipsum
3456 2548 3771 2613 exiuauivit,

2191 2636 2404 2706 formam
2430 2638 2557 2694 servi
2581 2638 2857 2709 accipiens,
2890 2639 3051 2710 factus
3089 2640 3322 2693 obedieus
3354 2655 3509 2711 usque
3536 2639 3603 2691 ad
3632 2655 3768 2691 mor—

2191 2740 2309 2796 tem,
2338 2738 2543 2783 mortem
2570 2740 2736 2785 autem
2755 2731 2914 2784 crucis
2939 2729 3192 2801 (Philipp.
3223 2746 3281 2796 tt,
3309 2730 3453 2799 6-8).
3482 2730 3569 2785 Sic
3588 2738 3777 2783 autem

2192 2818 2498 2889 aliquando,
2526 2828 2584 2873 ut
2611 2820 2872 2890 intelligas
2908 2830 3066 2890 caput
3106 2831 3161 2875 et
3207 2836 3429 2890 corpus,
3465 2828 3771 2891 exponente

2192 2910 2310 2979 ipso
2352 2911 2609 2981 Apostolo
2650 2910 2988 2982 apertissime
3024 2911 3163 2982 quod
3203 2912 3398 2966 dictum
3439 2920 3520 2967 est
3556 2912 3623 2968 de
3651 2912 3779 2967 viro.

2192 3010 2247 3055 et
2270 3017 2441 3056 uxore
2470 3002 2522 3055 in
2552 3001 2775 3069 Genesi,
2806 3000 2999 3069 Erunt,
3031 3004 3217 3072 inquit,
3250 3004 3349 3056 duo
3376 3005 3428 3056 in
3466 3019 3616 3056 carne
3644 3020 3767 3057 una.

2192 3091 2379 3146 Videte
2410 3091 2581 3160 ipsum
2613 3102 2987 3161 exponentem,
3010 3102 3070 3147 ut
3096 3109 3199 3147 non
3222 3094 3540 3162 conjecturis
3569 3095 3770 3152 nostris

2191 3182 2388 3252 aliquid
2420 3183 2535 3236 ausi
2567 3182 2743 3238 dicere
2767 3183 3056 3238 videamur.
3078 3183 3243 3237 Erunt
3268 3187 3419 3252 enim,
3449 3186 3636 3256 inquit,
3664 3187 3779 3241 duo.

2191 3273 2243 3326 in
2269 3290 2420 3327 carne
2454 3290 2554 3327 una
2585 3290 2604 3326 :
2628 3282 2682 3328 et
2719 3274 2951 3340 addidit,
2985 3274 3368 3330 Sacramentum
3407 3278 3501 3330 hoc
3528 3294 3771 3348 magnum

2192 3374 2282 3418 est.
2328 3362 2396 3418 Et
2438 3380 2504 3419 ne
2542 3364 2713 3419 adhuc
2751 3372 2957 3434 putaret
2999 3366 3276 3436 quisquam
3314 3368 3365 3421 in
3409 3367 3523 3421 viro
3564 3383 3682 3421 esse
3712 3377 3773 3423 et

2193 3472 2356 3511 uxore
2399 3456 2691 3511 secundum
2728 3458 3019 3511 naturalem
3059 3458 3331 3527 utriusque
3358 3473 3518 3513 sexus
3545 3458 3768 3527 copula-

2194 3546 2388 3599 tioncm
2427 3546 2862 3615 corporalemque
2902 3546 3183 3601 mixturam
3220 3566 3233 3601 :
3268 3546 3378 3618 Ego
3420 3558 3586 3601 autem
3626 3548 3767 3615 dico,

2192 3634 2383 3706 inquit,
2425 3637 2478 3688 in
2513 3634 2712 3690 Christo
2741 3646 2786 3690 et
2817 3635 3045 3690 Ecclesia
3075 3636 3227 3707 (Gen.
3262 3654 3318 3702 tt,
3348 3638 3448 3701 9.4;
3475 3636 3664 3704 Ephes.
3691 3654 3721 3690 v
3746 3677 3765 3703 ,

2191 3730 2250 3784 51
2274 3770 2287 3795 ,
2334 3726 2445 3799 '59.).
2478 3728 2779 3784 Secundum
2822 3730 2922 3783 hoc
2951 3744 3077 3798 ergo
3102 3730 3239 3799 quod
3272 3730 3321 3782 in
3354 3729 3563 3784 Christo
3585 3738 3639 3783 et
3667 3730 3771 3784 Ec-

2189 3818 2349 3874 clesia
2379 3819 2631 3887 accipitur
2658 3818 2799 3887 quod
2826 3818 3023 3872 dictum
3051 3828 3149 3884 est,
3182 3818 3348 3871 Erunt
3388 3818 3488 3872 duo
3524 3820 3576 3871 in
3618 3836 3771 3874 carne

2190 3928 2292 3965 una
2321 3925 2342 3966 :
2367 3928 2465 3964 non
2480 3912 2595 3981 jam
2620 3912 2739 3976 duo,
2762 3911 2848 3963 sed
2868 3927 2968 3962 una
2994 3927 3111 3963 caro
3137 3921 3209 3964 est
3242 3909 3451 3981 (Matth.
3477 3927 3587 3978 xix,
3614 3912 3665 3976 5,
3685 3911 3765 3980 6).

2191 4003 2258 4057 Et
2279 4002 2544 4073 quomodo
2571 4016 2796 4071 sponsus
2822 4012 2874 4057 et
2903 4017 3117 4072 sponsa,
3150 4003 3228 4057 sic
3256 4012 3411 4072 caput
3449 4012 3502 4056 et
3531 4017 3724 4071 corpus
3750 4021 3765 4057 :

2191 4096 2314 4165 quia
2365 4103 2521 4163 caput
2559 4094 2795 4148 mulieris
2842 4095 2939 4147 vir.
2985 4094 3107 4148 Sive
3145 4110 3270 4161 ergo
3309 4096 3479 4147 dicam
3514 4104 3671 4162 caput
3713 4104 3770 4150 et

2190 4203 2385 4258 corpus
2408 4230 2424 4255 ,
2471 4188 2583 4242 sive
2612 4187 2779 4241 dicam
2816 4202 3044 4255 sponsus
3072 4195 3124 4240 ct
3148 4200 3372 4256 sponsa;
3417 4202 3577 4240 unum
3608 4187 3759 4242 intel-

2192 4281 2355 4351 ligite.
2389 4280 2615 4350 Ideoque
2638 4280 2777 4332 idem
2805 4279 3094 4347 apostolus,
3126 4294 3244 4333 cum
3266 4288 3407 4333 esset
3434 4279 3606 4334 adhuc
3630 4279 3771 4335 Satt-

2191 4373 2294 4437 lus,
2327 4372 2527 4425 audivit
2560 4388 2571 4423 :
2604 4369 2779 4435 Saule,
2817 4369 2993 4433 Saule,
3032 4369 3153 4437 quid
3190 4386 3270 4421 me
3298 4372 3605 4441 persequeris
3627 4371 3767 4440 (Act.

2191 4480 2276 4531 Ix,
2316 4464 2406 4534 4)?
2458 4463 2707 4532 quoniam
2750 4476 2942 4530 corpus
2984 4462 3141 4529 capiti
3177 4462 3498 4532 adjuugitur.
3538 4463 3603 4516 Et
3646 4477 3769 4517 cum

2185 4556 2293 4625 jam
2322 4554 2517 4610 Christi
2546 4553 2861 4623 precdicator
2892 4561 3159 4630 pateretur
3186 4555 3253 4608 ab
3278 4554 3414 4618 aliis,
3437 4570 3553 4622 qua:
3587 4570 3767 4621 perse-

2190 4654 2343 4699 cutor
2386 4645 2498 4714 ipse
2538 4644 2756 4710 fecerat,
2795 4642 2862 4698 Ut
2906 4644 3187 4714 suppleam,
3230 4643 3418 4713 inquit,
3455 4660 3565 4711 qua:
3590 4644 3771 4697 desunt

2192 4751 2539 4805 pressurarum
2576 4734 2759 4789 Christi
2786 4734 2838 4787 in
2864 4750 3013 4787 carne
3037 4750 3146 4787 mea
3174 4732 3389 4803 (Coloss.
3446 4750 3483 4799 ι,
3532 4733 3623 4802 24)
3658 4751 3670 4786 :
3704 4734 3773 4787 ad

2193 4842 2466 4897 pressuras
2494 4826 2687 4881 Christi
2718 4826 3005 4880 ostendens
3054 4826 3321 4894 pertinere
3359 4824 3499 4894 quod
3534 4825 3767 4894 patieba-

2194 4926 2297 4971 tur.
2325 4916 2476 4984 Quod
2501 4932 2604 4970 non
2633 4924 2805 4984 potest
2829 4915 3045 4983 intelligi
3078 4915 3367 4968 secundum
3399 4926 3575 4984 caput,
3628 4915 3772 4984 quod

2188 5008 2296 5076 jam
2326 5008 2377 5061 in
2405 5008 2541 5061 coelo
2567 5006 2699 5060 nihil
2728 5006 2833 5061 tale
2862 5004 3196 5075 patitur;sed
3222 5004 3512 5057 secundum
3550 5019 3768 5072 corpus,

2193 5096 2243 5151 id
2272 5107 2372 5161 est,
2406 5097 2729 5152 Ecelcsiam:
2760 5096 2898 5166 quod
2918 5109 3110 5164 corpus
3135 5109 3253 5147 cum
3282 5109 3378 5148 suo
3399 5094 3592 5165 capite,
3626 5110 3779 5149 unus

2192 5188 2435 5243 Christus
2465 5197 2566 5241 est.

2263 5279 2486 5336 CAPUT
2520 5277 2610 5332 XI.
2650 5308 2722 5318 —
2765 5279 2850 5333 15.
2889 5277 3091 5348 Sponsa
3128 5278 3315 5332 Christi
3348 5287 3465 5349 agat
3492 5286 3543 5331 ut
3572 5279 3633 5331 sit
3662 5280 3775 5332 sine

2190 5372 2390 5423 macula
2418 5379 2463 5423 et
2490 5386 2633 5438 ruga.
2654 5367 2911 5422 Exltibete
2936 5385 3061 5439 ergo
3083 5385 3181 5424 vos
3210 5370 3424 5440 dignum
3455 5384 3647 5439 corpus
3681 5370 3779 5424 tali

2191 5460 2385 5529 capite,
2411 5458 2622 5528 dignam
2654 5473 2902 5527 Sponsam
2934 5460 3021 5514 tali
3048 5475 3261 5529 sponso.
3290 5458 3407 5513 Non
3456 5468 3629 5529 potest
3672 5458 3773 5513 ha-

2194 5552 2322 5605 bere
2350 5560 2507 5618 caput
2534 5548 2682 5615 illud,
2712 5548 2813 5603 nisi
2842 5550 3159 5619 condignum
3189 5564 3415 5618 corpus;
3448 5566 3546 5604 nec
3578 5551 3664 5605 ille
3691 5550 3774 5604 vir

2193 5650 2389 5706 tantus,
2420 5639 2520 5694 nisi
2541 5640 2853 5709 condignam
2871 5640 3017 5695 ducit
3036 5656 3271 5695 uxorem.
3302 5640 3367 5697 Ut
3387 5642 3637 5697 exhiberet
3653 5641 3775 5703 εἰει,

2195 5731 2381 5801 inquit,
2412 5731 2681 5801 gloriosam
2712 5729 3027 5799 Ecclesium,
3070 5746 3167 5784 non
3217 5732 3476 5786 habentem
3519 5735 3774 5787 nutculmtt
