4080 6360
274 354 405 411 1501

276 485 365 530 au
392 484 573 545 rl'gam
593 514 607 539 ,
640 479 726 522 aut
753 467 944 539 aliquid
967 467 1216 539 ejusmodi
1246 463 1459 539 (Ephcs.
1498 481 1548 532 v,
1594 465 1707 537 27).
1747 466 1871 520 llaec

272 576 359 621 est
401 579 600 636 sponsa
652 560 886 629 Christi,
933 578 1037 616 non
1093 561 1295 616 habens
1341 560 1601 616 maculam
1647 570 1740 615 aut
1785 576 1873 614 ru-

274 674 397 728 gam
421 657 525 728 (α).
551 655 668 712 Νοη
683 657 763 711 vis
780 656 977 711 habere
1008 654 1307 711 maculam?
1329 654 1435 709 Fac
1454 654 1596 724 quod
1613 654 1868 723 scriptum

275 758 396 814 est;
429 748 728 815 Lavamini,
758 748 934 801 mundi
973 757 1145 811 estote,
1175 749 1371 819 auferte
1395 746 1643 815 nequitias
1667 746 1729 799 de
1753 762 1870 799 cor-

276 839 429 893 dibus
468 841 643 895 vestris
684 837 839 909 (Isai.
880 855 918 906 r,
970 839 1082 909 16).
1126 838 1241 894 Νοη
1280 839 1362 893 vis
1401 837 1602 894 habere
1646 838 1874 908 rugam?

272 931 587 988 Extendere
632 931 687 985 in
732 946 966 985 crucem.
999 929 1114 984 Non
1141 930 1284 985 enim
1316 937 1522 985 tantum
1552 944 1686 999 opus
1710 938 1878 984 estut

274 1023 501 1090 laveris,
525 1020 619 1077 sed
648 1022 809 1077 etiam
854 1030 914 1075 ut
950 1019 1291 1086 extendaris,
1338 1030 1397 1076 ut
1423 1021 1496 1076 sis
1523 1021 1639 1076 sine
1668 1021 1875 1091 macula

278 1123 374 1169 aut
399 1128 550 1183 ruga.
575 1113 679 1167 Per
701 1112 967 1167 lavacrum
989 1111 1131 1167 enim
1154 1111 1467 1168 auferuntur
1492 1121 1705 1182 peccata
1735 1130 1748 1167 :
1781 1128 1877 1183 per

276 1205 658 1261 extensionem
711 1204 772 1258 tit
807 1203 1129 1259 desiderium
1180 1203 1343 1259 futuri
1387 1203 1608 1269 saeculi,
1658 1213 1877 1274 propter

276 1296 424 1366 quod
452 1296 698 1352 Christus
725 1295 1009 1351 cruciﬁxus
1039 1305 1140 1350 est.
1170 1295 1307 1350 Audi
1336 1296 1508 1365 ipsum
1539 1295 1761 1350 Paulum
1796 1295 1875 1349 lo-

280 1396 395 1441 tum
430 1403 443 1441 :
481 1385 623 1452 Non,
658 1387 864 1456 inquit,
892 1403 955 1441 ea:
981 1386 1215 1456 operibus
1233 1387 1451 1457 justitiae
1480 1402 1592 1456 qua:
1620 1403 1711 1441 nos
1744 1386 1873 1456 feci-

279 1494 416 1544 mus,
471 1478 564 1532 sed
608 1478 882 1531 secundum
931 1494 1077 1533 suam
1124 1477 1522 1532 misericordiam
1568 1478 1733 1533 salvos
1781 1494 1874 1532 nos

280 1571 440 1641 fecit,
488 1588 577 1641 per
616 1571 873 1625 lauacrum
913 1571 1459 1645 regenerationis‘(Tit.
1500 1589 1581 1641 tu,
1624 1571 1704 1646 5).
1736 1573 1874 1629 Audi

279 1661 532 1717 eumdem
572 1670 856 1718 extensum
886 1680 899 1716 :
932 1663 1042 1732 Ea,
1074 1664 1281 1734 inquit,
1308 1680 1421 1735 qua:
1444 1674 1577 1720 retro
1601 1675 1720 1721 sunt
1748 1667 1875 1721 obli-

280 1761 385 1821 tus,
415 1753 471 1806 in
509 1769 569 1807 ea
605 1770 721 1825 quae
747 1763 864 1810 ante
884 1764 1003 1809 sunt
1028 1765 1262 1812 extensus
1284 1797 1301 1825 ,
1328 1758 1605 1813 secundum
1634 1759 1871 1814 intentio-

280 1860 397 1897 nem
424 1861 608 1915 sequor
631 1847 701 1900 ad
719 1846 943 1917 palmam
967 1864 1201 1919 superna:
1225 1852 1498 1907 vocationis
1526 1851 1619 1907 Dei
1647 1853 1699 1907 in
1725 1853 1874 1908 Chri-

278 1944 360 1990 sto
383 1933 511 1992 Jesu
535 1935 791 2009 (Philipp.
832 1934 922 2008 ut,
948 1940 1016 1996 15
1034 1949 1080 1997 et
1102 1940 1213 2014 14).

746 2094 974 2153 SERMO
1010 2096 1276 2154 cccxur
1308 2102 1325 2121 ·
1352 2100 1451 2169 (b).

281 2222 367 2280 De
406 2225 675 2296 Sacriﬁcio
712 2229 992 2300 vespertino
1018 2229 1111 2301 (c).
1146 2228 1212 2283 In
1241 2246 1339 2300 quo
1364 2231 1648 2302 explicatur
1671 2231 1873 2287 initium

816 2319 1079 2392 Evangelii
1115 2320 1352 2377 Joannis.

358 2449 411 2502 1.
446 2447 620 2503 Crucis
660 2450 881 2521 signum.
929 2452 1255 2523 Sacri/icium
1284 2456 1467 2510 crucis.
1501 2456 1578 2513 De
1600 2457 1873 2515 Sacriﬁcio

280 2541 595 2609 vespertino
622 2556 800 2598 sermo
821 2542 1124 2601 reddendus
1148 2555 1248 2602 est.
1281 2547 1560 2605 Oravimus
1580 2550 1722 2606 enim
1747 2566 1873 2607 can-

284 2632 469 2700 tando,
490 2641 544 2688 et
570 2635 774 2690 orando
800 2639 1150 2708 cantavimus,
1172 2638 1433 2713 Dirigatur
1447 2644 1609 2698 oratio
1624 2660 1731 2698 mea
1748 2646 1874 2700 sicut

282 2724 542 2777 incensum
557 2725 609 2778 in
622 2736 888 2796 conspectu
916 2738 1003 2783 tuo
1023 2746 1043 2783 :
1058 2730 1264 2786 elevatio
1282 2748 1524 2788 manuum
1544 2751 1771 2789 mearum
1785 2753 1872 2791 sa-

283 2815 536 2883 cri/icium
556 2820 892 2888 vespertinum
911 2820 1081 2892 (Psal.
1103 2838 1224 2893 CXL,
1237 2824 1316 2897 2).
1342 2824 1399 2880 in
1412 2827 1651 2883 oratione
1679 2827 1872 2884 adver-

285 2905 449 2961 timus
476 2906 746 2965 hominem
771 2952 786 2979 ,
825 2911 881 2967 in
907 2915 1219 2971 extensione
1243 2931 1497 2973 manuum
1534 2919 1871 2990 agnoscimus

282 3010 522 3053 crucem.
538 2999 635 3055 Est
657 3016 786 3072 ergo
811 3005 912 3059 hoc
933 3005 1141 3076 signum
1158 3008 1300 3078 quod
1321 3010 1373 3063 in
1392 3010 1563 3066 fronte
1578 3020 1870 3083 gestamus,

282 3088 495 3159 signum
515 3106 621 3162 quo
649 3093 781 3149 salvi
808 3110 1011 3152 sumus.
1046 3096 1267 3169 Signum
1306 3102 1542 3171 irrisum,
1562 3111 1620 3158 ut
1645 3104 1874 3160 honora-

282 3190 451 3246 retur;
481 3192 865 3254 contemptum,
895 3197 954 3243 ut
976 3189 1383 3261 gloriﬁcaretur.
1410 3195 1552 3251 Deus
1574 3207 1869 3267 comparet,

282 3278 342 3325 ut
358 3270 522 3328 homo
538 3273 884 3345 deprecetur;
913 3286 967 3334 et
993 3281 1132 3337 Deus
1152 3282 1300 3352 latet,
1320 3294 1378 3339 ut
1404 3285 1564 3342 homo
1590 3289 1869 3344 moriatur.

282 3362 347 3419 Si
365 3365 499 3420 enim
524 3370 885 3438 cognovissent,
910 3388 1165 3445 nunquam
1194 3375 1470 3432 Dominum
1506 3381 1683 3451 gloria:
1711 3383 1874 3437 cruci-

280 3455 510 3523 ﬁzissent
531 3457 577 3528 (ι
592 3457 776 3528 Cor.u,
791 3462 869 3534 8).
889 3462 1001 3519 Hoc
1011 3480 1138 3536 ergo
1162 3468 1500 3537 sacriﬁcium,
1521 3473 1607 3527 ubi
1625 3473 1873 3531 sacerdos

279 3556 366 3601 est
381 3548 613 3616 victima,
645 3551 871 3608 redemit
894 3570 993 3610 nos
1013 3555 1132 3613 fuso
1160 3560 1417 3630 sanguine
1445 3562 1733 3619 Creatoris.
1756 3565 1871 3622 Non

280 3648 461 3696 tamen
486 3643 501 3673 ¹
530 3645 731 3700 creavit
759 3663 859 3703 nos
883 3662 1004 3704 eum
1034 3653 1312 3722 sanguine,
1343 3654 1442 3710 sed
1472 3656 1699 3712 redemit
1743 3674 1870 3713 san-

278 3732 462 3801 guine.
477 3734 687 3791 Creavit
705 3738 845 3793 enim
873 3755 971 3796 nos
990 3742 1042 3796 in
1061 3744 1312 3816 principio
1332 3747 1473 3817 quod
1496 3760 1601 3802 erat
1630 3747 1866 3816 Verbum,

279 3833 331 3878 et
364 3824 585 3881 Verbum
609 3840 717 3884 erat
742 3832 882 3901 apud
912 3833 1093 3902 Deum,
1135 3844 1181 3889 et
1211 3835 1349 3891 Deus
1378 3847 1486 3892 erat
1523 3838 1758 3895 Verbum.
1788 3842 1870 3897 Ab

280 3914 386 3971 hoc
409 3919 576 3974 creati
602 3935 805 3976 sumus.
855 3922 1045 3980 Sermo
1072 3936 1350 3984 contextus
1376 3929 1615 4002 adjungit
1640 3972 1653 3996 ,
1688 3931 1871 3987 Omnia

280 4024 374 4077 per
396 4009 565 4080 ipsum
592 4017 728 4083 facta
756 4024 895 4082 sunt,
926 4026 974 4071 et
1002 4018 1109 4073 sine
1135 4019 1245 4091 ipso
1271 4024 1461 4093 factum
1487 4033 1559 4077 est
1583 4025 1728 4079 nihil.
1759 4026 1871 4082 lloc

280 4111 365 4157 est
387 4118 496 4174 quo
514 4107 680 4161 creati
699 4122 903 4164 sumus.
932 4110 1048 4179 Quo
1072 4127 1200 4169 vero
1228 4114 1507 4185 redempti,
1535 4118 1657 4173 audi
1682 4136 1694 4172 :
1722 4118 1871 4185 Quod

280 4200 477 4267 factum
504 4207 598 4266 est,
628 4200 817 4271 inquit,
849 4203 901 4257 in
929 4220 986 4258 eo
1010 4205 1111 4258 vita
1140 4216 1266 4272 erat,
1298 4217 1343 4263 et
1370 4207 1469 4262 vita
1494 4218 1601 4264 erat
1643 4211 1733 4265 lux
1777 4213 1872 4268 ho-

279 4288 509 4356 minam;
560 4298 607 4344 et
653 4292 743 4345 lux
761 4292 813 4346 in
856 4295 1068 4351 tenebris
1109 4295 1258 4364 lucet,
1290 4307 1338 4353 et
1368 4300 1584 4355 tenebrat
1618 4316 1732 4360 eam
1770 4322 1871 4361 non

280 4381 785 4451 comprehenderunt.
834 4385 1023 4442 Adhuc
1051 4387 1193 4444 Deus
1225 4398 1308 4446 est
1334 4407 1349 4445 :
1380 4391 1556 4448 adhuc
1577 4392 1708 4452 illud
1734 4396 1868 4452 dici-

280 4478 388 4537 η,
417 4472 561 4543 quod
588 4474 1025 4535 incommutabile
1045 4494 1258 4552 semper
1285 4492 1494 4554 manet;
1533 4489 1708 4546 adhuc
1740 4491 1870 4548 illud

278 4560 515 4633 dicitur,
560 4566 647 4620 cui
686 4568 916 4625 videndo
953 4571 1115 4627 corda
1161 4575 1467 4634 mundanda
1511 4591 1637 4637 sunt
1678 4602 1691 4637 :
1729 4583 1869 4640 unde

277 4661 458 4711 autem
486 4658 843 4729 mundentur,
875 4663 1108 4721 nondum
1144 4665 1294 4726 dicit.
1345 4671 1491 4738 Lux,
1521 4674 1708 4745 inquit,
1740 4678 1869 4731 lucet

276 4747 329 4801 in
370 4750 602 4817 tenebris,
633 4760 681 4806 et
718 4755 933 4811 tenebrae
954 4773 1067 4815 eam
1105 4779 1204 4817 non
1230 4766 1728 4834 comprehenderunt.
1762 4770 1866 4825 Sed

280 4849 337 4895 ut
364 4855 471 4896 non
497 4843 604 4899 sint
624 4846 881 4921 tenebras,
915 4854 1221 4925 possintque
1246 4873 1361 4912 eam
1390 4861 1864 4929 comprehendere;

280 4934 514 4991 tenebrae
541 4937 689 4996 enim
717 4953 1054 5013 peccatores,
1081 4949 1317 5005 tenebrae
1350 4951 1589 5010 inﬁdeles
1615 4974 1627 5008 :
1658 4966 1715 5011 ut
1739 4973 1867 5029 ergo

279 5037 387 5079 non
422 5026 535 5086 sint
572 5033 829 5103 tenebrte,
860 5037 1168 5109 possintque
1200 5044 1655 5113 comprehendere
1677 5088 1693 5114 ,
1744 5026 1867 5105 Ver-

279 5114 398 5171 bum
424 5136 545 5175 caro
569 5126 760 5192 factum
783 5136 874 5193 est,
906 5137 953 5181 et
979 5130 1218 5184 habitavit
1246 5133 1298 5187 in
1323 5135 1483 5189 nobis.
1518 5137 1704 5195 Videte
1731 5141 1864 5196 Ver-

281 5208 431 5278 bum,
463 5212 641 5270 videte
671 5215 903 5273 Verbum
928 5234 1168 5291 carnem,
1193 5223 1427 5281 Verbum
1463 5238 1585 5285 ante
1624 5246 1861 5289 carnem.

346 5409 365 5439 ι
379 5407 673 5471 sirmondus,
696 5418 1005 5467 nontantum.
1034 5419 1198 5481 Aptius
1219 5419 1400 5484 Florus,
1416 5437 1507 5474 non
1531 5431 1705 5479 tamen.

343 5490 675 5579 Laxasten:
708 5496 1104 5579 primumut-idid;
1127 5517 1171 5553 v.
1199 5510 1252 5554 et
1280 5505 1340 5555 ad
1375 5508 1542 5573 Sirm.;
1576 5518 1627 5564 et
1664 5504 1863 5579 deinde,

275 5558 385 5612 post
408 5552 696 5617 editionem,
709 5552 1039 5623 'castigatusad
1061 5563 1124 5613 cl.

356 5638 409 5712 ς)
434 5638 552 5712 vide
575 5648 788 5712 neti-act.
800 5644 887 5695 lib.
910 5647 960 5712 2,
983 5662 1088 5712 cap.
1106 5650 1186 5701 58.

356 5636 410 5822 αξ
434 5638 552 5711 vide
575 5648 781 5695 hetract.
800 5644 887 5695 lib.
910 5647 958 5708 2,
983 5662 1088 5712 cap.
1106 5650 1165 5701 58

360 5698 389 5746 b
436 5701 579 5763 Alias,
600 5705 730 5755 inter
750 5708 1102 5764 sirmondianos
1116 5715 1165 5763 8.

330 5636 416 5871 ξεττ.
608 5765 775 5820 Florus
816 5771 876 5821 ad
921 5779 1047 5825 Rom.
1095 5790 1145 5828 st

271 5763 565 5874 “eis:
608 5765 775 5820 Florus
816 5771 876 5821 ad
921 5779 1047 5825 Rom.
1089 5763 1181 5840 si,
1239 5778 1298 5828 ad
1339 5785 1354 5827 ι
1399 5787 1503 5831 Cor.
1554 5797 1604 5833 xi
1632 5820 1647 5847 ,
1700 5796 1753 5840 et
1804 5790 1863 5840 ad

1640 346 1865 431 SERMU
1904 346 2196 410 CCCXL".

3431 376 3567 436 1503

1982 460 2049 519 In
2075 468 2330 541 principio
2357 480 2464 525 erat
2504 470 2735 542 Verbum,
2764 485 2810 530 et
2842 478 3057 536 Verbum
3082 492 3192 539 erat
3215 488 3356 558 apud
3379 487 3567 553 Deum,

1982 565 2028 608 et
2074 558 2214 615 Deus
2257 570 2364 616 erat
2410 562 2674 620 Verbum:
2702 569 2869 623 omnia
2905 588 2995 641 per
3039 574 3208 647 ipsum
3246 578 3385 650 facta
3426 593 3564 637 sunt.

1984 646 2084 704 Ubi
2112 650 2199 706 hic
2226 656 2474 725 sanguis?
2504 657 2643 714 Ecce
2666 659 2776 730 jam
2802 672 2988 720 auctor
3015 656 3139 724 tuus
3160 711 3176 736 ,
3209 646 3305 726 sed
3332 673 3567 729 nondum

1983 748 2066 830 est
2092 743 2318 810 pretium
2347 754 2514 801 tuum.
2549 748 2700 806 Unde
2724 766 2855 822 ergo
2881 754 3233 829 redemptus?
3258 760 3391 830 Quia
3444 763 3568 819 Ver-

1984 829 2102 883 bum
2124 848 2242 886 caro
2266 833 2457 903 factum
2484 847 2577 903 est,
2600 848 2647 892 et
2672 840 2911 897 habitavit
2936 844 2989 899 in
3014 848 3177 904 nobis.

2055 923 2110 977 2.
2139 923 2364 981 Joannes
2406 930 2588 985 missus
2632 942 2749 987 ante
2774 933 3063 1005 Christum,
3108 948 3163 994 ut
3202 941 3408 999 lucerna
3453 956 3571 998 ante

1984 1015 2175 1072 lumen.
2216 1018 2381 1075 Paulo
2409 1024 2650 1092 superius
2674 1028 2911 1083 attende.
2943 1029 3094 1099 Lux,
3133 1032 3322 1104 inquit,
3355 1036 3488 1091 lucet
3516 1039 3568 1092 in

1985 1108 2230 1176 tenebris,
2264 1119 2311 1165 et
2351 1113 2566 1169 tenebras
2603 1132 2714 1170 eam
2741 1134 2843 1173 non
2883 1123 3385 1193 comprehenderunt.
3433 1128 3567 1197 Quia

1983 1214 2113 1270 ergo
2157 1203 2395 1259 tenebrae
2439 1206 2618 1262 lumen
2668 1226 2777 1266 non
2826 1214 3384 1286 comprehenderunt,
3432 1236 3566 1293 epus

1983 1301 2101 1348 erat
2130 1293 2438 1353 hominibus
2464 1299 2695 1357 humano
2722 1306 3046 1361 testimonio.
3071 1307 3220 1364 Diem
3242 1310 3429 1367 videre
3459 1327 3567 1368 non

1982 1395 2273 1455 poterant,
2327 1389 2596 1447 lucernam
2643 1392 2784 1451 forte
2829 1406 3075 1467 poterant
3129 1400 3377 1457 tolerare.
3432 1403 3566 1471 Quia

1982 1490 2109 1547 ergo
2137 1477 2204 1533 ad
2231 1479 2519 1537 videndum
2547 1484 2687 1540 diem
2728 1488 2902 1544 minus
2940 1490 3115 1545 idonei
3160 1502 3345 1559 erant,
3388 1495 3568 1551 lucer-

1982 1582 2104 1623 nam
2137 1579 2311 1627 tamen
2344 1583 2632 1647 utcumque
2674 1579 3008 1649 tolerabant;
3044 1583 3166 1638 Fuit
3207 1587 3354 1641 homo
3383 1590 3568 1645 missus

1981 1675 2013 1713 a
2041 1661 2171 1730 Deo,
2201 1666 2281 1718 cui
2315 1682 2496 1722 nomen
2522 1678 2630 1723 erat
2657 1669 2907 1727 Joannes.
2942 1673 3043 1728 Hic
3070 1678 3221 1745 venit,
3256 1689 3311 1733 ut
3340 1682 3566 1736 testimo-

1980 1751 2120 1805 nium
2152 1754 2431 1822 perhiberet
2455 1757 2518 1812 de
2545 1759 2753 1815 lumine.
2781 1764 2933 1831 Quis,
2965 1765 3033 1821 de
3058 1782 3165 1836 quo
3192 1768 3281 1824 hic
3311 1772 3475 1841 venit,
3509 1783 3569 1828 ut

1983 1843 2348 1902 testimonium
2387 1850 2699 1919 perhiberet
2725 1853 2794 1909 de
2824 1855 3022 1913 lumine
3049 1859 3113 1912 ll?
3153 1860 3431 1929 Quomodo
3459 1881 3565 1921 non

1980 1944 2096 1989 erat
2123 1935 2214 1991 ille
2238 1938 2437 2006 lumen,
2469 1941 2513 1996 si
2540 1943 2625 1998 vel
2654 1943 2869 2001 lucerna
2898 1950 3057 2004 erat?
3092 1950 3270 2008 Primo
3298 1954 3418 2011 vide
3441 1958 3564 2026 quia

1981 2024 2194 2082 lucerna
2225 2040 2359 2085 erat.
2390 2032 2591 2089 Audire
2620 2035 2704 2090 vis
2752 2037 3024 2094 lucernam
3071 2042 3137 2098 de
3180 2045 3285 2111 die,
3333 2055 3387 2101 et
3421 2024 3563 2103 diem

1979 2115 2048 2171 de
2078 2117 2294 2175 lucerna
2319 2122 2380 2176 ’ἲ
2417 2122 2549 2191 Vos,
2593 2125 2802 2197 inquit,
2851 2132 3059 2186 misistis
3100 2136 3169 2188 ad
3195 2135 3477 2205 Joannem,
3519 2152 3595 2195 et'

1979 2213 2207 2269 voluistis
2240 2215 2308 2269 ad
2336 2220 2516 2272 horam
2543 2222 2798 2277 exsultare
2838 2225 2889 2278 in
2934 2226 3122 2281 lumine
3154 2231 3263 2299 ejus
3295 2248 3313 2285 :
3343 2232 3431 2287 ille
3458 2247 3565 2288 erat

1980 2305 2190 2360 lucerna
2216 2309 2398 2363 ardens
2435 2320 2483 2365 et
2512 2312 2685 2368 lucens
2722 2314 2909 2386 (Joan.
2931 2333 2984 2383 ν,
3012 2320 3081 2375 55
3105 2332 3151 2375 et
3177 2323 3245 2379 55
3266 2323 3305 2394 ).
3330 2324 3565 2381 Joannes

1981 2412 2111 2469 ergo
2137 2399 2239 2455 iste
2267 2401 2393 2471 quid
2422 2403 2672 2471 videbat,
2716 2408 2804 2478 qui
2837 2408 3109 2465 lucernam
3146 2417 3567 2472 contemnebat?

1982 2488 2105 2544 Non
2133 2500 2239 2545 erat
2266 2492 2352 2546 ille
2379 2494 2547 2549 lumen
2565 2537 2581 2563 ,
2625 2497 2715 2551 sed
2744 2508 2799 2553 ut
2829 2500 3165 2557 testimonium
3192 2506 3469 2575 perhiberet
3503 2510 3566 2564 de

1980 2582 2188 2637 lumine.
2241 2585 2315 2641 De
2355 2602 2462 2657 quo
2509 2588 2751 2646 lumine?
2800 2591 2929 2647 Erat
2969 2595 3139 2651 lumen
3179 2613 3385 2670 verum,
3430 2607 3567 2671 quod

1978 2674 2236 2731 illuminat
2266 2694 2464 2733 omnem
2490 2680 2743 2737 hominem
2770 2686 3044 2740 venientem
3065 2690 3117 2743 in
3142 2690 3276 2744 hunc
3296 2695 3564 2751 mundum.

1980 2766 2037 2822 Si
2068 2783 2281 2824 omnem
2311 2769 2757 2845 hominem,.crgo
2782 2785 2836 2831 et
2857 2777 3138 2834 Joannem.
3163 2782 3263 2850 Qui
3290 2787 3525 2842 nondum
3545 2790 3567 2821 ³

1980 2872 2040 2914 se
2069 2859 2282 2915 volebat
2308 2863 2594 2920 ostendere
2623 2864 2763 2921 diem
2784 2908 2799 2933 ,
2845 2867 2958 2938 ipse
2987 2869 3089 2924 sibi
3116 2886 3271 2929 suam
3303 2875 3564 2935 accende-

1980 2958 2063 3005 rat
2091 2958 2279 3007 testem
2309 2954 2607 3010 lucernam.
2640 2955 2747 3013 Sed
2775 2961 2897 3015 talis
2926 2970 3041 3016 erat
3066 2962 3281 3022 lucerna
3300 3009 3315 3034 ,
3349 2986 3468 3039 qua:
3499 2972 3567 3027 de

1980 3044 2066 3101 die
2102 3054 2283 3116 posset
2321 3048 2561 3104 accendi.
2609 3050 2750 3105 Audi
2790 3052 2963 3123 ipsum
3003 3053 3265 3115 Joannem
3301 3062 3565 3119 conﬁten-

1981 3144 2087 3193 tem
2113 3154 2127 3191 :
2162 3138 2274 3193 Nos
2297 3181 2311 3205 ,
2346 3140 2554 3211 inquit,
2586 3159 2758 3199 omnes
2788 3145 2851 3199 de
2877 3148 3192 3218 plenitudine
3218 3154 3328 3224 ejus
3367 3158 3565 3226 accepi-

1979 3245 2113 3284 mus.
2144 3227 2388 3286 Christus
2416 3232 2721 3303 putabatur,
2749 3234 3021 3295 hominem
3049 3256 3108 3295 sc
3132 3257 3253 3299 esse
3281 3244 3563 3301 fatebatur.

1981 3318 2240 3376 Dominus
2286 3322 2609 3392 putabatur,
2654 3339 2871 3384 servum
2919 3344 2978 3385 se
3028 3346 3150 3387 esse
3192 3335 3563 3391 conﬁtebatur.

1981 3410 2125 3467 Bene
2164 3413 2443 3483 agnoscis,
2486 3414 2742 3487 lucerna,
2795 3419 3147 3477 humilitatem
3182 3432 3356 3492 tuam,
3409 3443 3475 3482 ne
3515 3436 3566 3483 te

1980 3504 2245 3574 superbia:
2273 3513 2465 3561 ventus
2492 3510 2814 3581 exstinguat.
2847 3512 2975 3566 Erat
3004 3515 3145 3568 enim
3177 3516 3344 3571 lumen
3371 3534 3564 3585 verum,

1978 3597 2114 3667 quod
2163 3597 2419 3653 illuminat
2463 3614 2663 3656 omnem
2711 3603 2963 3658 hominem
3005 3607 3279 3662 venientem
3330 3611 3385 3664 in
3432 3611 3566 3665 hunc

1979 3673 2227 3743 mundani
2256 3705 2276 3743 :
2308 3687 2361 3745 id
2387 3699 2472 3748 est
2495 3709 2656 3751 omne
2685 3696 2905 3764 animal,
2937 3700 3077 3768 quod
3104 3711 3187 3755 est
3216 3702 3566 3761 illuminalio-

1980 3780 2064 3835 nis
2089 3795 2278 3852 capax,
2315 3781 2419 3841 hoc
2448 3792 2532 3842 est
2559 3801 2773 3843 omnem
2803 3788 3070 3847 hominem
3103 3793 3384 3850 habentem
3414 3813 3566 3852 mcn-

1979 3880 2086 3926 tem
2116 3880 2277 3944 atque
2303 3877 2587 3943 rationem,
2618 3891 2719 3948 qua
2746 3881 2916 3948 possit
2943 3896 3062 3937 esse
3089 3886 3357 3957 particeps
3380 3887 3562 3945 V'crbi.

2051 3962 2107 4017 '5.
2162 3964 2389 4021 Mundus
2434 3967 2629 4022 duobus
2676 3970 2840 4024 modis
2890 3973 3205 4045 intelligitur.
3262 3977 3392 4033 Illud
3436 3996 3565 4050 ergo

1979 4055 2125 4125 quod
2151 4064 2268 4113 erat
2292 4057 2473 4113 lumen
2505 4074 2721 4127 verum,
2763 4061 2903 4132 quod
2936 4064 3194 4121 illuminat
3226 4084 3438 4125 omnem
3468 4071 3563 4127 ho.

1981 4148 2180 4203 minem
2222 4148 2505 4205 habentem
2536 4162 2769 4206 mentem
2800 4152 3097 4209 venientem
3139 4156 3191 4210 in
3235 4158 3373 4214 hunc
3404 4176 3563 4216 mun-

1980 4239 2105 4295 dum
2128 4282 2143 4306 ,
2191 4241 2281 4295 ubi
2325 4243 2481 4296 erat?
2528 4241 2596 4295 In
2624 4242 2718 4296 hoc
2745 4244 2936 4297 mundo
2965 4253 3089 4299 erat.
3123 4246 3229 4301 Sed
3256 4259 3307 4302 et
3340 4260 3475 4305 terra
3509 4254 3561 4308 in

1982 4331 2085 4388 hoc
2112 4331 2312 4387 mundo
2342 4342 2456 4388 erat
2475 4375 2489 4401 ,
2522 4342 2575 4390 et
2604 4335 2683 4389 sol
2713 4344 2767 4389 et
2796 4335 2917 4391 luna
2948 4337 2999 4391 in
3031 4336 3133 4393 hoc
3163 4340 3360 4395 mundo
3387 4354 3560 4400 erant.

1980 4424 2117 4479 Audi
2146 4424 2213 4481 de
2245 4424 2332 4481 die
2372 4433 2498 4494 tuo,
2549 4441 2583 4483 ο
2618 4428 2814 4483 mentis
2844 4429 3091 4486 humana:
3120 4434 3341 4489 oculos!
3374 4434 3441 4490 In
3467 4438 3563 4492 hoc

1979 4520 2169 4574 mundo
2195 4530 2301 4575 erat
2321 4563 2335 4588 ,
2379 4530 2428 4576 et
2462 4538 2551 4592 per
2577 4522 2748 4593 ipsum
2773 4524 2992 4578 mundus
3018 4526 3185 4596 [actus
3213 4538 3306 4581 est.
3336 4527 3424 4585 Sic
3449 4541 3565 4587 erat

1981 4612 2099 4679 hic,
2144 4620 2203 4668 ut
2238 4622 2293 4669 et
2332 4623 2613 4685 antequam
2644 4616 2872 4672 mundus
2899 4626 3074 4684 esset,
3114 4634 3218 4674 non
3258 4626 3408 4691 quasi
3456 4640 3564 4680 nou

1979 4702 2199 4759 haberet
2246 4704 2334 4759 ubi
2384 4715 2546 4761 esset.
2599 4706 2741 4763 Deus
2785 4709 2927 4763 enim
2973 4709 3260 4765 habitando
3304 4715 3563 4783 continet,

1980 4810 2084 4849 non
2114 4795 2436 4851 continetur.
2484 4797 2625 4868 Ergo
2652 4797 2789 4852 miro
2817 4808 2869 4852 ct
2902 4800 3154 4854 iuellabili
3184 4802 3344 4858 modo
3373 4804 3424 4859 in
3459 4805 3560 4862 hoc

1978 4885 2176 4939 mundo
2206 4895 2339 4940 erat.
2389 4885 2457 4940 Et
2486 4888 2703 4942 mundus
2732 4906 2820 4959 per
2848 4905 2960 4943 eum
2997 4894 3162 4961 factus
3188 4903 3293 4960 est,
3332 4904 3377 4949 et
3417 4914 3565 4951 mun-

1976 4980 2073 5034 dus
2097 4997 2208 5034 cum
2239 4997 2340 5034 non
2366 4982 2612 5052 cognovit.
2635 4982 2765 5048 Quis
2793 4992 2875 5037 est
2904 4984 3161 5052 mundus,
3203 4987 3290 5057 qui
3320 5004 3415 5058 per
3440 5006 3561 5046 cum

2040 5115 2055 5145 ί
2080 5113 2240 5186 godex
2250 5114 2331 5186 eL:
2350 5114 2556 5186 guistde
2567 5129 2663 5186 quo
2680 5117 2908 5186 hicnvenit
2926 5126 2978 5167 ut
2996 5121 3321 5186 testimonium
3337 5125 3564 5186 perhibe-

1972 5182 2053 5245 ret
2073 5176 2138 5245 de
2162 5175 2346 5245 lumine
2354 5177 2384 5245 _?
2408 5175 2551 5245 Quis,“
2561 5175 2623 5228 de
2645 5178 2777 5239 quo?
2797 5187 3008 5245 Joannes
3040 5180 3103 5231 de
3136 5175 3349 5245 Christo;
3364 5184 3564 5236 lucerna

1974 5237 2036 5307 de
2056 5236 2153 5307 die.
2179 5235 2312 5307 (ruis,
2331 5237 2392 5307 de
2414 5235 2507 5301 quo
2526 5235 2551 5289 ἶ)
2572 5235 2794 5307 Joannes
2810 5242 2871 5290 de
2892 5241 3081 5307 Christo
3109 5256 3258 5307 :ergo
3279 5235 3478 5297 lucerna
3503 5235 3564 5301 de

1974 5298 2071 5347 die.
2098 5306 2199 5347 Non
2239 5297 2472 5364 injuriain
2504 5301 2677 5351 Joanni
2697 5302 2903 5364 facimus
2940 5306 3067 5354 :sed
3105 5297 3235 5355 diem
3272 5315 3485 5360 nostrum
3507 5297 3563 5360 ﬁsi

1973 5358 2441 5426 constanterjntueri
2462 5375 2555 5426 non
2578 5358 2843 5426 possumus,
2872 5364 3040 5415 saltem
3062 5381 3171 5417 cum
3195 5368 3372 5420 honore
3397 5358 3560 5421 laude;

1973 5435 2095 5501 ηεαδ.
2140 5420 2272 5472 Venit
2296 5420 2687 5501 utjtestiman'imn
2728 5420 3000 5501 perhiberet
3037 5429 3101 5501 de
3121 5428 3310 5501 tantine.
3337 5420 3437 5482 Non
3458 5420 3562 5483 erat

1971 5482 2055 5596 alte
2078 5482 2430 5596 lmnen,‘sedtétt
2451 5482 2769 5539 testimonium
2782 5487 3051 5555 perltiberet
3069 5492 3129 5541 de
3153 5491 3346 5543 lumine.
3368 5482 3561 5555 Quanto;

2008 5559 2037 5595 ο
2056 5558 2150 5595 non
2170 5558 2256 5595 era
2279 5585 2292 5596 .
2322 5561 2351 5596 e
2405 5583 2418 5596 .

2008 5559 2037 5595 ο
2056 5558 2150 5595 non
2170 5552 2292 5597 erat.
2322 5555 2418 5597 etc.

2037 5585 2150 5677 "ita
2170 5585 2435 5677 iégé’niiﬁi
2457 5612 2770 5677 cumeodem
2786 5614 2951 5677 codice
2972 5613 3035 5664 cl.
3060 5614 3261 5677 [.mdire
3296 5615 3368 5668 vis
3404 5616 3562 5669 lucer-

1970 5683 2113 5741 nam,
2126 5667 2373 5741 lucernam
2390 5673 2453 5741 de
2475 5672 2556 5741 die
2573 5674 2624 5724 in
2647 5675 2793 5726 diem.
2822 5686 2891 5727 De
2910 5667 3147 5741 lucerna]

2037 5733 2058 5765 ³
2072 5733 2144 5782 sic
2165 5733 2485 5806 idem_eodex_
2496 5736 2557 5786 cl.
2584 5751 2679 5788 non
2695 5740 2905 5806 repetita
2920 5754 3061 5800 voce,
3079 5733 3326 5801 Joannem,
3351 5754 3464 5806 qua:
3480 5756 3557 5793 su-

1971 5802 2143 5858 perest
2162 5795 2212 5843 in
2234 5795 2393 5867 editis.
2416 5797 2485 5867 [5i
2499 5810 2685 5852 onmem
2708 5795 2964 5863 hominem,
2989 5795 3102 5867 ergo
3124 5795 3394 5855 Joannem?
3419 5812 3555 5856 Joan-

1970 5871 2080 5909 nem
2102 5868 2184 5920 qui
2206 5859 2457 5923 nondum]
