4046 6360
551 315 574 374 Ι
593 317 699 376 5.05

559 427 728 484 Iactus
772 427 890 482 est?
933 424 1000 480 In
1039 424 1288 495 principio
1319 423 1436 494 fecit
1465 421 1604 476 Deus
1647 421 1826 474 caelum
1872 427 1920 473 et
1962 428 2144 473 terram

559 517 714 586 (Gen.
747 535 786 578 ι.
819 519 898 588 1),
937 518 1058 588 quia
1085 517 1260 570 omnia
1291 530 1382 584 per
1425 515 1596 585 ipsum
1645 511 1780 568 facta
1824 521 1970 568 sunt.
2015 511 2145 578 Quis

559 610 790 664 mundus
831 623 956 664 eum
1002 607 1106 662 no'n
1147 607 1396 678 cognovit
1432 605 1455 659 ?
1521 605 1746 660 Mundus
1791 613 1848 658 ct
1894 602 2140 667 mundus,

559 701 698 754 sicut
722 699 912 754 domus
951 709 1004 754 et
1027 699 1256 758 donius;
1301 698 1492 752 domus
1521 698 1571 750 in
1601 695 1800 750 fabrica
1823 735 1838 761 ,
1875 695 2066 749 domus
2091 693 2143 746 in

559 790 965 844 habitatoribus.
1029 791 1084 844 lu
1135 789 1330 844 fabrica
1387 787 1610 852 domus;
1657 784 2142 856 quemadmodum,

557 879 798 950 Magnam
841 880 1056 934 domum
1105 879 1261 946 fecit,
1309 878 1719 948 pulcherrimam
1753 877 1969 932 deruunt
2009 889 2143 932 con-

557 975 769 1028 struxit.
825 975 1020 1030 Domus
1073 975 1123 1028 in
1170 972 1592 1036 habitatoribus;
1641 967 1944 1039 quomodo,
1999 967 2141 1023 Bona

557 1063 748 1120 domus
770 1107 784 1130 ,
815 1065 1095 1119 benedicat
1123 1080 1239 1120 eam
1271 1062 1562 1126 Dominus;
1592 1062 1728 1114 mala
1755 1059 1976 1126 domus,
2017 1075 2142 1129 par-

555 1164 642 1208 cat
671 1154 719 1210 ei
749 1155 909 1208 Deus.
941 1156 1080 1224 Ergo
1105 1153 1322 1207 mundus
1347 1169 1434 1222 per
1457 1168 1574 1206 eum
1601 1155 1768 1221 [actus
1792 1159 1883 1214 est,
1913 1157 1966 1204 et
1995 1148 2143 1202 babi-

556 1248 686 1300 tatio
729 1246 1146 1301 ct~habitatores
1188 1265 1202 1298 ι
1249 1254 1294 1296 et
1335 1244 1549 1296 mundus
1589 1259 1701 1296 eum
1743 1257 1846 1294 non
1886 1241 2137 1310 cognovit,

555 1337 902 1392 habitatores.

631 1429 686 1480 4.
718 1407 948 1481 Christus
983 1426 1230 1496 quomodo
1262 1441 1360 1478 non
1390 1433 1614 1494 receptus
1651 1439 1682 1474 a
1719 1423 1844 1476 suis.
1882 1421 2054 1476 Judazi
2079 1421 2140 1474 ob

554 1517 837 1588 superbiam
885 1519 1102 1588 pratcisi,
1159 1515 1382 1570 Gentiles
1431 1515 1490 1568 ob
1537 1513 1872 1568 humilitatem
1913 1514 1967 1567 in
2009 1515 2142 1568 oliva

553 1610 744 1663 inserti.
771 1609 1088 1664 Centurionis
1116 1609 1372 1662 hnntilitas
1399 1619 1444 1662 et
1467 1609 1614 1678 ﬁdes.
1635 1637 1704 1648 ——
1721 1607 1786 1661 In
1813 1624 1908 1661 sua
1933 1609 2142 1677 propria

553 1703 721 1768 venit,
765 1711 813 1754 et
851 1703 930 1755 sui
967 1718 1080 1755 eum
1117 1717 1218 1754 non
1244 1709 1554 1770 receperunt.
1597 1699 1738 1770 Ergo
1774 1714 1938 1768 quare
1969 1700 2137 1766 venit,

555 1792 705 1862 quasi
748 1806 855 1846 non
887 1791 1142 1861 prtescius
1171 1790 1314 1860 quod
1357 1790 1439 1844 sui
1481 1804 1584 1844 non
1627 1799 1806 1844 essent
1835 1805 1956 1844 eum
1987 1805 2140 1844 rece—

557 1882 738 1950 pturi?
781 1882 916 1936 Audi
947 1891 1165 1952 propter
1191 1881 1332 1952 quod
1362 1881 1567 1937 venerit
1596 1883 1610 1912 ¹
1645 1901 1657 1935 :
1695 1881 1950 1951 Quotquot
1976 1891 2141 1936 autent

555 1982 849 2044 receperunt
875 1989 1009 2027 eum.
1061 1972 1156 2028 Sui
1199 1988 1304 2028 non
1345 1982 1693 2043 receperunt,
1724 1981 1778 2028 et
1805 1973 1886 2026 sui
1919 1988 2138 2042 recepe-

561 2074 688 2120 runt
714 2067 769 2132 ²;
811 2065 1042 2120 mundus
1083 2080 1186 2118 non
1214 2065 1470 2130 credidit,
1502 2074 1555 2119 ct
1583 2065 1814 2120 mundus
1846 2073 1986 2118 totus
2015 2079 2137 2120 cre-

553 2159 708 2214 didit.
756 2159 904 2214 Sicut
931 2159 1158 2214 dicimus
1180 2201 1194 2224 ,
1227 2159 1358 2213 Tota
1383 2159 1542 2212 arbor
1570 2159 1724 2226 plena
1754 2157 1896 2212 foliis
1921 2175 1936 2222 ;
1981 2173 2137 2212 num-

553 2249 681 2318 quid
727 2249 986 2304 t'ructibus
1035 2259 1118 2304 est
1167 2250 1316 2304 locus
1363 2247 1616 2302 ablatus?
1667 2247 1964 2317 Utrumque
2007 2247 2136 2314 dici,

557 2351 842 2412 utrumque
889 2342 1112 2412 intelligi
1144 2349 1338 2412 potest,
1385 2349 1440 2394 et
1477 2340 1636 2396 arbor
1679 2340 1819 2394 foliis
1860 2341 2036 2410 plena,
2085 2349 2141 2396 et

553 2432 714 2488 arbor
760 2432 1019 2488 fructibus
1068 2433 1222 2502 plena
1256 2449 1270 2485 :
1301 2446 1404 2486 una
1439 2432 1600 2486 arbor
1645 2431 1696 2486 in
1739 2441 1998 2502 utroque,
2045 2432 2138 2488 sed

558 2523 700 2578 foliis
728 2523 1115 2594 dispergendis,
1149 2523 1408 2578 fructibus
1435 2521 1768 2592 colligendis.
1801 2521 1962 2592 Ergo,
2005 2521 2140 2576 ﬁde-

561 2617 640 2671 les
668 2614 786 2686 ejus
806 2657 820 2682 ,
847 2615 990 2672 servi
1013 2615 1130 2686 ejus
1157 2615 1200 2682 ',
1230 2614 1516 2670 dilectores
1545 2614 1659 2684 ejus
1677 2654 1692 2679 ,
1722 2629 1948 2684 quorum
1971 2614 2138 2684 gloria

555 2715 670 2770 est,
705 2722 930 2777 quorum
961 2721 1084 2778 spes
1103 2747 1120 2772 ,
1150 2720 1376 2776 quorum
1405 2720 1494 2760 res
1520 2713 1636 2770 est;
1681 2703 1894 2776 quando
1921 2703 2135 2770 auditis,

556 2795 652 2854 Sui
679 2815 793 2852 eum
821 2815 922 2852 non
948 2805 1258 2869 receperunt,
1283 2797 1448 2852 nolite
1471 2796 1652 2853 dolere
1679 2815 1692 2850 :
1719 2796 1841 2867 quia
1867 2796 2140 2852 credendo

555 2891 724 2960 ipsius
753 2891 904 2945 estis.
953 2888 1050 2944 Sui
1086 2905 1203 2942 eum
1241 2905 1340 2942 non
1367 2897 1676 2960 receperunt.
1725 2889 1826 2956 Qui
1861 2889 1948 2943 isti
1974 2890 2140 2944 sunt?

557 2981 717 3038 Forte
742 2980 912 3038 Judaei
939 2981 1066 3034 olim
1092 2975 1262 3035 vocati
1289 2995 1355 3035 ex
1380 2979 1636 3050 Egypto,
1663 2979 1872 3035 liberati
1899 2981 1952 3034 in
1979 2996 2140 3036 manu

554 3074 779 3143 potenti,
824 3087 920 3142 per
945 3071 1182 3126 Rubrum
1218 3085 1366 3126 mare
1403 3071 1634 3140 trajecti,
1665 3085 1758 3140 per
1781 3072 1983 3126 siccum
2010 3063 2137 3128 eva-

553 3163 764 3231 dentes,
789 3163 1030 3216 hostibus
1053 3161 1454 3231 insequentibus
1477 3169 1740 3230 carentes,
1761 3176 1954 3216 manna
1977 3161 2136 3232 pasti,

553 3253 622 3310 de
651 3254 904 3310 servitute
933 3254 1092 3318 eruti,
1121 3253 1188 3307 ad
1214 3267 1434 3322 regnum
1465 3251 1732 3322 perducti,
1762 3258 1842 3306 tot
1867 3253 2140 3308 beneﬁciis

552 3346 737 3418 empti.
781 3346 920 3400 Ecce
943 3345 1059 3412 sui,
1089 3344 1180 3413 qui
1213 3360 1316 3398 non
1347 3352 1670 3412 receperunt
1699 3361 1712 3398 :
1737 3344 1831 3399 sed
1861 3361 1970 3400 non
1998 3346 2136 3400 reci-

551 3437 748 3508 piendo
775 3435 898 3490 facti
927 3447 1052 3492 sunt
1080 3435 1257 3490 alieni.
1297 3435 1352 3490 ln
1381 3435 1520 3490 oliva
1549 3443 1734 3502 erant,
1781 3437 2138 3505 superbiendo

551 3528 706 3585 fracti
736 3539 878 3584 sunt.
909 3528 1148 3583 Oleaster
1171 3526 1606 3596 contemptibilis,
1633 3527 1988 3582 amaritudine
2013 3527 2137 3583 bac-

549 3635 732 3676 carum
762 3619 1110 3688 aspernabilis
1137 3617 1159 3648 ¹⁵
1180 3659 1194 3682 ,
1233 3633 1328 3688 per
1357 3628 1522 3672 totum
1555 3617 1810 3672 mundum
1839 3627 1993 3684 erat;
2043 3619 2136 3673 illo

551 3719 695 3766 totus
717 3710 949 3765 mundus
975 3709 1226 3764 horrebat
1252 3709 1485 3763 silvestri
1508 3709 1740 3762 oleastro
1761 3709 1782 3740 ⁸
1804 3727 1816 3763 :
1841 3709 1934 3764 sed
1959 3720 2135 3766 tamen

553 3815 649 3870 per
675 3801 1024 3855 humilitatem
1056 3800 1125 3854 ibi
1155 3801 1350 3854 meruit
1379 3800 1573 3864 inseri,
1603 3799 1747 3855 unde
1773 3799 1918 3855 oliva
1943 3815 2132 3872 super-

545 3889 748 3948 biendo
779 3890 992 3961 prtecidi
1041 3889 1227 3962 (Rom.
1254 3906 1338 3956 χι,
1371 3890 1484 3960 17).
1527 3890 1664 3946 Audi
1709 3892 1902 3946 olivam
1942 3909 2132 3964 supcr-

542 3981 777 4036 bientem
804 4023 818 4049 ,
865 3989 918 4036 et
965 3979 1134 4051 frangi
1175 3980 1432 4050 dignam:
1467 3979 1579 4036 Nos
1647 3980 1709 4034 de
1755 3983 1987 4036 servitute
2031 4000 2132 4038 non

544 4087 719 4126 sumus
746 4071 851 4124 nati
870 4113 884 4138 ,
915 4081 1109 4142 patrem
1136 4070 1374 4126 habemus
1403 4070 1678 4125 Abraham.
1709 4071 2080 4141 Respondetur
2111 4089 2124 4126 :

543 4159 608 4216 Si
634 4161 731 4231 filii
760 4160 976 4216 Abrahae
1000 4161 1172 4216 essetis
1194 4204 1206 4227 ,
1239 4166 1376 4233 facta
1406 4162 1624 4218 Abrahte
1653 4164 1904 4234 faceretis.
1935 4163 2130 4220 Contra

543 4251 597 4306 id
626 4252 769 4322 quod
801 4252 1002 4307 dictum
1034 4263 1115 4307 est
1135 4294 1148 4316 ,
1183 4251 1260 4306 De
1295 4255 1529 4310 servitute
1561 4271 1661 4308 non
1689 4271 1862 4309 sumus
1893 4256 1998 4309 nati
2027 4272 2044 4309 :
2071 4255 2132 4312 Si

540 4357 627 4397 vos
657 4341 825 4398 Filius
869 4343 1184 4408 liberaverit,
1233 4359 1344 4397 vere
1387 4345 1528 4398 liberi
1574 4346 1734 4402 eritis.
1786 4347 2008 4400 Liberos
2033 4362 2128 4400 vos

541 4447 663 4488 esse
699 4432 948 4504 jactatis?
996 4433 1174 4486 Omnis
1217 4433 1304 4502 qui
1349 4433 1474 4504 facit
1505 4443 1766 4504 peccatum
1791 4477 1805 4501 ,
1850 4451 2020 4490 servas
2056 4447 2128 4491 est

542 4524 728 4596 peccati
759 4521 938 4596 (Joan.
965 4539 1056 4578 vnt
1077 4563 1091 4588 ,
1123 4519 1344 4592 53-39).
1374 4521 1586 4590 Quanto
1612 4539 1740 4594 ergo
1771 4525 1934 4580 tutius
1966 4525 2126 4581 homo

541 4629 726 4671 servus
776 4629 923 4669 esses
971 4613 1221 4680 hominis,
1248 4629 1406 4684 quam
1453 4629 1718 4683 perversa:
1770 4617 2126 4686 cupiditatis?

541 4707 622 4762 Illi
674 4715 850 4763 tamen
905 4705 1263 4777 superbieudo
1319 4705 1574 4761 humilem
1629 4723 1734 4761 non
1788 4720 2122 4778 receperunt.

540 4795 675 4854 Vide
710 4798 999 4852 oleastrum
1041 4795 1260 4867 dignum
1289 4795 1485 4863 inseri,
1526 4793 1903 4852 Centurionem
1951 4799 2117 4866 illum,

540 4903 646 4942 non
677 4887 743 4942 de
769 4885 1074 4942 lsraeliticis
1094 4929 1108 4953 ,
1139 4885 1234 4940 sed
1273 4885 1340 4942 de
1370 4885 1666 4942 Gentilibus
1688 4887 1729 4942 °:
1757 4885 1991 4956 Domine,
2023 4907 2122 4945 non

537 4996 650 5034 sum
675 4979 857 5052 dignus
877 5022 890 5046 ,
922 4989 975 5034 ut
1006 4979 1094 5032 sub
1125 4988 1304 5032 tectum
1331 4995 1497 5032 meum
1526 4979 1698 5034 intres.
1735 4981 1799 5036 Et
1827 4981 2079 5037 Dominus
2107 5001 2120 5039 :

601 5115 619 5182 ξ
647 5113 775 5182 [dem
798 5111 1059 5182 codex-cl;
1083 5109 1207 5162 Audi
1221 5115 1414 5182 propter
1432 5125 1554 5182 quos
1568 5111 1765 5164 venerit.

599 5175 781 5238 'Jillld,
806 5181 850 5225 et
890 5173 966 5226 sui
1001 5173 1318 5238 receperunt,
1343 5173 1614 5238 restituitur
1638 5187 1702 5238 ett
1722 5175 1919 5238 eodem
1952 5178 2120 5228 codice

535 5235 598 5286 cl.
623 5235 732 5298 [sui
761 5234 852 5286 non
875 5234 1154 5299 receperunt
1172 5270 1186 5295 ,
1210 5234 1416 5299 mundus
1451 5248 1550 5299 non
1561 5235 1818 5298 credidit.]

600 5297 904 5365 _"_\'ox,‘eius,
929 5297 1007 5365 hic
1041 5297 1311 5365 restituitur
1336 5309 1442 5365 'ex_
1464 5297 1638 5346 eodem
1681 5297 1847 5348 codice
1889 5299 1950 5348 cl.
1977 5300 2120 5365 [Ergo

533 5358 704 5430 ﬁdeles
724 5357 848 5430 ejus,
863 5357 1005 5430 servi.
1030 5357 1280 5430 dilectores
1299 5357 1442 5430 ejus]

597 5421 619 5454 ⁸
634 5427 684 5471 tu
704 5417 877 5486 eodem
892 5421 1058 5486 codice
1075 5417 1156 5478 (τι,
1175 5417 1496 5486 amaritudine
1513 5418 1770 5486 baccarum
1783 5421 2119 5486 aspernabilis;

652 5485 947 5592 ξετίιιείηιιιδν
983 5481 1257 5530 baccarum.
1281 5480 1630 5541 [Amaritudine
1657 5480 2119 5546 batoruinaspenm;

549 5559 580 5592 η
599 5559 656 5592 is.

549 5559 656 5595 11118.

592 5547 773 5671 Ξδίῦιιόἵ
795 5602 1235 5671 silvestrioleastro,
1260 5603 1446 5671 additur
1466 5617 1530 5653 ex
1547 5603 1722 5654 eodem
1744 5604 1910 5655 codice
1933 5604 1993 5656 cl.
2017 5607 2120 5671 [To-

531 5673 614 5736 tus_
625 5668 829 5736 mundus
851 5666 1075 5736 horrebal
1087 5679 1102 5726 .'
1117 5667 1202 5716 εεά
1219 5672 1397 5736 alme,"-
1411 5667 1448 5736 i,
1570 5725 1600 5736 ..

533 5787 562 5840 ὑ
597 5729 616 5760 ⁸
643 5729 772 5796 idem
823 5728 978 5778 codex
1033 5725 1094 5777 cl.
1115 5761 1129 5788 ,
1175 5739 1269 5778 non
1317 5726 1378 5776 de
1417 5725 1688 5786 'Israelitts,
1741 5727 1826 5779 sed
1873 5728 1934 5780 de
1967 5737 2120 5780 Genn-

563 5803 633 5840 us.

563 5803 633 5841 ³18.

1795 311 1851 363 S.
1894 305 2252 364 AUGUSTINI
2295 309 2594 368 EPISCOPI

3697 336 3823 394 150-5

2255 424 2414 478 Amen
2460 427 2574 480 dico
2615 429 2748 483 vobis
2767 471 2780 494 ,
2827 447 2928 485 non
2971 433 3136 486 inveni
3163 445 3356 490 tantum
3387 441 3538 508 [idem
3567 445 3620 498 in
3648 443 3824 504 Israel.

2257 513 2311 568 In
2343 517 2482 572 oliva
2525 533 2630 574 non
2677 520 2856 576 inveni
2896 524 3039 593 quod
3069 526 3242 581 inveni
3289 530 3342 583 in
3391 532 3641 590 oleastro.
3693 538 3830 611 Ergo

2253 606 2393 662 oliva
2419 610 2733 679 snperbicns
2764 614 3104 682 prmcidatur,
3129 618 3362 674 oleaster
3389 623 3600 681 humilis
3630 606 3826 686 insera-

2255 705 2360 792 tur.
2393 699 2525 755 Vide
2551 701 2875 760 inserentem
2895 749 2910 773 ,
2954 708 3074 764 vide
3101 711 3478 780 prmcidentem
3508 733 3523 771 :
3555 718 3832 792 Propterea

2252 788 2366 842 diro
2391 790 2527 844 vobis
2551 833 2565 858 ,
2607 795 2728 863 quia
2755 799 2903 850 multi
2929 800 2992 852 ab
3018 802 3208 856 oriente
3241 813 3288 857 et
3317 807 3570 862 occidente
3603 788 3828 880 venient;

2253 882 2450 938 multus
2473 887 2648 942 veniet
2671 889 2904 946 oleaster
2933 892 3249 950 inserendas
3275 897 3328 952 in
3357 899 3496 954 oliva
3523 917 3538 967 ;
3571 915 3616 956 et
3637 921 3830 960 recum-

2251 973 2363 1028 bent
2389 992 2504 1030 cum
2525 978 2780 1034 Abraham
2805 991 2852 1036 et
2878 981 3033 1038 Isaac
3055 996 3104 1040 et
3126 987 3286 1041 Jacob
3309 990 3363 1043 in
3389 1007 3544 1061 regno
3568 996 3828 1056 actorum.

2251 1065 2458 1124 Audisti
2497 1071 2945 1137 quemadmodum
2989 1075 3222 1132 oleaster
3266 1081 3482 1138 humilis
3528 1085 3828 1154 inseratur;

2251 1155 2374 1210 audi
2398 1160 2850 1228 quemadmodum
2877 1165 3018 1220 oliva
3055 1170 3284 1237 superba
3316 1173 3676 1241 prmcidatur:
3709 1178 3830 1232 Fili:

2249 1257 2416 1302 autem
2442 1251 2584 1320 regni
2611 1253 2752 1307 ibunt
2781 1254 2836 1308 in
2879 1255 3105 1312 tenebras
3129 1261 3398 1315 exteriores
3419 1277 3440 1327 ;
3467 1265 3536 1317 ibi
3561 1268 3657 1319 erit
3685 1269 3830 1336 ﬂetus

2249 1349 2298 1392 et
2339 1341 2527 1395 stridor
2563 1343 2790 1398 dentium
2835 1345 3047 1416 (Matth.
3081 1365 3195 1414 vm,
3224 1353 3406 1422 8-12).
3449 1354 3661 1422 Quare?
3701 1358 3830 1425 Quia

2247 1430 2328 1483 sui
2353 1447 2468 1484 eum
2497 1449 2598 1488 non
2637 1448 2948 1506 receperunt.
2997 1439 3064 1494 Et
3091 1455 3257 1510 quare
3297 1444 3534 1500 insertus
3563 1447 3832 1504 oleaster?

2248 1523 2380 1588 Quia
2427 1535 2667 1597 quotquot
2711 1537 2827 1584 eum
2855 1544 3146 1603 receperunt
3169 1577 3184 1602 ,
3233 1536 3373 1590 dedit
3417 1538 3491 1592 eis
3539 1549 3832 1610 potestatem

2247 1614 2382 1682 ﬁlios
2411 1615 2508 1672 Dei
2537 1620 2670 1687 ﬁeri.

2319 1707 2372 1761 Β.
2417 1707 2649 1768 Potestas
2687 1712 2810 1768 data
2845 1723 2904 1768 ut
2931 1717 3204 1786 reﬁciamur
3232 1720 3330 1790 ﬁlii
3359 1721 3474 1775 Dei.
3522 1722 3680 1794 Erige
3717 1739 3828 1794 cor,

2247 1815 2416 1868 genus
2442 1801 2756 1871 humanum,
2786 1809 2990 1878 reSpira
3019 1811 3074 1864 iu
3099 1827 3224 1866 aura
3253 1815 3456 1869 vitaz-et
3483 1819 3832 1872 securissimus

2250 1891 2508 1947 libertatis
2538 1897 2578 1949 ί.
2607 1896 2742 1964 Quid
2772 1899 2968 1956 audis?
3005 1903 3132 1972 quid
3163 1904 3256 1958 tibi
3287 1908 3658 1974 promittitur?
3687 1910 3832 1964 Dedit

2249 1983 2320 2036 eis
2347 1993 2660 2054 potestatem.
2693 1989 2862 2056 Quam
2900 1997 3264 2062 potestatem?
3302 1998 3384 2051 An
3411 1998 3554 2054 forte
3585 2000 3724 2056 unde
3749 2001 3832 2054 in-

2249 2071 2444 2128 ﬂantur
2488 2075 2765 2144 homines,
2813 2080 3084 2149 indicandi
3139 2085 3206 2139 de
3253 2079 3519 2157 capitibus
3567 2089 3830 2154 humanis,

2247 2160 2454 2218 ferendi
2501 2170 2794 2224 sententias
2842 2171 2912 2226 de
2959 2173 3329 2232 innocentibus
3377 2187 3434 2234 et
3483 2177 3832 2238 nocentibus?

2253 2253 2586 2325 Potestatem,
2619 2259 2810 2330 inquit,
2839 2263 2976 2318 dedit
3000 2267 3074 2320 eis
3099 2268 3232 2336 filios
3263 2269 3358 2325 Dei
3383 2273 3514 2341 fieri.
3547 2275 3666 2330 Jam
3691 2277 3833 2330 enim

2249 2356 2404 2402 erant
2431 2364 2539 2404 non
2568 2351 2693 2420 ﬁlii,
2743 2363 2799 2409 et
2825 2354 3024 2412 ﬁebant
3053 2359 3144 2414 ﬁlii
3167 2363 3225 2426 ';
3267 2364 3390 2434 quia
3421 2365 3512 2420 ille
3556 2383 3652 2437 per
3679 2383 3832 2437 quem

2249 2437 2384 2493 ﬁunt
2409 2439 2503 2495 ﬁlii
2531 2441 2659 2509 Dei,
2687 2445 2796 2515 jam
2823 2455 2938 2502 erat
2963 2447 3128 2505 Filius
3157 2452 3271 2518 Dei,
3303 2463 3356 2508 et
3383 2454 3554 2510 factus
3583 2467 3664 2512 est
3689 2457 3829 2512 ﬁlius

2248 2528 2500 2586 hominis.
2548 2533 2666 2589 Jam
2705 2551 2834 2608 ergo
2872 2552 2926 2594 et
2965 2539 3038 2594 illi
3081 2552 3236 2598 erant
3277 2543 3371 2599 ﬁlii
3418 2545 3693 2601 hominum
3722 2590 3735 2613 ,
3781 2556 3835 2602 et

2249 2619 2371 2675 facti
2417 2633 2542 2678 sunt
2585 2625 2678 2680 ﬁlii
2727 2627 2842 2682 Dei.
2895 2629 3179 2687 Descendit
3207 2634 3272 2688 ad
3305 2635 3355 2690 id
3385 2637 3527 2706 quod
3559 2653 3666 2691 non
3697 2648 3832 2700 erat,

2249 2713 2371 2781 quia
2415 2715 2558 2770 aliud
2606 2725 2740 2772 erat.
2790 2717 3010 2776 chavit
3057 2732 3108 2778 te
3154 2723 3220 2779 ad
3269 2725 3318 2780 id
3362 2727 3502 2797 quod
3549 2744 3655 2782 non
3695 2743 3833 2796 cras,

2249 2803 2370 2872 quia
2397 2805 2533 2860 alius
2557 2821 2676 2862 eras
2699 2807 2739 2861 ³.
2773 2809 2930 2881 Erige
2959 2827 3086 2883 ergo
3113 2829 3283 2884 spem.
3314 2815 3559 2888 Magnum
3585 2828 3669 2875 est
3696 2820 3834 2888 quod

2251 2895 2343 2950 tibi
2386 2899 2708 2966 promissum
2751 2912 2870 2970 est,
2918 2905 3014 2960 sed
3053 2922 3084 2960 a
3127 2923 3319 2980 magno
3361 2913 3685 2983 promissum
3733 2919 3832 2966 est.

2249 2986 2470 3043 Multum
2511 3000 2566 3045 et
2606 2991 2921 3050 incredibile
2949 2997 3160 3053 videtur
3182 2999 3235 3068 ⁸,
3267 3011 3321 3056 et
3361 3003 3512 3072 quasi
3541 3019 3648 3058 non
3679 3016 3836 3073 posse

2249 3079 2545 3134 aestimatur
2587 3081 2728 3137 ﬁlios
2771 3082 3045 3140 hominum
3088 3089 3200 3143 lteri
3249 3091 3383 3146 ﬁlios
3415 3093 3530 3148 Dei.
3581 3093 3686 3148 Sed
3719 3091 3835 3162 plus

2249 3183 2346 3238 pro
2375 3171 2480 3226 illis
2509 3171 2706 3228 factum
2735 3184 2846 3242 est,
2877 3177 2996 3246 quia
3028 3177 3194 3234 Filius
3221 3182 3314 3236 Dei
3359 3183 3529 3239 factus
3573 3193 3658 3239 est
3699 3185 3836 3238 ﬁlius

2249 3259 2505 3318 hominis.
2554 3264 2711 3334 Erige
2739 3281 2868 3336 ergo
2895 3282 3042 3336 spem
3065 3305 3080 3336 ,
3121 3285 3154 3324 ο
3181 3270 3375 3340 homo,
3413 3273 3561 3344 'pelle
3601 3290 3631 3328 a
3673 3272 3836 3329 corde

2249 3351 2639 3408 inﬁdelitatem.
2691 3355 3056 3414 lneredibilius
3093 3361 3200 3431 jam
3247 3377 3344 3432 pro
3391 3343 3441 3420 te
3487 3343 3690 3421 factum
3731 3375 3832 3429 est,

2249 3455 2406 3512 quam
2433 3445 2574 3514 quod
2609 3446 2703 3501 tibi
2738 3450 3062 3519 promissum
3095 3463 3196 3507 est.
3241 3455 3448 3510 Miraris
3475 3457 3518 3511 si
3548 3457 3713 3510 homo
3739 3455 3834 3508 ba-

2249 3532 2373 3588 beat
2395 3535 2557 3588 vitam
2587 3540 2888 3594 teternam?
2935 3541 3147 3598 miraris
3193 3543 3237 3598 si
3269 3545 3429 3600 [toruo
3462 3547 3742 3618 perveniat
3769 3545 3832 3598 ad

2250 3625 2414 3679 vitam
2461 3630 2757 3682 sternam?
2806 3631 3001 3688 mirare
3053 3635 3226 3704 potius
3273 3637 3415 3707 quod
3459 3639 3600 3694 Deus
3648 3653 3744 3708 pro
3787 3647 3837 3689 te

2247 3722 2488 3787 pervenit
2541 3720 2608 3775 ad
2663 3730 2936 3778 mortem.‘
2971 3725 3107 3793 Quid
3157 3727 3369 3785 dubitas
3417 3731 3485 3785 de
3541 3729 3831 3801 promisso,

2247 3818 2393 3865 tanto
2437 3812 2658 3882 pignore
2683 3817 2949 3886 accepto?
2979 3817 3114 3874 Vide
3141 3835 3267 3891 ergo
3293 3823 3564 3892 quomodo
3607 3833 3661 3877 te
3701 3836 3834 3875 con-

2247 3902 2454 3967 ﬁrmat,
2493 3906 2764 3974 quomodo
2795 3910 3203 3977 promissionem
3235 3913 3326 3967 Dei
3371 3914 3592 3968 roborat
3625 3931 3637 3966 :
3673 3911 3833 3976 Quot-

2243 4003 2384 4064 quot,
2411 3995 2602 4066 inquit,
2627 4010 2922 4070 receperunt
2951 4017 3084 4068 eum,
3118 4003 3254 4056 dedit
3281 4004 3351 4058 eis
3377 4014 3674 4075 potestatem
3703 4002 3834 4070 ﬁlios

2245 4087 2340 4142 Dei
2389 4089 2520 4157 ﬁeri.
2575 4091 2689 4159 Qua
2732 4095 3121 4162 generatione?
3167 4095 3280 4149 Non
3315 4097 3400 4150 illa
3447 4099 3676 4161 usitata,
3723 4106 3826 4146 non

2243 4180 2441 4245 veteri,
2486 4195 2592 4235 non
2637 4184 2940 4237 transitoria
2981 4185 3066 4238 vel
3115 4186 3330 4239 carnali.
3387 4187 3510 4242 Non
3555 4203 3620 4240 ea:
3659 4197 3830 4248 carne,

2245 4271 2414 4340 inquit
2435 4311 2448 4335 ,
2483 4288 2581 4326 non
2611 4289 2674 4326 ea
2698 4274 2976 4343 sanguine,
3021 4289 3178 4343 neque
3206 4291 3267 4328 ex
3293 4277 3552 4332 voluntate
3575 4275 3674 4330 riri
3691 4317 3704 4338 ,
3745 4269 3832 4324 sed

2241 4375 2304 4412 ea:
2329 4359 2436 4412 Deo
2461 4361 2568 4412 nati
2596 4369 2730 4412 sunt.
2780 4361 2987 4416 Miraris
3009 4403 3022 4424 ,
3066 4378 3171 4417 non
3199 4365 3413 4421 credis?
3467 4366 3684 4421 Verbum
3713 4374 3832 4414 caro

2239 4453 2430 4518 factum
2455 4460 2549 4515 est,
2569 4461 2614 4504 et
2639 4452 2878 4506 habitavit
2905 4453 2958 4506 in
2978 4453 3120 4508 nobis
3135 4454 3312 4526 (Joan.
3329 4473 3366 4524 ι,
3387 4457 3436 4524 1,
3453 4457 3510 4524 2,
3531 4453 3675 4526 etc.).
3693 4453 3832 4506 Ecce

2243 4539 2382 4595 unde
2421 4539 2616 4596 factum
2655 4551 2740 4596 est
2777 4544 3098 4599 sacriﬁcium
3123 4549 3507 4618 vespertinum.
3565 4545 3831 4602 Iuba-rea-

2237 4647 2356 4687 mus
2383 4633 2458 4687 illi
2489 4651 2502 4686 :
2535 4633 2814 4689 nobiscum
2853 4635 3110 4691 oﬁ'eratur
3129 4677 3143 4702 ,
3183 4639 3273 4708 qui
3303 4655 3400 4709 pro
3429 4639 3587 4694 nobis
3619 4635 3830 4689 oblatus

2237 4733 2338 4778 est.
2387 4723 2478 4779 Sic
2513 4725 2656 4780 enim
2683 4727 2990 4796 vespertino
3027 4727 3294 4784 sacriﬁcio
3323 4731 3428 4784 vita
3461 4739 3618 4786 vetns
3659 4725 3827 4778 inter-

2237 4807 2432 4881 ﬁcitur,
2463 4823 2518 4870 et
2545 4816 2782 4872 diluculo
2807 4833 2944 4874 nova
2971 4819 3158 4874 oritur.

2235 5014 2470 5123 bchtdpm
2487 5015 2642 5065 codex
2665 5015 2750 5074 cl.,
2773 5016 2962 5080 respiro
2993 5015 3044 5067 in
3063 5031 3210 5068 auras
3229 5019 3336 5068 vita:
3357 5025 3404 5069 et
3420 5011 3746 5070 serenissima!
3770 5005 3827 5058 Ῑῖ·

2309 5088 2318 5098 ’
2339 5090 2368 5123 ιι
2409 5090 2447 5123 3.

2295 5088 2318 5123 r
2435 5113 2447 5125 .

2265 5081 2461 5208 cf‘illlzi‘rstc
2491 5137 2777 5211 adhibeamus
2799 5137 3067 5211 lectionem
3089 5155 3160 5211 ἐκ
3188 5141 3362 5192 eodem
3394 5143 3561 5192 codice
3600 5137 3662 5188 cl.
3693 5135 3825 5195 [Mm

2231 5199 2358 5248 enim
2379 5212 2472 5250 non
2490 5207 2626 5250 erant
2649 5199 2756 5270 filii,
2774 5207 2818 5250 et
2835 5199 2956 5265 ﬁunt
2977 5201 3105 5312 [itii
3603 5259 3613 5270 ο

2275 5260 2454 5332 fhtllud
2476 5299 2487 5311 .
2511 5269 2693 5332 levavit
2729 5271 2773 5312 te
2811 5263 2877 5332 ad
2901 5263 2952 5314 id
2963 5277 3064 5332 quo
3121 5277 3216 5332 non
3235 5279 3362 5332 eras,
3393 5266 3506 5329 quia
3543 5261 3672 5332 altus
3691 5263 3824 5332 eff:

2231 5321 2418 5388 additur
2444 5337 2506 5372 ex
2548 5324 2722 5372 eodem
2743 5325 2908 5375 codice
2933 5321 2996 5376 cl:
3039 5327 3179 5388 [Quia
3202 5321 3492 5378 aliud'ei'at.
3519 5323 3666 5388 erige
3709 5322 3824 5376 ergo

2230 5386 2448 5516 spiri'libd
2471 5458 2483 5494 :
2503 5444 2588 5516 sed
2609 5458 2640 5494 a
2661 5458 2836 5516 magno
2857 5448 3146 5511 promissum
3181 5456 3267 5516 est.
3286 5448 3510 5516 pultm,
3535 5444 3731 5516 additu:
3757 5444 3821 5516 εξ

2234 5505 2594 5578 eodemeodice
2609 5569 2618 5578 ι
2633 5503 2693 5578 c‘l.
2717 5503 2962 5578 [litagitum
2987 5517 3057 5562 est
3079 5513 3205 5562 quod
3239 5513 3326 5562 tibi
3344 5503 3634 5576 promisstmt
3655 5507 3744 5560 εδει
3779 5503 3822 5546 (τί

2233 5567 2514 5620 incredibile
2538 5567 2767 5633 videtur]
