4080 6360
277 339 420 401 1505

700 469 928 526 SERMO
965 467 1251 524 CCCXL!“
1285 473 1296 488 -
1331 470 1425 538 tu).

274 592 350 647 De
393 591 635 647 Susanna
675 598 720 642 ct
752 586 946 656 Ioseph
986 603 1002 639 :
1044 602 1157 640 cum
1195 583 1542 639 exhortatione
1591 581 1656 634 ad
1701 579 1853 632 casti-

925 687 1072 731 tatem
1110 676 1182 747 (ὁ)
1194 715 1206 728 .

343 815 400 867 ‘l.
433 812 673 867 Susanna
716 811 998 880 exemptam
1025 809 1280 878 pudicitia:
1306 806 1608 878 conjugalis.
1644 804 1858 860 Castitas

273 906 465 959 donum
496 903 610 957 Dei.
629 903 867 958 Susanna
896 901 1133 954 divinitus
1163 900 1372 954 liberata
1397 916 1428 952 a
1454 898 1602 969 falsis
1633 896 1854 951 testibus.

277 996 498 1051 Divinas
513 994 801 1060 lectiones,
844 1001 899 1048 et
933 999 1112 1047 sancta
1142 991 1354 1047 oracula
1383 991 1516 1058 Dei,
1547 1005 1665 1062 quae
1709 990 1857 1044 inso-

276 1095 508 1142 nuerunt
549 1084 769 1140 auribus
796 1084 993 1139 nostris
1014 1124 1028 1149 ,
1070 1082 1251 1139 nidum
1279 1081 1477 1138 faciant
1509 1082 1562 1137 in
1591 1081 1860 1140 mentibus

275 1179 476 1234 nostris
505 1196 520 1232 :
553 1193 660 1233 non
702 1177 883 1232 volent
922 1185 988 1230 et.
1019 1185 1329 1241 transeant,
1375 1187 1467 1230 aut
1504 1174 1759 1240 sedeant,
1804 1184 1859 1230 et

273 1271 555 1327 discedant
576 1271 630 1336 ¹;
661 1269 755 1324 sed
786 1267 987 1339 aliquid
1013 1268 1243 1340 pariant.
1296 1267 1426 1322 Nam
1455 1268 1498 1321 si
1528 1282 1699 1337 passer
1723 1266 1860 1320 inve-

272 1366 346 1418 nit
389 1363 485 1419 sibi
525 1362 766 1428 domum,
817 1369 864 1416 et
909 1370 1076 1416 turtur
1103 1360 1278 1414 nidum
1315 1359 1401 1414 ubi
1438 1369 1650 1431 reponat
1693 1358 1859 1430 pullos

271 1472 394 1510 suos
424 1455 597 1528 (Psal.
626 1470 851 1520 Lxxxnt,
884 1453 976 1526 4);
1005 1463 1202 1525 quanto
1228 1454 1395 1525 magis
1425 1468 1610 1523 passer
1634 1453 1857 1509 verbum

273 1547 368 1602 Dei
415 1556 471 1602 et
513 1555 691 1601 turtur
716 1544 1080 1601 misericordia
1111 1545 1250 1601 Dei?
1293 1544 1604 1601 Audivimus
1645 1544 1712 1600 de
1752 1544 1856 1600 Su-

271 1653 447 1695 sanna
483 1640 767 1694 lectionem
799 1656 812 1692 :
843 1636 1138 1693 aedificetur
1165 1635 1412 1708 pudicitia
1443 1637 1733 1707 conjugalis
1753 1679 1767 1704 ,
1807 1645 1860 1692 et

281 1742 394 1786 tam
442 1730 599 1786 ﬁrmo
643 1729 987 1785 fundamento
1029 1729 1285 1783 innitatur
1321 1742 1582 1799 muroque
1612 1728 1857 1793 valletur,

272 1829 334 1875 ut
361 1829 420 1876 et
442 1819 755 1876 insidiantes
779 1819 1041 1891 repellat,
1083 1829 1138 1874 et
1165 1817 1330 1874 falsos
1356 1826 1520 1874 testes
1555 1819 1855 1874 convincat.

272 1914 629 1969 Remanserat
654 1919 799 1968 casta
834 1911 1026 1967 mulier
1050 1911 1304 1966 moritura
1326 1951 1341 1977 ,
1383 1910 1484 1965 nisi
1517 1909 1730 1966 adesset
1768 1911 1857 1981 qui

273 2006 490 2062 videbat
538 2005 681 2076 quod
735 2003 1034 2072 iudicantes
1089 2002 1305 2058 latebat.
1367 2000 1679 2072 Conscripta
1736 2010 1860 2056 sunt

274 2099 439 2154 verba
463 2097 584 2167 ejus
604 2138 618 2162 ,
650 2111 768 2166 qua:
797 2095 982 2151 habuit
1008 2095 1064 2150 in
1090 2093 1367 2164 paradiso,
1400 2093 1504 2148 hoc
1534 2101 1617 2148 est
1651 2094 1704 2148 in
1732 2092 1861 2148 viri-

274 2187 428 2243 dario
451 2201 548 2242 suo
577 2205 593 2241 :
625 2201 742 2258 quae
770 2185 932 2241 verba
964 2184 1141 2241 nullus
1183 2183 1460 2238 hominum
1489 2182 1728 2250 audivit,
1757 2183 1858 2238 nisi

274 2279 376 2334 soli
402 2279 508 2333 duo
528 2319 543 2345 ,
583 2277 676 2348 qui
714 2276 902 2347 pudori
941 2275 1123 2331 uxoris
1157 2275 1343 2330 alienae
1373 2273 1782 2339 insidiabantur,
1807 2283 1862 2330 et

276 2369 562 2426 reluctanti
621 2368 814 2424 falsum
878 2367 1239 2423 testimonium
1302 2365 1712 2422 meditabantur.
1775 2365 1859 2422 illi

278 2461 380 2516 soli
406 2459 691 2515 audierunt
721 2459 862 2529 quod
886 2458 1086 2514 dictum
1111 2467 1195 2514 est
1224 2475 1238 2512 :
1267 2457 1526 2529 Angustite
1549 2459 1676 2514 mihi
1706 2461 1860 2513 ειη(ιί-

277 2568 393 2621 que.
424 2550 488 2606 Si
516 2551 649 2606 enim
679 2550 774 2604 ltoc
800 2553 993 2622 fecero,
1025 2565 1162 2604 mors
1187 2549 1312 2604 mihi
1339 2558 1412 2604 est
1435 2567 1454 2616 ;
1491 2550 1534 2606 si
1562 2560 1729 2605 autem
1758 2568 1860 2606 non

278 2642 462 2709 fecero,
482 2656 584 2695 non
600 2639 838 2711 eﬂ'ugiam
851 2656 1030 2694 manus
1048 2650 1253 2696 vestras.
1271 2640 1455 2696 Melius
1467 2651 1538 2696 est
1554 2651 1720 2697 autem
1738 2643 1860 2697 mihi

277 2748 458 2786 mnus
477 2741 664 2786 uestras
681 2748 783 2786 non
798 2731 1025 2800 evadere,
1045 2747 1195 2802 quant
1208 2732 1260 2786 in
1278 2741 1546 2802 conspectu
1565 2733 1662 2788 Dei
1679 2751 1859 2805 pecca-

277 2840 331 2878 re
354 2822 648 2892 (Damam,
677 2822 794 2894 2‘2).
823 2820 1215 2878 Contemnebat
1263 2823 1403 2894 quod
1440 2823 1708 2892 audiebat,
1739 2824 1861 2896 quia

278 2914 498 2970 timebat
517 2929 675 2985 quem
698 2929 802 2968 non
824 2912 1071 2979 videbat;
1096 2913 1246 2984 cujus
1273 2921 1450 2969 tamen
1475 2913 1669 2969 divinis
1695 2915 1862 2972 oculis

280 3013 396 3061 erat
421 3005 533 3074 ipsa
559 3005 870 3076 conspicua.
901 3003 1084 3074 Neque
1113 3005 1255 3060 enim
1284 3003 1550 3076 quomodo
1578 3004 1670 3059 illa
1696 3005 1862 3061 Deum

283 3111 392 3150 non
417 3094 631 3150 videdat
652 3135 667 3159 ,
709 3095 787 3150 sic
813 3108 918 3149 non
949 3093 1228 3150 videbatur
1253 3109 1283 3149 a
1310 3095 1440 3150 Deo.
1471 3093 1699 3151 Videbat
1722 3097 1863 3153 Deus

284 3186 426 3257 quod
453 3186 754 3242 aedificabat
776 3226 792 3254 ,
842 3186 1155 3257 inspiciebat
1180 3201 1314 3258 opus
1351 3201 1504 3242 suum
1528 3230 1544 3255 ,
1594 3188 1865 3245 habitabat

280 3281 538 3352 templum
562 3295 719 3335 suum
744 3297 759 3347 ;
807 3279 878 3335 ibi
907 3289 1023 3335 erat
1049 3279 1162 3350 ipse
1182 3319 1198 3346 ,
1238 3279 1610 3337 insidiantibus
1637 3297 1862 3353 respon-

280 3371 456 3427 debat.
483 3369 618 3426 Nam
656 3371 705 3425 si
745 3370 1006 3426 castitatis
1048 3369 1204 3426 dator
1231 3369 1593 3439 deseruisset,
1647 3374 1865 3430 castitas

283 3463 595 3519 interiisset.
643 3463 735 3518 Ait
760 3477 887 3534 ergo
907 3503 924 3530 ,
959 3464 1220 3534 Augustin:
1245 3464 1372 3518 mihi
1397 3465 1634 3537 undique.
1678 3466 1782 3522 Sed
1812 3475 1866 3523 et

283 3556 624 3627 exspectabat
654 3571 776 3613 eum
799 3597 812 3622 ,
857 3556 947 3627 qui
977 3570 1094 3612 eam
1125 3555 1328 3611 salvam
1357 3556 1557 3613 faceret
1584 3573 1614 3613 a
1645 3559 1865 3629 pusilla-

282 3649 525 3705 nimitate
548 3691 564 3716 ,
618 3656 672 3704 et
698 3655 1020 3718 tempestate
1045 3647 1301 3705 falsorum
1330 3651 1543 3706 testium
1565 3693 1580 3720 ,
1615 3659 1865 3723 tanquam

284 3749 566 3796 ventorum
594 3740 878 3794 malorum.
910 3739 970 3794 In
1002 3739 1109 3795 illis
1139 3748 1316 3795 tamen
1342 3741 1516 3796 ventis
1541 3751 1595 3797 et
1621 3741 1866 3800 ﬂuctibus

285 3833 620 3903 naufragium
647 3833 865 3888 castitas
896 3847 1001 3887 non
1027 3832 1190 3900 fecit;
1236 3834 1360 3905 quia
1385 3833 1643 3890 Dominus
1669 3836 1868 3906 guber-

284 3922 448 3978 navit.
492 3923 794 3978 Clamatum
824 3931 940 3989 est,
985 3931 1206 3978 ventum
1233 3931 1314 3978 est
1337 3965 1353 3989 ,
1397 3937 1708 3994 processum
1737 3938 1819 3984 est
1852 3948 1865 3983 :

284 4015 529 4086 pervenit
564 4029 726 4070 causa
747 4014 818 4069 ad
861 4013 1136 4085 judicium.
1187 4015 1384 4070 Domus
1409 4015 1670 4074 Susanna:
1694 4020 1867 4075 credi-

285 4106 436 4163 derat
469 4115 662 4161 contra
693 4104 963 4160 dominam
992 4105 1297 4160 senioribus
1325 4106 1470 4162 falsis
1503 4125 1516 4160 :
1549 4117 1601 4163 et
1629 4112 1872 4179 quamvis

287 4205 530 4252 anteacta
555 4196 722 4252 illaesa
750 4204 806 4251 et
830 4197 1169 4251 immaculata
1191 4197 1298 4251 vita
1327 4197 1573 4253 idoneum
1601 4201 1872 4258 videretur

291 4290 560 4362 pudicitia:
589 4290 953 4346 testimonium
988 4289 1311 4360 perhibere;
1359 4291 1461 4346 illis
1491 4301 1667 4349 tamen
1695 4296 1871 4350 irreli-

291 4381 498 4452 giosum
551 4379 829 4438 videbatur
882 4381 1181 4438 senioribus
1230 4397 1336 4438 non
1389 4383 1630 4440 credere.
1688 4385 1874 4442 Nullus

294 4475 415 4532 talis
442 4489 623 4532 sermo
665 4489 901 4546 unquam
943 4485 1194 4530 sonuerat
1217 4475 1284 4531 de
1313 4476 1572 4532 Susanna.
1626 4478 1704 4534 Illi
1747 4494 1875 4550 ergo

294 4566 410 4623 falsi
457 4576 656 4633 testes;
706 4567 800 4623 sed
835 4567 947 4623 noti
988 4567 1116 4623 Deo.
1172 4567 1328 4622 Aliud
1371 4568 1622 4625 credebat
1663 4571 1874 4638 domus,

293 4656 436 4714 aliud
471 4657 688 4714 videbat
726 4659 984 4714 Dominus
1013 4677 1028 4713 :
1059 4658 1151 4714 sed
1182 4659 1322 4730 quod
1349 4660 1558 4716 videbat
1597 4662 1872 4729 Dominus,

295 4748 542 4806 homines
561 4750 892 4818 nesciebant,
918 4751 1216 4806 senioribus
1242 4759 1384 4807 recte
1407 4753 1552 4808 credi
1574 4754 1872 4810 videbatur.

293 4841 434 4912 Ergo
459 4841 796 4897 moriendum
821 4850 938 4898 erat
969 4859 982 4896 :
1012 4841 1106 4897 sed
1136 4842 1181 4896 si
1211 4858 1336 4898 caro
1363 4853 1690 4914 moreretur,
1720 4847 1879 4902 casti-

295 4942 376 4988 tas
399 4943 769 4990 coronaretur.
812 4934 996 4989 Adfuit
1021 4935 1276 4990 Dominus
1306 4938 1578 5006 precanti,
1609 4939 1876 4994 exaudivit

295 5041 452 5094 quam
483 5034 706 5081 noverat
733 5045 746 5079 :
781 5041 884 5080 non
911 5025 1151 5080 deseruit
1179 5042 1246 5081 ne
1270 5037 1598 5092 moreretur,
1635 5031 1719 5086 cui
1747 5032 1875 5086 sub—

297 5116 441 5171 venit
483 5131 550 5171 ne
590 5116 998 5172 adulteraretur.
1047 5116 1310 5172 Excitavit
1350 5119 1604 5177 Dominus
1633 5124 1875 5192 spiritum

364 5351 381 5382 ⁸
406 5349 538 5412 Apud
561 5351 962 5414 (:hrysostomum,
998 5351 1082 5401 sed
1112 5351 1332 5413 sedeant,
1355 5365 1443 5404 uec
1465 5354 1733 5406 discedant.

363 5435 378 5452 '
395 5433 477 5482 Hic
497 5444 660 5482 sermo
682 5433 732 5482 in
754 5435 931 5483 nostris
945 5441 1050 5482 Mss.
1074 5435 1270 5497 integer
1285 5448 1379 5484 non
1402 5437 1662 5488 invenitur.

362 5513 624 5587 (.a)_.Alias,
668 5515 699 5565 2
742 5517 869 5566 inter
903 5515 1058 5566 editos
1099 5528 1162 5566 ex
1203 5519 1462 5568 Carthusitc
1496 5522 1685 5585 majoris
1717 5535 1884 5571 utanu-

299 5582 752 5714 fgﬁeeeusitus
782 5645 858 5714 est
877 5651 907 5689 a
928 5639 1136 5714 Possidio
1173 5643 1221 5714 in
1257 5641 1449 5714 tudiculi
1481 5655 1586 5714 cap.
1628 5645 1700 5695 10.
1719 5650 1888 5714 _Ex_stat

665 5698 893 5770 sed_plus
926 5702 1084 5770 media
1109 5710 1247 5770 parte
1285 5696 1675 5770 tuinutus,'inter
1719 5706 1887 5756 latinas

301 5757 526 5811 humilia:
546 5757 742 5812 Joannis
753 5757 1066 5825 chrysostomi
1087 5757 1284 5814 nomine
1303 5757 1584 5828 publicatos.

1657 324 1881 387 SERMO
1919 323 2228 380 CCCXLlll.

3400 342 3534 403 1506

1971 449 2211 493 sanctum
2243 440 2472 496 Dauielis
2518 441 2689 498 adhuc
2736 445 2929 500 novelli
2958 455 3152 518 aetate,
3205 451 3301 507 sed
3341 451 3544 512 robusti

1968 530 2183 598 pietate.
2229 532 2359 601 Quia
2402 549 2529 604 ergo
2571 545 2683 590 erat
2726 538 2777 591 in
2823 553 2886 593 eo
2916 541 3263 611 propheticus
3290 545 3541 615 Spiritus,

1968 621 2220 677 continuo
2265 625 2707 696 nequissimorum
2755 630 3024 686 seniorum
3076 635 3210 690 vidit
3256 637 3540 692 fallaciam.

1969 710 2074 767 Sed
2100 713 2241 783 quod
2264 715 2350 771 ille
2376 717 2694 783 intuebatur,
2722 722 3105 791 providendum
3135 737 3251 783 erat
3275 733 3542 801 quomodo

1968 805 2177 860 caeteris
2203 817 2603 864 monstraretur.
2637 809 2801 879 Falsi,
2829 814 3016 885 inquit,
3041 827 3183 875 testes
3209 833 3358 890 sunt;
3387 827 3542 879 redite

1968 895 2021 949 in
2039 897 2312 967 judicium.
2347 899 2451 955 Sed
2478 901 2620 972 quod
2646 899 2764 959 falsi
2795 915 2974 978 essent
2993 949 3007 974 ,
3039 910 3125 964 ille
3155 924 3410 982 noverat,
3457 933 3538 970 cm

1969 987 2307 1057 propheticus
2337 989 2563 1060 Spiritus
2592 994 2921 1051 revelaverat
2949 1014 2960 1050 :
2993 997 3216 1056 docendi
3262 1017 3411 1060 erant
3452 1010 3540 1078 qui

1969 1080 2292 1136 nesciebant.
2345 1083 2484 1153 Ergo
2522 1084 2565 1138 si
2610 1084 2816 1156 judices
2842 1087 3106 1158 docendi,
3155 1101 3316 1149 testes
3358 1102 3539 1167 procul

1968 1169 2129 1225 dubio
2158 1175 2526 1231 convincendi.
2556 1177 2891 1235 Convincens
2933 1197 3058 1252 ergo
3105 1199 3199 1240 eos
3223 1229 3236 1250 ,
3261 1187 3541 1246 intendens

1967 1257 2249 1318 falsitatem
2276 1266 2598 1333 testimonii,
2645 1284 2798 1340 qttam
2827 1271 2940 1341 ipse
2964 1273 3073 1343 jam
3102 1286 3353 1343 noverat,
3384 1283 3545 1350 jussit

1966 1367 2060 1408 eos
2083 1355 2150 1409 ab
2176 1357 2398 1412 invicem
2425 1363 2680 1429 separari.
2711 1362 3060 1435 Interrogavit
3083 1368 3319 1439 singulos
3346 1391 3359 1427 :
3385 1389 3543 1430 unam

1965 1443 2107 1499 enim
2139 1450 2620 1516 concupiscentiam
2651 1451 2849 1509 habere
2876 1455 3035 1510 ambo
3077 1466 3367 1528 potuerunt
3387 1505 3400 1526 ,
3451 1466 3545 1519 sed

1966 1550 2131 1590 unum
2173 1539 2450 1594 consilium
2483 1541 2728 1597 meditari
2758 1560 2863 1599 non
2892 1556 3196 1615 potuerunt.
3243 1551 3546 1625 interroga-

1966 1632 2050 1679 tus
2090 1636 2173 1682 est
2216 1644 2386 1696 unus,
2434 1632 2536 1686 sub
2573 1648 2730 1702 quam
2773 1635 3018 1692 arborem
3049 1643 3544 1710 ComprehendiSSet

1965 1715 2275 1786 adulteros;
2317 1722 2622 1792 respondit,
2660 1724 2769 1781 Sub
2806 1727 3029 1783 lentisco.
3064 1729 3421 1804 interrogatus
3461 1750 3541 1792 cst

1965 1809 2118 1876 alius;
2147 1813 2440 1882 respondit,
2466 1815 2575 1870 Sub
2598 1817 2731 1870 ilice.
2757 1817 3088 1874 Dissonautia
3122 1824 3545 1884 testimoniorum

1965 1901 2214 1972 patefecit
2253 1905 2528 1961 veritatem
2552 1950 2566 1974 ,
2610 1909 2853 1964 liberavit
2890 1913 3185 1968 castitatem
3215 1915 3377 1984 (Dan.
3408 1923 3543 1990 sint).

2033 1995 2090 2048 2.
2121 1994 2404 2060 ευδαηηω,
2441 1999 2560 2070 quia
2585 1999 2794 2054 liberata
2814 2012 2915 2068 est,
2945 2020 3043 2057 non
3071 2006 3234 2075 major
3263 2009 3440 2064 exinde
3467 2016 3545 2082 [c-

1968 2083 2150 2139 licitas.
2173 2085 2241 2140 Et
2269 2087 2484 2142 castitas
2503 2088 2738 2158 quidem,
2768 2089 2992 2158 fratres,
3025 2095 3283 2165 sicutjam
3312 2099 3454 2164 dixi,
3484 2100 3546 2154 li-

1965 2174 2245 2231 beraretur
2287 2184 2344 2232 et
2391 2188 2767 2248 coronaretur,
2813 2183 3019 2237 etiamsi
3061 2199 3186 2240 caro
3233 2189 3546 2260 quandoque

1967 2266 2222 2322 moritura
2243 2310 2257 2336 ,
2289 2267 2380 2323 illo
2404 2267 2606 2339 judicio
2648 2280 2964 2327 moreretur.
2995 2274 3232 2332 Morituri
3275 2281 3415 2333 enim
3455 2297 3544 2334 su-

1966 2373 2088 2415 mus
2113 2374 2300 2416 omnes
2324 2379 2336 2416 :
2370 2377 2468 2416 nec
2493 2363 2601 2433 agit
2625 2365 2906 2436 quisquam
2931 2367 3019 2436 qui
3049 2371 3191 2438 cupit
3213 2373 3458 2439 evadere,
3492 2393 3546 2431 u'

1967 2460 2196 2509 mortem
2225 2453 2461 2523 auferat;
2492 2455 2585 2511 sed
2614 2466 2673 2511 ut
2695 2457 2904 2512 differat
2931 2458 3187 2515 debitum.
3218 2461 3328 2518 lloc
3357 2480 3541 2522 omnes

1969 2552 2143 2612 tenet,
2171 2544 2272 2600 hoc
2317 2559 2506 2600 omnes
2547 2547 2801 2602 reddituri
2832 2563 3044 2616 sumus,
3079 2552 3218 2620 quod
3267 2553 3332 2608 de
3381 2555 3537 2610 Adatr

1965 2636 2263 2704 traximus;
2293 2645 2348 2692 et
2374 2638 2513 2706 quod
2545 2641 2678 2694 mori
2709 2641 2956 2695 nolumus
2979 2684 2993 2706 ,
3022 2644 3089 2698 ab
3115 2657 3364 2702 exactore
3395 2647 3545 2718 hujus

1967 2726 2131 2783 debiti
2181 2743 2288 2782 non
2329 2731 2586 2784 securitas
2635 2730 2829 2799 datur,
2861 2733 2956 2787 sed
3004 2734 3186 2788 dilatio
3232 2739 3527 2806 postulatur

1968 2815 2210 2872 Susanna
2233 2833 2362 2888 ergo
2391 2819 2634 2889 religiosa
2677 2821 2867 2876 mulier
2911 2833 2965 2877 et
2992 2824 3181 2893 pudica
3216 2827 3406 2898 conjux
3435 2842 3546 2886 erat

1969 2907 2151 2979 utique
2180 2909 2497 2982 quandoque
2537 2912 2796 2968 moritura
2827 2931 2839 2967 :
2864 2924 2918 2969 et
2958 2914 3130 2985 ipsum
3161 2920 3477 2991 quandoque
3505 2925 3550 2978 si

1969 3009 2094 3056 tunc
2122 3009 2305 3068 esset,
2331 3002 2599 3073 pudicitiae
2628 3005 2755 3075 quid
2779 3007 3020 3077 obesset,
3049 3009 3172 3064 dum
3203 3028 3325 3067 caro
3351 3015 3551 3072 condc-

1968 3099 2117 3147 retur
2142 3093 2423 3162 sepulcro,
2467 3103 2521 3149 et
2565 3095 2781 3150 castitas
2808 3097 3120 3156 redderetur
3167 3101 3299 3172 Deo,
3332 3120 3552 3162 corona-

1969 3192 2120 3240 retur
2146 3199 2177 3239 a
2205 3185 2358 3240 Deo?
2385 3185 2587 3242 Putatis
2614 3188 2755 3242 enim
2777 3231 2793 3256 ,
2823 3189 3033 3256 fratres,
3068 3200 3314 3264 tanquam
3341 3197 3407 3252 ad
3436 3175 3548 3254 ma-

1972 3291 2133 3348 gnum
2155 3277 2405 3332 meritum
2436 3278 2737 3348 pertinere,
2767 3281 2810 3334 si
2836 3279 2953 3337 falsi
2991 3290 3174 3353 testes,
3211 3301 3315 3341 non
3344 3304 3548 3359 praeva-

1969 3368 2114 3423 leant
2162 3368 2420 3425 adversus
2460 3371 2839 3428 innocentem?
2870 3373 2987 3430 Non
3026 3385 3108 3431 est
3155 3393 3404 3450 magnum
3441 3400 3555 3440 me-

1969 3461 2130 3514 ritum
2150 3502 2166 3528 ,
2195 3461 2239 3515 si
2263 3475 2367 3515 non
2393 3463 2676 3531 praevaleat
2699 3461 2892 3519 falsum
2917 3466 3275 3523 testimonium
3298 3471 3554 3530 adversus

1973 3551 2334 3606 innocentem.
2360 3552 2602 3622 Magnum
2631 3555 2876 3610 meritum
2899 3565 3074 3624 esset,
3107 3560 3150 3613 si
3176 3560 3428 3618 adversus
3453 3565 3555 3620 Do-

1972 3643 2174 3698 minum
2200 3658 2304 3698 non
2331 3645 2714 3713 pra-valuisset.
2747 3645 2863 3718 ipse
2885 3657 3062 3704 autem
3084 3649 3342 3708 Dominus
3373 3665 3553 3712 noster

1972 3735 2125 3792 Iesus
2150 3735 2394 3792 Christus
2421 3753 2518 3807 per
2546 3737 2748 3810 linguas
2789 3739 3044 3796 falsorum
3076 3745 3286 3800 testium
3321 3755 3403 3801 est
3430 3764 3556 3803 cru-

1973 3829 2180 3885 ciﬁxus.
2210 3829 2316 3886 Sed
2342 3830 2439 3900 ipsi
2468 3831 2681 3901 quidem
2713 3830 2829 3888 falsi
2860 3842 3019 3890 testes
3045 3835 3109 3890 ad
3135 3837 3316 3892 horam
3348 3854 3554 3909 prmva-

1975 3920 2226 3988 luerunt,
2254 3931 2625 3977 resurrecturo
2650 3923 2776 3994 quid
2809 3926 3144 3980 nocuerunt?
3170 3929 3428 4000 Exemplo
3451 3934 3554 3986 ita-

1975 4028 2078 4084 que
2107 4027 2204 4069 suo
2249 4013 2505 4068 Dominus
2547 4015 2686 4070 Deus
2715 4022 2897 4070 noster
2939 4017 2989 4070 in
3030 4033 3190 4074 carne
3235 4036 3328 4075 sua
3353 4062 3368 4085 ,
3402 4022 3452 4076 in
3480 4022 3557 4076 in-

1978 4104 2226 4159 firmitate
2246 4118 2361 4168 sua,
2387 4113 2438 4158 et
2473 4104 2526 4158 in
2548 4103 2717 4158 forma
2746 4105 2888 4159 servi
2917 4145 2929 4169 ,
2961 4121 3118 4176 quam
3151 4109 3384 4178 suscepit
3408 4111 3473 4165 ad
3494 4111 3557 4164 li-

1978 4194 2272 4250 berandum
2295 4209 2503 4248 servum
2527 4237 2540 4259 ,
2567 4194 2634 4249 ad
2659 4195 3001 4266 quaerendum
3029 4195 3301 4266 fugitivum
3323 4241 3338 4266 ,
3371 4201 3435 4254 ad
3468 4217 3555 4257 ree

1979 4285 2283 4340 dimeudum
2315 4286 2600 4354 captivum,
2629 4286 2942 4341 solvendum
2979 4289 3230 4356 vinctum,
3258 4290 3555 4350 faciendum

1980 4376 2046 4433 de
2071 4391 2226 4433 servo
2258 4376 2507 4444 fratrem;
2538 4377 2603 4432 ad
2643 4377 2744 4433 hoc
2773 4379 2988 4434 veniens
3013 4380 3065 4434 in
3110 4380 3275 4436 forma
3304 4386 3441 4439 servi
3467 4385 3561 4442 de-

1984 4469 2301 4524 monstravit
2323 4483 2480 4524 servo
2502 4471 2800 4540 exemplum
2818 4512 2832 4538 ,
2865 4487 2931 4526 ne
2957 4471 3118 4528 falsos
3148 4483 3310 4530 testes
3339 4479 3561 4548 perhor-

1982 4575 2153 4620 rescat
2177 4580 2192 4630 ;
2219 4572 2271 4618 et
2301 4579 2418 4618 cum
2461 4563 2768 4631 creduntur,
2790 4581 2894 4619 non
2925 4553 3124 4620 timeat:
3153 4566 3381 4625 Possunt
3417 4572 3564 4628 enim

1983 4654 2159 4710 facere
2204 4655 2395 4708 malam
2451 4653 2680 4720 famam;
2711 4655 2802 4710 sed
2840 4671 2944 4709 non
2994 4667 3216 4726 possunt
3255 4655 3562 4718 interficere

1984 4746 2363 4801 conscientiam
2415 4761 2622 4816 puram.
2664 4746 2893 4800 Liberali
2936 4757 3060 4803 sunt
3094 4758 3202 4806 tres
3231 4752 3328 4806 viri
3372 4753 3440 4809 de
3467 4770 3559 4809 ca-

1985 4839 2130 4894 mino
2155 4838 2291 4909 ignis
2319 4837 2555 4893 ardentis
2574 4880 2588 4905 ,
2621 4837 2787 4892 adfuit
2834 4838 2968 4893 Deus
3010 4856 3192 4896 eorum
3219 4885 3232 4908 ,
3257 4844 3565 4901 deambula-

1985 4937 2174 4984 vcrunt
2219 4929 2355 4983 inter
2397 4928 2545 4998 ignes
2574 4927 2838 4995 innoxios,
2867 4929 3065 4985 circum
3092 4932 3340 4989 ardentes
3375 4945 3430 4991 et
3457 4952 3564 4992 non

1984 5033 2234 5090 urentes,
2267 5029 2322 5076 et
2362 5021 2412 5074 in
2456 5019 2568 5090 ipsa
2606 5019 3034 5077 deambulationc
3085 5024 3267 5081 laudes
3308 5027 3562 5084 dixerunt

1989 5115 2118 5181 Deo,
2152 5121 2204 5168 et
2247 5112 2394 5167 illaasi
2443 5111 2579 5166 sicut
2618 5112 2764 5167 missi
2794 5112 3031 5181 fuerant,
3057 5129 3370 5184 evaserunt;
3399 5121 3567 5176 adfuit

1988 5221 2115 5274 ergo
2164 5204 2301 5257 Deus
2343 5217 2526 5256 eorum
2557 5203 2734 5273 (Dan.
2769 5202 2896 5276 tu):
2931 5209 3182 5278 numquid
3227 5209 3393 5266 defuit
3428 5213 3568 5268 Deus

1989 5295 2409 5350 Machabtnorum
2457 5293 2533 5367 (ll
2564 5293 2801 5349 Macltab.
2839 5297 2996 5369 vn)?
3031 5299 3109 5355 illi
3152 5312 3467 5371 evaserunt,
3497 5305 3570 5360 illi

1991 5404 2116 5444 mox
2143 5397 2386 5442 arserunt
2415 5406 2427 5442 :
2453 5391 2662 5458 utrique
2705 5391 2887 5445 tentati
2910 5433 2924 5459 ,
2953 5392 3005 5446 hi
3044 5409 3204 5450 carne
3229 5400 3525 5469 consumpti
3553 5440 3569 5465 ,

1992 5482 2045 5537 hi
2093 5497 2252 5536 carne
2293 5480 2477 5547 illaesi;
2509 5480 2601 5536 sed
2626 5481 2834 5552 utrique
2877 5486 3137 5540 coronati.
3167 5487 3232 5543 Ut
3282 5489 3572 5547 evaderent

1993 5576 2235 5631 flammas
2283 5583 2390 5630 tres
2431 5575 2567 5642 viri,
2595 5575 3083 5634 Nabuchodonosor
3112 5581 3404 5648 przcstitum
3450 5592 3568 5654 est,

1996 5675 2053 5722 ut
2080 5666 2323 5722 crederet
2346 5667 2398 5721 in
2440 5667 2604 5722 Deum
2647 5682 2853 5723 eorum.
2897 5668 3026 5723 Nam
3071 5686 3157 5741 qm
3183 5687 3276 5728 eos
3315 5675 3486 5744 potuit
3515 5675 3570 5733 in

1998 5759 2279 5817 manifesto
2304 5762 2551 5827 liberare,
2585 5760 2828 5832 potuitet
2854 5761 2905 5815 in
2937 5763 3145 5818 occulto
3165 5780 3438 5824 coronare.
3465 5766 3571 5825 Sed
