4080 6360
550 331 682 392 1507

547 448 593 504 si
620 446 740 507 illos
768 451 822 499 in
847 446 1053 499 oceano
1097 442 1441 504 coronasset,
1464 448 1643 506 regem
1668 473 1686 501 ,
1719 430 2086 533 qui-szm'icrat
2109 467 2124 490 ,

550 554 658 594 non
682 538 979 594 liberasset.
1019 535 1173 590 Salus
1208 531 1448 602 corporis
1476 529 1722 589 illorum,
1749 525 1895 580 salus
1936 525 2129 576 anima:

547 629 686 686 facta
713 637 796 686 est
834 630 992 685 illius.
1041 626 1120 681 llli
1163 627 1324 680 Deum
1372 622 1634 678 laudando
1671 625 1992 681 evaserunt,
2032 612 2128 668 sed

545 730 836 791 praesentes
879 720 1028 789 ignes
1072 735 1088 774 :
1130 719 1222 774 ille
1275 718 1329 772 in
1385 717 1552 770 Deum
1600 711 1868 768 credendo
1916 706 2123 773 evasit,

548 809 646 865 sed
699 819 929 865 azternas
963 810 1255 881 gebennas.
1309 808 1434 862 Plus
1475 820 1601 875 ergo
1648 804 1944 902 illi,quam
1989 799 2124 902 illis,

546 900 843 969 praestitum
880 909 983 955 est.
1013 899 1309 955 Antiochus
1349 907 1528 953 autem
1561 911 1666 950 non
1690 904 1804 950 erat
1829 893 2019 963 dignus
2041 893 2127 946 cui

545 990 673 1044 talia
720 999 1128 1058 praestarentur,
1156 1006 1187 1045 a
1225 1005 1330 1061 quo
1371 989 1659 1044 Machabmi
1697 986 2122 1056 torquebantur:

548 1079 670 1136 ideo
698 1081 801 1138 illis
827 1083 945 1152 igne
989 1083 1373 1152 tormentisque
1401 1079 1728 1150 consumptis
1747 1120 1762 1145 ,
1788 1077 2076 1147 exsultavit
2109 1095 2123 1132 :

547 1169 642 1224 sed
670 1173 755 1241 qui
777 1189 827 1225 se
858 1172 1075 1239 exultat,
1103 1171 1448 1226 humilinbitur
1489 1172 1508 1241 (
1534 1169 1660 1224 Luc.
1692 1185 1821 1224 xvrn
1840 1211 1854 1234 ,
1881 1169 1993 1239 14).

622 1264 675 1317 5.
706 1261 876 1318 Maria
896 1282 926 1317 a
951 1266 1084 1336 falsa
1110 1266 1392 1335 suspicione
1408 1263 1602 1334 Ioseph
1629 1262 1856 1316 liberata.
1879 1261 1978 1329 Qui
2000 1275 2128 1330 ergo

548 1353 793 1409 liberavit
822 1356 1118 1410 Susannam
1146 1357 1423 1410 mulierem
1444 1364 1664 1417 castam,
1695 1353 1975 1436 conjugem
2007 1353 2127 1407 lide-

548 1443 651 1498 lem
677 1461 706 1500 a
734 1446 867 1502 falso
889 1448 1191 1503 testimonio
1217 1447 1509 1514 seniorum,
1537 1445 1653 1516 ipse
1674 1445 1916 1501 liberavit
1939 1453 1993 1500 ct
2015 1445 2125 1500 vir-

546 1537 724 1606 ginem
752 1539 969 1594 Mariam
995 1556 1025 1593 a
1053 1540 1183 1595 falsa
1222 1540 1524 1610 suspicione
1564 1537 1739 1593 mariti
1779 1537 1882 1592 sui.
1911 1535 2127 1592 Inventa

548 1637 632 1681 est
656 1643 781 1698 ergo
809 1630 960 1699 virgo
988 1630 1075 1685 illa
1096 1645 1394 1700 praegnans,
1424 1629 1491 1684 ad
1517 1645 1674 1699 quam
1698 1629 1781 1696 Vvir
1805 1643 1913 1684 non
1942 1643 2126 1684 acces-

549 1726 715 1772 serat.
750 1703 940 1775 Uterus
970 1721 1181 1790 quidem
1209 1721 1320 1776 fetu
1362 1723 1718 1788 intumuerat;
1740 1721 1834 1776 sed
1855 1720 2126 1792 virginalis

548 1808 827 1880 integritas
849 1822 1134 1868 manserat.
1161 1813 1547 1869 Seminatorem
1588 1813 1712 1868 ﬁdei
1739 1812 1843 1868 ﬁde
1863 1826 2125 1882 concepe-

547 1911 668 1966 rat,
701 1903 867 1959 Deum
908 1903 960 1958 iu
1007 1919 1159 1959 suum
1207 1919 1401 1974 corpus
1437 1911 1833 1973 assumpserat,
1876 1903 1966 1972 qui
2008 1901 2127 1971 ejus

545 2004 740 2062 corpus
779 1995 964 2050 violari
1011 2012 1114 2050 non
1159 1997 1474 2065 permiserat
1505 2014 1518 2050 :
1547 1996 1738 2049 marito
1777 2003 1952 2049 tamen
2008 2002 2128 2048 tan-

546 2095 704 2149 quam
731 2083 930 2138 homini
959 2087 1099 2140 venit
1128 2086 1180 2140 in
1208 2086 1588 2156 suspicionem.
1615 2084 1843 2140 Aliunde
1871 2099 1990 2140 esse
2007 2099 2128 2140 cre—

547 2170 734 2240 debat,
763 2174 904 2244 quod
928 2175 996 2231 de
1025 2192 1084 2231 se
1113 2193 1216 2230 non
1245 2193 1364 2233 esse
1387 2177 1608 2244 sciebat,
1636 2187 1691 2232 et
1717 2177 1888 2246 ipsum
1913 2176 2126 2233 aliunde

547 2263 866 2320 adulterium
892 2267 1280 2337 suspicabatur.
1308 2268 1390 2323 Ab
1414 2268 1602 2338 angelo
1627 2269 1926 2338 corrigitur.
1951 2269 2126 2337 Quare

545 2352 734 2423 dignus
775 2355 874 2410 fuit
916 2358 983 2412 ab
1036 2359 1223 2429 angelo
1250 2360 1476 2430 corrigi?
1503 2359 1635 2427 Quia
1661 2375 1768 2414 non
1799 2359 1850 2415 in
1881 2360 1972 2415 illo
2010 2368 2126 2415 erat

544 2445 802 2500 malevola
841 2450 1308 2520 suiSpiciozquales
1349 2451 1635 2520 Apostolus
1661 2450 1790 2506 dicit
1837 2451 2125 2507 malevolas

544 2538 874 2607 suspiciones
917 2542 1064 2597 nasci
1115 2543 1254 2598 inter
1291 2542 1483 2600 fratres
1517 2543 1578 2616 (1
1620 2543 1754 2598 Tim.
1781 2561 1832 2599 vr
1856 2586 1871 2611 ,
1901 2543 1990 2618 4).
2018 2545 2127 2600 Ma-

543 2623 734 2684 lcvolze
783 2633 1111 2702 suspiciones
1159 2642 1284 2689 sunt
1331 2635 1796 2702 calumniantium,
1853 2637 2124 2692 benevola:

544 2719 876 2788 suspiciones
913 2732 1037 2777 sunt
1064 2723 1492 2793 gubernantium.
1524 2725 1674 2780 Licet
1696 2726 1941 2797 cuiquam
1963 2725 2033 2782 de
2061 2727 2125 2781 ﬁ-

544 2807 618 2862 lio
643 2809 778 2864 male
803 2813 1059 2880 suspicari
1083 2831 1097 2878 ;
1142 2814 1235 2868 sed
1275 2813 1340 2869 de
1367 2815 1474 2868 ﬁlio
1501 2830 1604 2870 non
1632 2815 1756 2871 licet
1775 2817 2119 2872 calumniari:

545 2898 726 2969 utique
748 2902 1034 2972 suspicaris
1066 2905 1294 2970 malum;
1324 2905 1417 2961 sed
1452 2914 1606 2977 Optas
1633 2907 1874 2964 invenire
1899 2908 2120 2965 bonum.

544 2986 643 3054 Qui
671 2989 930 3046 benevole
950 2994 1267 3064 suspicatur,
1297 2995 1433 3052 vinci
1460 2997 1604 3068 cupit
1629 3016 1642 3051 :
1667 3007 1789 3054 tunc
1815 2999 1957 3055 enim
1986 3001 2122 3057 bene

543 3076 787 3147 laetatur,
819 3085 1030 3154 quando
1067 3087 1255 3141 falsum
1283 3087 1552 3144 inventum
1598 3090 1756 3146 fuerit
1795 3093 1937 3162 quod
1982 3095 2122 3152 male

542 3171 933 3240 suSpicabatur.
963 3175 1104 3232 Talis
1128 3188 1242 3233 erat
1261 3179 1457 3251 Joseph
1477 3182 1617 3237 circa
1639 3183 2117 3254 conjugemgsuam,

541 3261 627 3315 cui
656 3277 878 3332 corpore
906 3281 1009 3321 non
1036 3276 1150 3322 erat
1169 3269 1382 3339 mixtus,
1407 3271 1500 3326 sed
1529 3281 1702 3328 tamen
1730 3274 1834 3331 ﬁde
1868 3277 1980 3345 jam
2010 3276 2122 3331 fue-

540 3360 624 3406 rat
648 3356 942 3423 copulalus.
973 3356 1270 3431 Venitergo
1295 3372 1350 3416 et
1387 3363 1535 3434 virgo
1561 3364 1612 3418 in
1644 3364 1829 3421 falsam
1859 3368 2121 3437 suspicio-

541 3457 663 3498 nem
691 3445 822 3499 :sed
852 3449 988 3502 sicut
1014 3465 1110 3518 pro
1138 3450 1378 3508 Susanna
1405 3454 1572 3510 adfuit
1615 3457 1670 3512 in
1700 3457 1916 3514 Daniele
1954 3457 2121 3529 Spiri-

545 3543 631 3588 tus
651 3575 665 3598 ,
694 3535 769 3590 sic
795 3552 894 3606 pro
920 3538 1079 3594 Maria
1112 3541 1280 3597 adfuit
1316 3545 1557 3614 angelus.
1587 3546 1668 3601 Ad
1710 3546 1910 3618 Joseph
1951 3549 2122 3620 inquit

539 3624 760 3693 angelus
789 3643 801 3679 :
833 3625 960 3682 Noli
979 3630 1152 3685 timere
1178 3634 1406 3703 accipere
1422 3635 1642 3690 Mariam
1663 3640 1929 3710 conjugem
1949 3649 2118 3696 tuam:

539 3715 674 3783 quod
698 3717 829 3771 enim
849 3719 912 3774 de
929 3737 986 3773 ea
1001 3723 1242 3789 nascitur,
1265 3723 1328 3778 de
1346 3725 1544 3796 Spiritu
1561 3737 1732 3783 sancto
1753 3740 1824 3784 est
1841 3730 2052 3802 (Matth.
2077 3749 2116 3801 1,

540 3803 748 3874 ili-20).
765 3807 951 3862 Ablata
968 3811 1195 3879 suspicio
1211 3823 1311 3880 est,
1331 3814 1452 3885 quia
1474 3815 1682 3873 inventa
1704 3819 1997 3890 redemptio
2012 3831 2115 3878 est.

610 3895 664 3949 4.
701 3894 962 3968 Virginum
985 3909 1030 3955 et
1058 3903 1440 3975 conjugatarum
1479 3909 1680 3962 castitas
1700 3949 1716 3977 ,
1749 3915 2011 3980 prmmium
2033 3914 2117 3967 in-

540 3985 751 4054 requale,
768 3987 856 4041 sed
874 3998 1113 4044 aeternum
1139 4002 1348 4068 utraque
1385 3997 1549 4052 habet.
1577 3998 1766 4070 Iugum
1793 3999 1979 4056 Christi
2007 4003 2118 4059 lene

536 4083 584 4128 et
599 4076 799 4130 sarcina
831 4079 949 4133 levis
979 4084 1279 4138 amantibus.
1314 4085 1623 4142 Gaudebant
1654 4091 1811 4159 paulo
1835 4101 1960 4146 autc
1989 4108 2117 4147 cou-

532 4163 727 4235 jugatze
752 4167 816 4223 ad
843 4169 1134 4228 Susannam
1157 4217 1170 4240 ,
1188 4177 1454 4246 gaudeant
1481 4180 1710 4251 virgines
1746 4183 1811 4236 ad
1855 4184 2072 4238 Mariam
2100 4205 2112 4241 :

538 4264 771 4327 utrmque
815 4267 1031 4316 teneant
1075 4265 1408 4334 castitatem;
1455 4270 1557 4324 illac
1600 4273 1966 4343 conjugalem,
2013 4277 2115 4331 illa:

532 4345 867 4416 virginalem.
891 4350 1124 4424 Utraque
1150 4357 1290 4410 enim
1335 4361 1551 4416 castitas
1591 4361 1750 4418 habet
1782 4364 1920 4434 apud
1950 4365 2112 4420 Deum

536 4437 824 4492 meritum:
859 4443 960 4496 etsi
1006 4444 1275 4514 virginalis
1323 4451 1493 4521 major
1533 4463 1642 4521 est,
1691 4456 1982 4525 coniugalis
2009 4457 2110 4512 mi-

533 4541 665 4594 nor;
701 4538 874 4586 tamen
924 4543 1141 4606 utraque
1182 4550 1329 4608 grata
1359 4552 1441 4596 est
1478 4542 1588 4598 Deo
1609 4585 1624 4610 ,
1658 4546 1777 4614 quia
1805 4547 2003 4602 donum
2031 4558 2113 4604 est

532 4619 648 4676 Dei.
693 4622 776 4678 Ad
814 4625 973 4681 vitam
1021 4638 1273 4686 :eternam
1322 4646 1508 4690 omnes
1544 4638 1889 4705 perveniunt;
1918 4639 2012 4694 sed
2058 4640 2112 4695 in

529 4711 639 4766 vita
659 4723 854 4770 azterna
902 4733 1007 4772 non
1034 4736 1219 4777 omnes
1246 4725 1492 4781 eumdem
1538 4726 1793 4782 honorem
1819 4770 1834 4796 ,
1866 4729 2108 4786 eamdem

533 4803 864 4877 dignitatem,
898 4809 1040 4866 idem
1088 4815 1332 4870 meritum
1377 4828 1706 4887 comparant.
1732 4819 1821 4875 Sic
1865 4821 1968 4875 erit
2003 4825 2109 4878 vita

529 4908 726 4954 aeterna
749 4911 803 4956 et
832 4918 1053 4973 regnum
1073 4906 1198 4972 Dei,
1221 4909 1508 4978 quomodo,
1537 4912 1897 4968 similitudinis
1924 4929 2106 4984 causa,

528 4992 669 5061 quod
719 4993 943 5051 dicimus
990 4997 1206 5053 caelum.
1239 4998 1296 5054 ln
1342 5003 1479 5057 caelo
1518 5013 1642 5059 sunt
1683 5007 1859 5059 omnia
1886 5006 2104 5062 sidera:

529 5081 607 5137 sic
633 5093 686 5137 et
734 5084 787 5139 in
838 5101 1004 5157 regno
1045 5089 1136 5144 Dei
1188 5105 1376 5146 omnes
1398 5101 1554 5146 erunt
1587 5093 1711 5148 boni
1751 5094 1954 5151 ﬁdeles.
1988 5097 2105 5153 Vita

528 5182 725 5229 mterna
752 5191 849 5246 par
877 5178 980 5232 erit
1007 5179 1252 5234 omnibus
1284 5199 1296 5235 :
1326 5197 1428 5235 non
1457 5183 1596 5237 enim
1628 5183 1698 5239 ibi
1726 5185 1858 5240 alius
1886 5187 2001 5256 plus
2021 5189 2103 5244 vi-

527 5267 638 5334 vit,
669 5268 803 5324 alius
828 5270 1035 5334 minus;
1067 5272 1278 5340 quando
1306 5287 1490 5328 omnes
1517 5277 1632 5330 sine
1674 5275 1778 5331 ﬁne
1803 5279 1991 5335 victuri
2017 5297 2106 5336 su-

529 5372 669 5412 mus.
702 5359 818 5428 lpse
838 5369 918 5415 est
943 5361 1190 5417 denarius
1217 5379 1372 5432 quem
1401 5367 1670 5435 accepturi
1697 5379 1820 5422 sunt
1848 5373 2098 5440 operarii,

527 5450 639 5505 sive
659 5465 746 5520 qui
774 5452 824 5506 in
844 5452 995 5508 vinea
1030 5469 1185 5509 mane
1212 5453 1625 5527 laboraverunt,
1656 5461 1767 5516 sive
1795 5463 1884 5532 qui
1913 5464 1981 5518 ad
2006 5464 2102 5520 bo-

528 5558 640 5597 ram
667 5543 1002 5600 undecimam
1028 5557 1289 5602 venerunt
1311 5549 1330 5623 (
1353 5549 1438 5604 Id.
1472 5567 1542 5606 xx
1565 5593 1580 5618 ,
1609 5552 1662 5622 9,
1688 5555 1778 5624 lO)
1809 5573 1822 5610 :
1851 5556 2102 5616 denarius

526 5636 616 5692 ille
645 5637 748 5689 vita
776 5644 975 5690 :cterna
1021 5645 1138 5704 est,
1167 5654 1286 5708 qua:
1329 5643 1575 5698 omnibus
1615 5660 1712 5716 par
1748 5656 1848 5702 est.
1890 5647 1995 5704 Sed
2023 5650 2103 5706 in-

525 5728 744 5785 tuemini
787 5728 1014 5798 coelum,
1056 5733 1404 5790 recordamini
1450 5737 1758 5808 Apostolum
1787 5759 1801 5796 :
1832 5741 1948 5796 Alia
1989 5761 2100 5801 cor-

1759 315 1816 372 S.
1857 304 2221 373 AUGUSTINI
2260 309 2562 368 EPlSCOPl

3682 328 3820 386 1508

2241 440 2366 492 pora
2394 427 2631 496 caelestia,
2649 436 2697 482 et
2719 427 2822 483 alia
2846 433 3120 486 terrestria.
3148 434 3266 488 Alia
3286 435 3452 506 gloria
3477 439 3620 510 solis,
3646 450 3697 497 et
3716 442 3822 499 alia

2235 515 2398 585 gloria
2419 516 2570 580 Iunce.
2589 525 2636 572 et
2661 520 2764 573 alia
2788 520 2952 592 gloria
2979 522 3238 578 stellarum
3253 527 3434 592 ;stella
3462 531 3593 585 enim
3614 549 3646 586 a
3673 535 3821 589 stella

2235 607 2407 675 differt
2431 609 2483 664 in
2521 611 2685 682 gloria
2715 627 2735 667 :
2755 615 2828 667 sic
2853 623 2900 668 et
2935 617 3234 671 resurrectio
3276 629 3588 680 mortuorum
3618 624 3673 695 (l
3696 623 3816 682 Cor.

2235 716 2324 767 xv,
2353 701 2568 774 40-42).
2603 705 2744 776 Ergo
2766 708 3151 778 unusquisque,
3183 709 3373 766 fratres
3393 715 3527 779 mei,
3560 731 3655 784 pro
3677 717 3820 773 dono

2235 792 2374 862 quod
2400 795 2641 864 accepit,
2667 805 2837 852 certet
2859 797 2911 851 in
2953 798 3052 854 hoc
3073 802 3301 870 saeculo,
3329 813 3388 858 ut
3407 805 3634 874 gaudeat
3663 808 3713 862 in
3739 807 3818 862 fu-

2239 893 2374 940 turo.
2401 885 2722 960 Conjugatus
2759 891 2857 944 es?
2904 890 3128 948 inferior
3150 895 3255 949 vita
3293 906 3409 961 est,
3442 898 3659 954 inferius
3683 915 3819 970 pra:-

2237 977 2399 1032 mium
2431 995 2583 1048 spera
2609 997 2624 1046 ;
2655 990 2910 1058 aeternum
2943 993 3120 1040 tamen
3146 1003 3365 1058 regnum
3411 1007 3518 1046 non
3568 991 3814 1064 despcra.

2237 1067 2504 1138 Prmcepta
2535 1070 2625 1125 tibi
2664 1072 2959 1143 conjugalia
2990 1077 3268 1133 retinenda
3309 1092 3450 1136 sunt.
3477 1083 3612 1150 Quid
3635 1086 3775 1142 enim
3797 1128 3814 1154 ,

2234 1158 2353 1227 quia
2397 1175 2616 1216 uxorem
2653 1163 2843 1230 habes,
2898 1180 3002 1220 non
3035 1176 3092 1237 te,
3124 1169 3289 1226 debes
3331 1188 3620 1244 agnoscere
3663 1194 3818 1248 perc-

2233 1250 2429 1320 grinari
2474 1252 2525 1306 in
2554 1252 2655 1309 hoc
2692 1255 2925 1324 mundo,
2953 1259 3266 1316 moriturum
3310 1279 3415 1319 non
3463 1275 3513 1322 te
3539 1268 3702 1326 debes
3725 1287 3816 1326 co-

2233 1342 2433 1412 gitare,
2463 1344 2727 1401 exiturum
2757 1347 2825 1404 de
2863 1347 3000 1406 lecto
3029 1353 3346 1424 voluptatis?
3367 1367 3422 1412 et
3447 1359 3567 1416 vide
3595 1377 3701 1432 quo
3727 1375 3814 1419 ut-

2234 1447 2460 1502 cumque
2513 1449 2730 1507 pcrgas,
2773 1439 2839 1494 ad
2879 1448 3197 1498 tormentum
3243 1447 3591 1517 calamitatis,
3633 1469 3698 1509 an
3745 1457 3813 1512 ad

2233 1525 2506 1592 praemium
2536 1528 2867 1586 :eternitatis.
2898 1531 3079 1603 Cogita
3106 1550 3255 1606 ergo,
3283 1553 3435 1595 serva
3473 1544 3613 1612 quod
3655 1561 3814 1603 acce-

2235 1613 2384 1683 pisti,
2426 1616 2561 1674 ferto
2601 1622 2864 1677 sarcinam
2901 1631 3043 1679 tuam
3075 1643 3089 1680 :
3119 1627 3241 1696 quia
3281 1629 3414 1686 levis
3449 1641 3563 1701 est,
3605 1636 3650 1690 si
3693 1638 3813 1692 dili-

2231 1707 2344 1778 gis;
2373 1712 2578 1780 gravis,
2607 1712 2653 1766 si
2695 1713 2872 1770 odisti.
2898 1715 3014 1771 Non
3037 1719 3179 1774 enim
3206 1720 3396 1778 frustra
3420 1725 3671 1784 Dominus
3701 1731 3807 1796 ait,

2231 1810 2324 1854 aut
2343 1816 2470 1856 vere
2494 1818 2616 1858 cum
2644 1803 2747 1860 hoc
2771 1808 2865 1875 ait,
2891 1809 3019 1865 solis
3043 1813 3437 1872 continentibus
3457 1818 3807 1890 loquebatur:

2241 1890 2416 1946 Venite
2439 1894 2509 1947 ad
2537 1912 2647 1960 me,
2680 1914 2850 1953 omnes
2892 1901 2979 1970 qui
3025 1902 3264 1960 laboratis
3297 1915 3345 1960 et
3376 1912 3572 1965 onerati
3589 1913 3735 1980 estis,
3763 1923 3810 1968 et

2231 1998 2322 2052 ego
2358 1985 2583 2052 reﬁciam
2628 2002 2731 2043 vos.
2777 1989 2956 2062 Tollite
2986 1994 3171 2065 jugum
3223 2013 3387 2052 meum
3423 2017 3577 2072 super
3612 2020 3731 2072 vos,
3762 2016 3809 2061 et

2232 2073 2407 2129 discite
2433 2092 2464 2128 a
2485 2093 2563 2130 me
2582 2079 2698 2148 quia
2734 2081 2868 2136 mitis
2893 2099 3006 2138 sum
3029 2094 3074 2138 et
3102 2086 3306 2142 humilis
3325 2091 3492 2155 corde,
3518 2103 3564 2147 et
3590 2095 3810 2150 invenie-

2233 2165 2297 2218 tis
2325 2167 2545 2235 requiem
2595 2170 2859 2226 animabus
2887 2176 3077 2246 uestris
3099 2193 3118 2231 :
3150 2193 3254 2233 non
3291 2182 3541 2239 carnibus
3581 2187 3772 2264 vestris
3791 2231 3806 2254 ,

2229 2256 2324 2312 sed
2364 2259 2641 2315 animabus
2666 2265 2875 2318 vestris.
2904 2265 3096 2338 Iugum
3122 2272 3256 2324 enim
3286 2289 3450 2326 meum
3489 2275 3599 2330 lene
3622 2256 3732 2343 est,
3762 2289 3810 2333 et

2229 2348 2427 2402 sarcina
2451 2366 2562 2404 mea
2585 2352 2702 2407 leuis
2721 2363 2792 2408 est
2813 2355 3027 2423 (Matth.
3057 2375 3110 2413 xl
3125 2400 3140 2425 ,
3163 2360 3351 2433 28-50)
3373 2380 3387 2417 :
3412 2364 3546 2420 levis
3575 2369 3770 2423 amanti
3790 2410 3806 2433 ,

2229 2437 2404 2506 gravis
2428 2441 2661 2510 neganti.
2687 2442 2876 2514 Jugum
2905 2446 3112 2504 Domini
3139 2451 3190 2504 in
3218 2453 3478 2510 cervicem
3506 2459 3811 2528 sumpsisti?

2229 2525 2373 2583 Lcne
2393 2539 2495 2596 est,
2524 2531 2569 2586 si
2594 2531 2732 2590 bene
2758 2538 2986 2604 conaris;
3005 2554 3270 2610 asperum,
3292 2545 3335 2598 si
3365 2546 3659 2604 reluctaris.
3687 2551 3808 2607 Cir-

2228 2628 2490 2678 cumstant
2510 2625 2824 2683 teutationes
2834 2629 3162 2701 conjugalem
3183 2635 3363 2690 vitam.
3381 2636 3650 2708 Numquid
3663 2642 3806 2697 enim

2227 2712 2328 2768 ista
2348 2713 2583 2771 Susanna
2614 2717 2733 2774 ideo
2758 2735 2861 2775 non
2886 2729 3082 2779 tentata
3101 2735 3182 2781 est
3199 2726 3248 2781 in
3266 2729 3374 2798 ipsa
3398 2729 3668 2801 pudicitia,
3684 2734 3808 2803 quia

2227 2805 2418 2860 marito
2439 2816 2555 2861 erat
2579 2809 2895 2879 conjuncta?
2917 2813 3179 2885 Numquid
3202 2817 3284 2871 ha:
3304 2819 3434 2874 solze
3461 2819 3514 2875 in
3540 2820 3640 2876 hac
3659 2831 3808 2892 parte

2227 2909 2336 2949 non
2380 2904 2676 2964 tentantur,
2705 2916 2825 2970 qua:
2855 2902 2980 2958 viris
3019 2907 3357 2974 copulantur?
3384 2909 3523 2965 Ecce
3565 2908 3807 2966 Susanna

2227 3001 2363 3041 uxor
2406 2987 2577 3044 aliena
2621 2999 2736 3044 erat
2757 3033 2771 3057 ,
2804 2993 3052 3050 maritum
3080 2995 3326 3074 habebat
3358 3018 3372 3054 :
3405 3009 3581 3056 tamen
3608 3011 3806 3059 tentata

2226 3085 2336 3143 est,
2377 3077 2648 3134 ﬁuctuavit
2694 3081 2746 3136 in
2791 3090 3126 3155 tempestate.
3157 3088 3434 3160 Angustias,
3458 3092 3653 3163 inquit,
3683 3096 3808 3150 mihi

2226 3177 2340 3222 sunt
2360 3170 2600 3241 undique.
2633 3173 2676 3227 A
2705 3171 2854 3230 falsis
2880 3177 3025 3232 enim
3052 3179 3274 3235 testibus
3304 3180 3478 3237 timuit
3500 3184 3638 3239 mori
3669 3201 3684 3240 :
3709 3187 3804 3242 sed

2225 3273 2256 3312 a
2289 3259 2397 3316 Deo
2421 3261 2600 3331 judice
2626 3279 2753 3320 vero
2781 3266 2954 3322 timuit
2977 3269 3185 3339 penitus
3229 3271 3385 3326 mori.
3413 3272 3454 3326 A
3489 3271 3633 3330 falsis
3660 3276 3804 3331 enim

2227 3350 2449 3408 testibus
2468 3353 2535 3408 ad
2564 3363 2772 3427 tempus
2798 3369 3130 3414 moreretur:
3156 3375 3186 3414 a
3209 3361 3388 3431 judice
3412 3362 3522 3418 Deo
3551 3365 3604 3418 in
3648 3376 3807 3422 teter-

2225 3458 2350 3497 num
2404 3446 2701 3514 puniretur.
2743 3451 3050 3520 Appendit,
3097 3453 3299 3523 elegit:
3333 3458 3477 3524 prius
3519 3457 3722 3525 timuit,
3751 3470 3806 3516 et

2224 3537 2506 3604 appendit;
2537 3540 2821 3610 appendit,
2847 3551 2902 3598 et
2929 3543 3122 3613 elegit;
3145 3546 3332 3616 elegit,
3363 3557 3416 3602 et
3442 3550 3583 3605 vicit.
3617 3551 3804 3609 Docuit

2225 3623 2448 3684 feminas
2474 3629 2780 3700 conjugatas
2816 3631 3124 3704 religiosas,
3157 3641 3402 3694 tentatori
3427 3642 3676 3700 resistere
3703 3645 3802 3701 do-

2223 3717 2369 3784 cuit,
2426 3734 2658 3790 pugnare
2711 3721 2920 3792 docuit,
2961 3724 3203 3782 laborare
3235 3727 3442 3802 docuit},
3481 3733 3801 3804 adjutorium

2223 3809 2507 3881 implorare
2531 3814 2729 3870 docuit.

2293 3903 2346 3958 5.
2379 3903 2604 3960 Feminis
2632 3907 2916 3985 exemplum
2943 3911 3202 3969 Susanna.
3220 3917 3482 3988 Agendum
3507 3936 3607 3976 non
3635 3924 3802 3978 solum

2221 4002 2275 4046 ut
2321 3994 2450 4047 bona
2486 3999 2552 4049 sit
2596 3997 2728 4065 vita,
2779 4001 2868 4054 sed
2911 4011 2956 4056 et
2995 4004 3136 4073 fama
3173 4007 3353 4062 illaesa.
3399 4007 3456 4066 Si
3499 4010 3566 4066 de
3605 4012 3800 4070 femina

2224 4095 2366 4140 tanta
2405 4087 2676 4158 Scriptura
2724 4094 2872 4148 testis
2909 4104 3020 4162 est;
3062 4100 3314 4170 numquid
3342 4101 3483 4158 viros
3526 4104 3800 4162 deseruit?

2223 4177 2475 4246 numquid
2502 4178 2580 4234 eis
2601 4182 2904 4252 exemplum
2930 4184 3240 4242 imitationis
3283 4189 3472 4246 deesse
3517 4195 3802 4262 permisit?

2220 4267 2562 4326 lutuebamur
2581 4272 2878 4330 Susannam
2909 4283 3162 4334 tentatum
3196 4294 3224 4333 a
3255 4281 3384 4337 viris
3410 4287 3800 4355 concupiscen-

2220 4364 2361 4420 tibus
2388 4365 2506 4435 ejus
2534 4372 2928 4438 corruptionem
2949 4412 2963 4436 ,
2991 4372 3327 4432 lutuebamur
3351 4386 3666 4435 certantem.
3696 4381 3800 4436 Le-

2218 4457 2321 4510 ctio
2366 4457 2453 4513 illa
2493 4459 2757 4516 theatrum
2791 4465 2958 4520 nostri
2999 4467 3178 4523 cordis
3215 4480 3365 4538 erat,
3413 4473 3668 4530 athletam
3701 4475 3798 4533 Dei

2220 4548 2464 4616 pudicum
2494 4553 2737 4622 spiritum
2778 4559 3247 4628 exspectabamus,
3273 4571 3566 4620 certantem
3605 4567 3799 4623 adver-

2217 4641 2412 4695 sarium
2442 4643 2782 4710 videbamus,
2813 4647 2880 4702 de
2923 4649 3063 4704 victo
3105 4666 3226 4707 cum
3270 4655 3458 4711 vitrice
3501 4659 3797 4729 triumphe-

2216 4748 2356 4786 mus.
2406 4734 2615 4791 Habent
2657 4739 2957 4809 exemplum
2999 4757 3155 4798 suum
3199 4745 3462 4817 religiosa:
3503 4750 3793 4821 conjuges,

2217 4821 2413 4879 habent
2453 4827 2595 4896 quod
2633 4829 2924 4886 imitentur.
2972 4833 3082 4889 Deo
3111 4835 3340 4892 debeant
3376 4841 3517 4908 quod
3543 4853 3790 4907 servant,

2214 4929 2319 4969 non
2365 4915 2567 4973 homini
2602 4936 2614 4972 :
2651 4929 2775 4976 tunc
2818 4923 2960 4978 enim
2999 4937 3247 4996 servant,
3288 4929 3330 4984 si
3377 4930 3488 4986 Deo
3533 4933 3790 5000 debeant;

2216 5015 2341 5062 tunc
2365 5018 2609 5077 servant,
2637 5011 2681 5066 si
2711 5011 2789 5067 illi
2818 5013 3080 5082 debeant,
3109 5019 3198 5088 qui
3221 5019 3366 5074 videt
3385 5021 3526 5091 quod
3553 5035 3788 5092 servant,

2211 5096 2355 5165 quod
2380 5097 2537 5152 etiam
2569 5101 2788 5157 maritus
2819 5118 2924 5158 non
2947 5104 3108 5160 videt.
3137 5107 3292 5178 Saepe
3319 5110 3461 5166 enim
3490 5112 3684 5169 absens
3710 5125 3794 5170 cst

2211 5191 2470 5258 maritus,
2518 5209 2732 5265 semper
2767 5203 2853 5252 est
2897 5213 3136 5267 praesens
3175 5201 3356 5257 Deus:
3388 5214 3442 5260 et
3469 5205 3790 5275 aliquando,

2211 5283 2333 5352 quia
2360 5281 2521 5340 homo
2544 5295 2628 5341 est
2651 5288 2873 5344 maritus
2896 5331 2911 5357 ,
2941 5291 3240 5361 suspicatur
3261 5293 3487 5362 falsum;
3519 5305 3644 5350 tunc
3673 5310 3791 5354 oret

2211 5375 2402 5430 mulier
2449 5392 2546 5446 pro
2591 5380 2784 5434 marito
2833 5395 2932 5436 suo
2977 5383 3281 5454 suspicante
3317 5385 3542 5452 falsum;
3588 5398 3702 5444 oret
3733 5399 3792 5445 ut

2209 5466 2302 5523 ille
2331 5467 2581 5535 salvetur,
2613 5485 2719 5525 non
2761 5481 2819 5526 ut
2864 5473 2953 5528 ille
2978 5473 3277 5530 damnetur.
3323 5475 3474 5530 Falsa
3515 5477 3656 5532 enim
3687 5479 3786 5534 viri

2208 5561 2442 5631 suspicio
2492 5577 2599 5618 non
2643 5563 2842 5619 claudit
2883 5567 3067 5622 oculos
3108 5567 3223 5621 Dei.
3278 5566 3420 5622 Illius
3461 5569 3788 5628 conscientia

2207 5653 2349 5708 nuda
2389 5662 2473 5710 est
2516 5669 2697 5710 coram
2739 5656 2866 5722 illo,
2897 5658 2988 5728 qui
3015 5666 3162 5712 creat
3204 5673 3344 5714 eam.
3390 5659 3507 5731 lpse
3543 5661 3685 5718 enim
3715 5662 3784 5717 ad

2209 5755 2418 5816 tempus
2437 5763 2742 5821 oppressam
2783 5747 2975 5804 liberat
3014 5748 3066 5806 in
3093 5758 3372 5806 aeternum.
3398 5749 3506 5809 Sed
3546 5762 3660 5809 oret
3683 5767 3787 5814 pm
