4080 6360
258 330 425 399 i509

260 450 492 516 marito,
525 455 579 504 et
619 446 710 502 det
751 459 968 519 operam
994 461 1098 501 non
1124 446 1294 501 solum
1324 442 1519 497 habere
1544 440 1738 496 bonam
1765 435 1846 491 vi-

261 554 397 608 tam,
417 541 508 596 sed
529 542 690 596 etiam
713 540 933 596 illacsam
953 538 1163 593 famam.
1185 539 1381 593 Bonam
1400 536 1541 591 enim
1559 534 1717 587 vitam
1736 531 1845 600 ipsa

263 634 515 704 pudicitia
544 632 767 697 liberat,
796 647 862 686 ne
894 630 1174 685 damnetur
1198 647 1212 684 :
1236 629 1372 683 bona
1403 640 1529 681 vero
1550 624 1687 679 fama
1714 622 1849 676 alios

262 724 477 790 liberat,
512 739 578 777 ne
604 722 796 777 falsum
846 720 1162 792 suspicando
1208 719 1475 783 labantur,
1507 724 1562 770 et
1601 713 1737 768 forte
1796 711 1847 764 in

262 823 542 884 peccatum
572 812 853 878 decidant,
881 812 1006 867 dum
1046 811 1185 882 quod
1228 825 1333 865 non
1360 809 1539 863 vident
1561 805 1800 877 judieaut
1832 820 1845 857 :

263 909 421 963 sicuti
443 908 646 977 judices
682 907 768 961 isti
792 907 1214 985 ceciderunt,’ct
1263 902 1442 957 Daniel
1472 907 1715 965 sanctus,
1744 896 1850 950 imo

266 1013 365 1069 per
403 998 679 1053 Daniclem
727 997 1014 1063 Dominus,
1056 996 1223 1066 magis
1248 996 1366 1049 illos
1402 991 1648 1063 judices,
1690 1001 1848 1058 quam

264 1089 601 1153 Susannam,
644 1088 711 1143 ab
766 1087 1021 1142 interiore
1067 1094 1238 1141 morte
1281 1083 1541 1139 liberavit.
1584 1076 1849 1135 Liberavit

263 1182 410 1236 enim
463 1181 606 1235 illam
638 1222 653 1248 ,
696 1196 765 1235 ne
811 1179 877 1235 ad
927 1188 1133 1248 tempus
1187 1177 1529 1233 damnaretur
1582 1191 1595 1228 :
1654 1172 1847 1227 libera-

262 1271 343 1325 vit
382 1279 558 1325 autem
608 1270 761 1337 illos,
806 1285 874 1324 ne
920 1269 1058 1324 male
1090 1267 1377 1339 judicando
1421 1276 1475 1321 et
1512 1266 1847 1320 innocentem

260 1361 599 1429 damnando,
632 1362 686 1416 in
712 1370 972 1417 :cternum
1004 1361 1321 1431 supplicium
1345 1359 1598 1415 caderent
1622 1356 1737 1426 ejus
1764 1356 1847 1425 ju-

260 1453 428 1517 dieis,
474 1469 630 1524 quem
660 1469 816 1508 nemo
845 1462 1021 1523 potest
1062 1466 1403 1523 corrumpere
1429 1493 1444 1517 ,
1487 1466 1517 1505 a
1557 1464 1661 1520 quo
1691 1461 1848 1502 nemo

261 1559 326 1602 se
351 1554 527 1616 potest
554 1545 905 1601 abscondere.

337 1637 389 1690 6.
422 1636 613 1707 Ioseph
642 1637 758 1690 viris
786 1637 1069 1707 exemplum
1108 1635 1379 1707 pudicitiae.
1423 1633 1673 1688 Dicebam
1721 1645 1847 1700 ergo

261 1727 333 1782 de
355 1728 514 1794 viris,
539 1729 659 1798 quia
689 1743 786 1783 nec
812 1728 913 1798 ipsi
940 1728 1055 1783 sine
1074 1727 1317 1796 exemplo
1340 1725 1542 1783 dimissi
1570 1731 1711 1780 sunt.
1736 1723 1844 1776 Viri

260 1818 429 1883 casti,
462 1819 559 1872 viri
590 1819 837 1873 timentes
870 1819 1034 1873 Deum
1057 1859 1072 1883 ,
1094 1818 1193 1872 viri
1211 1817 1401 1887 quibus
1427 1815 1697 1871 sufﬁciunt
1721 1828 1847 1868 con-

255 1908 412 1981 juges
437 1926 581 1977 sure;
612 1911 709 1965 viri
753 1912 843 1981 qui
889 1927 994 1965 non
1036 1911 1243 1965 violatis
1284 1909 1426 1981 quod
1467 1908 1617 1963 vobis
1658 1906 1847 1962 violari

267 2018 371 2056 non
417 2003 608 2068 vultis;
638 2004 735 2057 viri
764 2002 851 2072 qui
881 2002 1035 2057 lidem
1058 2043 1073 2068 ,
1102 2018 1256 2072 quam
1295 1999 1545 2071 exegistis
1565 2041 1579 2066 ,
1608 1998 1844 2054 reddidi-

259 2094 391 2159 stis;
422 2102 733 2163 expsectate
761 2104 815 2148 et
841 2108 937 2149 vos
963 2109 1049 2149 me
1068 2105 1540 2158 commemorante,
1570 2091 1710 2161 quod
1754 2106 1847 2145 ex-

262 2184 573 2253 spectabant
602 2200 798 2239 uxores
825 2196 1016 2241 vestrze
1045 2184 1247 2239 lectore
1283 2184 1562 2239 recitante.
1603 2182 1713 2237 Nec
1746 2197 1842 2236 vos

261 2274 382 2328 sine
408 2273 653 2343 exemplo
695 2274 969 2344 Scriptura
1025 2273 1202 2330 divina
1248 2274 1467 2329 dimisit.
1515 2273 1624 2328 “1:13
1650 2273 1847 2328 Susan-

260 2380 386 2418 nam
416 2364 733 2431 audiebant,
767 2375 820 2421 et
846 2366 896 2419 in
920 2380 985 2421 ea
1012 2366 1257 2421 vincente
1283 2365 1583 2436 gaudebant
1606 2382 1619 2418 :
1644 2379 1739 2419 vos
1757 2364 1846 2419 Jo-

263 2456 401 2526 seph
446 2457 743 2521 attendite;
788 2472 892 2512 non
936 2458 1084 2512 illum
1130 2456 1362 2527 Joseph,
1406 2457 1490 2511 cui
1528 2456 1845 2526 deSponsata

266 2547 441 2604 fuerat
465 2550 613 2621 virgo
640 2550 800 2605 Maria
823 2592 837 2613 ,
866 2567 984 2622 qua:
1012 2552 1218 2621 peperit
1243 2551 1506 2606 Christum
1532 2568 1546 2616 ;
1591 2565 1712 2604 nam
1756 2549 1847 2604 ille

261 2641 567 2709 suspicione
595 2649 827 2696 tentatus
870 2650 982 2707 est,
1016 2652 1071 2698 et
1113 2645 1182 2698 ab
1223 2642 1412 2713 angelo
1462 2657 1583 2696 mox
1630 2654 1846 2696 sanatus

260 2739 364 2783 est.
410 2730 585 2785 Alium
616 2730 814 2801 Joseph
853 2740 1038 2786 sancta
1085 2732 1357 2802 Scriptura
1403 2741 1645 2797 testatur,
1689 2747 1844 2803 quem

262 2822 488 2875 tentavit
518 2822 821 2892 impudica;
851 2823 1049 2877 amavit
1085 2822 1361 2892 pulchrum
1392 2838 1496 2877 non
1538 2831 1680 2877 casta
1707 2863 1722 2889 ,
1752 2822 1845 2878 sed

261 2928 514 2983 perversa
562 2924 774 2982 mente,
803 2915 891 2971 ubi
931 2916 1116 2971 oculos
1142 2931 1247 2971 non
1277 2916 1540 2986 habebat,
1571 2917 1662 2971 ubi
1694 2916 1846 2973 vide-

264 3014 411 3059 retur
431 3006 718 3075 spiritualis
738 3015 792 3061 et
811 3006 1090 3062 invisibilis
1114 3007 1487 3076 pulchritudo;
1516 3022 1674 3078 quem
1699 3022 1846 3062 ama-

262 3095 357 3150 bat
403 3098 718 3167 pulchrum,
768 3100 982 3155 nolebat
1034 3108 1258 3155 castum.
1313 3102 1524 3156 Amavit
1576 3102 1843 3169 alienum,

262 3191 462 3244 amavit
485 3206 695 3246 servum
717 3192 817 3247 viri
838 3193 919 3249 sui
952 3212 966 3248 :
995 3193 1089 3249 sed
1120 3194 1277 3249 ﬁdem
1304 3204 1604 3250 servantem
1626 3194 1845 3250 domino

263 3294 363 3335 suo
389 3298 499 3336 non
526 3284 741 3338 amavit.
791 3286 870 3339 An
917 3294 1072 3354 putas
1099 3287 1296 3340 amavit
1340 3286 1521 3350 illum,
1566 3302 1633 3340 an
1667 3287 1844 3356 potius

264 3373 364 3428 se?
393 3374 506 3444 Ego
536 3384 664 3444 puto
690 3376 813 3446 quia
843 3391 941 3432 nec
976 3377 1122 3431 illum
1143 3419 1159 3443 ,
1193 3394 1291 3433 nec
1316 3392 1397 3432 se.
1443 3377 1498 3433 Si
1522 3378 1664 3432 enim
1694 3378 1842 3432 illum

261 3467 492 3531 amabat,
518 3483 684 3537 quare
714 3468 926 3524 volebat
954 3470 1217 3540 perdere?
1243 3471 1287 3525 si
1317 3487 1375 3525 se
1404 3471 1648 3537 amabat,
1679 3486 1845 3541 quare

264 3558 477 3612 volebat
504 3561 717 3628 perire?
750 3561 887 3617 Ecce
927 3561 1144 3631 probavi
1182 3563 1303 3632 quia
1333 3577 1438 3616 non
1464 3563 1692 3617 amabat.
1736 3562 1843 3617 Ve-

264 3663 403 3703 neno
425 3648 662 3705 libidinis
682 3651 918 3717 ardebat,
940 3639 1052 3706 non
1076 3652 1285 3708 llamma
1310 3652 1581 3707 charitatis
1611 3653 1840 3708 lucebat.

262 3738 367 3793 Sed
400 3740 491 3795 ille
520 3750 741 3796 noverat
768 3742 947 3798 videre
968 3784 981 3805 ,
1010 3743 1151 3813 quod
1179 3744 1266 3797 illa
1292 3759 1396 3797 non
1444 3754 1682 3798 noverat.
1715 3745 1843 3799 Pul-

263 3834 446 3890 chrior
472 3847 585 3892 erat
607 3837 770 3903 intus,
789 3854 944 3907 quam
968 3838 1124 3903 foris;
1150 3838 1419 3908 pulchrior
1435 3839 1485 3893 in
1507 3839 1683 3893 cordis
1700 3840 1846 3911 luce,

267 3941 423 3996 quam
446 3927 496 3981 in
514 3927 691 3983 carnis
706 3937 859 3983 cute:
889 3944 994 3999 quo
1016 3930 1152 3984 illius
1180 3929 1388 3984 femina:
1409 3930 1545 3984 oculi
1568 3946 1670 3984 non
1691 3946 1844 3999 pene-

267 4015 476 4070 trabant
494 4058 508 4081 ,
536 4016 608 4070 ibi
636 4017 751 4087 ipse
779 4033 874 4072 sua
900 4018 1288 4088 pulchritudine
1315 4019 1602 4073 fruebatur.
1626 4018 1843 4075 intuens

264 4122 393 4175 ergo
421 4107 731 4163 interiorem
760 4108 1204 4179 pulchritudinem
1234 4110 1510 4176 eaStitatis,
1542 4110 1755 4179 quando
1778 4110 1842 4163 il-

267 4196 373 4252 lam
403 4198 672 4265 maculari,
698 4200 907 4269 quando
935 4201 1121 4255 violari
1150 4201 1289 4255 illius
1314 4200 1525 4254 femina:
1552 4201 1843 4255 tentatione

266 4288 626 4356 permitteret?
652 4291 878 4346 Amabat
902 4291 1019 4354 illa;
1052 4290 1146 4345 sed
1172 4290 1383 4345 amabat
1404 4298 1459 4345 et
1484 4291 1614 4346 ille:
1646 4300 1700 4346 et
1726 4291 1847 4360 plus

266 4386 384 4431 erat
421 4378 560 4448 quod
589 4380 801 4435 amabat
830 4382 919 4434 ille
938 4422 954 4448 ,
986 4396 1143 4451 quam
1170 4381 1310 4451 quod
1336 4383 1545 4437 amabat
1572 4382 1692 4448 illa;
1725 4383 1845 4452 quia

265 4470 480 4526 videbat
506 4472 620 4539 ille,
649 4473 789 4543 quod
819 4488 922 4529 non
950 4473 1160 4528 videbat
1188 4474 1297 4527 illa.

338 4562 393 4614 7.
425 4560 718 4617 Castitatem
752 4564 806 4617 in
834 4564 948 4618 aliis
976 4564 1218 4634 impudici
1241 4564 1316 4617 vel
1344 4565 1441 4633 ipsi
1468 4574 1661 4618 autaut.
1691 4564 1747 4620 Si
1772 4566 1849 4620 vis

268 4651 451 4707 videre
502 4654 1000 4726 quomodocumque
1028 4656 1356 4724 spiritualem
1402 4657 1844 4725 pulchritudinem

267 4742 536 4811 pudicitia:
558 4785 573 4810 ,
607 4746 650 4799 si
678 4744 842 4801 habes
886 4745 953 4799 ad
1000 4746 1143 4799 illam
1173 4746 1587 4815 qualescumque
1621 4747 1805 4802 oculos
1827 4788 1844 4814 ,

266 4835 503 4906 exempli
529 4836 696 4906 gratia
726 4837 925 4907 aliquid
950 4838 1041 4891 tibi
1082 4853 1323 4908 pr0pono
1358 4856 1369 4891 :
1406 4839 1574 4908 ipsam
1617 4854 1766 4895 amas
1793 4840 1847 4895 in

265 4925 494 4996 conjuge
545 4936 655 4981 tua.
688 4928 806 4982 Noli
847 4944 973 4998 ergo
1018 4928 1195 4984 odisse
1223 4930 1273 4983 in
1312 4930 1503 4995 aliena,
1534 4930 1675 5000 quod
1702 4946 1850 4986 amas

267 5014 319 5069 in
369 5025 477 5070 tua.
521 5017 782 5085 Quidnam
831 5035 980 5073 amas
1024 5020 1075 5073 in
1120 5022 1248 5074 tua?
1295 5021 1487 5091 Utique
1528 5024 1846 5078 castitatem.

266 5104 415 5160 lianc
443 5106 600 5162 odisti
629 5108 680 5162 in
706 5110 873 5163 aliena
893 5151 910 5176 ,
934 5125 1090 5177 quam
1113 5125 1262 5165 amas
1290 5111 1341 5165 in
1369 5119 1454 5165 tua
1486 5130 1498 5165 ε
1530 5112 1667 5167 hanc
1692 5114 1852 5168 odisti

267 5195 317 5248 in
347 5195 520 5250 aliena
542 5236 558 5265 ,
590 5212 707 5251 cum
732 5214 833 5268 qua
862 5199 1262 5254 concumbendo
1284 5200 1398 5268 ejus
1423 5200 1504 5255 vis
1529 5200 1749 5270 perdere
1770 5218 1852 5258 ca-

266 5287 523 5341 stitatem.
554 5288 706 5355 Quod
754 5304 901 5343 amas
945 5290 995 5343 in
1047 5298 1170 5356 tua,
1224 5289 1322 5346 hoc
1348 5291 1425 5345 vis
1454 5292 1752 5347 interlicere
1799 5294 1849 5347 in

266 5376 473 5430 aliena?
502 5377 653 5444 Quod
678 5395 824 5433 amas
854 5380 905 5433 in
937 5388 1044 5443 tua,
1076 5380 1177 5435 hoc
1204 5382 1283 5435 vis
1311 5382 1533 5450 perdere
1562 5384 1613 5438 in
1640 5385 1854 5440 aliena?

267 5464 549 5531 Quomodo
587 5467 803 5523 habebis
831 5470 1125 5524 orationem
1176 5471 1385 5539 pietatis
1405 5512 1419 5537 ,
1465 5472 1731 5529 homicida
1758 5490 1851 5530 ca-

268 5556 495 5610 stitatis?
552 5556 716 5611 Sena
745 5574 871 5627 ergo
898 5559 951 5612 in
980 5560 1173 5627 aliena,
1215 5560 1355 5630 quod
1393 5564 1592 5617 servari
1622 5565 1771 5634 cupis
1801 5567 1853 5620 in

268 5655 360 5701 tua
394 5667 405 5701 :
435 5649 606 5719 ipsam
633 5652 931 5706 castitatem
962 5653 1136 5721 potius
1179 5652 1367 5723 dilige,
1418 5669 1573 5724 quam
1618 5670 1851 5711 carnem.

271 5738 375 5792 Sed
407 5740 542 5797 forte
571 5744 843 5797 existimas
874 5754 921 5797 te
952 5754 1240 5799 amatorem
1285 5762 1402 5800 (ξεςο
1450 5750 1624 5802 carnis
1675 5751 1854 5804 uxoris

1605 310 1836 371 SEllMO
1872 311 2180 377 CCCXLlli.

3397 332 3533 389 1510

1959 446 2098 504 tua),
2145 453 2250 493 non
2290 440 2567 495 castitatis.
2592 440 2817 498 Sordida
2866 441 3080 513 quidem
3122 443 3404 514 cogitatio;
3434 445 3529 501 sed

1957 545 2061 584 non
2112 539 2162 584 te
2210 531 2420 587 dimitto
2448 534 2562 588 sine
2589 536 2851 607 exemplo.
2883 536 2995 607 Ego
3022 539 3164 593 enim
3216 548 3345 609 puto
3387 540 3527 610 quod

1956 622 2251 677 castitatem
2282 623 2401 693 plus
2427 639 2574 679 ames
2616 626 2671 680 in
2698 628 2920 699 conjuge
2947 638 3051 697 tua,
3084 644 3244 701 quam
3280 647 3520 687 carnem.

1957 712 2063 767 Sed
2088 722 2144 768 ut
2182 724 2234 769 te
2258 716 2649 772 absolutissime
2677 720 2952 774 ostendam
2978 730 3268 778 amatorem
3296 738 3415 778 esse
3442 740 3529 778 ca-

1956 806 2149 860 stitatis
2177 807 2345 878 magis
2381 823 2538 878 quam
2565 810 2762 878 carnis,
2794 811 2931 867 hanc
2969 828 3114 869 amas
3164 815 3217 869 in
3268 816 3373 868 lilia
3418 823 3523 869 tua.

1953 896 2083 963 Quis
2113 896 2385 953 hominum
2414 910 2495 956 est
2519 901 2611 972 qui
2641 918 2745 958 non
2776 902 2911 958 ﬁlias
2935 918 3059 959 suas
3084 914 3258 961 castas
3287 922 3407 962 esse
3432 923 3526 963 ve.

1958 986 2050 1041 lit?
2073 987 2191 1056 quis
2220 988 2493 1045 hominum
2524 1001 2606 1047 est
2634 993 2721 1062 qui
2752 1010 2854 1049 non
2898 994 3123 1049 ﬁliarum
3151 1012 3365 1050 suarum
3391 1011 3523 1052 cono

1954 1078 2180 1147 gaudeat
2233 1081 2500 1136 castitati?
2555 1082 2817 1153 Numquid
2860 1093 2913 1139 et
2957 1085 3027 1139 ibi
3083 1100 3296 1140 carnem
3342 1087 3527 1142 amas?

1956 1174 2210 1244 numquid
2234 1177 2564 1246 concupiscis
2588 1192 2782 1247 corpus
2820 1179 3098 1251 pulchrum
3116 1221 3131 1245 ,
3159 1180 3247 1234 ubi
3274 1180 3526 1235 exhorre-

1954 1266 2060 1320 scis
2086 1266 2381 1321 incestum?
2429 1269 2563 1324 Ecce
2588 1268 2801 1338 probavi
2830 1279 2881 1325 te
2906 1278 3197 1325 amatorem
3224 1286 3342 1325 esse
3367 1273 3527 1326 casti-

1956 1358 2098 1413 tatis.
2130 1357 2185 1414 Si
2212 1374 2339 1430 ergo
2367 1370 2657 1417 amatorem
2688 1364 2944 1418 castitatis
2972 1363 3179 1418 ostendi
3214 1373 3284 1430 te,
3321 1363 3444 1433 quid
3475 1372 3528 1418 te

1953 1449 2216 1505 olfendisti
2236 1492 2251 1517 ,
2278 1459 2334 1505 ut
2362 1467 2467 1506 non
2496 1452 2639 1506 illam
2670 1468 2818 1507 ames
2847 1454 2898 1508 in
2926 1454 3010 1508 te?
3032 1455 3168 1509 Ecce
3195 1453 3355 1508 habes
3380 1468 3527 1507 com-

1953 1541 2224 1609 pendium,
2253 1558 2370 1596 ama
2410 1544 2462 1598 in
2496 1553 2546 1598 te
2574 1543 2713 1614 quod
2739 1560 2884 1600 amas
2912 1546 2964 1599 in
2994 1544 3098 1599 lilia
3128 1554 3212 1599 tua
3240 1565 3251 1599 :
3282 1561 3398 1598 ama
3426 1545 3529 1599 hoe

1952 1633 2006 1686 in
2032 1648 2197 1688 uxore
2218 1633 2422 1700 aliena;
2451 1635 2572 1705 quia
2600 1645 2654 1689 et
2673 1635 2780 1689 lilia
2803 1644 2886 1690 tua
2914 1651 3046 1690 uxor
3066 1637 3169 1691 erit
3188 1637 3525 1691 aliena.Ama

1952 1740 2078 1796 ergo
2106 1735 2162 1780 et
2203 1727 2255 1781 in
2286 1734 2337 1782 te
2362 1728 2679 1781 castitatem.
2711 1729 2767 1783 Si
2808 1744 3032 1783 uxorem
3061 1729 3285 1784 alienam
3318 1743 3528 1784 amave-

1956 1816 2116 1880 veris,
2144 1832 2250 1871 non
2280 1818 2530 1872 continuo
2561 1817 2814 1873 habebis:
2842 1820 2886 1874 si
2913 1820 3211 1874 castitatem
3240 1821 3523 1885 amaveris,

1951 1924 2076 1965 mox
2106 1909 2341 1964 habebis.
2374 1910 2507 1963 Ama
2537 1925 2664 1980 ergo
2705 1911 3001 1967 castitatem
3025 1952 3038 1976 ,
3072 1921 3125 1966 ut
3155 1911 3350 1967 habeas
3376 1920 3524 1967 aeter-

1952 2016 2071 2055 nam
2100 2002 2424 2056 felicitatem.

2022 2092 2074 2147 8.
2110 2090 2379 2146 Pudicitiae
2403 2108 2573 2146 amore
2606 2091 2937 2147 resistendum
2962 2095 3015 2146 iu
3054 2094 3325 2147 teutatioue
3362 2110 3528 2148 exem-

1954 2182 2038 2251 pla
2066 2181 2318 2237 Susanna:
2345 2192 2390 2235 et
2415 2181 2626 2251 Ioseph.
2658 2182 2763 2238 Sed
2813 2183 2947 2238 forte
2996 2184 3285 2239 teutaheris
3314 2226 3327 2248 ,
3379 2199 3527 2238 ama-

1952 2274 2028 2329 bit
2056 2282 2109 2328 te
2138 2274 2326 2328 mulier
2350 2274 2631 2344 impudica,
2661 2275 2895 2329 inveniet
2918 2284 2970 2329 te
3004 2276 3055 2328 in
3093 2275 3410 2341 solitudine,
3440 2290 3530 2331 co-

1954 2364 2165 2419 nabitur
2209 2374 2527 2434 extorquere
2555 2366 2926 2435 complexum;
2960 2366 3003 2420 si
3031 2367 3304 2430 renueris.
3352 2368 3528 2421 mina-

1953 2456 2093 2511 bitur
2123 2455 2428 2510 infamaudo
2468 2458 2803 2525 supplicium.
2845 2458 2956 2512 lloc
2992 2459 3230 2513 seniores
3260 2457 3372 2513 falsi
3420 2458 3523 2513 Su-

1952 2561 2132 2602 sanna:
2174 2546 2446 2612 fecerunt,
2480 2547 2582 2601 hoc
2620 2564 2753 2603 uxor
2800 2548 2998 2603 domini
3049 2550 3127 2603 sui
3172 2549 3296 2604 fecit
3346 2559 3529 2603 sancto

1950 2638 2167 2707 Joseph.
2200 2637 2305 2692 Sed
2341 2637 2599 2693 attendite
2641 2638 2826 2702 illum,
2869 2654 3025 2707 quem
3065 2639 3288 2693 attendit
3331 2649 3384 2693 et
3428 2638 3528 2693 Su-

1952 2744 2116 2784 sanna
2147 2739 2199 2784 et
2230 2729 2448 2799 Ioseph.
2479 2730 2611 2787 Num
2643 2730 2761 2799 quia
2810 2730 2984 2785 nullus
3034 2731 3184 2784 testis
3226 2740 3339 2794 est,
3390 2731 3529 2785 Deus

1952 2820 2023 2876 ibi
2074 2838 2177 2876 non
2227 2823 2345 2877 est?
2391 2822 2517 2891 Ejus
2546 2823 2729 2877 oculos
2772 2822 2934 2875 noluit
2979 2821 3251 2876 olfendere
3292 2820 3525 2890 Joseph,

1949 2913 2136 2968 oculos
2182 2913 2389 2968 Domini
2437 2914 2517 2967 sui
2559 2913 2855 2982 prmsentis.
2896 2912 3074 2966 Noluit
3105 2911 3382 2981 impudica:
3411 2927 3527 2966 mu-

1952 3003 2067 3058 lieri
2094 3004 2161 3058 ad
2186 3004 2527 3059 concubitum
2552 3003 2792 3057 illicitum
2818 3002 3134 3057 consentire.
3166 3002 3379 3071 Repulit
3404 3017 3530 3055 con-

1951 3096 2333 3165 cupiscentiam
2351 3096 2576 3150 alienam
2599 3135 2613 3159 ,
2638 3094 2913 3165 amplexus
2929 3104 3011 3149 cst
3032 3094 3333 3163 pudicitiam
3357 3109 3525 3148 suam.

1952 3186 2100 3242 Fecit
2129 3195 2305 3241 tamen
2332 3187 2417 3240 illa
2437 3229 2450 3251 ,
2477 3186 2617 3257 quod
2648 3187 2843 3240 minata
2874 3196 2955 3241 est
2985 3204 2996 3239 :
3027 3186 3244 3240 mentita
3274 3194 3356 3240 est
3383 3186 3528 3251 viro;

1951 3277 2151 3332 credita
2191 3285 2274 3332 est
2299 3292 2329 3330 a
2360 3292 2457 3331 suo
2487 3278 2699 3331 marito.
2732 3276 2921 3331 Adhuc
2962 3277 3166 3346 patiens
3214 3276 3371 3330 Deus.
3400 3275 3532 3329 Tra-

1949 3368 2093 3423 ditur
2116 3367 2314 3437 Joseplt
2344 3368 2395 3422 in
2437 3383 2743 3432 carcerem;
2772 3368 3068 3423 custoditur
3097 3377 3342 3440 tanquam
3371 3382 3527 3432 rens,

1951 3476 1981 3514 a
2027 3475 2133 3530 quo
2182 3476 2287 3515 non
2337 3470 2420 3516 est
2465 3460 2700 3516 oll‘ensus
2749 3461 3048 3517 Deuszsed
3099 3475 3199 3516 nec
3246 3462 3315 3516 ibi
3364 3460 3532 3518 defuit

1955 3553 2126 3619 Deus,
2159 3552 2279 3623 quia
2332 3554 2419 3607 ille
2470 3568 2574 3606 non
2623 3562 2737 3606 erat
2764 3567 2907 3607 reus.
2938 3551 3121 3606 Adfuit
3160 3552 3416 3607 Dominus
3442 3552 3533 3607 Jo-

1952 3643 2082 3711 seph
2116 3644 2330 3713 patienti
2364 3664 2376 3696 :
2411 3643 2552 3712 quod
2595 3659 2698 3698 non
2746 3645 2853 3698 cito
2898 3644 3176 3711 subvenit,
3224 3643 3290 3699 ad
3332 3644 3529 3714 majora

1955 3734 2169 3803 przcmia
2197 3734 2401 3788 distulit
2430 3734 2579 3803 (Gen.
2611 3750 2791 3801 xxxrs,
2820 3736 2951 3805 xu).
2981 3734 3290 3790 Lmtilicavit
3315 3736 3526 3801 merito,

1953 3841 2111 3895 quem
2142 3827 2382 3881 exercuit
2408 3826 2687 3899 supplicio.
2742 3826 2933 3881 Debuit
2973 3827 3113 3881 enim
3159 3837 3372 3882 sanctus
3421 3828 3533 3895 ipse

1952 3916 2149 3987 Joseph
2202 3932 2297 3985 pro
2327 3918 2435 3985 ipsa
2477 3916 2723 3986 pudicitia
2753 3916 2948 3986 aliquid
2978 3918 3137 3971 etiam
3167 3917 3359 3971 durum
3389 3918 3528 3986 pati,

1951 4007 2055 4063 hoc
2097 4017 2206 4072 est,
2253 4024 2514 4063 amarmn.
2561 4008 2614 4063 Si
2662 4009 2833 4077 ipsam
2886 4008 3203 4077 impudicam
3251 4009 3529 4064 mulierem

1954 4099 2174 4154 forsitan
2199 4109 2435 4160 amaret.
2468 4116 2563 4169 pro
2593 4100 2679 4153 illa
2708 4108 2921 4169 paratus
2947 4109 3089 4153 esset
3112 4099 3241 4153 dura
3271 4101 3477 4170 perpeti
3513 4119 3526 4154 :

1952 4199 2006 4245 et
2048 4191 2136 4245 illa
2188 4207 2427 4246 amorem
2479 4207 2631 4245 suum
2679 4205 2802 4260 erga
2850 4206 2911 4246 se
2953 4206 3058 4244 non
3105 4190 3387 4260 probaret,
3428 4191 3531 4246 nisi

1955 4291 2171 4352 propter
2198 4283 2343 4337 illam
2388 4282 2510 4336 talia
2555 4282 2778 4336 molesta
2829 4282 2911 4336 vel
2954 4280 3092 4336 dura
3138 4282 3427 4349 toleraret,
3478 4290 3534 4337 et

1952 4374 2197 4428 charitati
2222 4414 2238 4441 ,
2272 4374 2378 4427 imo
2418 4388 2525 4429 non
2554 4372 2833 4440 charitati,
2878 4372 2972 4429 sed
3019 4375 3174 4428 mala:
3214 4373 3531 4443 cupiditati,

1954 4466 2120 4521 vicem
2150 4465 2415 4520 redderet.
2448 4464 2834 4519 Exardesceret
2860 4465 2948 4519 illa
2988 4465 3040 4519 in
3083 4466 3229 4521 illiilli
3261 4465 3492 4520 vicissim
3513 4507 3527 4529 ,

1953 4560 2074 4627 quia
2116 4557 2321 4612 videret
2364 4572 2483 4612 eum
2512 4565 2657 4611 tanto
2682 4571 2867 4612 amore
2910 4573 3007 4611 suo
3051 4557 3427 4624 inardescere,
3476 4568 3534 4611 ut

1955 4660 2234 4721 pr0pterea
2266 4666 2368 4704 non
2417 4658 2691 4706 recusaret
2716 4665 3065 4720 quaecumque
3095 4650 3348 4719 supplicia
3397 4651 3533 4706 tole-

1955 4756 2093 4795 rare.
2124 4741 2177 4796 Si
2208 4740 2308 4794 hoc
2334 4755 2429 4809 pro
2481 4740 2741 4809 impudica
2763 4782 2778 4805 ,
2823 4749 3021 4809 quanto
3078 4741 3247 4810 magis
3296 4756 3390 4809 pro
3421 4740 3532 4810 ipsa

1956 4832 2243 4901 pudicitia?
2273 4832 2414 4886 Bene
2456 4845 2583 4900 ergo
2627 4830 2916 4898 aliquando
2946 4831 3084 4885 Deus
3111 4830 3289 4885 dill‘ert
3315 4832 3532 4902 adjuto-

1957 4927 2093 4980 rium
2124 4940 2307 4990 suum;
2340 4933 2395 4977 ut
2424 4923 2611 4992 probet
2641 4922 2907 4976 hominem
2929 4963 2946 4988 ,
2980 4932 3035 4976 ut
3074 4932 3319 4977 exerceat
3364 4924 3532 4979 homi-

1958 5031 2079 5069 nem
2098 5058 2111 5080 ,
2140 5024 2199 5068 ut
2227 5016 2340 5083 ipse
2366 5013 2466 5068 sibi
2506 5013 2666 5067 homo
2696 5013 3012 5068 innutescat.
3043 5013 3172 5067 Nam
3205 5014 3370 5069 Deum
3402 5014 3532 5069 nihil

1956 5106 2102 5161 latet.

2030 5198 2083 5253 9.
2116 5197 2223 5251 Pro
2245 5196 2486 5267 pudicitia
2505 5196 2801 5266 spernenda:
2825 5195 3176 5251 delectationes
3203 5206 3250 5251 et
3276 5198 3533 5251 molestiae.

1962 5290 2073 5346 Iioc
2096 5306 2224 5361 ergo
2250 5290 2545 5344 monuerim
2574 5288 2899 5343 Charitatem
2927 5296 3154 5342 vestram
3176 5330 3190 5354 ,
3223 5288 3410 5342 fratres
3431 5330 3445 5353 ,
3480 5297 3537 5342 ut

1962 5392 2083 5436 ante
2110 5381 2286 5436 omnia
2315 5378 2760 5449 concupiscentiis
2796 5378 3097 5432 carnalibus
3122 5388 3176 5431 ct
3199 5378 3402 5448 gaudiis
3432 5393 3537 5431 sze-

1962 5473 2229 5529 cularihus
2258 5481 2311 5527 et
2351 5488 2499 5525 vanzc
2527 5486 2734 5541 pompa:
2762 5477 2815 5525 et
2836 5470 3077 5524 volaticae
3098 5511 3112 5535 ,
3144 5469 3433 5539 vaporique
3459 5467 3535 5521 vi-

1964 5576 2029 5620 ta:
2061 5565 2219 5635 hujus
2260 5566 2539 5634 praesentis
2575 5562 2894 5633 pra-ponatis
2919 5562 3082 5617 decus
3106 5570 3157 5616 et
3186 5560 3533 5631 pulchritudi-

1965 5675 2084 5713 nem
2117 5658 2391 5727 sapientia:
2414 5699 2429 5725 ,
2473 5657 2794 5727 praeponatis
2822 5655 3155 5711 dulcedinem
3194 5654 3529 5710 suavitatem-

1964 5767 2065 5817 que
2090 5750 2379 5819 sapientia‘,
2412 5750 2725 5818 paupertatis
2756 5747 2916 5802 decus
2964 5746 3225 5815 pudicitia)
3246 5787 3258 5811 ,
3304 5747 3531 5815 pulchri-

3018 5830 3085 5887 ’t'7
3102 5832 3113 5845 ’
3130 5832 3143 5849 ⁸
