4046 6360
490 349 614 408 1511

486 463 722 520 tudinem
772 461 1052 517 castitatis.
1100 457 1222 512 fhec
1263 453 1437 509 omnia
1486 450 1791 506 abscondita
1841 455 1965 502 sunt
2013 446 2063 498 in

489 555 739 610 thesauro
784 552 1023 617 caelesti,
1069 547 1224 603 nuda:
1265 560 1445 599 coram
1492 543 1660 597 oculis
1707 541 1797 595 Dei
1840 549 2066 609 gemma:

491 655 613 702 sunt
641 648 754 700 ista:
780 645 1027 717 pretiosa:
1046 681 1062 707 ,
1090 639 1313 705 multum
1355 637 1563 700 lucent;
1595 633 1639 688 si
1669 631 1853 690 oculos
1898 629 2065 682 habe-

490 738 591 804 tis,
619 736 829 790 videtis.
868 732 1102 788 Diversis
1125 744 1272 799 .ergo
1299 736 1354 782 et
1389 726 1584 781 illicitis
1625 719 2067 778 delectationibus

491 827 590 881 ista
620 823 941 896 przeponite;
985 830 1041 878 et
1079 821 1125 878 si
1156 817 1381 875 tentatio
1421 830 1588 886 usque
1634 811 1959 875 accesserit,
2010 816 2069 863 ut

493 919 653 973 etiam
699 915 997 971 molestiam
1037 910 1342 983 patiamini,
1391 907 1582 962 fratres
1623 904 1762 969 mei,
1803 901 1922 972 quis
1961 913 2068 954 non

493 1010 728 1080 patiatur
757 1018 975 1078 propter
1002 1004 1271 1061 sacculum
1306 1000 1507 1056 suum?
1545 998 1664 1068 quis
1705 1011 1811 1050 non
1843 993 2070 1064 patiatur

493 1115 589 1170 pro
621 1114 750 1170 agro
778 1113 877 1153 suo
900 1139 915 1163 ,
946 1112 1042 1167 pro
1071 1111 1178 1152 uno
1199 1093 1373 1165 lapide
1402 1091 1584 1147 limitis
1609 1089 1720 1160 agri
1751 1087 1867 1143 sui?
1892 1085 1946 1141 Si
1973 1098 2072 1155 pre

494 1190 580 1247 his
618 1191 778 1246 rebus
819 1187 1122 1259 patiamini,
1167 1200 1300 1257 quas
1325 1199 1431 1238 non
1458 1181 1666 1237 habetis
1696 1181 1747 1235 in
1775 1186 2070 1250 potestate,

492 1280 747 1350 quamdiu
787 1279 948 1334 vultis
989 1279 1256 1343 retinere,
1285 1283 1340 1330 et
1367 1275 1558 1345 quibus
1582 1272 1741 1326 vultis
1763 1270 2071 1333 dimittere;

491 1371 588 1427 sed
615 1387 758 1441 saepe
782 1371 1097 1426 amittuntur
1113 1411 1127 1434 ,
1160 1383 1287 1423 cum
1308 1367 1534 1421 vivimus
1553 1407 1568 1432 ,
1612 1378 1754 1433 szepe
1778 1371 1898 1432 post
1923 1375 2070 1416 mor-

493 1476 604 1522 tem
631 1473 867 1520 nostram
895 1464 962 1518 ab
1007 1463 1086 1519 eis
1130 1477 1265 1532 quos
1307 1460 1553 1524 odimus,
1596 1456 1931 1529 possidentur
1969 1470 1984 1507 :
2029 1453 2075 1508 si

491 1573 591 1628 pro
618 1558 701 1612 his
725 1557 878 1612 bonis
907 1556 972 1625 (si
1002 1565 1178 1611 tamen
1209 1553 1430 1609 dicenda
1461 1560 1586 1607 sunt
1611 1552 1776 1615 bona,
1821 1564 1941 1620 quae
1967 1562 2073 1603 non

494 1649 697 1705 faciunt
741 1649 912 1704 bonos
935 1648 954 1719 )
988 1656 1128 1702 tanta
1157 1647 1296 1702 mala
1323 1645 1566 1700 homines
1593 1659 1747 1714 :cquo
1771 1644 1950 1696 animo
1977 1655 2076 1712 pa-

493 1739 730 1805 tiuntur;
760 1753 861 1808 pro
887 1738 992 1793 fide
1019 1753 1184 1808 quare
1215 1735 1346 1806 pigri
1376 1735 1542 1790 sunt?
1564 1749 1659 1803 pro
1686 1733 1946 1788 thesauro
1973 1745 2078 1786 cm-

491 1829 616 1890 lesti
644 1845 811 1899 quare
835 1829 1003 1883 timidi
1033 1827 1188 1882 sunt?
1219 1842 1314 1897 pro
1344 1826 1447 1880 illis
1489 1824 1688 1880 divitiis
1717 1825 1758 1890 ⁸,
1806 1837 1938 1893 quas
1977 1837 2077 1878 nec

494 1920 770 1992 naufragia
797 1921 951 1976 nobis
980 1929 1198 1992 possunt
1221 1918 1470 1986 auferre?
1495 1917 1676 1973 Justus
1703 1917 1845 1972 enim
1872 1913 2078 1970 naufra-

492 2029 592 2082 gus
612 2012 788 2068 evadit
813 2013 962 2068 dives
983 2021 1036 2066 ct
1062 2011 1256 2086 nudus.

568 2104 657 2158 10.
700 2101 800 2158 Job
839 2104 892 2157 in
922 2113 1140 2157 stercore
1177 2118 1327 2172 quam
1357 2101 1514 2155 dives.
1545 2099 1638 2154 His
1663 2099 1860 2154 divitiis
1889 2099 2079 2168 plenus

497 2203 614 2249 erat
643 2202 861 2249 sanctus
886 2193 987 2248 Job
1018 2209 1038 2247 :
1063 2193 1240 2247 omnia
1266 2207 1374 2246 uno
1401 2192 1505 2245 ictu
1531 2191 1836 2261 perierunt,
1869 2189 1996 2243 nihil
2025 2188 2079 2242 in

497 2283 661 2338 domo
686 2284 800 2352 ejus
829 2291 1185 2346 remanserat,
1211 2281 1403 2352 quibus
1430 2281 1590 2350 paulo
1630 2290 1755 2334 ante
1798 2279 2082 2349 opulentus

500 2375 799 2440 videbatur,
825 2375 1002 2429 subito
1030 2373 1305 2429 mendicus
1325 2414 1339 2437 ,
1367 2373 1420 2427 in
1460 2382 1697 2428 stercore
1725 2387 1755 2426 a
1781 2375 1954 2441 capite
1990 2387 2083 2426 us-

499 2483 605 2538 que
628 2467 697 2522 ad
727 2467 888 2537 pedes
915 2467 1184 2522 vermibus
1208 2473 1436 2520 scatens.
1456 2465 1590 2531 Quid
1614 2466 1712 2519 ista
1743 2465 1952 2518 miseria
1980 2463 2083 2517 mi.

500 2555 718 2612 serius?
743 2556 878 2624 Quid
926 2555 1180 2611 interiore
1223 2554 1477 2610 felicitate
1504 2552 1749 2608 felicius?
1772 2552 2087 2608 Perdiderat

502 2648 682 2702 omnia
711 2648 797 2702 illa
827 2662 946 2718 qua:
976 2645 1199 2702 dederat
1242 2645 1420 2700 Deus:
1451 2643 1544 2700 sed
1593 2643 1823 2698 habebat
1869 2643 2043 2714 ipsum
2065 2681 2080 2706 ,

505 2738 596 2809 qui
637 2737 860 2793 dederat
900 2737 1111 2805 omnia,
1158 2736 1348 2790 Deum.
1391 2728 1615 2799 Nudus,
1638 2733 1838 2804 inquit,
1869 2733 1998 2787 catini
2025 2733 2089 2786 de

507 2839 650 2884 utero
679 2829 855 2882 matris
884 2843 1032 2894 meat,
1063 2827 1230 2881 nudus
1257 2835 1479 2880 revertar
1512 2825 1565 2879 in
1606 2836 1812 2878 terram.
1840 2823 2090 2879 Dominus

505 2923 678 2988 dedit,
703 2919 955 2974 Dominus
979 2918 1216 2983 abstulit;
1245 2920 1376 2972 sicut
1401 2917 1615 2971 Domino
1643 2918 1871 2988 placuit,
1901 2918 1974 2970 ita
1999 2917 2084 2986 [a-

505 3022 641 3067 ctum
669 3021 742 3066 est
763 3028 782 3066 :
807 3011 873 3066 sit
901 3027 1081 3066 nomen
1104 3008 1310 3063 Domini
1339 3007 1672 3062 benedictum.
1699 3008 1857 3062 Certe
1889 3023 2091 3077 pauper

505 3103 629 3158 est?
657 3110 804 3157 certe
831 3100 961 3156 nihil
991 3100 1182 3155 habet?
1212 3100 1268 3155 Si
1295 3099 1429 3154 nihil
1455 3106 1715 3162 remanet,
1745 3097 1814 3152 de
1842 3112 1951 3168 quo
1973 3099 2092 3152 the-

506 3209 669 3250 sauro
695 3208 921 3264 gemma:
945 3193 1059 3247 ista:
1082 3191 1254 3246 laudis
1283 3191 1378 3245 Dei
1423 3188 1870 3260 proferebantur?
1901 3189 2092 3244 Postea

507 3301 673 3356 usque
693 3285 758 3340 ad
784 3300 1000 3340 carnem
1023 3291 1254 3339 tentator
1271 3283 1498 3338 accessit
1529 3301 1542 3336 :
1573 3281 1823 3336 omnibus
1847 3281 2090 3349 sublatis,

510 3378 846 3434 tentatricem
895 3377 1172 3432 mulierem
1226 3374 1463 3444 reliquit.
1514 3375 1676 3427 Evam
1723 3372 1966 3437 dimisit;
1998 3372 2092 3427 sed

511 3469 681 3524 Adam
709 3468 800 3524 ille
824 3483 932 3522 non
958 3466 1073 3522 fuit.
1107 3467 1173 3522 Et
1202 3467 1271 3521 ibi
1301 3465 1474 3536 qualis
1519 3463 1767 3519 inventus
1793 3462 1909 3518 est?
1954 3478 2094 3533 quo-

513 3561 675 3617 modo
702 3561 976 3630 respondit
1003 3560 1156 3615 uxori
1188 3559 1572 3629 blaSphemiam
1613 3553 1962 3628 suggerenti?
1990 3555 2094 3610 Lo-

513 3667 631 3714 cuta
658 3674 732 3724 es,
769 3657 974 3726 inquit,
1004 3665 1242 3726 tanquam
1273 3671 1376 3707 una
1413 3671 1476 3708 ea:
1499 3652 1845 3723 insipientibus
1870 3652 2098 3705 mulieri-

516 3753 625 3806 bus.
658 3741 724 3806 Si
762 3751 892 3804 bona
932 3750 1243 3819 suscepimus
1269 3747 1332 3800 de
1361 3763 1512 3800 manu
1543 3744 1784 3809 Domini,
1830 3745 1968 3798 mala
2007 3759 2099 3796 cur

515 3858 616 3896 non
640 3840 911 3895 toleramus
939 3838 1060 3908 (Job
1109 3855 1124 3892 I
1161 3847 1206 3892 et
1232 3837 1334 3907 tl)?
1361 3836 1408 3890 Ο
1434 3835 1604 3889 virum
1643 3845 1851 3904 putrem
1879 3843 1931 3888 et
1956 3834 2097 3888 inte-

518 3933 706 4004 grum!
735 3946 768 3987 o
794 3929 994 3985 foedum
1023 3937 1076 3984 et
1121 3927 1435 3997 pulchrum!
1466 3941 1500 3980 ο
1545 3926 1880 3980 vulneratum
1922 3933 1978 3979 et
2013 3939 2100 3978 sa-

519 4021 682 4076 num!
733 4035 769 4076 o
815 4020 867 4074 in
913 4028 1151 4075 stercore
1193 4016 1503 4082 sedentem,
1531 4024 1586 4070 et
1626 4017 1677 4069 in
1708 4014 1846 4069 etelo
1877 4029 2106 4085 regnan-

520 4114 661 4169 tem!
687 4110 743 4168 Si
769 4125 1031 4177 amamus,
1056 4109 1358 4173 imitemur;
1387 4116 1445 4162 ut
1464 4107 1750 4172 imitemur,
1769 4105 2101 4172 laboremus;

522 4205 646 4261 etsi
669 4205 721 4260 in
752 4204 937 4258 labore
962 4201 1362 4268 subdeficimus,
1383 4199 1707 4270 adjutorimn
1735 4199 2102 4268 imploremus.

522 4295 754 4365 Adjuvat
778 4302 1073 4350 certantem
1111 4293 1200 4363 qui
1246 4301 1517 4347 certamen
1549 4290 1755 4345 indixit.
1799 4290 1916 4346 Non
1961 4292 2103 4346 enim

522 4387 604 4444 sic
627 4396 680 4441 te
707 4386 847 4440 Deus
866 4391 1140 4453 exspectat
1157 4391 1472 4447 certantem,
1492 4393 1548 4436 ut
1577 4383 1802 4452 populus
1827 4383 2059 4452 aurigam
2089 4404 2102 4436 :

524 4479 756 4534 clamare
798 4476 982 4542 novit,
1013 4474 1265 4544 adjuvare
1304 4489 1408 4529 non
1447 4475 1611 4528 novit.
1643 4475 1756 4528 Non
1787 4475 1864 4528 sic
1889 4483 1939 4528 te
1966 4475 2107 4529 Deus

524 4575 796 4638 esxpectat
819 4575 1133 4629 certantem,
1157 4573 1216 4619 ut
1239 4564 1474 4635 agonista
1503 4571 1780 4634 exspeth
1805 4563 2058 4618 athletam
2089 4582 2103 4618 :

525 4675 778 4715 coronam
832 4658 1039 4714 feneam
1091 4665 1268 4727 parat,
1315 4657 1455 4710 vires
1497 4655 1904 4710 subministrare
1950 4654 2110 4710 labo-

528 4751 664 4804 ranti
695 4764 802 4804 non
834 4749 1008 4810 novit;
1041 4762 1139 4802 nec
1167 4746 1311 4802 enim
1351 4754 1562 4816 potest,
1613 4745 1772 4799 homo
1799 4747 1942 4800 enim
1989 4755 2106 4812 est,

535 4856 634 4894 non
667 4841 823 4894 Deus.
874 4838 942 4892 Et
972 4838 1106 4892 forte
1131 4837 1256 4891 dum
1287 4844 1566 4905 exspectat
1587 4877 1600 4897 ,
1645 4836 1762 4904 plus
1788 4835 1993 4890 laborat
2020 4849 2110 4891 se-

529 4933 739 4997 dendo,
767 4946 925 5000 quam
954 4930 1042 4984 ille
1074 4927 1342 4982 luctando.
1388 4927 1520 4981 Nam
1573 4927 1713 4980 Deus
1759 4926 1971 4996 quando
2015 4942 2111 4982 ex-

559 5033 734 5094 pectat
760 5031 1049 5076 certatores
1075 5033 1230 5082 suos,
1257 5014 1472 5087 adjuvat
1507 5032 1600 5070 eos
1628 5016 1900 5070 invocatus
1942 5033 1955 5070 :
1989 5031 2110 5070 nam

530 5115 646 5183 ejus
673 5113 887 5166 athleta:
911 5125 1010 5164 vox
1050 5117 1133 5164 est
1161 5109 1213 5162 in
1245 5108 1456 5162 Psalmo
1477 5150 1492 5173 ,
1548 5108 1609 5162 Si
1654 5108 1907 5174 dicebam,
1943 5106 2112 5161 Motus

533 5214 604 5258 cst
628 5220 713 5272 pes
743 5217 918 5266 meus;
945 5199 1290 5254 misericordia
1316 5208 1404 5250 tua
1422 5239 1438 5265 ,
1473 5197 1686 5252 Domine
1703 5240 1717 5265 ,
1741 5197 2010 5270 adjuvabat
2036 5213 2116 5252 me

535 5293 708 5365 (Psal.
736 5307 860 5348 xcut
881 5333 895 5356 ,
928 5292 1039 5361 18).
1065 5289 1179 5344 Νοη
1203 5304 1330 5358 ergo
1357 5290 1523 5344 simus
1551 5290 1719 5359 pigri,
1749 5289 1938 5346 fratres
1967 5291 2072 5346 mei
2099 5310 2111 5345 :

535 5395 810 5458 petamus,
834 5397 1132 5454 quaeramus
1152 5421 1168 5446 ,
1202 5382 1493 5450 pulsemus.
1527 5380 1703 5435 Omnis
1746 5383 1878 5434 enim
1913 5383 1998 5450 qui
2026 5398 2114 5450 pe-

537 5481 617 5542 tit,
647 5476 827 5545 accipit
848 5514 864 5539 ,
893 5484 939 5529 et
979 5488 1205 5542 qua’rens
1233 5472 1444 5526 inveniet
1463 5513 1480 5539 ,
1521 5481 1569 5526 ct
1614 5471 1836 5542 pulsanti
1863 5472 2116 5541 aperietur

539 5569 753 5638 (Matth.
778 5583 846 5621 vu
865 5607 881 5633 ,
913 5566 993 5636 8).

607 5707 619 5731 ι
648 5707 785 5760 Ante.
818 5709 908 5760 pro
945 5694 1054 5760 illis
1083 5693 1460 5760 άὶυἰιηιςητοτιρ
1497 5693 1756 5756 legendum
1777 5729 1790 5755 ,
1837 5707 1984 5756 quare
2029 5705 2118 5742 non

543 5767 646 5810 sunt
667 5755 854 5811 solliciti
873 5757 895 5808 ἴ)
914 5758 990 5808 vel
1014 5755 1189 5822 ahquid
1211 5755 1385 5806 simile.

1698 335 1755 392 S.
1798 326 2159 390 AUGUSTINI
2203 323 2501 382 lil‘lSCOPl

3614 332 3750 392 1512

2625 440 2852 497 ΞΙίηΜὈ
2889 441 3175 498 CCCXLW
3207 442 3325 515 ’(α).

2477 533 2554 586 De
2576 550 2745 586 amore
2774 533 2869 588 Dei
2888 544 2934 587 et
2963 551 3132 589 amore
3168 537 3326 590 seculi
3348 534 3442 614 (b).

2252 645 2301 699 1.
2332 643 2515 716 Pugna
2540 647 2668 699 inter
2688 663 2906 704 amorem
2936 647 3029 700 Dei
3061 657 3107 702 et
3135 666 3355 704 amorem
3381 653 3572 705 saeculi.
3592 653 3752 709 Amo-

2180 751 2270 792 res
2293 736 2400 791 duo
2425 738 2476 792 in
2509 737 2607 791 hac
2635 738 2736 792 vita
2764 753 2942 793 secum
2971 739 3022 792 iu
3055 740 3198 794 omni
3228 742 3519 797 teutatione
3545 743 3750 799 luctan-

2179 837 2283 894 tur,
2313 845 2464 884 amor
2487 830 2688 894 surculi,
2711 840 2765 884 et
2786 845 2938 886 amor
2961 831 3087 896 Dei;
3119 831 3390 888 et-horunt
3421 833 3643 890 duormn
3666 837 3751 906 qui

2177 919 2388 986 vicerit,
2435 920 2562 976 illuc
2619 929 2908 976 amantem.
2957 930 3206 992 tanquam
3272 925 3508 994 pondere
3572 927 3748 984 trahit.

2179 1009 2294 1066 Non
2323 1012 2462 1066 enim
2495 997 2681 1080 pennis
2702 1021 2794 1067 aut
2821 1011 3062 1082 pedibus,
3090 1012 3183 1068 sed
3212 1013 3484 1071 affectibus
3513 1019 3753 1075 venimus

2179 1105 2246 1160 ad
2270 1106 2457 1160 Deum.
2485 1105 2551 1160 Et
2576 1120 2787 1161 rursum
2816 1121 2920 1161 non
2947 1107 3223 1176 corporeis
3249 1107 3402 1163 nodis
3427 1119 3481 1164 et
3505 1111 3751 1179 vinculis,

2178 1197 2274 1252 sed
2294 1196 2574 1252 contrariis
2593 1196 2865 1252 affectibus
2883 1207 3038 1253 terra:
3061 1197 3402 1255 inhaeremus.
3424 1199 3580 1256 Venit
3600 1200 3758 1257 Chri-

2181 1297 2294 1344 stus
2315 1299 2521 1343 mutare
2545 1303 2804 1356 amorem,
2831 1298 2884 1344 et
2911 1288 2980 1344 de
3005 1297 3221 1344 terreno
3247 1289 3423 1346 facere
3447 1289 3571 1346 vitze
3595 1293 3757 1348 coele-

2181 1379 2277 1435 stis
2325 1385 2626 1434 amatorem
2673 1397 2688 1434 :
2735 1380 2894 1436 homo
2956 1388 3173 1450 propter
3243 1396 3339 1435 nos
3415 1380 3621 1450 factus,
3670 1383 3760 1454 qui

2183 1486 2284 1527 nos
2341 1472 2585 1527 homines
2649 1469 2803 1538 fecit;
2848 1480 2901 1526 et
2955 1486 3234 1526 assumens
3285 1471 3552 1528 hominem
3597 1473 3759 1540 Deus,

2183 1572 2241 1619 ut
2290 1563 2532 1618 homines
2604 1562 2802 1619 faceret
2875 1563 3026 1619 deos.
3082 1563 3180 1618 llic
3245 1565 3546 1634 propositus
3607 1564 3763 1622 nobis

2183 1654 2492 1724 agon,‘h:ec
2531 1653 2673 1708 lucta
2707 1669 2829 1709 cum
2858 1667 3039 1719 carne,
3072 1652 3186 1708 lucc
3214 1653 3354 1707 lucta
3381 1669 3501 1709 cum
3527 1653 3762 1720 diabolo,

2185 1746 2301 1802 huic
2323 1746 2459 1800 lucta
2481 1761 2602 1801 cum
2631 1745 2852 1800 sarculo.
2881 1743 2987 1800 Sed
3019 1743 3262 1810 fidamus,
3293 1746 3541 1815 quoniam
3572 1746 3766 1818 illequi

2184 1836 2288 1892 hoc
2315 1848 2584 1892 certamen
2607 1837 2821 1904 indixit,
2851 1851 2956 1892 non
2981 1836 3096 1892 sine
3125 1836 3387 1907 adjutorio
3415 1851 3516 1894 suo
3541 1847 3766 1908 spectat,

2186 1944 2287 1985 nec
2315 1928 2384 1984 de
2404 1929 2607 1984 viribus
2634 1927 2832 1983 nostris
2861 1935 2917 1982 ut
2957 1941 3342 1997 prazsumamus
3371 1927 3631 1982 hortatur.
3667 1927 3770 1997 Qui

2189 2020 2332 2074 enim
2353 2019 2420 2075 de
2440 2019 2641 2075 viribus
2668 2021 2778 2074 suis
2801 2018 3095 2089 praesumit,
3127 2019 3311 2090 utique
3329 2020 3450 2090 quia
3482 2020 3642 2075 homo
3667 2027 3768 2085 est,

2185 2111 2253 2167 de
2277 2111 2478 2166 viribus
2500 2111 2777 2182 praesumit
2805 2110 3036 2166 hominis
3060 2119 3146 2165 :ct
3177 2112 3469 2166 maledictus
3493 2113 3657 2168 omnis
3687 2113 3774 2183 qui

2188 2219 2327 2274 spem
2353 2219 2497 2256 suam
2523 2203 2664 2272 ponit
2687 2203 2739 2255 in
2764 2202 2964 2255 homine
2986 2201 3198 2274 (Jerem.
3230 2219 3358 2270 xvu,
3389 2204 3465 2277 5).
3501 2205 3672 2274 Hujus
3702 2206 3776 2274 pii

2188 2302 2241 2349 et
2283 2294 2452 2348 sancti
2495 2293 2693 2346 amoris
2740 2291 2951 2346 flamma
2996 2292 3244 2348 ardentes
3273 2303 3554 2364 martyres,
3586 2293 3775 2350 fenum

2188 2384 2400 2456 quidem
2444 2384 2620 2439 carnis
2665 2383 2859 2440 robore
2901 2385 3093 2440 mentis
3141 2396 3417 2454 arserunt;
3449 2388 3545 2456 ipsi
3587 2399 3776 2444 autem

2191 2476 2381 2547 integri
2413 2476 2464 2530 in
2492 2475 2679 2546 spiritu
2705 2475 2774 2529 ad
2802 2491 2947 2538 eum,
2973 2489 3079 2546 quo
3098 2477 3309 2532 accensi
3334 2486 3475 2543 sunt,
3506 2493 3778 2548 pervene-

2190 2577 2332 2622 runt.
2365 2567 2712 2622 Praestabitur
2754 2575 2930 2620 tamen
2971 2567 3082 2636 ipsa
3112 2569 3476 2624 contemnenti
3500 2570 3648 2624 carni
3680 2570 3780 2626 ho-

2191 2672 2291 2712 nor
2313 2655 2522 2712 debitus
2564 2656 2618 2711 in
2663 2658 3056 2712 resurrectione
3085 2666 3436 2714 mortuorum.
3465 2659 3587 2716 Ideo
3628 2663 3780 2718 enim

2191 2746 2452 2804 seminata
2481 2755 2563 2802 est
2591 2746 2644 2802 in
2666 2747 3009 2811 contumelia,
3033 2757 3088 2802 ut
3117 2759 3362 2820 resurgat
3388 2750 3438 2804 in
3470 2750 3665 2821 gloria.
3789 2735 3792 2738 ’

2263 2839 2318 2892 2.
2347 2834 2608 2893 Amandus
2635 2836 2770 2892 Deus
2793 2853 2942 2908 super
2963 2846 3214 2909 parentes.
3238 2839 3350 2895 Hoc
3375 2855 3557 2897 amore
3583 2857 3781 2898 accen-

2194 2931 2289 2997 sis,
2333 2931 2422 2986 vel
2464 2931 2640 3000 potius
2679 2937 2741 2985 ut
2779 2928 3137 2986 accendantur
3175 2929 3278 2986 hoc
3317 2926 3482 2986 dicit:
3510 2932 3611 3000 Qui
3638 2943 3787 2988 amat

2194 3028 2388 3091 putrem
2415 3029 2502 3074 aut
2535 3029 2746 3074 matrem
2785 3037 2938 3090 super
2975 3037 3074 3087 me,
3116 3036 3218 3076 non
3261 3031 3332 3076 est
3369 3039 3448 3076 me
3480 3025 3664 3095 dignus
3693 3037 3790 3081 :ct

2193 3111 2280 3181 qui
2311 3127 2411 3164 non
2454 3111 2624 3164 tulerit
2666 3126 2866 3164 crucem
2906 3127 3049 3164 suam
3083 3122 3129 3166 et
3157 3122 3353 3166 secutus
3375 3116 3526 3184 fuerit
3554 3133 3653 3184 me,
3679 3135 3787 3174 non

2195 3209 2267 3255 est
2289 3217 2368 3255 me
2387 3201 2569 3272 dignus
2593 3199 2872 3272 (Matth.x,
2899 3201 2966 3256 '57
2991 3211 3037 3255 et
3058 3199 3170 3273 58).
3193 3206 3442 3258 Amorem
3471 3215 3788 3274 parentum,

2197 3293 2398 3358 uxoris,
2451 3291 2704 3357 filiorum,
2749 3307 2856 3346 non
2903 3291 3142 3358 abstulit,
3194 3292 3287 3346 sed
3327 3293 3636 3350 ordinavit:
3675 3313 3793 3356 non

2196 3381 2349 3444 dixit,
2385 3381 2485 3449 Qui
2521 3389 2694 3447 amat;
2729 3381 2858 3446 sed,
2896 3381 2982 3451 qui
3024 3391 3163 3434 amat
3205 3399 3356 3453 super
3397 3401 3493 3438 me.
3542 3385 3656 3441 lloc
3703 3365 3806 3444 est

2199 3471 2342 3544 quod
2372 3473 2605 3527 Ecclesia
2634 3472 2870 3543 loquitur
2895 3472 2946 3526 in
2977 3472 3210 3528 Canticis
3234 3475 3594 3530 canticorum:
3622 3477 3792 3534 Ordi-

2198 3567 2334 3620 nauit
2362 3567 2415 3619 in
2450 3582 2528 3620 me
2565 3565 2860 3620 charitatem
2885 3562 3055 3636 (Cant.
3079 3581 3136 3631 u,
3165 3566 3240 3636 4).
3269 3567 3400 3620 Ama
3427 3577 3655 3638 patrem,
3690 3573 3793 3628 sed

2202 3657 2308 3711 noli
2329 3672 2490 3725 super
2511 3657 2792 3711 Dominum
2815 3672 2964 3710 :ama
3009 3657 3325 3725 genitorem,
3349 3657 3442 3711 sed
3486 3660 3594 3714 noli
3621 3677 3796 3731 super

2201 3748 2534 3805 Creatorem.
2558 3748 2714 3802 Pater
2743 3747 2942 3817 genuit,
2969 3746 3063 3802 sed
3094 3761 3197 3802 non
3224 3747 3338 3817 ipse
3365 3749 3604 3804 formavit
3627 3768 3641 3805 :
3663 3769 3794 3808 nam

2202 3841 2342 3912 quis,
2368 3849 2458 3895 aut
2486 3839 2655 3910 qualis
2675 3839 2774 3894 sibi
2799 3839 3100 3894 nasciturus
3122 3848 3284 3904 esset,
3318 3854 3439 3894 cum
3469 3842 3794 3912 seminaret,

2205 3931 2486 4004 ignoravit.
2508 3931 2665 3986 Pater
2691 3931 2933 3997 nutrivit,
2960 3929 3053 3985 sed
3080 3945 3183 3984 non
3205 3930 3272 3985 de
3295 3945 3393 3985 suo
3411 3941 3564 4001 pater
3593 3949 3797 4002 panem

2207 4023 2461 4079 esurienti
2496 4022 2741 4077 instituit.
2773 4021 3058 4076 Postremo
3084 4021 3338 4091 quidquid
3384 4022 3477 4076 tibi
3517 4033 3675 4094 pater
3702 4043 3801 4082 rc-

2208 4123 2384 4169 servat
2422 4113 2473 4167 in
2519 4120 2682 4178 terra,
2706 4110 2916 4166 decedit
2945 4121 3003 4165 ut
3031 4110 3306 4178 succedas,
3333 4112 3454 4166 vita:
3484 4121 3584 4166 tua:
3610 4114 3802 4171 locum

2211 4205 2367 4261 faciet
2392 4215 2566 4260 morte
2595 4218 2709 4259 sua.
2736 4204 2896 4258 Pater
2916 4213 3093 4258 autem
3124 4203 3264 4258 Deus
3291 4203 3432 4272 quod
3462 4203 3556 4259 tibi
3587 4215 3804 4277 servat,

2210 4310 2389 4350 secum
2419 4302 2626 4358 servat;
2659 4304 2716 4347 ut
2742 4293 3103 4348 hmreditatem
3121 4309 3242 4348 cum
3264 4293 3377 4364 ipso
3403 4294 3684 4363 possideas
3703 4314 3808 4367 pa-

2212 4393 2312 4448 tre,
2345 4397 2445 4437 nec
2479 4397 2599 4436 eum
2638 4380 2976 4436 decessorcm
3003 4383 3154 4451 quasi
3187 4397 3464 4438 successor
3490 4396 3810 4454 chpectes.

2211 4473 2306 4528 sed
2321 4471 2582 4527 inhmreas
2592 4487 2803 4541 semper
2814 4487 3082 4536 mansuro,
3093 4487 3304 4541 semper
3315 4473 3366 4526 in
3382 4473 3470 4528 illo
3484 4489 3810 4535 mansurus.

2215 4567 2344 4620 Ama
2359 4579 2487 4635 ergo
2505 4573 2728 4633 patrem,
2746 4563 2839 4618 sed
2862 4563 2965 4618 noli
2983 4577 3143 4632 super
3161 4563 3328 4618 Deum
3342 4572 3508 4617 tuum.
3529 4565 3668 4619 Ama
3686 4583 3813 4623 nta-

2216 4666 2349 4710 trem
2369 4664 2533 4719 tuam,
2556 4653 2648 4708 sed
2675 4654 2782 4708 noli
2803 4667 2964 4724 super
2983 4653 3295 4718 Ecclesiam,
3319 4669 3438 4722 qua:
3464 4661 3517 4708 te
3531 4657 3727 4724 genuit
3742 4660 3816 4714 ad

2213 4748 2375 4801 vitam
2392 4755 2668 4800 aeternam.
2689 4745 2928 4813 Denique
2954 4758 3018 4798 ex
3054 4743 3288 4812 ipsorum
3311 4751 3586 4812 parentum
3614 4760 3820 4805 amore

2219 4835 2488 4907 perpende
2505 4843 2759 4904 quantum
2775 4833 2998 4903 diligere
3015 4833 3210 4888 debeas
3227 4834 3392 4888 Deum
3409 4843 3464 4889 et
3478 4833 3790 4894 Ecclesiam
3802 4881 3815 4893 .

2215 4929 2268 4983 Si
2283 4927 2422 4981 enim
2448 4934 2649 4980 tantum
2671 4924 2923 4994 diligendi
2953 4932 3077 4977 sunt
3116 4923 3205 4991 qui
3245 4933 3541 4994 genuerunt
3576 4929 3820 4983 moritu-

2216 5036 2354 5085 rum,
2381 5028 2576 5089 quanta
2604 5018 2861 5072 charitatc
2879 5015 3133 5085 diligendi
3157 5026 3282 5070 sunt
3308 5018 3394 5086 qui
3425 5023 3822 5086 genueruntad

2216 5111 2563 5166 mternitatem
2576 5108 2934 5171 venturum,in
2953 5107 3301 5163 mternitatem
3317 5112 3658 5166 mansurum?
3673 5115 3818 5168 Ama

2219 5219 2455 5266 uxorem,
2480 5216 2599 5255 ama
2629 5201 2766 5254 filios
2784 5201 3076 5255 secundum
3105 5201 3292 5268 Deum,
3333 5211 3393 5256 ut
3436 5203 3696 5257 consulas
3737 5208 3825 5260 eis

2217 5296 2282 5349 ad
2325 5296 2489 5348 Deum
2529 5290 2810 5345 colendum
2852 5299 3026 5344 tecum
3054 5307 3066 5342 :
3092 5291 3175 5344 cui
3220 5291 3434 5360 junctus
3459 5307 3582 5346 cum
3612 5291 3823 5363 fueris,

2219 5383 2604 5452 separationem
2646 5380 2842 5434 nullam
2891 5380 3121 5433 timebis.
3158 5379 3280 5434 Ideo
3327 5395 3431 5434 non
3471 5380 3639 5435 debes
3689 5383 3826 5438 illos

2221 5479 2338 5547 plus
2370 5477 2478 5528 Deo
2505 5473 2743 5542 diligere,
2762 5487 2893 5541 quos
2912 5475 3131 5526 omnino
3159 5471 3296 5525 male
3323 5470 3522 5541 diligis,
3553 5471 3594 5526 si
3619 5475 3824 5545 negle-

2287 5631 2303 5650 ⁸
2328 5633 2565 5689 Repertus
2609 5627 2657 5675 in
2689 5641 2736 5674 v.
2763 5632 2946 5689 tantum
2980 5632 3032 5673 et
3073 5624 3126 5689 i_n_
3153 5629 3287 5673 Sirm.
3377 5623 3382 5626 ’

2285 5692 2357 5750 (a)
2396 5685 2531 5747 Alias,
2559 5691 2685 5736 inter
2707 5687 3055 5750 sirmundianos
3075 5685 3147 5732 51.

2288 5749 2356 5814 (μ)
2389 5758 2505 5800 (titul
2528 5758 2556 5796 l"
2561 5749 2689 5798 lorus
2706 5749 2762 5796 ad
2783 5753 2815 5793 ll
2837 5757 2938 5794 (Lor.
2967 5759 3010 5794 v.
