4080 6360
257 364 401 423 1513

261 481 405 534 xeris
432 488 609 535 tecum
648 476 717 534 ad
763 477 929 533 Deum
976 475 1193 535 ducere.
1226 476 1415 535 Veniet
1448 477 1673 536 fortasse
1715 480 1849 537 liora

258 570 529 643 martyrii.
556 571 638 627 Tu
662 571 746 626 vis
781 572 1025 628 conﬁteri
1061 570 1351 628 Christum.
1380 572 1669 630 Confessus
1698 575 1848 630 exci-

257 662 372 734 pics
409 661 641 718 fortasse
686 664 940 736 temporis
978 679 1211 735 plenam,
1234 665 1466 737 exeipies
1494 666 1843 736 temporalem

256 761 507 809 mortem.
542 755 722 820 Pater,
762 764 853 810 aut
896 771 1051 825 uxor,
1088 764 1180 812 aut
1218 756 1357 814 ﬁlius
1394 757 1737 814 blandiuntur
1777 774 1844 815 ne

254 845 523 911 moriaris,
549 855 604 901 et
630 834 952 903 blandiendo
977 847 1214 904 efﬁciunt
1256 858 1314 904 ut
1352 849 1615 907 moriaris.
1642 850 1697 906 Si
1737 866 1841 906 non

252 936 514 1004 efficiant,
541 938 651 993 illic
670 938 765 994 tibi
793 940 970 995 veniet
999 940 1051 995 in
1074 950 1325 1007 mentem,
1355 941 1457 1009 Qui
1472 950 1608 995 amat
1624 951 1839 1014 patrem,

251 1038 343 1080 aut
372 1037 603 1095 matrem,
636 1039 725 1083 aut
744 1046 971 1098 uxorem,
995 1040 1082 1085 aut
1100 1032 1237 1102 ﬁlios
1260 1049 1411 1104 super
1434 1049 1530 1101 me,
1554 1049 1653 1089 non
1675 1044 1745 1090 est
1764 1051 1845 1090 me

250 1123 458 1192 dignus.

321 1215 376 1268 5.
415 1213 690 1271 Ilumanus
714 1212 925 1284 affectus
944 1219 1170 1290 exemplo
1193 1218 1380 1275 Christi
1400 1219 1692 1277 uincendus.
1717 1220 1841 1276 Hu-

249 1322 405 1360 mana
428 1308 663 1363 voluntas
703 1309 756 1363 in
785 1308 986 1365 Christe
1014 1320 1221 1367 mortem
1254 1315 1529 1387 refugiens.
1556 1314 1661 1371 Sed
1688 1316 1843 1372 blan-

249 1400 505 1456 dimentis
534 1417 751 1459 suorum
768 1403 999 1460 ﬂectitur
1018 1408 1248 1461 carnalis
1265 1408 1506 1475 allectus,
1534 1418 1589 1465 et
1608 1410 1838 1481 quodam

249 1493 411 1547 modo
453 1495 650 1551 labitur
713 1498 941 1553 humana
999 1500 1269 1555 mollities.
1324 1501 1607 1576 Restringe
1687 1504 1837 1560 sinus

249 1582 467 1639 ﬂuentis
502 1588 890 1653 vcstis,virtute
912 1590 1433 1662 accingere.Cruciat
1462 1603 1515 1652 te
1542 1610 1693 1651 amor
1715 1610 1837 1653 car-

253 1674 376 1729 nis?
418 1676 574 1733 Tolle
615 1694 829 1736 crucem
870 1689 1033 1748 tuam,
1060 1691 1116 1738 et
1159 1699 1381 1755 sequere
1426 1686 1728 1742 Dominum.
1769 1688 1838 1743 Et

251 1766 365 1837 ipse
388 1768 481 1824 tibi
504 1769 749 1827 Salvator
774 1783 915 1842 tuus,
936 1776 1178 1845 quamvis
1200 1777 1253 1830 in
1278 1792 1439 1834 carne
1468 1778 1627 1847 Deus,
1650 1795 1838 1850 qnam-

249 1858 331 1914 vis
370 1875 492 1915 cum
518 1877 682 1919 carne
713 1864 872 1931 Deus,
901 1864 1193 1922 humanum
1232 1877 1409 1924 tamen
1453 1868 1837 1927 demonstravit

248 1949 522 2018 allectum,
553 1952 641 2006 ubi
668 1953 779 2009 ait:
806 1953 983 2023 Pater,
1014 1957 1059 2011 si
1081 1958 1314 2028 possibile
1349 1969 1441 2026 est,
1464 1968 1683 2016 transeat
1707 1978 1738 2015 a
1759 1978 1836 2016 me

248 2047 387 2099 talia:
432 2048 525 2101 iste
554 2046 767 2117 (Matth.
800 2065 951 2119 xxvi,
983 2051 1093 2123 59).
1120 2052 1348 2108 Noverat
1377 2054 1518 2125 quod
1558 2055 1693 2111 calix
1733 2054 1835 2112 iste

250 2137 481 2193 transire
507 2154 613 2193 non
637 2149 864 2209 poterat,
892 2141 958 2197 ad
981 2157 1100 2197 eum
1133 2143 1417 2198 bibendum
1450 2154 1689 2200 venerat.
1721 2145 1831 2201 Vo-

248 2229 476 2297 luntate,
507 2248 614 2287 non
652 2234 989 2303 necessitate,
1020 2234 1278 2291 bibendus
1322 2237 1412 2293 ille
1466 2238 1617 2292 calix.
1651 2238 1835 2293 Omni-

246 2334 441 2395 potens
486 2334 601 2380 erat
639 2344 655 2385 :
692 2328 737 2381 si
777 2329 954 2395 vellet,
1001 2329 1182 2400 utique
1230 2330 1499 2397 transiret,
1531 2330 1652 2401 quia
1694 2332 1833 2388 Deus

246 2432 371 2472 cum
400 2418 581 2484 Patre,
611 2427 666 2475 et
692 2419 805 2490 ipse
831 2429 886 2477 et
921 2421 1061 2477 Deus
1089 2423 1247 2478 Pater
1273 2439 1409 2478 unus
1439 2423 1596 2479 Deus.
1626 2422 1729 2479 Sed
1767 2439 1832 2480 ex

245 2508 417 2563 forma
440 2510 602 2576 servi,
631 2526 697 2566 ex
720 2526 786 2567 eo
806 2512 947 2584 quod
976 2515 1209 2583 suscepit
1233 2513 1330 2569 abs
1351 2522 1402 2569 te
1423 2528 1519 2585 pro
1546 2523 1617 2582 te,
1645 2530 1831 2570 vocem

246 2602 502 2669 hominis,
532 2620 723 2660 vocem
768 2606 943 2661 carnis
981 2606 1181 2662 emisit.
1213 2607 1288 2663 'l‘e
1313 2608 1366 2662 in
1396 2623 1455 2664 se
1479 2607 1724 2679 dignatus
1750 2617 1834 2663 est

249 2696 651 2767 transﬁgurare,
677 2706 736 2752 ut
763 2698 829 2753 de
856 2698 946 2754 illo
979 2698 1276 2770 loquereris
1311 2699 1543 2769 inﬁrma,
1572 2709 1631 2755 ut
1658 2700 1712 2755 in
1742 2699 1833 2755 illo

246 2789 683 2857 apprcliendcres
708 2789 885 2845 fortia.
917 2790 1255 2847 Voluntatem
1291 2792 1543 2861 ostendit,
1572 2808 1676 2864 qua
1718 2802 1834 2848 ten-

247 2879 349 2932 tari
378 2894 565 2948 posses
589 2888 675 2936 :et
699 2883 951 2938 continuo
976 2882 1157 2939 docuit
1179 2899 1339 2954 quam
1365 2884 1712 2951 voluntatem,
1744 2883 1832 2941 cui

249 2972 511 3026 voluntati
551 2973 805 3043 praeferre
826 2975 1072 3031 deberes.
1098 2974 1276 3043 Pater,
1306 2976 1494 3047 inquit,
1521 2976 1566 3031 si
1594 2976 1708 3048 ﬁeri
1734 2990 1832 3054 po-

246 3074 362 3127 test,
394 3076 615 3121 transeat
658 3085 690 3122 a
730 3085 810 3123 me
846 3069 983 3124 calix
1022 3070 1132 3124 iste.
1161 3068 1289 3125 Haec
1314 3069 1557 3129 voluntas
1601 3068 1833 3133 humana

244 3168 365 3225 est;
399 3160 667 3216 hominem
697 3177 845 3234 gero,
874 3179 939 3219 ex
967 3162 1136 3219 forma
1174 3165 1312 3221 servi
1346 3164 1557 3241 loquor.
1587 3168 1761 3238 Pater,
1788 3172 1833 3227 si

246 3252 361 3320 ﬁeri
386 3262 571 3323 potest,
593 3264 812 3311 transeat
836 3256 916 3311 hic
941 3258 1098 3313 calix.
1127 3255 1247 3318 Vox
1272 3263 1448 3318 carnis
1468 3272 1567 3329 est,
1596 3280 1702 3318 non
1724 3264 1833 3334 spi-

245 3347 413 3412 ritus;
441 3362 546 3401 vox
578 3347 922 3422 inﬁrmitatis,
944 3366 1053 3410 non
1082 3355 1399 3411 divinitatis.
1430 3356 1491 3411 Si
1517 3357 1627 3425 fieri
1647 3366 1826 3428 potest,

247 3447 471 3494 transeat
502 3441 639 3499 calix
672 3442 784 3502 iste.
824 3448 915 3502 llla
952 3456 1035 3503 est
1062 3448 1335 3516 voluntas,
1367 3448 1433 3504 de
1458 3464 1558 3519 qua
1585 3458 1639 3505 et
1666 3450 1828 3507 Petro

245 3528 460 3600 dicitur,
489 3533 617 3591 Cum
637 3548 804 3592 autem
830 3542 1074 3610 senueris,
1105 3542 1234 3597 alter
1252 3551 1298 3596 te
1317 3543 1497 3614 cinget,
1521 3552 1568 3597 et
1592 3544 1751 3612 tollet,
1781 3553 1831 3601 et

244 3625 368 3695 feret
389 3642 489 3697 quo
505 3638 559 3681 tu
575 3645 674 3683 non
694 3632 766 3684 vis
784 3629 959 3701 (Joan.
988 3648 1107 3700 XXI,
1147 3634 1259 3705 l8).
1283 3633 1435 3690 Unde
1459 3650 1586 3706 ergo
1609 3644 1663 3691 et
1690 3651 1832 3693 mar-

246 3724 393 3787 tyres
424 3718 706 3774 vicerunt?
731 3720 863 3790 Quia
889 3723 1147 3778 voluntati
1176 3724 1351 3780 carnis
1370 3724 1691 3782 voluntatem
1716 3727 1829 3798 spi-

244 3809 377 3865 ritus
404 3823 827 3882 praeposuerunt.
859 3815 1122 3871 Amabant
1160 3815 1296 3872 hanc
1320 3816 1506 3885 vitam,
1534 3824 1590 3873 et
1624 3817 1831 3890 depon-

243 3902 524 3961 derabant.
557 3906 683 3963 lude
711 3908 1120 3965 considerabant
1151 3919 1404 3981 quantum
1431 3911 1656 3967 amanda
1685 3922 1829 3969 esset

244 4005 464 4064 aeterna,
494 3997 540 4054 si
586 4000 665 4056 sic
705 4010 913 4058 amatur
952 4001 1053 4057 ista
1096 4004 1350 4073 peritura.
1382 4004 1663 4061 Moriturus
1690 4005 1826 4061 mori

244 4105 351 4145 non
381 4093 529 4159 vult;
558 4104 612 4148 et
638 4103 814 4149 tamen
847 4094 947 4150 erit
975 4096 1277 4151 necessario
1298 4097 1554 4164 moriens,
1584 4098 1825 4168 quamvis

244 4186 495 4242 mutinae
524 4189 657 4243 mori
686 4188 892 4244 nolens.
914 4188 999 4244 Nil
1021 4189 1132 4260 agis
1156 4189 1299 4261 quod
1328 4190 1464 4245 mori
1492 4206 1597 4245 non
1624 4191 1724 4257 vis,
1749 4190 1825 4247 nil

244 4275 432 4341 cflicis,
467 4276 541 4331 nil
585 4289 903 4351 extorques:
928 4280 1127 4336 nullam
1172 4280 1335 4337 habes
1374 4270 1687 4352 potestatem
1719 4282 1824 4337 tol-

244 4365 389 4422 lendi
434 4371 623 4425 mortis
664 4373 1057 4429 necessitatem.
1089 4373 1307 4441 Veniet,
1340 4382 1394 4430 te
1423 4376 1653 4441 nolente,
1682 4375 1824 4447 quod

247 4460 431 4528 times;
486 4462 674 4533 aderit,
720 4474 771 4520 te
818 4476 1116 4533 recusante,
1161 4467 1303 4538 quod
1354 4468 1557 4524 differs.
1602 4469 1823 4524 Mortem

243 4554 440 4623 quippe
482 4556 676 4625 satagis
722 4565 781 4611 ut
820 4556 1067 4623 differas;
1097 4558 1352 4628 numquid
1392 4569 1450 4614 ut
1490 4558 1736 4615 auferas?
1764 4561 1822 4617 Si

244 4660 371 4714 ergo
402 4645 457 4700 in
486 4648 811 4705 amatoribus
839 4647 993 4719 hujus
1026 4650 1148 4705 vita:
1185 4659 1387 4705 tantum
1427 4650 1495 4705 de
1532 4650 1821 4708 diﬁ‘erenda

242 4746 415 4793 morte
444 4740 718 4809 satagitur,
741 4750 994 4812 quantum
1036 4743 1104 4797 de
1145 4742 1431 4798 auferenda
1476 4743 1821 4802 laborandum

241 4829 362 4882 cst?
388 4829 520 4883 Mori
546 4841 691 4887 certe
718 4848 822 4886 non
853 4833 954 4888 vis.
975 4832 1115 4887 Muta
1143 4848 1400 4901 amorem,
1431 4841 1487 4889 et
1524 4834 1823 4891 ostenditur

242 4920 334 4974 tibi
355 4936 520 4987 mors,
543 4937 651 4978 non
678 4938 796 4995 qua:
833 4932 887 4981 te
916 4925 1129 4981 nolente
1154 4924 1342 4993 aderit,
1367 4924 1461 4981 sed
1487 4941 1627 4998 quae,
1654 4928 1699 4983 si
1721 4941 1819 4984 vo-

237 5009 418 5076 lueris,
448 5028 555 5069 non
584 5018 705 5071 erit.

308 5104 363 5158 4.
400 5102 544 5160 Mers
571 5106 781 5178 duplex,
800 5107 964 5179 prima
986 5114 1033 5164 et
1056 5106 1293 5163 secunda.
1314 5107 1458 5163 Mers
1475 5107 1637 5179 prima
1655 5108 1819 5164 omni-

239 5193 332 5249 bus
382 5199 661 5253 necessario
699 5199 973 5266 subeunda,
1004 5200 1164 5255 altera
1200 5201 1321 5257 solis
1355 5202 1502 5256 malis
1546 5210 1744 5271 parata.
1774 5202 1818 5256 A

241 5296 403 5341 morte
415 5288 681 5356 temporali
691 5291 839 5345 homo
850 5308 902 5345 se
913 5292 1125 5362 pecunia
1136 5292 1357 5357 redimit;
1368 5293 1430 5346 ab
1440 5303 1626 5347 aeterna
1636 5302 1813 5362 morte,

232 5379 457 5448 justitia.
504 5380 727 5453 Sanguis
765 5383 954 5439 Christi
994 5401 1086 5456 pre
1130 5394 1303 5440 nostra
1349 5385 1689 5457 redemptione
1734 5390 1819 5459 fu-

234 5485 341 5523 sus.
374 5469 506 5527 Vide
529 5486 677 5543 ergo,
705 5474 748 5529 si
771 5474 1098 5545 aliquantum
1128 5476 1180 5531 in
1216 5476 1378 5533 corde
1406 5486 1498 5533 tuo
1529 5492 1681 5535 amor
1707 5480 1820 5534 evi-

234 5562 437 5632 gilavit,
464 5564 509 5619 si
538 5565 766 5621 scintilla
787 5566 853 5622 de
876 5570 1055 5625 cinere
1081 5571 1258 5627 carnis
1288 5572 1522 5640 emicuit,
1554 5574 1599 5629 si
1620 5574 1818 5645 aliquid

235 5652 445 5709 roboris
473 5654 527 5709 in
549 5656 713 5712 corde
741 5667 833 5713 tuo
863 5660 1287 5730 comprehendit,
1312 5663 1453 5733 quod
1491 5673 1653 5720 vento
1694 5673 1817 5721 ten-

238 5744 456 5801 talionis
498 5762 607 5803 non
652 5749 823 5805 solum
856 5766 960 5806 non
992 5755 1379 5825 exstinguatur,
1408 5755 1505 5811 sed
1533 5757 1692 5813 etiam
1719 5774 1816 5815 ve-

236 5834 542 5897 hementius
572 5841 997 5900 accendatur:si
1039 5860 1146 5903 non
1191 5847 1349 5906 ardes
1392 5856 1455 5907 ut
1493 5858 1668 5924 stupe,
1696 5868 1817 5925 quae

517 5930 744 6001 δωρον.
808 5935 1085 6005 Auensr.
1133 5937 1211 6011 ν.

1608 362 1835 423 SEBMO
1869 365 2181 424 CCCXLIV.

3391 389 3522 449 ibid

1957 498 2062 538 uno
2091 484 2189 537 levi
2218 484 2343 540 llatu
2370 487 2750 560 cxstinguaris;
2779 493 2873 549 sed
2901 494 3054 552 ardes
3072 503 3129 554 ut
3156 499 3345 569 robur,‘
3372 507 3527 562 ardes

1953 584 2012 629 ut
2037 576 2216 643 carbo,
2246 586 2303 632 ut
2330 579 2453 635 ﬁatu
2483 584 2660 652 potius
2690 587 2934 643 exciteris
2960 608 2973 646 :
2998 592 3117 647 vide
3148 593 3277 649 duas
3304 608 3524 665 mortes,

1953 681 2111 722 unam
2160 673 2540 743 temporalem,
2596 677 2944 751 eamdemque
2999 686 3256 754 primam;
3306 689 3527 748 alteram

1951 762 2347 831 sempiternam,
2404 776 2459 821 et
2505 770 2745 827 eamdem
2797 776 3103 834 secundam.
3148 781 3323 838 Prima
3377 801 3525 842 mors

1950 853 2193 909 omnibus
2223 868 2513 926 praeparata
2542 871 2623 916 est
2652 881 2664 917 :
2689 866 2919 921 secunda
2964 870 3093 924 solis
3121 871 3291 941 malis,
3323 875 3520 946 impiis,

1948 945 2270 1015 inﬁdelibus,
2300 950 2641 1023 blasphemis,
2667 964 2721 1011 et
2758 960 3009 1030 quidquid
3049 963 3187 1019 aliud
3236 981 3377 1022 same
3402 945 3522 1024 ido-

1948 1039 2133 1095 ctrinae
2170 1043 2500 1101 adversatur.
2521 1048 2759 1115 Intende,
2779 1066 3015 1123 propone
3045 1056 3136 1110 tibi
3165 1059 3291 1114 istas
3324 1072 3520 1119 mortes

1946 1129 2097 1187 duas.
2129 1134 2185 1189 Si
2228 1137 2344 1192 ﬁeri
2392 1148 2587 1208 potest,
2618 1144 2801 1199 ambas
2841 1162 2947 1201 non
2985 1149 3064 1204 vis
3109 1153 3233 1221 pati.
3264 1154 3406 1222 Scio,
3436 1158 3518 1211 vi-

1944 1238 2071 1280 vere
2098 1241 2263 1297 amas,
2295 1230 2430 1286 mori
2457 1249 2559 1287 non
2591 1235 2703 1300 vis;
2734 1245 2786 1291 et
2823 1237 2889 1293 de
2918 1239 3016 1295 hac
3038 1242 3143 1296 vita
3172 1243 3222 1297 in
3253 1246 3409 1301 aliam
3439 1250 3519 1303 vi-

1944 1325 2051 1375 tam
2076 1321 2153 1376 sic
2176 1324 2400 1380 transire
2428 1326 2616 1395 velles,
2654 1339 2708 1384 ut
2751 1345 2855 1385 non
2904 1345 3143 1391 mortuus
3186 1353 3514 1409 resurgeres,

1942 1412 2038 1466 sed
2066 1412 2219 1469 vivus
2243 1415 2294 1469 in
2322 1417 2510 1473 melius
2538 1423 2841 1479 mutareris.
2874 1423 2985 1481 Hoc
3008 1428 3201 1495 velles,
3230 1430 3331 1487 hoc
3347 1431 3521 1505 habet

1943 1503 2207 1561 humanus
2222 1507 2477 1578 affectus;
2510 1512 2611 1568 hoc
2637 1514 2749 1584 ipsa
2774 1517 2946 1572 anima
2976 1522 3156 1577 nescio
3209 1540 3316 1594 quo
3349 1503 3520 1581 modo

1942 1596 2101 1654 habet
2137 1599 2189 1654 in
2219 1602 2490 1660 voluntate
2529 1614 2583 1661 et
2619 1608 2924 1678 cupiditate.
2955 1612 3214 1681 Quoniam
3250 1617 3520 1688 diligendo

1940 1688 2124 1757 vitam,
2152 1691 2264 1748 odit
2301 1705 2527 1752 mortem
2554 1707 2641 1754 :et
2683 1703 2932 1771 quoniam
2971 1720 3183 1762 carnem
3227 1725 3375 1764 suam
3411 1727 3518 1767 non

1940 1783 2069 1850 odit,
2103 1800 2201 1840 nec
2227 1788 2322 1856 ipsi
2345 1789 2457 1845 vult
2483 1792 2727 1849 accidere
2746 1796 2887 1866 quod
2917 1798 3046 1853 odit.
3080 1799 3245 1856 Nemo
3265 1805 3396 1857 enim
3426 1822 3515 1858 un-

1939 1891 2088 1946 quam
2112 1895 2312 1935 carnem
2345 1899 2490 1938 suam
2535 1886 2651 1941 odio
2691 1888 2863 1945 habuit
2903 1890 3114 1963 (Ep/tes.
3140 1911 3191 1961 v,
3221 1896 3335 1965 29).
3365 1898 3517 1956 Hune

1938 1968 2185 2026 allectum
2206 1974 2440 2030 ostendit
2461 1978 2764 2047 Apostolus,
2792 1982 2879 2037 ubi
2902 1985 3006 2039 ait:
3032 1984 3406 2045 Habitationem
3423 1993 3520 2046 lia-

1937 2060 2108 2118 bemus
2122 2080 2186 2120 ea;
2200 2065 2326 2134 Deo,
2349 2069 2549 2124 domum
2572 2089 2671 2127 non
2696 2092 2847 2129 manu
2866 2080 3072 2147 factam,
3091 2088 3329 2135 aeternam
3344 2082 3400 2141 in
3420 2103 3522 2141 cte-

1938 2153 2022 2206 lis.
2054 2154 2252 2210 Etenim
2286 2159 2339 2213 in
2377 2162 2472 2216 hoc
2498 2163 2889 2234 ingemiscimus,
2922 2167 3264 2230 habitaculum
3292 2186 3517 2232 nostrum

1937 2247 2072 2315 quod
2085 2249 2146 2303 de
2170 2250 2291 2305 caele
2317 2262 2389 2306 est
2407 2256 2703 2325 superindui
2728 2265 3001 2330 cupientes.
3045 2260 3116 2322 In
3133 2286 3232 2339 quo
3255 2271 3512 2340 nolumus,

1939 2338 2127 2410 inquit,
2152 2346 2443 2414 exspoliari,
2476 2349 2563 2402 sed
2586 2352 2928 2424 supervestiri,
2950 2366 3011 2413 ut
3033 2338 3356 2418 absorbeatur
3374 2338 3517 2419 mer;

1937 2433 2037 2486 tale
2060 2450 2091 2487 a
2116 2435 2235 2489 vita.
2267 2436 2381 2492 Non
2412 2440 2491 2495 vis
2531 2442 2747 2511 spoliari
2769 2459 2784 2497 :
2804 2449 2901 2504 sed
2941 2452 3249 2521 spoliandus
3291 2469 3371 2511 es.
3406 2456 3519 2512 Hoc

1938 2531 2114 2581 tamen
2155 2542 2279 2598 agas
2308 2540 2537 2600 oportet.
2565 2542 2624 2589 ut
2660 2535 2917 2611 spoliatus
2948 2559 3043 2613 per
3067 2554 3297 2603 mortem
3323 2563 3518 2605 carnea

1937 2616 2135 2683 tunica,
2175 2618 2462 2678 inveniaris
2507 2623 2720 2687 indutus
2762 2632 2922 2689 lorica
2955 2635 3096 2691 ﬁdei.
3121 2637 3233 2694 Hoc
3261 2642 3403 2695 enim
3432 2656 3520 2698 se-

1934 2717 2092 2765 cutus
2116 2710 2393 2788 adjungit:
2419 2720 2480 2775 Si
2504 2730 2668 2776 tamen
2710 2732 2755 2777 et
2790 2725 2975 2793 induti,
3007 2745 3107 2782 non
3137 2730 3262 2784 nudi
3286 2733 3514 2787 invenia-

1934 2814 2052 2853 mur
2075 2797 2142 2878 (ιι
2169 2799 2289 2862 Cor.
2314 2825 2365 2875 v,
2398 2811 2538 2881 Μ).
2568 2812 2698 2867 Nam
2743 2816 2913 2884 prima
2939 2833 3085 2873 mors
3114 2821 3402 2891 Spoliatura
3432 2832 3517 2879 est

1940 2894 1994 2949 te
2034 2910 2215 2963 carne,
2245 2897 2456 2954 interim
2496 2905 2831 2973 seponenda,
2861 2916 2916 2963 et
2960 2924 3059 2965 suo
3103 2919 3338 2981 tempore
3377 2915 3515 2971 reci-

1936 2986 2146 3056 pienda.
2177 2988 2287 3044 Hoc
2316 2990 2469 3057 velis,
2501 2993 2657 3048 nolis.
2696 2994 2812 3051 Non
2860 2998 3003 3054 enim
3044 3001 3164 3071 quia
3205 3002 3307 3069 vis,
3331 3018 3513 3060 resur-

1936 3094 2059 3150 ges;
2089 3089 2179 3134 aut
2205 3082 2250 3136 si
2276 3082 2433 3151 nolis,
2472 3100 2579 3140 non
2618 3102 2901 3159 resurges;
2928 3100 3019 3146 aut
3063 3093 3110 3147 si
3151 3097 3513 3153 resurrectio-

1936 3187 2057 3227 nem
2081 3188 2188 3228 non
2215 3175 2408 3243 credis,
2436 3186 2713 3249 propterea
2740 3196 2845 3236 non
2876 3198 3143 3256 resurges.
3175 3184 3320 3255 Opus
3347 3198 3431 3244 est
3452 3198 3513 3245 ut

1935 3266 2111 3335 potius
2142 3282 2286 3339 agas,
2322 3279 2378 3325 ut
2425 3273 2511 3342 qui
2550 3285 2944 3331 resurrecturus
2982 3294 3061 3346 es,
3089 3280 3219 3335 velis
3250 3282 3406 3350 nolis,
3434 3283 3513 3340 sic

1936 3372 2183 3429 resurgas
2209 3368 2270 3415 ut
2305 3359 2500 3417 habeas
2536 3363 2676 3433 quod
2704 3366 2856 3421 velis.
2888 3367 3145 3425 Dominus
3170 3372 3366 3442 quippe
3399 3375 3514 3443 ipse

1933 3448 2087 3504 Jesus
2107 3449 2271 3505 dixit:
2302 3450 2446 3506 Venit
2467 3453 2610 3522 hora,
2633 3456 2834 3525 quando
2857 3474 3026 3512 omnes
3040 3461 3127 3528 qui
3141 3461 3194 3514 in
3220 3478 3510 3517 monumen‘

1934 3540 1997 3595 tis
2041 3551 2177 3608 sunt,
2214 3544 2417 3598 audient
2454 3561 2621 3599 vocem
2667 3549 2797 3617 ejus,
2837 3558 2884 3603 et
2914 3551 3199 3621 precedent,
3238 3553 3350 3608 sive
3387 3553 3516 3610 boni

1932 3631 2058 3698 sint,
2085 3633 2197 3689 sive
2235 3635 2361 3689 mali
2398 3636 2533 3703 sint;
2562 3653 2732 3691 omnes
2776 3640 2860 3710 qui
2900 3641 2951 3694 in
2999 3644 3331 3698 monumentis
3372 3653 3511 3712 sunt,

1932 3725 2137 3779 audient
2163 3740 2330 3779 vocem
2357 3727 2484 3797 ejus,
2515 3738 2561 3782 et
2589 3731 2877 3799 precedent,
2907 3740 2960 3786 et
2986 3734 3298 3790 omittentur
3318 3750 3383 3790 ex
3409 3736 3509 3791 ab-

1930 3815 2076 3873 ditis.
2104 3816 2258 3873 Nulla
2292 3829 2535 3875 creatura
2579 3830 2844 3876 mortuum
2884 3824 3089 3879 tenebit
3131 3827 3231 3881 sub
3252 3842 3383 3882 voce
3401 3827 3509 3883 vivi

1931 3907 2219 3964 Creatoris.
2252 3908 2460 3975 Omnes,
2492 3910 2682 3981 inquit,
2705 3914 2791 3982 qui
2815 3914 2868 3967 in
2894 3918 3229 3972 monumentis
3245 3927 3377 3983 sunt,
3410 3934 3509 3972 au-

1930 3998 2070 4053 dient
2095 4015 2261 4054 vocem
2282 4001 2411 4071 ejus,
2434 4010 2482 4055 et
2502 4003 2790 4074 precedent.
2814 4003 2926 4059 Hoc
2946 4015 3003 4059 ut
3028 4011 3124 4075 ait,
3148 4006 3353 4072 Omnes,
3383 4007 3511 4065 fecit

1930 4088 2081 4159 quasi
2108 4090 2473 4146 confusionem
2498 4101 2553 4147 et
2578 4095 3003 4163 permixtionem.
3032 4095 3137 4151 Sed
3161 4098 3284 4153 audi
3308 4098 3509 4155 discre-

1930 4181 2150 4250 tionem,
2176 4184 2300 4238 audi
2326 4193 2379 4239 et
2411 4186 2799 4255 separationem
2828 4188 2947 4257 :qui
2971 4187 3121 4257 bona,
3150 4189 3336 4259 inquit,
3367 4191 3505 4260 fece-

1927 4281 2074 4338 runt,
2101 4274 2155 4328 in
2192 4277 2603 4331 resurrectionem
2634 4277 2781 4340 vita;
2806 4279 2893 4345 qui
2918 4278 3056 4333 mala
3082 4289 3308 4351 egerunt,
3334 4281 3389 4336 in
3415 4298 3506 4337 re-

1926 4364 2285 4419 surrectionem
2306 4365 2486 4435 iudicii
2512 4365 2694 4437 (Joan.
2718 4384 2774 4433 v,
2804 4369 2907 4435 28,
2938 4369 3053 4442 29).
3085 4371 3198 4426 Hoc
3218 4372 3498 4442 judicium,

1926 4456 1993 4512 ad
2019 4458 2159 4528 quod
2192 4458 2525 4515 subeundum
2568 4472 2850 4532 resurgent
2897 4462 3064 4533 impii,
3093 4481 3239 4521 mors
3270 4467 3504 4524 secunda

1925 4552 2241 4623 appellatur.
2273 4552 2409 4619 Quid
2443 4570 2587 4624 ergo,
2621 4555 2931 4624 christiano,
2964 4558 3155 4613 metuis
3198 4558 3352 4614 istam
3396 4560 3508 4630 pri-
3592 4628 3595 4632 Α

1925 4644 2103 4699 mam?
2130 4646 2193 4700 Et
2216 4652 2269 4700 te
2294 4645 2459 4700 invito
2490 4646 2685 4714 veniet,
2713 4656 2766 4702 et
2792 4657 2845 4704 te
2874 4659 3155 4705 recusante
3179 4650 3368 4707 aderit.
3396 4652 3505 4709 Re-
3592 4662 3597 4669 ‘

1923 4737 2084 4794 dimis
2130 4745 2185 4794 te
2221 4737 2357 4794 forte
2407 4753 2439 4793 a
2479 4737 2739 4807 barbaris,
2771 4755 2838 4795 ne
2878 4740 3411 4799 occidariszredimis
3448 4752 3505 4801 te

1923 4845 2136 4902 magno,
2166 4846 2271 4887 non
2310 4831 2484 4901 parcis
2526 4831 2745 4887 omnino
2789 4832 2950 4888 rebus
2991 4834 3115 4902 tuis,
3144 4843 3198 4891 et
3219 4835 3354 4891 ﬁlios
3380 4844 3504 4893 tuos

1923 4925 2153 4995 spolias;
2180 4933 2234 4981 et
2262 4924 2567 4995 redemptus
2594 4926 2826 4981 crastino
2851 4926 3115 4981 morieris.
3145 4929 3189 4982 A
3213 4928 3427 4984 diabolo
3448 4940 3503 4986 te

1922 5016 2111 5072 redimi
2136 5025 2363 5088 oportet,
2392 5017 2481 5087 qui
2530 5026 2581 5071 te
2624 5031 2803 5073 secum
2842 5018 2909 5073 ad
2946 5020 3231 5077 secundam
3268 5030 3500 5081 mortem

1922 5107 2103 5173 trahit,
2126 5108 2217 5162 ubi
2245 5107 2461 5162 audient
2485 5106 2632 5177 impii
2661 5107 2727 5163 ad
2752 5109 3021 5165 sinistram
3053 5113 3230 5181 positi,
3260 5112 3360 5182 Ite,
3382 5132 3498 5171 ma-

1922 5198 2109 5265 ledicti,
2136 5198 2188 5252 in
2212 5198 2377 5268 ignem
2399 5207 2663 5268 tetanum,
2683 5200 2770 5271 qui
2789 5212 2996 5274 paratus
3017 5211 3088 5257 est
3113 5193 3312 5259 diabolo
3336 5215 3384 5261 et
3403 5224 3500 5263 an-

1920 5289 2046 5361 gelis
2083 5289 2194 5361 ejus
2231 5286 2457 5359 (Matth.
2488 5305 2614 5357 xxv,
2645 5290 2761 5362 Μ).
2796 5291 2879 5345 Ab
2917 5291 3018 5347 ista
3062 5294 3293 5349 secunda
3324 5307 3503 5353 morte

1921 5390 2131 5454 oportet
2154 5390 2214 5438 ut
2254 5382 2553 5439 redimaris.
2584 5382 2972 5453 Respondebis,
3004 5383 3331 5442 Unde?Noli
3354 5404 3503 5459 qure-

1921 5490 2041 5531 rere
2069 5474 2245 5531 hircos
2264 5483 2319 5530 et
2346 5483 2559 5530 tauros:
2578 5474 2687 5530 noli
2712 5483 2981 5545 postremo
3006 5490 3184 5531 arcam
3213 5486 3358 5533 tuam
3383 5478 3494 5533 dis-

1920 5576 2120 5636 cutere,
2165 5576 2220 5623 et
2259 5566 2436 5623 dicere
2464 5567 2517 5621 in
2544 5566 2722 5622 animo
2752 5574 2862 5630 tuo,
2892 5567 2962 5623 Ut
2987 5582 3073 5622 me
3112 5568 3437 5625 redimerem
3465 5585 3495 5628 a

1920 5665 2179 5731 barbaris,
2202 5664 2459 5721 habebam
2482 5663 2755 5735 pecuniam
2778 5680 2790 5716 :
2810 5672 2868 5717 ut
2887 5672 2938 5718 te
2962 5662 3194 5718 redimas
3215 5681 3243 5716 a
3264 5664 3495 5722 secunda

1920 5766 2114 5825 morte,
2160 5758 2351 5815 habeto
2383 5758 2661 5829 justitiam.
2690 5757 2973 5813 Pecuniam
3016 5764 3198 5827 posset
3244 5757 3334 5812 tibi
3383 5758 3495 5829 ipse

1919 5856 2178 5916 barbarus
2221 5862 2345 5912 ante
2389 5852 2594 5923 tollere,
2619 5858 2674 5911 et
2702 5860 2884 5923 postea
2912 5859 2965 5905 te
2988 5850 3250 5921 captivum
3276 5849 3494 5922 ducere.

2767 5940 3331 6025 (onerante-ltuit.
3345 5944 3376 6026 Ι
