4046 6360
538 429 681 488 1515

536 554 595 603 ιιι
623 562 728 604 non
755 553 898 603 esset
931 543 1074 600 unde
1104 549 1154 599 te
1195 541 1511 608 redimeres,
1535 554 1600 596 eo
1627 547 1716 595 tua
1743 539 1920 594 omnia
1951 537 2124 610 possi-

536 631 698 696 dente
738 640 829 711 qui
873 636 1110 708 possedit
1137 643 1192 700 et
1219 644 1269 691 te
1301 652 1312 688 :
1337 633 1598 711 justitiam
1627 647 1732 688 non
1761 631 1959 686 amittis
1987 629 2122 684 invi-

535 743 650 802 tus;
679 733 732 788 in
760 733 1010 788 thesauro
1058 728 1235 784 cordis
1291 727 1479 782 intimo
1523 707 1729 790 nianet;
1765 725 1930 796 ipsam
1978 731 2120 786 tene,

533 827 704 896 ipsam
729 824 960 895 posside,
996 811 1118 878 inde
1161 803 1442 878 redimeris
1463 835 1490 872 a
1519 818 1752 876 secunda
1779 803 1967 872 morte.
1993 815 2122 884 QUiC

533 922 578 974 si
621 919 781 986 nolis,
813 917 933 974 ideo
979 933 1088 972 non
1129 915 1252 982 erit,
1293 914 1416 986 quia
1455 912 1605 980 illud,
1637 910 1776 966 unde
1823 920 1872 964 te
1917 909 1982 964 ab
2023 909 2120 962 ista

531 1021 708 1068 morte
749 1011 1003 1078 redimes,
1035 1009 1080 1064 si
1117 1007 1370 1074 volueris,
1413 1006 1536 1062 erit.
1579 1004 1846 1060 Justitiam
1878 1000 2121 1054 voluntas

531 1107 834 1176 impetrata
866 1103 1111 1168 Domino,
1143 1109 1198 1156 ct
1241 1099 1376 1156 bibit
1413 1098 1559 1152 illam
1599 1105 1846 1166 tanquam
1881 1094 1946 1148 de
1975 1091 2122 1148 fonte

534 1212 653 1252 suo.
684 1195 765 1250 Ad
797 1210 954 1266 quem
987 1193 1186 1266 fontem
1220 1189 1396 1246 nullus
1429 1189 1740 1260 prohibetur
1769 1186 2044 1250 accedere,
2075 1183 2118 1237 si

531 1290 722 1360 dignus
751 1286 974 1342 accedit.
1009 1285 1286 1340 Postremo
1315 1281 1634 1351 adjutorium
1665 1289 1810 1334 tuum
1841 1277 1982 1332 vide.
2015 1275 2120 1328 lie-

531 1381 699 1438 detnit
725 1389 776 1436 te
801 1395 829 1434 a
861 1378 1100 1434 barbaris
1129 1383 1405 1446 argentum
1434 1383 1602 1440 tuum,
1633 1371 1860 1428 redemit
1892 1379 1940 1424 te
1961 1385 1988 1422 a
2013 1371 2119 1440 pri-

530 1491 620 1530 ma
649 1479 820 1532 morte
845 1472 1068 1544 pecunia
1096 1480 1218 1526 tua:
1243 1469 1471 1525 redemit
1519 1477 1576 1524 te
1613 1483 1642 1524 a
1687 1464 1917 1521 secunda
1949 1471 2118 1517 tnorte

533 1568 752 1639 sanguis
779 1565 990 1620 Domini
1017 1565 1112 1620 tui.
1147 1562 1339 1616 Habuit
1369 1560 1458 1616 ille
1485 1560 1817 1630 sanguinem,
1850 1555 1988 1610 unde
2021 1569 2118 1610 nos

529 1659 849 1723 redimeret;
897 1666 950 1712 et
997 1656 1064 1710 ad
1113 1655 1216 1710 hoc
1255 1653 1463 1724 accepit
1501 1651 1838 1722 sanguinem,
1883 1657 1937 1702 ut
1975 1655 2120 1704 esset

530 1767 688 1822 quem
735 1765 832 1821 pro
871 1748 1024 1804 nobis
1061 1745 1387 1803 redimendis
1419 1743 1734 1800 elIunderet.
1763 1742 1986 1812 Sanguis
2014 1741 2118 1794 Do-

530 1847 662 1902 mini
691 1847 786 1913 tui,
815 1846 860 1900 si
883 1845 982 1912 vis,
1006 1844 1160 1898 datus
1185 1853 1265 1898 est
1289 1856 1385 1912 pro
1407 1849 1458 1896 te
1482 1860 1496 1896 :
1519 1841 1560 1896 si
1591 1839 1822 1894 nolueris
1847 1851 1985 1902 esse,
2013 1853 2116 1890 non

529 1951 617 1996 est
644 1939 797 1995 datus
825 1953 922 2008 pro
941 1947 1008 1992 te.
1041 1935 1201 1991 Forte
1222 1936 1365 1990 enim
1391 1933 1523 1988 dicis
1547 1949 1560 1985 :
1594 1932 1784 1988 llabuit
1805 1930 2116 2000 sanguinem

533 2013 674 2085 Deus
707 2046 875 2094 meus,
902 2044 1006 2099 quo
1033 2045 1117 2084 me
1149 2028 1468 2082 redimeret:
1491 2024 1585 2080 sed
1619 2023 1728 2094 jam
1772 2039 1891 2078 cum
1931 2037 2118 2092 passus

536 2133 637 2189 est,
671 2131 836 2176 totum
861 2121 1038 2186 dedit;
1062 2119 1188 2191 quid
1240 2119 1314 2174 illi
1367 2118 1621 2172 remansit
1665 2115 1802 2185 quod
1827 2113 1915 2167 det
1941 2122 1994 2168 et
2023 2128 2120 2182 pro

527 2215 653 2270 me?
677 2213 784 2268 lluc
815 2221 897 2268 est
926 2227 1198 2284 magnum,
1219 2210 1340 2280 quia
1365 2209 1529 2264 semel
1561 2205 1723 2270 dedit,
1745 2215 1797 2259 et
1825 2220 1919 2274 pro
1942 2205 2118 2258 omni-

527 2303 627 2360 bus
665 2305 830 2360 dedit.
860 2304 1087 2373 Sanguis
1113 2300 1312 2357 Christi
1355 2300 1551 2354 volenti
1591 2307 1676 2352 est
1715 2296 1882 2362 salus,
1919 2294 2118 2352 nolenti

528 2397 868 2472 supplicium.
898 2395 1038 2462 Quid
1084 2409 1212 2464 ergo
1257 2393 1487 2456 dubitas,
1516 2391 1602 2462 qui
1645 2387 1782 2444 mori
1825 2403 1932 2442 non
1959 2385 2058 2450 vis,
2087 2401 2118 2439 a

528 2481 762 2545 secunda
791 2487 965 2558 potius
1011 2495 1184 2540 morte
1225 2483 1478 2539 liberari?
1521 2496 1622 2552 qua
1669 2479 1931 2543 liberaris,
1965 2477 2008 2531 si
2039 2476 2119 2552 vis

536 2581 723 2636 tollere
766 2595 978 2652 crucem
1025 2587 1189 2644 tuam,
1236 2585 1290 2632 et
1335 2573 1488 2646 sequi
1531 2573 1843 2638 Dominum;
1868 2570 1990 2640 quia
2029 2568 2140 2628 ille_

529 2675 652 2730 tulit
679 2689 854 2740 suam,
885 2655 939 2728 et
967 2669 1214 2742 quaesivit
1236 2683 1471 2723 servum.

597 2770 650 2824 5.
689 2767 798 2822 Vita
823 2777 1010 2822 (eterna
1043 2773 1286 2838 quantum
1303 2762 1545 2828 amanda,
1565 2777 1678 2816 cum
1701 2767 1896 2812 tantum
1926 2765 2119 2810 (tinetur

525 2866 627 2919 vita
646 2863 954 2934 temporalis.
977 2859 1044 2914 In
1064 2876 1148 2914 eos
1167 2859 1252 2930 qui
1275 2856 1566 2928 temporalis
1585 2856 1700 2910 vita:
1714 2869 1885 2908 amore
1901 2851 2120 2924 perdunt
2137 2923 2140 2926 ἢ

525 2959 678 3022 vitant
702 2963 960 3010 anei-nam.
998 2951 1249 3015 Omnino,
1271 2947 1598 3011 I'ratresmci,
1628 2960 1736 3000 non
1769 2959 1866 2999 vos
1885 2949 2119 2998 maxime

525 3049 807 3103 hortantur
841 3044 908 3100 ad
932 3042 1211 3098 amandam
1231 3040 1390 3112 vitam
1421 3044 1698 3100 mternam,
1725 3035 1814 3106 qui
1841 3035 1919 3090 sic
1939 3043 2120 3088 amant

526 3140 876 3216 temporalem
900 3136 1316 3204 vitam?Quanta
1337 3129 1814 3194 faciunthomines,
1844 3137 1904 3182 ut
1937 3127 2120 3180 vivant

524 3250 722 3308 paucos
731 3232 873 3290 dies?
883 3231 1010 3300 Quis
1021 3240 1337 3286 enumerare
1349 3219 2118 3296 poteriteonatusetmolimina

527 3326 772 3384 omnium
787 3325 965 3380 vivere
975 3320 1286 3386 volentium,
1308 3325 1430 3390 post
1447 3314 1718 3388 paululum
1740 3311 2079 3367 morientium
2095 3309 2119 3364 ?

533 3423 740 3492 Quanta
761 3429 922 3493 agunt
939 3432 1034 3488 pro
1049 3399 1180 3488 ipsis
1193 3414 1376 3486 paucis
1391 3408 1613 3466 diebus?
1629 3407 1766 3478 Quid
1786 3414 1985 3460 tantum
2003 3403 2117 3476 agi-

524 3531 647 3584 mus
663 3530 758 3586 pro
775 3506 1274 3580 aeternavita'tQuid
1298 3505 1492 3570 dicam,
1512 3517 1608 3574 pro
1625 3501 1806 3572 paucis
1817 3499 2007 3580 diebus
2031 3513 2118 3554 re-

523 3605 812 3676 diruendis,
838 3613 894 3660 et
926 3603 1010 3658 bis
1038 3603 1094 3656 in
1130 3599 1320 3656 terris?
1346 3597 1555 3652 Paucos
1583 3594 1726 3650 enim
1749 3593 1865 3648 dies
1893 3591 2035 3674 dico,
2067 3589 2114 3646 si

523 3699 784 3756 liberatus
801 3695 1066 3761 senuerit;
1100 3707 1296 3763 paucos
1319 3690 1435 3746 dies
1463 3689 1602 3754 dico,
1635 3689 1680 3742 si
1703 3687 1957 3744 liberatus
1982 3700 2114 3756 puer

523 3791 830 3862 decrepitus
871 3789 1044 3843 factus
1093 3785 1274 3844 fuerit.
1309 3783 1428 3838 Non
1470 3781 1591 3838 dico
1631 3781 1754 3852 quia
1802 3779 2118 3848 redemptus

523 3884 711 3951 hodie,
764 3897 886 3946 cras
939 3881 1172 3936 fortasse
1209 3876 1489 3938 morietur.
1529 3875 1668 3930 Ecce
1711 3871 1782 3928 ad
1813 3873 2072 3928 incertum
2093 3911 2108 3938 ,

523 3986 744 4049 propter
781 3975 927 4044 ipsos
967 3985 1164 4043 paucos
1202 3969 1318 4025 dies
1358 3969 1612 4034 incertos,
1643 3970 1840 4034 quanta
1867 3961 2113 4026 faciunt?

523 4084 644 4141 quae
683 4065 1024 4138 excogitant?
1074 4064 1134 4122 Si
1168 4062 1384 4118 veniant
1427 4075 1524 4132 per
1568 4058 1816 4118 morbum
1869 4055 2112 4128 corporis

522 4162 578 4219 in
617 4161 810 4218 medici
850 4171 1062 4222 manus,
1083 4157 1334 4225 salusque
1355 4153 1530 4210 omnis
1569 4167 1608 4206 a.
1637 4148 2112 4222 pronuntiantibus

521 4265 580 4314 et
627 4254 1026 4326 inspicientihus
1065 4251 1418 4320 desperetur;
1457 4247 1508 4304 si
1547 4243 1890 4316 promittitur
1919 4241 2112 4316 aliquis

525 4349 786 4416 medicus,
815 4347 906 4417 qui
939 4346 1098 4400 etiam
1131 4345 1472 4412 desperatum
1493 4341 1724 4396 liberare
1765 4339 1834 4393 sit
1857 4327 2108 4412 idoneus,

521 4449 716 4512 quanta
755 4435 1172 4510 promittuntur?
1217 4445 1414 4504 quanta
1467 4446 1686 4502 prorsus
1730 4429 1800 4484 ad
1845 4429 2109 4484 incertum

522 4531 757 4590 dantur?
783 4528 1138 4588 Utmodicum
1165 4527 1390 4589 vivatur,
1421 4522 1524 4578 hoc
1551 4521 1835 4576 dimittitur
1857 4518 1999 4574 unde
2025 4518 2107 4572 vi-

525 4633 696 4684 vatur.
723 4623 972 4679 J‘amvero
1000 4621 1046 4676 si
1089 4619 1142 4672 in
1171 4617 1338 4674 hostis
1377 4624 1466 4669 aut
1496 4613 1760 4684 praidonis
1799 4625 1988 4666 manus
2028 4610 2110 4664 in-

525 4720 744 4782 ridet-i1,
777 4731 846 4770 ne
883 4712 1190 4777 occidatur,
1225 4718 1284 4764 ut
1319 4707 1642 4772 redimatur,
1662 4705 1857 4772 etiam,
1885 4703 1932 4758 si
1962 4711 2110 4772 pater

521 4813 770 4868 detentus
800 4808 990 4873 fuerit,
1033 4806 1124 4860 tilii
1165 4811 1416 4867 currunt,
1457 4809 1510 4856 et
1539 4799 1680 4870 quod
1705 4800 1784 4854 eis
1821 4797 2108 4854 relicturus

527 4907 726 4972 fuerat,
755 4901 1092 4972 impendunt,
1125 4896 1448 4967 redempturi
1475 4909 1634 4965 quem
1667 4893 1872 4963 possint
1894 4891 2106 4946 el‘l‘erre.

523 4997 654 5068 Qum
681 4991 1041 5052 ambitiones?
1071 5007 1188 5062 qua:
1206 4989 1428 5060 preces?
1458 4989 1546 5058 qui
1573 4986 1829 5042 conatus?
1857 4987 1974 5056 quis
2008 4986 2109 5041 hoc

521 5088 786 5161 explicet?
827 5089 893 5144 Et
917 5095 1092 5142 tamen
1121 5087 1242 5140 volo
1257 5084 1434 5139 dicere
1459 5082 1600 5136 aliud
1629 5082 1874 5152 gravius,
1906 5089 1960 5136 et
2003 5080 2106 5134 nisi

521 5183 694 5247 ﬂeret,
714 5180 1096 5236 incredibilius.
1111 5177 1398 5245 Quidenim
1423 5175 1562 5241 dico,
1583 5176 1702 5244 quia
1721 5173 1846 5228 dant
1863 5173 2108 5228 homines

520 5275 798 5348 pecuniam
817 5281 876 5328 ut
888 5273 1082 5336 vivant,
1095 5272 1216 5340 quia
1229 5269 1360 5324 nihil
1375 5268 1472 5324 sibi
1490 5267 1792 5324 dimittunt?
1811 5266 1882 5322 Ut
1907 5280 2106 5337 paucos

519 5369 634 5424 dies
659 5365 984 5436 eosdemque
1003 5365 1238 5420 incertos
1265 5359 1530 5432 paululum
1553 5359 1729 5414 vivant
1749 5374 1868 5414 cum
1891 5359 2102 5426 timore,

518 5461 696 5516 vivant
709 5473 832 5514 cum
848 5457 1052 5524 labore,
1069 5463 1262 5526 quanta
1280 5455 1350 5508 im
1360 5451 1618 5523 pendunt?
1631 5459 1826 5520 quanta
1844 5449 1996 5506 dant?
2015 5450 2106 5506 Va:

519 5553 700 5622 generi
745 5549 1008 5606 humano!
1041 5545 1312 5616 Dixiquod
1345 5554 1400 5600 ut
1425 5545 1607 5598 vivant
1627 5542 1937 5612 impendunt
1965 5540 2104 5596 unde

517 5645 742 5699 vivant:
777 5641 920 5714 quod
961 5651 1044 5697 εει
1099 5639 1250 5711 pejus
1293 5639 1504 5704 audite,
1557 5635 1697 5707 quod
1735 5644 1818 5692 est
1853 5634 2134 5706 gravius','

518 5737 658 5808 quod
698 5747 782 5791 est
805 5736 1152 5807 sceleratius,
1189 5731 1330 5803 quod
1365 5741 1477 5798 cst,
1503 5739 1564 5786 ut
1588 5729 1726 5795 dixi,
1753 5729 2060 5785 incredibile
2081 5769 2099 5798 ,

521 5831 620 5884 nisi
659 5830 770 5884 liat.
797 5827 1046 5884 Utliceat
1084 5827 1186 5882 illis
1236 5825 1512 5896 paululum
1531 5825 1760 5890 vivere,
1779 5824 1906 5878 dmt
1941 5822 2100 5876 etiam

521 5921 676 5992 illud,
703 5920 846 5978 unde
871 5929 1090 5992 possent
1119 5935 1332 5991 semper
1359 5920 1555 5974 vivere.
1575 5917 1728 5984 Quod
1757 5899 2094 5980 dini-audite,

1772 423 1826 480 S.
1869 411 2233 480 AUGUSTINI
2273 417 2571 484 EPISCOPI
2639 483 2644 488 .

3689 443 3812 505 1516

2239 551 2292 594 et
2339 541 2636 616 intelligite.
2683 547 2874 606 Adhuc
2913 565 3056 607 enim
3099 552 3335 608 clausum
3385 563 3502 624 est,
3551 565 3604 614 et
3645 569 3808 619 tamen

2233 635 2428 690 multos
2447 648 2644 708 movet,
2665 641 2976 715 quihusjam
3001 645 3258 708 Dominus
3279 663 3400 702 cum
3417 649 3654 708 clausum
3683 666 3808 724 erat,

2231 729 2454 798 aperuit.
2504 731 2717 788 Dimitte
2763 735 2880 792 illos
2924 738 3011 808 qui
3042 737 3164 792 dant
3193 748 3244 793 et
3272 739 3500 810 perdunt
3527 745 3662 798 unde
3691 761 3802 815 pos-

2231 830 2354 875 sunt
2383 824 2580 894 vivere,
2610 837 2666 898 ut
2691 828 3012 884 concedatur
3035 831 3137 884 illis
3171 832 3438 901 paululum
3465 835 3660 890 vivere.
3693 839 3804 894 llius

2229 915 2521 984 attendite,
2555 919 2642 988 qui
2671 920 2897 989 perdunt
2922 921 3066 978 unde
3097 932 3320 992 possunt
3355 941 3568 996 semper
3603 929 3774 984 vivere
3795 971 3808 998 ,

2228 1016 2288 1062 ut
2313 1009 2636 1064 concedatur
2659 1012 2735 1066 eis
2757 1014 3026 1084 paululum
3055 1016 3252 1072 vivere.
3289 1017 3424 1086 Quid
3445 1029 3528 1074 est
3561 1021 3699 1078 hoc?
3729 1023 3808 1079 Fi-

2227 1099 2322 1154 des
2375 1111 2629 1168 vocatur,
2669 1095 2837 1172 pietas
2879 1116 3140 1162 vocatur:
3182 1107 3298 1163 huic
3348 1111 3522 1165 omnis
3565 1120 3808 1182 tanquam

2229 1193 2446 1260 pecunia
2496 1201 2611 1264 est,
2651 1211 2761 1266 qua
2810 1197 2915 1252 vita
2945 1207 3142 1254 mterna
3185 1201 3496 1272 acquiritur.
3533 1203 3718 1259 Veniet
3745 1206 3808 1262 de

2231 1293 2532 1342 transverso
2571 1287 2820 1346 inimicus
2865 1291 3111 1346 territans
3137 1335 3152 1360 ,
3181 1301 3236 1348 et
3267 1309 3372 1349 non
3417 1296 3506 1352 tibi
3537 1295 3708 1362 dicet,
3741 1300 3810 1354 Da

2227 1377 2355 1432 mihi
2399 1379 2674 1448 pecuniam
2711 1389 2852 1446 lnam
2873 1424 2886 1448 ,
2915 1393 2972 1438 ut
2995 1384 3141 1440 vivas
3173 1403 3185 1438 :
3221 1385 3314 1442 sed
3344 1385 3486 1442 dicet
3511 1388 3642 1454 tibi,
3671 1389 3808 1458 Nega

2227 1471 2492 1527 Christum
2513 1515 2530 1540 ,
2563 1482 2620 1528 ut
2643 1475 2808 1530 vivas.
2845 1475 2996 1546 Quod
3025 1487 3078 1532 tu
3110 1477 3156 1532 si
3185 1477 3378 1534 feceris
3407 1523 3422 1546 ,
3455 1489 3513 1536 ut
3534 1481 3691 1538 liceat
3719 1483 3808 1538 tibi

2228 1563 2494 1632 paululum
2536 1566 2734 1632 vivere,
2763 1569 2956 1638 perdes
2982 1569 3120 1626 unde
3153 1585 3338 1641 posses
3373 1588 3588 1643 semper
3615 1575 3808 1631 vivere.

2227 1652 2336 1709 lloc
2365 1664 2448 1710 est
2482 1672 2664 1714 amare
2707 1659 2899 1726 vitam,
2945 1661 3033 1730 qui
3088 1661 3312 1718 timebas
3337 1666 3612 1722 mortem?
3641 1666 3810 1720 llomo

2227 1745 2398 1814 bone,
2442 1764 2606 1818 quare
2657 1751 2882 1808 timebas
2918 1764 3183 1820 mortem,
3215 1756 3316 1812 nisi
3355 1757 3588 1813 amando
3613 1759 3810 1814 vitam?

2225 1836 2464 1893 Christus
2504 1848 2587 1894 est
2619 1841 2746 1896 vita.
2775 1842 2952 1908 Quare
2990 1845 3197 1914 appetis
3227 1861 3442 1916 parvam
3467 1889 3482 1914 ,
3517 1859 3575 1904 ut
3620 1849 3810 1920 perdas

2225 1932 2502 1987 securam?
2529 1934 2612 1988 An
2643 1934 2778 1989 forte
2822 1935 2978 1990 [idem
3021 1953 3128 1992 non
3172 1939 3484 2008 perdidisti,
3525 1941 3622 1994 sed
3669 1941 3810 2011 quod

2223 2022 2476 2091 perderes
2500 2041 2602 2079 non
2635 2025 2862 2080 habuisti
2882 2029 2904 2082 ?
2922 2028 3066 2084 Tene
3093 2045 3218 2099 ergo
3235 2030 3377 2086 unde
3403 2047 3622 2102 semper
3643 2035 3807 2087 vivas.

2225 2113 2456 2169 Attende
2491 2117 2790 2185 proximum
2833 2127 2979 2174 tuum
3003 2162 3017 2186 ,
3043 2130 3236 2191 quanta
3267 2121 3424 2178 faciat
3459 2132 3516 2178 ut
3543 2126 3810 2180 modicum

2225 2205 2386 2260 vivat.
2417 2207 2646 2264 Attende
2669 2218 2723 2264 et
2751 2211 2900 2266 illum
2941 2214 3027 2282 qui
3071 2211 3338 2269 Christum
3371 2217 3621 2286 negavit,
3647 2233 3812 2288 quan-

2228 2307 2337 2352 tum
2357 2300 2553 2356 malum
2585 2301 2708 2358 fecit
2735 2313 2950 2374 propter
2979 2321 3174 2374 paucos
3199 2307 3314 2362 dies
3341 2309 3481 2363 vitm.
3514 2309 3585 2364 Et
3616 2322 3672 2366 tu
3707 2325 3812 2368 non

2227 2393 2307 2446 vis
2337 2392 2480 2462 ipsos
2511 2409 2708 2464 paucos
2734 2395 2848 2452 dies
2885 2407 3228 2456 contemnere
3251 2401 3374 2454 vitae
3397 2443 3412 2466 ,
3449 2410 3506 2458 ut
3547 2403 3697 2458 nullo
3727 2403 3812 2458 die

2225 2485 2472 2541 moriaris
2495 2528 2512 2554 ,
2539 2495 2592 2542 et
2621 2488 2674 2543 in
2703 2490 3030 2560 sempiterno
3073 2493 3214 2548 vivas
3241 2491 3358 2558 die,
3385 2509 3415 2546 a
3453 2493 3814 2566 liedcmpture

2228 2587 2316 2632 tuo
2343 2580 2637 2650 protegaris
2655 2623 2670 2648 ,
2713 2582 2766 2636 in
2793 2592 2995 2638 aeterno
3017 2600 3181 2656 regno
3227 2585 3440 2655 Angelis
3466 2586 3811 2656 aquueris?

2225 2671 2360 2740 Quid
2398 2674 2632 2728 amasti?
2667 2674 2792 2746 quid
2825 2676 3135 2746 perdidisti?
3169 2679 3234 2734 Ut
3272 2680 3575 2750 sequereris
3623 2680 3812 2736 Domi-

2226 2780 2374 2832 num,
2401 2781 2613 2822 crucem
2649 2777 2792 2822 tuam
2825 2785 2928 2824 non
2957 2770 3142 2826 tulisti.
3201 2837 3204 2840 g

2296 2859 2347 2913 6.
2375 2857 2602 2936 .Perdere
2636 2861 2880 2928 animant,
2913 2870 2966 2916 ut
2994 2862 3274 2916 inveniatur
3299 2863 3632 2920 anima.Vide
3653 2881 3814 2935 quam

2228 2950 2542 3019 prudentem
2566 2961 2618 3007 te
2637 2953 2780 3020 velit,
2809 2955 2900 3024 qui
2929 2955 3018 3008 tibi
3041 2955 3174 3010 dixit
3203 2973 3216 3008 :
3249 2954 3392 3010 Tolle
3419 2973 3620 3010 crucem
3643 2965 3814 3024 tuam,

2225 3051 2268 3094 et
2287 3056 2492 3110 sequere
2517 3058 2612 3096 me.
2645 3043 2743 3109 Qui
2761 3045 3021 3108 invenerit,
3049 3045 3236 3115 inquit,
3257 3048 3478 3100 animam
3499 3065 3667 3114 suam,
3701 3067 3822 3118 per-

2225 3129 2306 3184 det
2333 3131 2507 3195 illam;
2545 3141 2594 3186 et
2622 3135 2706 3203 qui
2737 3135 3008 3202 perdiderit
3034 3152 3147 3190 eam
3185 3145 3390 3205 propter
3453 3154 3531 3190 me
3551 3179 3564 3201 ,
3595 3139 3820 3194 inveniet

2223 3240 2334 3276 eam
2367 3223 2586 3296 (Matth.
2617 3240 2684 3291 x,
2712 3226 2802 3293 58,
2832 3227 2946 3297 59).
2977 3227 3077 3298 Qui
3124 3225 3407 3298 invenerit,
3441 3230 3625 3299 perdet
3658 3247 3818 3302 eain;

2222 3317 2312 3388 qui
2342 3317 2649 3388 perdiderit,
2681 3320 2910 3376 inveniet
2933 3320 3093 3375 illam.
3128 3321 3194 3377 Ut
3221 3322 3432 3392 perdas,
3463 3309 3614 3394 prius
3644 3334 3732 3381 est
3761 3335 3820 3380 ut

2221 3410 2488 3478 invenias;
2527 3421 2582 3468 et
2621 3428 2742 3469 cum
2779 3413 3089 3484 perdideris,
3125 3423 3450 3483 postremum
3483 3425 3564 3470 est
3600 3428 3660 3472 ut
3689 3423 3838 3474 rur-‘

2221 3517 2336 3556 sum
2373 3502 2632 3559 invenias.
2683 3505 2808 3558 Duae
2851 3511 2976 3559 sunt
3017 3505 3386 3562 inventiones:
3431 3508 3484 3562 in
3516 3509 3820 3564 medioest

2221 3610 2322 3666 qua
2353 3596 2542 3650 transit
2565 3611 2664 3652 una
2693 3595 2938 3666 perditio.
2978 3597 3146 3652 Nemo
3176 3607 3350 3668 potest
3383 3599 3612 3654 animam
3657 3616 3818 3655 suam

2219 3687 2442 3757 perdere
2483 3697 2702 3760 propter
2715 3688 3020 3759 ,Christum,
3046 3691 3148 3746 nisi
3180 3706 3300 3746 eam
3327 3692 3469 3761 prius
3499 3693 3772 3748 invenerit
3799 3709 3815 3758 ;

2217 3791 2272 3836 et
2303 3796 2457 3836 nemo
2486 3791 2662 3852 potest
2703 3782 2934 3838 animam
2973 3798 3122 3838 suam
3175 3785 3412 3840 invenire
3459 3785 3511 3838 in
3565 3784 3814 3854 Christo,

2218 3876 2320 3930 nisi
2347 3891 2464 3932 eam
2505 3876 2649 3946 prius
2675 3875 2982 3946 perdiderit.
3013 3875 3214 3942 lnveni,
3241 3886 3296 3930 ut
3341 3876 3570 3945 perdas;
3603 3878 3816 3952 perde,

2217 3979 2278 4024 ut
2315 3969 2576 4025 invenias.
2604 3968 2885 4040 Quomodo
2919 3983 3039 4024 eam
3087 3969 3232 4038 prius
3267 3969 3579 4023 inventurus
3618 3983 3702 4036 es,
3759 3978 3818 4024 ut

2217 4063 2412 4118 habeas
2428 4078 2582 4134 quam
2611 4062 2837 4132 perdas?
2862 4061 3083 4130 Quando
3105 4063 3302 4132 cogitas
3321 4070 3372 4116 te
3395 4076 3460 4116 ex
3485 4069 3636 4130 parte
3667 4077 3820 4116 mor-

2217 4155 2397 4220 talem,
2421 4154 2634 4226 quando
2659 4154 2861 4226 cogitas
2888 4169 3012 4208 eum
3033 4155 3122 4223 qui
3151 4163 3199 4207 te
3231 4152 3372 4218 fecit,
3405 4160 3457 4205 et
3479 4151 3814 4207 insufﬂando

2214 4249 2444 4302 animam
2485 4247 2578 4302 tibi
2617 4247 2836 4312 creavit,
2875 4255 2928 4302 et
2955 4244 3152 4300 videris
3201 4259 3318 4298 eam
3355 4243 3426 4296 illi
3453 4241 3688 4308 debere,
3721 4245 3819 4314 qui

2215 4341 2392 4402 dedit;
2427 4341 2500 4394 illi
2531 4339 2878 4406 reddendam,
2899 4337 2987 4410 qui
3009 4336 3394 4400 commodavit;
3416 4335 3484 4390 ab
3509 4335 3601 4390 illo
3625 4349 3815 4390 custo-

2214 4433 2483 4498 diendam,
2535 4433 2624 4504 qui
2671 4431 2932 4497 instituit;
2971 4431 3462 4486 inveuistianimam
3510 4431 3814 4492 tuatn,in-

2213 4529 2432 4583 veniens
2460 4541 2577 4584 eam
2600 4525 2652 4580 in
2683 4523 2806 4579 ﬁde.
2833 4523 3114 4580 Credidisti
3133 4523 3275 4578 enim
3303 4523 3402 4576 hoc
3421 4561 3436 4589 ,
3473 4532 3526 4576 et
3549 4520 3811 4578 invenisti

2212 4621 2446 4676 animam
2475 4629 2637 4674 tuam.
2675 4617 2808 4672 Nam
2835 4615 3074 4688 perditus
3111 4629 3252 4680 eras,
3293 4622 3576 4683 antequam
3606 4613 3814 4670 crede-

2214 4728 2322 4767 res.
2365 4709 2614 4766 Invenisti
2643 4711 2874 4763 animam
2905 4715 3045 4762 tuam
3079 4723 3092 4759 :
3125 4713 3366 4760 mortuus
3393 4703 3587 4774 quippe
3621 4705 3814 4760 fueras

2214 4803 2267 4860 in
2296 4803 2638 4870 inﬁdelitate,
2680 4800 2916 4856 revixisti
2950 4800 3001 4854 in
3027 4797 3151 4853 (ide.
3186 4797 3328 4852 Talis
3355 4811 3436 4863 es,
3469 4794 3536 4849 de
3561 4811 3676 4864 quo
3703 4797 3814 4852 diei

2214 4896 2400 4966 possit,
2436 4893 2668 4948 Mortuus
2693 4901 2818 4956 erat,
2847 4901 2894 4948 et
2915 4891 3113 4954 revixit;
3137 4891 3376 4962 perierat,
3401 4899 3446 4944 et
3469 4889 3708 4944 inventus
3741 4901 3817 4944 est

2214 4987 2362 5059 (Luc.
2382 5003 2472 5052 xv,
2495 4983 2608 5056 52.)
2629 4985 2768 5054 Ergo
2788 4983 3030 5038 invenisti
3047 4980 3279 5034 animam
3305 4988 3444 5032 tuam
3475 4978 3524 5032 in
3549 4979 3653 5032 lide
3673 4982 3819 5032 veri-

2212 5083 2354 5148 tatis,
2373 5081 2417 5134 si
2439 5095 2470 5133 ιι
2491 5087 2662 5134 morte
2681 5075 3003 5130 inﬁdelitatis
3025 5071 3287 5128 revixisti.
3311 5070 3419 5124 Hoc
3435 5077 3536 5136 est,
3567 5069 3816 5124 animant

2213 5185 2354 5229 tuam
2385 5172 2650 5228 invenisti.
2691 5169 2860 5226 Pcrde
2885 5183 3004 5224 eam
3024 5209 3038 5234 ,
3071 5173 3126 5220 et
3151 5165 3328 5220 anima
3357 5173 3444 5218 tua
3486 5178 3677 5240 semen
3715 5163 3814 5218 tibi

2209 5268 2297 5322 sit.
2325 5265 2458 5322 Nam
2493 5274 2548 5320 et
2579 5261 2808 5334 agricola
2839 5258 3136 5314 triturando
3173 5266 3229 5314 et
3259 5255 3565 5312 ventilando
3597 5254 3818 5310 invenit

2211 5359 2446 5414 triticum
2465 5399 2480 5422 ,
2507 5366 2562 5412 et
2589 5368 2778 5410 rursus
2805 5350 3118 5408 seminando
3151 5349 3326 5420 perdit
3351 5347 3608 5402 triticum.
3651 5345 3813 5402 inve-

2210 5455 2354 5508 nitur
2397 5453 2448 5506 in
2475 5465 2620 5518 area,
2651 5441 3054 5519 quod‘perierat
3082 5445 3134 5500 in
3163 5451 3420 5498 semente.
3455 5440 3598 5494 l’erit
3627 5439 3686 5494 in
3723 5457 3815 5496 se-

2207 5556 2388 5616 mente
2427 5543 2570 5615 quod
2605 5542 2904 5598 inveniatur
2943 5541 2993 5595 in
3037 5553 3230 5594 messe.
3263 5533 3362 5600 Qui
3391 5549 3517 5602 ergo
3550 5533 3812 5588 invenerit

2209 5645 2436 5696 animant
2471 5653 2654 5702 suam,
2710 5635 2882 5708 perdet
2929 5649 3060 5686 cant.
3107 5630 3204 5698 Qui
3255 5628 3458 5682 laborat
3498 5625 3762 5694 colligere
3787 5666 3808 5694 ,

2207 5748 2376 5803 quare
2405 5731 2550 5802 piger
2577 5735 2660 5786 est
2685 5723 2987 5784 seminare?
3245 5777 3252 5783 _
3453 5795 3456 5798 _

2279 5825 2594 5890 7.-Aninmnt
2631 5821 2784 5894 cuius.
2813 5817 2978 5894 gratia
3011 5814 3218 5890 perdere
3254 5811 3502 5882 iubemur.
3543 5805 3686 5876 Yidc
3715 5817 3806 5868 ιιι-ι
3833 5853 3836 5858 .

2145 5901 2170 5936 ⁷’
2207 5934 2329 5987 men
2362 5917 2444 5994 ubi
2486 5917 2741 5978 invenias,
2774 5923 2820 5968 et
2849 5930 3020 6000 quare
3043 5908 3252 5984 perdas.
3285 5903 3440 5962 Unde
3457 5902 3598 5986 enim
3641 5900 3806 5958 inve-
