4080 6360
278 390 417 451 1511

274 523 446 582 regno
470 519 595 564 meo
623 516 894 576 nunquam
928 500 1236 568 marituma,
1268 496 1364 556 sed
1396 497 1450 555 in
1475 504 1734 555 aeternum
1775 500 1859 553 vi-

273 612 463 659 cturus
488 616 568 656 es.
600 598 772 653 Verus
802 596 872 652 ibi
897 594 1045 650 dives
1072 594 1178 649 eris
1201 635 1216 661 ,
1244 592 1334 647 ubi
1364 605 1634 661 nunquam
1658 589 1863 661 egebis.

275 694 410 751 Nam
435 692 557 748 ideo
579 689 646 745 ad
668 687 1072 745 subvectionem
1095 685 1259 739 multa
1281 682 1530 739 animalia
1559 682 1772 752 quaeris,
1795 694 1864 735 ne

276 786 530 849 deﬁcias;
557 781 625 837 ad
651 782 849 835 victum
877 778 1062 848 epulas
1098 778 1339 847 copiosas
1357 816 1373 842 ,
1402 774 1469 829 ad
1495 772 1865 829 indumentum

276 876 546 947 pretiosas
573 882 773 929 vestes.
806 872 1008 927 Revera
1045 879 1100 925 tu
1130 869 1293 924 multa
1321 866 1563 923 habendo
1589 865 1736 921 dives
1764 878 1824 920 es
1847 904 1863 931 ,

278 981 333 1023 et
373 967 599 1037 angelus
635 978 787 1019 meus
813 977 1015 1033 pauper
1053 960 1176 1016 est?
1201 959 1341 1015 Nihil
1369 959 1562 1025 habet,
1591 953 1691 1012 nec
1730 971 1869 1026 equo

279 1060 482 1119 utitur,
517 1071 617 1112 nec
642 1054 807 1110 rheda
832 1054 1068 1117 vehitur,
1102 1066 1201 1106 nec
1226 1065 1464 1106 mensam
1505 1048 1740 1103 honestis
1764 1047 1868 1102 im-

280 1148 386 1217 plet
402 1145 771 1216 apparatibus;
797 1157 895 1198 nec
910 1142 959 1197 ei
981 1141 1142 1197 vestis
1163 1140 1376 1205 texitur,
1398 1138 1519 1208 quia
1531 1137 1649 1193 luce
1671 1147 1869 1191 mterna

278 1241 523 1295 vestitur.
552 1238 729 1303 Disce,
751 1251 784 1291 ο
808 1235 966 1290 homo
987 1234 1155 1300 dives,
1182 1247 1339 1288 veras
1363 1230 1571 1286 divitias
1595 1238 1865 1299 appetere.

279 1333 358 1388 Tu
392 1334 523 1387 istas
552 1330 765 1385 divitias
792 1328 988 1383 habere
1017 1327 1097 1381 vis
1118 1367 1134 1393 ,
1164 1334 1222 1381 ut
1249 1324 1445 1379 habeas
1477 1322 1619 1377 unde
1646 1322 1869 1376 multum

279 1423 595 1490 manduces,
628 1422 751 1492 quia
779 1419 961 1475 deficis
985 1436 997 1472 :
1033 1418 1122 1473 ille
1149 1426 1199 1473 te
1225 1422 1349 1472 Vere
1373 1416 1589 1471 divitem
1608 1414 1751 1481 facit,
1781 1413 1871 1484 qui

278 1515 373 1569 tibi
395 1514 561 1568 donat
580 1528 645 1566 ne
661 1511 715 1566 in
736 1518 993 1567 aeternum
1015 1509 1240 1565 esurias.
1264 1508 1392 1563 Nam
1414 1508 1757 1579 quantumvis
1779 1507 1873 1561 ha-

279 1605 432 1671 beas,
460 1618 583 1659 cum
608 1602 815 1657 venerit
841 1601 970 1656 hora
995 1600 1179 1670 quinta
1207 1597 1304 1670 (a),
1329 1609 1611 1669 antequam
1634 1597 1702 1653 ad
1722 1612 1875 1653 men-

279 1710 395 1749 sam
427 1694 679 1759 accedas,
712 1692 914 1755 esuris,
944 1699 998 1746 et
1017 1690 1232 1759 deﬁcis,
1258 1690 1381 1761 quia
1408 1689 1568 1744 miser
1605 1704 1683 1744 es.
1713 1688 1875 1743 Num-

280 1788 408 1857 quid
438 1787 540 1841 hoc
582 1785 799 1855 angelus
838 1782 1108 1838 sustinet?
1137 1782 1306 1837 Absit.
1332 1780 1441 1837 Nec
1479 1781 1710 1837 esuriem
1733 1821 1747 1846 ,
1774 1796 1874 1835 nec

282 1880 637 1936 defectionem
660 1878 818 1933 habet
842 1875 1081 1948 angelus.
1110 1875 1389 1931 Postremo
1419 1875 1499 1930 his
1519 1873 1689 1943 epulis
1711 1872 1875 1927 anhe-

283 1974 363 2028 las
390 1972 673 2043 superbus.
701 1969 817 2025 Non
842 1978 924 2024 est
945 1968 1175 2037 cxpletio
1202 1967 1299 2022 ista
1322 1966 1751 2036 indigentiarum,
1780 1963 1876 2020 sed

284 2064 465 2121 tamus
512 2078 780 2120 curarum.
827 2061 959 2116 Cum
1008 2060 1209 2129 cogitas
1244 2057 1313 2113 de
1348 2058 1547 2112 divitiis
1598 2056 1870 2127 augendis,

284 2158 409 2212 vide
434 2157 479 2210 si
511 2156 662 2210 facile
680 2140 909 2210 dormis.
938 2151 1003 2207 Ni
1028 2152 1202 2217 fallor,
1235 2149 1326 2205 ubi
1351 2150 1561 2204 divitias
1589 2148 1872 2216 invenisti,

286 2249 530 2321 requiem
558 2247 852 2319 perdidisti.
883 2245 1017 2301 Cum
1050 2244 1261 2316 vigilas,
1291 2250 1630 2315 augmentum
1663 2242 1877 2297 divitia-

286 2358 407 2399 rum
436 2342 672 2412 cogitas:
714 2355 835 2395 cum
876 2338 1113 2403 dormis,
1139 2337 1375 2392 latrones
1402 2336 1654 2390 somnias.
1694 2335 1750 2389 In
1791 2335 1878 2391 die

287 2433 570 2497 sollicitus,
588 2441 642 2487 et
662 2438 816 2487 nocte
839 2428 1080 2500 pavidus,
1102 2442 1318 2497 semper
1337 2425 1631 2481 mendicus.
1652 2425 1877 2481 Divitem

288 2541 479 2580 verum
510 2533 561 2580 te
598 2526 770 2579 facere
796 2523 907 2578 vult
930 2564 945 2591 ,
974 2522 1064 2593 qui
1096 2521 1188 2576 tibi
1217 2536 1438 2592 regnum
1467 2520 1722 2576 caelorum
1750 2535 1876 2591 pro-

290 2615 489 2671 mittit:
538 2622 591 2668 ct
625 2624 780 2683 putas
821 2612 943 2683 quia
988 2611 1118 2666 tanti
1158 2619 1435 2681 empturus
1469 2624 1527 2665 es
1574 2610 1688 2663 illas
1726 2624 1880 2665 veras

291 2708 529 2773 divitias,
558 2707 704 2762 illam
728 2721 906 2761 veram
930 2712 986 2761 et
1005 2703 1213 2759 beatam
1240 2703 1401 2758 vitam
1421 2742 1437 2768 ,
1461 2701 1641 2773 quanti
1667 2709 1881 2771 paratus

292 2815 353 2856 es
382 2800 647 2854 redimere
672 2797 803 2851 istos
830 2796 1056 2852 miseros
1080 2803 1132 2849 et
1161 2793 1457 2849 laboriosos
1485 2792 1638 2847 dies?
1667 2791 1879 2861 Aliquid

292 2890 463 2945 multo
488 2890 607 2960 plus
628 2889 807 2944 valere
831 2886 990 2943 debet
1009 2885 1149 2959 quod
1172 2884 1337 2942 multo
1361 2884 1482 2957 plus
1508 2892 1626 2950 est;
1653 2881 1777 2955 quia
1796 2896 1884 2938 re-

293 2988 457 3055 gnum
485 2982 745 3039 ctelorum
776 2987 880 3035 est.
1055 2980 1061 2985 ”

366 3075 421 3130 6.
462 3074 609 3128 Idem
652 3082 897 3127 tractatur
940 3081 1306 3143 argumentum.
1353 3070 1421 3125 Et
1484 3068 1610 3140 quid
1652 3068 1837 3123 faciam
1861 3110 1879 3136 ,

295 3165 508 3236 inquis?
535 3165 707 3232 Ecce,
738 3172 921 3219 sancte
964 3164 1248 3232 episcopo,
1291 3161 1491 3216 monita
1536 3170 1623 3215 tua
1669 3159 1876 3222 audivi,

294 3257 522 3312 consilio
544 3264 635 3311 tuo
665 3256 849 3326 parui,
875 3254 1079 3323 iussum
1108 3252 1316 3307 Domini
1361 3266 1464 3305 non
1492 3251 1665 3320 sprevi
1688 3292 1702 3317 ,
1742 3249 1883 3321 quod

297 3350 462 3405 habui
490 3349 814 3420 pauperibus
842 3347 996 3411 dedi,
1022 3356 1074 3401 ct
1099 3346 1237 3415 quod
1264 3344 1433 3400 habeo
1457 3359 1577 3399 cum
1602 3343 1885 3413 indigenti-

294 3443 397 3499 bus
443 3441 819 3503 communico;
863 3438 986 3510 quid
1036 3439 1152 3508 plus
1183 3451 1393 3507 possum
1444 3434 1661 3490 facere?
1710 3432 1884 3488 [labes

298 3535 510 3601 adhuc,
543 3533 878 3603 temetipsum
910 3530 1113 3585 habes:
1156 3538 1211 3584 tu
1239 3530 1351 3598 ipse
1395 3527 1512 3597 plus
1541 3541 1630 3591 es,
1676 3534 1734 3581 tu
1759 3525 1885 3581 dees

298 3627 463 3684 rebus
492 3627 624 3691 tuis,
656 3633 712 3679 tu
736 3623 1016 3679 addendus
1043 3636 1120 3677 es.
1148 3620 1441 3675 Consilium
1469 3619 1678 3673 Domini
1707 3618 1779 3673 tui
1805 3618 1885 3673 fe-

300 3721 461 3776 cisti?
484 3718 630 3785 Feci,
660 3718 847 3788 inquit.
871 3716 1007 3784 Quid
1028 3715 1310 3770 mentiris?
1340 3713 1455 3768 Non
1480 3722 1647 3768 totum
1679 3711 1880 3766 fecisti:

301 3825 370 3866 ex
398 3825 501 3863 una
534 3818 682 3879 parte
708 3807 912 3872 fecisti,
939 3821 1005 3860 ex
1033 3805 1133 3859 alia
1161 3803 1292 3858 nihil
1317 3804 1551 3879 tetigisti.
1585 3801 1720 3857 Audi
1746 3799 1887 3872 quod

298 3901 452 3972 jubet
476 3919 489 3954 :
531 3899 703 3964 Vade,
732 3898 887 3953 vende
912 3898 1080 3953 omnia
1105 3912 1217 3966 quia
1256 3890 1444 3961 habes,
1471 3906 1519 3950 et
1547 3895 1613 3948 da
1642 3893 1885 3967 pauperi-

308 3992 417 4046 bus.
451 3990 715 4061 Numquid
742 3989 943 4044 dimisit
967 3987 1128 4044 eum?
1159 3989 1223 4042 Et
1248 4002 1315 4042 ne
1336 4002 1394 4041 se
1424 3987 1513 4042 ille
1543 3986 1764 4056 perdere
1792 4000 1887 4054 pu-

306 4091 448 4139 taret
466 4081 607 4154 quod
629 4080 949 4150 pauperibus
971 4079 1227 4149 erogavit,
1250 4093 1498 4133 securum
1517 4092 1639 4133 eum
1660 4075 1889 4131 reddidit

306 4172 510 4237 dicens,
545 4171 609 4227 Et
630 4172 827 4227 habebis
852 4172 1138 4227 thesaurum
1164 4171 1217 4224 in
1241 4170 1383 4223 caelo.
1412 4168 1675 4239 Numquid
1697 4167 1890 4223 sufﬁcit

310 4263 411 4318 hoc
430 4263 455 4315 ?
484 4262 618 4317 Non.
649 4264 714 4318 Et
731 4262 855 4333 quid
876 4263 900 4316 ?
924 4261 1067 4328 Veni,
1087 4276 1289 4327 sequere
1313 4275 1391 4312 me
1416 4256 1626 4330 (Matth.
1647 4274 1752 4323 xu,
1771 4258 1885 4329 21),

308 4352 459 4409 dicit.
488 4355 649 4409 Amas
673 4396 687 4421 ,
717 4361 771 4408 et
795 4352 942 4423 sequi
966 4353 1044 4405 vis
1069 4365 1191 4405 eum
1216 4364 1375 4420 quem
1400 4348 1581 4403 amas?
1609 4347 1887 4416 Cucurrit,

308 4444 511 4498 volavit
529 4463 543 4499 :
565 4458 741 4513 quaere
760 4458 881 4513 qua.
904 4441 1094 4498 Nescio
1113 4456 1237 4513 qua.
1260 4440 1303 4495 0
1319 4440 1691 4496 christianum!
1715 4441 1892 4496 nescis

310 4551 414 4607 qua
458 4536 550 4590 ivit
575 4535 829 4590 Dominus
861 4533 1017 4589 tuus‘?
1042 4533 1132 4589 Vis
1186 4532 1306 4588 dico
1345 4532 1434 4588 tibi
1456 4575 1471 4601 ,
1526 4548 1628 4604 qua
1657 4548 1779 4587 cum
1807 4548 1893 4588 se-

310 4628 529 4699 quaris?
560 4627 663 4683 Per
699 4642 973 4697 pressurus
993 4669 1008 4695 ,
1037 4642 1132 4696 per
1155 4626 1437 4696 opprobria
1456 4666 1471 4693 ,
1506 4640 1597 4695 per
1626 4624 1755 4680 falsa
1784 4626 1892 4680 cri-

312 4721 455 4775 mina
477 4760 492 4784 ,
524 4734 619 4789 per
642 4728 790 4788 sputa
821 4720 874 4773 in
904 4718 1087 4772 faciem
1110 4759 1123 4784 ,
1158 4732 1252 4787 per
1275 4718 1455 4786 alapas
1483 4726 1536 4771 et
1567 4715 1891 4787 ﬂagellorum

314 4810 533 4864 verbera
554 4850 569 4873 ,
602 4825 695 4878 per
718 4824 969 4865 coronam
999 4808 1235 4878 spineam
1255 4849 1268 4873 ,
1298 4823 1394 4878 per
1420 4822 1662 4872 crucem,
1708 4816 1763 4862 et
1800 4822 1894 4878 per

315 4910 564 4956 mortem.
588 4900 722 4968 Quid
745 4902 889 4971 piger
911 4900 1004 4955 es?
1028 4900 1164 4955 Ecce
1187 4899 1551 4954 demonstrata
1573 4908 1655 4953 est
1675 4899 1766 4954 tibi
1786 4898 1893 4954 via.

314 4992 419 5049 Sed
448 4992 581 5047 dura
611 5001 710 5058 est,
736 4994 929 5063 inquis,
952 4993 1069 5058 via;
1100 4994 1217 5063 quis
1239 5007 1334 5062 per
1355 4993 1508 5047 istam
1531 4992 1679 5048 illum
1706 5008 1895 5063 sequa-

316 5086 438 5141 tur?
467 5086 736 5141 Erubesce
763 5086 1012 5153 barbare,
1039 5084 1295 5141 erubesco
1320 5101 1333 5137 :
1361 5100 1392 5139 a
1416 5083 1609 5139 virtute
1639 5084 1719 5139 vir
1746 5084 1893 5140 dice-

313 5182 408 5236 ris.
438 5180 673 5237 Feminae
693 5188 888 5235 secuta:
912 5188 1052 5245 sunt,
1077 5194 1299 5250 quarum
1320 5178 1478 5233 hodie
1500 5177 1736 5233 natalitia
1757 5180 1897 5234 cele-

313 5272 551 5329 bramus.
600 5271 939 5329 Feminarum
992 5282 1282 5346 martyrum
1334 5272 1740 5330 Suburbitarum
1796 5272 1889 5345 (ὁ),

380 5428 455 5490 (a)
486 5436 600 5486 Qua
621 5428 844 5477 nimirum
867 5427 1138 5478 undecimae
1173 5433 1349 5478 nostra!
1371 5427 1661 5489 respondet,
1707 5435 1897 5478 sextam

350 5492 477 5541 risco
510 5503 701 5553 genere
726 5491 975 5553 horarum,
1015 5490 1059 5537 id
1083 5497 1159 5540 est
1191 5490 1447 5553 meridiem
1478 5490 1801 5553 antecedens.
1848 5496 1900 5542 et

407 5550 536 5603 itima
561 5552 769 5616 esthora
792 5552 988 5614 prandii.
1006 5552 1122 5616 ttinc
1143 5550 1488 5616 M_a_r_t.ialis,_lib.
1512 5550 1562 5609 8,
1580 5553 1734 5616 epigr.
1754 5551 1834 5603 67.

380 5610 537 5663 horas
561 5613 767 5683 quinque
788 5610 909 5683 puer
925 5611 1139 5683 nondum
1158 5610 1242 5663 tibi
1264 5611 1465 5683 nuntiat,
1489 5618 1535 5663 et
1557 5618 1611 5662 tu

446 5682 558 5723 Jam
580 5674 770 5725 contiva
789 5674 927 5734 mihi,
949 5674 1202 5733 (erilium.
1230 5675 1373 5725 venis.

385 5736 463 5800 (ὁ)
491 5743 557 5786 lla
592 5736 891 5786 Colbcrtinus
913 5737 1065 5787 codex
1116 5737 1231 5800 178.3
1252 5750 1347 5800 quo
1370 5736 1486 5786 alias
1522 5738 1765 5787 Pithmano
1802 5737 1897 5787 Sir-

318 5799 528 5851 tmndus
547 5808 722 5862 utens,
758 5802 971 5852 correxit
993 5798 1447 5862 fruburbt'tanarum.
1474 5800 1558 5849 Ubi
1583 5800 1687 5862 ipse
1724 5808 1900 5860 Perpev

320 5866 455 5921 tuam
480 5868 532 5921 et
552 5858 845 5925 Felicitatem
867 5861 1126 5935 intelligit,
1171 5872 1374 5939 quarunt
1413 5858 1614 5937 corpori
1634 5862 1683 5923 iu
1704 5858 1900 5927 basilica

1590 377 1818 439 SERMO
1851 375 2163 439 CCCXLVI.

3410 368 3553 431 1582

1971 495 2363 555 solemnitatem
2388 492 2735 550 celebramus.
2766 491 3022 551 Dominus
3046 499 3266 563 vester,
3293 490 3555 552 Dominus

1971 599 2175 658 noster,
2203 589 2460 644 Dominus
2486 588 2714 655 illarum,
2737 587 3063 659 Redemptor
3085 588 3207 643 vitae
3234 596 3453 657 nostrae,
3481 589 3558 646 de:
3644 608 3651 615 ί

1971 681 2053 735 via
2077 690 2295 751 angusta
2318 688 2370 733 et
2394 692 2578 749 aspera
2608 678 2954 748 prtecedendo
2994 688 3214 735 stratam
3240 695 3359 736 eam
3397 678 3560 737 vobis

1970 771 2125 837 fecit,
2153 780 2368 827 stratam
2394 785 2663 835 securam,
2692 771 2947 825 munitam
2969 812 2983 836 ,
3009 768 3255 827 Christus
3293 770 3563 832 Domina!)

1972 872 2173 933 noster,
2201 862 2290 937 qui
2316 870 2503 935 regnat
2526 862 2579 917 in
2604 862 2796 918 stncula
2819 862 3152 918 saeculorum.
3175 861 3370 919 Amen.

2429 1006 2657 1065 διεκΜο
2674 1007 2965 1065 cccxm
2990 1008 3089 1080 (a).

2069 1117 2149 1175 De
2175 1120 2570 1192 peregrinatione
2595 1129 2766 1175 nostra
2793 1121 2846 1175 in
2875 1120 2971 1175 hac
2998 1121 3133 1189 vita,
3165 1136 3255 1193 per
3281 1122 3452 1192 ﬁdem.

2047 1253 2100 1306 1.
2148 1251 2264 1306 Vita
2289 1253 2394 1307 hate
2416 1270 2549 1309 mors
2576 1255 2739 1308 uerius
2759 1271 2909 1325 quam
2926 1254 3047 1310 vita.
3078 1253 3209 1309 Vera
3230 1256 3331 1310 vita
3351 1256 3553 1312 nonnisi

1974 1352 2182 1399 (eterna.
2213 1344 2585 1401 Recordamini
2612 1347 2886 1402 nobiscum
2907 1388 2921 1414 ,
2952 1346 3283 1402 dilectissimi
3320 1347 3511 1403 fratres
3535 1389 3553 1417 ,

1976 1436 2173 1492 dixisse
2204 1438 2511 1507 Apostolunt
2531 1480 2545 1503 ,
2578 1438 2832 1507 Quamdiu
2859 1457 3030 1494 sumus
3058 1441 3112 1494 in
3134 1457 3344 1512 corpore
3364 1483 3379 1508 ,
3411 1458 3556 1511 pere-

1975 1532 2237 1603 grinantur
2272 1551 2303 1587 a
2333 1533 2549 1588 Domino
2566 1551 2585 1600 ;
2616 1553 2705 1607 per
2731 1536 2883 1605 ﬁdem
2907 1537 3037 1590 enim
3072 1536 3388 1591 ambulamus
3407 1578 3422 1604 ,
3455 1553 3558 1594 non

1978 1638 2067 1691 per
2094 1625 2305 1692 speciem
2335 1624 2413 1694 (ll
2439 1624 2554 1679 Cor.
2583 1641 2615 1679 v
2634 1666 2649 1690 ,
2681 1625 2715 1681 6
2735 1668 2749 1692 ,
2779 1627 2857 1694 7).
2892 1626 3149 1682 Dominus
3184 1629 3328 1683 enim
3366 1636 3551 1684 noster

1976 1712 2132 1769 Jesus
2161 1714 2422 1783 Christus,
2453 1717 2543 1787 qui
2568 1717 2672 1783 ait,
2702 1716 2812 1789 Ego
2842 1735 2953 1773 sum
2976 1720 3077 1787 via,
3109 1730 3156 1774 et
3184 1722 3364 1775 veritas
3392 1731 3437 1775 et
3458 1722 3561 1775 vita

1982 1805 2179 1879 (Joan.
2212 1825 2303 1863 xxv
2322 1850 2336 1875 ,
2368 1810 2458 1879 6),
2488 1810 2759 1867 ambulare
2788 1826 2885 1867 nos
2930 1814 3094 1867 voluit
3122 1822 3175 1869 et
3204 1828 3297 1883 per
3325 1814 3559 1884 seipsum

1978 1908 2033 1953 et
2060 1899 2125 1954 ad
2153 1914 2211 1953 se
2240 1901 2431 1970 ipsum.
2455 1902 2568 1969 Qua
2594 1902 2736 1957 enim
2764 1902 3116 1969 ambulamus,
3139 1904 3241 1959 nisi
3263 1919 3357 1974 per
3379 1904 3561 1959 viam?

1978 1987 2048 2043 Et
2070 2005 2176 2060 quo
2210 1990 2572 2058 ambulamus,
2614 1992 2715 2048 nisi
2752 1992 2819 2047 ad
2854 1995 3131 2050 veritatem
3160 2003 3215 2050 et
3250 1994 3317 2049 ad
3356 1994 3560 2055 vitam.
3600 2054 3605 2057 _

1979 2080 2140 2134 vitam
2169 2081 2373 2136 scilicet
2401 2090 2691 2149 mternam,
2728 2098 2847 2153 qua:
2877 2084 2990 2139 sola
3030 2086 3134 2139 vita
3168 2084 3391 2140 dicenda
3438 2086 3561 2139 est?

1979 2172 2111 2229 Nam
2138 2174 2237 2228 ista
2264 2176 2370 2229 vita
2399 2176 2658 2241 mortalis,
2688 2176 2741 2230 in
2772 2192 2875 2247 qua
2925 2192 3064 2231 nunc
3090 2192 3290 2243 sumus,
3324 2193 3391 2232 ex
3418 2178 3561 2231 illius

1980 2263 2103 2318 vilic
2128 2266 2520 2334 comparatione
2549 2280 2692 2321 mors
2717 2280 2838 2323 esse
2866 2268 3230 2333 convincitur;
3262 2283 3380 2339 qua:
3415 2276 3564 2323 tanta

1981 2354 2331 2410 mutabilitate
2358 2356 2614 2424 variatur,
2645 2364 2701 2411 et
2726 2358 2867 2412 nulla
2892 2358 3177 2413 stabilitate
3205 2358 3476 2426 ﬁrmatur,
3508 2366 3565 2414 et

1980 2460 2141 2500 cursu
2168 2445 2481 2501 brevissimo
2508 2448 2835 2503 terminatur.
2864 2449 2931 2504 Et
2956 2449 3077 2505 ideo
3104 2451 3355 2505 Dominus
3380 2451 3455 2506 illi
3480 2450 3565 2506 di-

1980 2536 2095 2602 viti,
2140 2538 2228 2608 qui
2258 2537 2306 2593 ei
2343 2537 2580 2605 dixerat,
2614 2538 2861 2611 Magister
2888 2539 3040 2608 bone,
3076 2541 3201 2613 quid
3240 2542 3458 2612 faciant,
3505 2549 3564 2595 ut

1981 2630 2135 2684 vitam
2161 2640 2398 2685 cateruam
2438 2632 2757 2698 consequar?
2783 2632 3075 2703 respondit,
3109 2634 3171 2689 Si
3198 2634 3269 2688 vis
3308 2634 3473 2688 venire
3495 2633 3567 2687 ad

1982 2721 2153 2785 vitam,
2180 2738 2321 2776 serva
2342 2724 2580 2776 mandata
2604 2722 2817 2794 (Matth.
2838 2740 2950 2789 nx,
2977 2724 3065 2792 16,
3093 2725 3205 2795 17).
3235 2726 3358 2781 Erat
3384 2726 3567 2796 utique

1982 2811 2039 2866 in
2062 2812 2234 2883 aliqua
2264 2813 2401 2879 vita;
2444 2828 2615 2884 neque
2652 2814 2793 2869 enim
2832 2814 3117 2881 cadaveri,
3153 2824 3207 2870 et
3233 2830 3341 2871 non
3368 2817 3569 2872 viventi

1983 2903 2185 2959 homini
2214 2905 2544 2976 loquebatur.
2572 2904 2679 2962 Sed
2708 2907 2829 2977 quia
2860 2906 2949 2962 ille
2973 2905 3040 2963 de
3064 2909 3435 2978 consequenda
3458 2909 3569 2964 vita

1983 3005 2180 3051 acterna
2206 2998 2541 3066 quaesiverat,
2574 3013 2679 3053 non
2702 2997 2776 3052 ait
2806 2999 3078 3064 Dominus,
3106 2998 3163 3055 Si
3192 3000 3270 3055 vis
3296 2998 3478 3056 venire
3496 3000 3569 3057 ad

1984 3089 2145 3144 vitam
2172 3099 2460 3152 aeternam:
2493 3091 2607 3157 sed,
2641 3090 2701 3147 Si
2725 3092 2797 3146 vis
2817 3134 2832 3159 ,
2861 3092 3063 3163 inquit,
3093 3094 3258 3148 venire
3280 3093 3348 3147 ad
3375 3094 3523 3148 vitam
3546 3135 3566 3161 ,

1984 3195 2125 3234 serua
2145 3180 2382 3234 mandata
2404 3196 2423 3234 :
2452 3180 2699 3236 videlicet
2720 3181 2820 3237 hoc
2841 3182 3063 3252 intelligi
3087 3182 3291 3249 volens,
3314 3184 3566 3253 quoniam

1984 3287 2104 3342 qua:
2132 3272 2235 3326 vita
2264 3281 2465 3327 acterna
2495 3286 2601 3327 non
2628 3282 2749 3337 est,
2783 3288 2881 3329 nec
2912 3273 3016 3328 vita
3046 3273 3266 3330 dicenda
3297 3284 3409 3341 est;
3444 3276 3571 3345 quia

1985 3376 2111 3417 vera
2139 3362 2245 3416 vita
2274 3363 2483 3417 nonnisi
2512 3372 2711 3418 aeterna
2739 3371 2822 3418 est
2847 3362 2945 3436 (c).
2977 3363 3111 3419 llinc
3149 3372 3205 3419 et
3240 3364 3526 3434 Apostolus
3548 3406 3568 3433 ,

1986 3469 2106 3511 cum
2135 3455 2599 3527 eleemosynarum
2628 3457 2907 3511 consilium
2936 3456 3167 3511 dandum
3195 3456 3443 3512 divitibus
3469 3456 3569 3513 ad-

1988 3555 2262 3615 moneret,
2296 3546 2482 3601 Divites
2510 3548 2629 3615 sint,
2662 3547 2861 3617 inquit,
2893 3548 2945 3600 in
2971 3547 3203 3619 aperibus
3226 3548 3387 3614 bonis,
3419 3548 3571 3617 facile

1989 3638 2239 3704 tribuant,
2268 3638 2663 3706 communicent,
2704 3638 3039 3693 thesaurizent
3064 3638 3158 3692 sibi
3188 3638 3573 3710 fundamentum

1988 3729 2175 3785 bonum
2225 3732 2278 3785 in
2331 3734 2594 3802 futurum,
2647 3739 2707 3786 ut
2761 3731 3143 3802 apprehendant
3195 3746 3364 3786 ueram
3417 3734 3573 3788 vitam

1990 3820 2051 3893 (l
2084 3820 2219 3876 Tim.
2248 3837 2332 3889 vt,
2360 3822 2447 3888 18,
2478 3822 2590 3893 19).
2622 3822 2791 3892 Quam
2830 3822 2963 3878 dixit
3002 3838 3183 3879 veram
3223 3824 3382 3879 vitam
3403 3866 3418 3891 ,
3466 3824 3574 3880 nisi

1991 3924 2244 3970 aeternam
2269 3916 2430 3969 vitam
2448 3957 2463 3983 ,
2493 3932 2612 3986 qua:
2640 3917 2751 3971 sola
2777 3917 2883 3971 vita
2911 3916 3131 3972 dicenda
3159 3924 3241 3972 est
3258 3956 3275 3985 ,
3304 3917 3427 3988 quia
3456 3917 3575 3975 sola

1990 4005 2144 4062 beata
2170 4005 2290 4061 est?
2314 4006 2444 4061 Nam
2476 4008 2656 4079 utique
2684 4007 2756 4062 illi
2777 4007 3001 4073 divites,
3030 4008 3223 4079 quibus
3252 4008 3570 4079 praecipien-

1992 4098 2117 4153 dum
2144 4114 2262 4155 esse
2290 4098 2498 4154 dicebat
2526 4108 2583 4153 ut
2606 4097 3066 4169 apprehenderent
3092 4114 3269 4155 veram
3298 4101 3485 4168 vitam,
3517 4100 3577 4157 in

1994 4188 2313 4243 abundantia
2351 4188 2650 4243 divitiarum
2683 4189 2947 4244 habebant
2978 4191 3132 4245 istam
3161 4190 3323 4245 vitam
3354 4208 3367 4245 :
3412 4205 3575 4264 quam

1995 4287 2173 4333 tamen
2199 4279 2484 4348 Apostolus
2510 4280 2555 4334 si
2596 4294 2777 4334 veram
2806 4280 2969 4335 vitam
2994 4295 3113 4337 esse
3136 4282 3402 4352 judicaret
3420 4324 3435 4348 ,
3463 4296 3577 4339 non

1995 4372 2217 4440 diceret,
2240 4371 2598 4426 Thesaurizent
2626 4372 2721 4426 sibi
2746 4374 3129 4445 fundamentum
3154 4374 3337 4429 bonum
3360 4375 3414 4429 in
3435 4374 3578 4446 futu-

1994 4481 2129 4532 rum,
2155 4473 2208 4518 ut
2229 4464 2607 4537 apprehendant
2630 4480 2798 4520 veram
2820 4466 2971 4520 vitam
3000 4482 3019 4521 :
3058 4465 3192 4521 nihil
3217 4467 3361 4522 aliud
3387 4466 3579 4525 admo-

1996 4571 2148 4621 nens,
2173 4556 2271 4611 nisi
2297 4571 2402 4610 non
2429 4571 2549 4612 esse
2573 4571 2751 4610 veram
2776 4558 2931 4611 vitam
2953 4557 3213 4623 divitum;
3244 4558 3431 4625 vitam,
3455 4574 3579 4630 quin

1997 4649 2065 4705 ab
2090 4649 2264 4704 stultis
2285 4665 2389 4704 non
2410 4650 2580 4704 solum
2602 4663 2744 4715 vera,
2774 4648 2867 4705 sed
2892 4648 3050 4703 etiam
3076 4648 3230 4704 beata
3252 4651 3577 4707 nominatur.

1998 4740 2273 4808 Quomodo
2301 4749 2479 4796 autem
2519 4741 2672 4796 beata
2709 4750 2822 4805 est,
2867 4756 2984 4809 qua:
3009 4755 3135 4795 vera
3166 4755 3272 4795 non
3299 4745 3424 4796 est?
3460 4742 3581 4799 Non

1997 4847 2125 4903 ergo
2154 4832 2305 4888 beata
2329 4832 2435 4887 vita
2457 4840 2561 4897 est,
2589 4832 2691 4887 nisi
2716 4845 2838 4885 vera
2864 4830 2968 4884 vita
2993 4846 3009 4895 ;
3043 4845 3142 4886 nec
3171 4847 3296 4886 vera
3321 4832 3427 4887 vita
3456 4841 3579 4901 est,

1999 4923 2103 4982 nisi
2123 4931 2319 4980 aeterna
2340 4923 2466 4992 vita,
2492 4936 2649 4995 quam
2669 4918 2859 4978 divites
2883 4920 3247 4994 intelliguntur
3264 4936 3361 4994 per
3380 4922 3583 4996 quasli-
3624 4930 3629 5009 ρ

1999 5122 2174 5186 Maiore
2202 5118 2391 5169 condita
2411 5118 2697 5186 Carthagine
2714 5155 2728 5178 ,
2751 5124 2804 5168 et
2841 5120 3201 5186 anniversarius
3229 5119 3340 5173 dies
3371 5124 3532 5186 agitur
3552 5126 3586 5174 7

2001 5178 2174 5231 martii.
2198 5188 2367 5245 contra
2388 5193 2509 5230 vero
2530 5178 2766 5245 Henricus
2784 5178 3003 5245 Valesius
3016 5182 3282 5245 Maximam,
3305 5178 3585 5235 Donatillam

2000 5256 2065 5306 ac
2080 5242 2369 5306 secundam,
2408 5254 2523 5306 qua}
2540 5241 2665 5304 apud
2686 5242 2963 5306 Tuburbum
2996 5244 3148 5306 etiam
3173 5241 3323 5306 passae
3360 5247 3586 5297 dicuntur

1998 5303 2106 5367 julii
2127 5304 2215 5364 30,
2243 5302 2460 5367 laudatas
2480 5303 2557 5352 hic
2572 5302 2961 5367 fessecontendit
2992 5305 3042 5353 in
3072 5302 3367 5367 Aprai'atione
3391 5307 3451 5358 ad
3472 5316 3585 5358 Acta

2003 5363 2256 5429 i’crpetua:
2282 5372 2332 5416 et
2353 5363 2638 5425 Felicitatis,
2662 5364 2726 5415 de
2744 5377 2839 5428 qua
2859 5377 3006 5427 supra
3026 5363 3259 5416 ad'serm.
3285 5368 3394 5419 280.

2067 5450 2136 5511 (a)
2150 5449 2305 5512 Prodit
2318 5463 2445 5499 nunc
2457 5450 2658 5512 primum
2680 5463 2741 5499 ex
2759 5456 2932 5499 vetere
2955 5455 3035 5498 Ms.
3048 5451 3342 5511 Michaelino,
3356 5467 3453 5512 quo
3468 5455 3517 5502 in
3534 5454 3589 5505 li-

2002 5512 2094 5577 bro
2107 5524 2215 5577 cum
2236 5511 2424 5577 duobus
2445 5511 2523 5561 hic
2545 5512 3194 5577 subsequentibusproxinte
3214 5522 3291 5564 est
3303 5511 3586 5577 collocatus,

2004 5574 2097 5623 sub
2110 5572 2286 5622 eodem
2310 5573 2465 5633 titulo,
2484 5591 2505 5618 α
2517 5581 2586 5622 De
2602 5572 2775 5623 timore
2798 5573 2997 5621 Domini.
3011 5590 3033 5617 ι
3055 5574 3195 5623 Nobis
3215 5584 3379 5625 tamen
3396 5572 3589 5627 videtur

2005 5636 2062 5684 ad
2080 5648 2191 5701 eunt
2230 5636 2389 5697 potius
2410 5636 2657 5697 pertinere
2683 5642 2952 5701 tractatum,
2974 5636 3056 5701 qui
3074 5635 3123 5682 in
3147 5636 3589 5701 Possidiilndiculo,

2006 5709 2113 5760 cap.
2137 5698 2203 5766 8,_
2231 5703 2559 5766 recensetur,
2592 5713 2615 5740 ι
2637 5702 2705 5745 De
2749 5697 3143 5760 peregrinatione

2014 5776 2039 5807 ι
2060 5758 2169 5823 Quae
2192 5760 2239 5809 in
2262 5758 2350 5809 hac
2372 5760 2469 5808 vita
2493 5765 2586 5807 est.
2613 5774 2636 5803 ι

2074 5840 2146 5919 (υ)
2179 5840 2295 5901 Vide
2319 5853 2467 5902 scrin.
2491 5840 2601 5909 506.
2620 5853 2703 5901 an,
2721 5840 2770 5909 6,
2789 5841 2837 5901 7.
