4080 6360
332 322 478 409 esse

312 454 513 512 vallem
543 442 739 516 quippe
769 442 1040 499 humilitas
1064 439 1412 513 significatur.
1452 438 1580 509 Quis
1608 447 1690 496 est
1720 447 1897 493 autem

314 532 574 603 humilis,
604 536 702 590 nisi
731 536 928 592 timens
966 535 1130 589 Deum
1150 574 1164 600 ,
1191 541 1245 588 et
1281 547 1347 587 eo
1390 532 1579 587 timore
1618 540 1902 587 conterens

1661 314 1887 377 SERMO
1924 314 2283 374 CCCXLVIII.

3458 333 3597 391 1526

2014 446 2120 495 tem
2145 439 2389 497 veniatur
2416 440 2467 496 in
2498 439 2585 497 illa
2616 441 3014 500 immortalitate
3054 452 3357 502 sanctorum
3380 488 3395 514 ,
3424 440 3477 504 et
3506 442 3595 504 so-

2009 530 2201 588 cietate
2233 533 2579 605 Angelorum.
2613 534 2754 589 Beati
2780 536 2919 591 enim
2960 538 3045 608 qui
3078 538 3305 593 esuriant
3337 551 3384 593 et
3414 542 3593 598 sitiunt

317 645 415 688 cor
439 632 492 686 in
525 627 776 702 Iacrymis
801 624 1155 684 confessionis
1183 633 1236 681 ct
1264 624 1629 695 ptenitcntizn?
1662 622 1795 689 Quia
1817 628 1905 676 cor
2002 624 2255 707 justitiam
2278 666 2295 693 ,
2322 626 2560 695 quoniam
2584 626 2682 697 ipsi
2709 629 3068 683 saturabuntur
3099 629 3313 701 (Matth.
3338 647 3390 697 ν,
3420 632 3454 688 5
3475 676 3487 699 ,
3513 635 3593 705 6).

316 722 595 777 contritum
615 729 661 775 et
681 720 1000 774 Immiliatum
1021 716 1158 771 Deus
1183 733 1283 770 non
1305 714 1494 789 spernit
1521 710 1688 788 (Psal.
1712 730 1763 779 L,
1790 711 1899 786 19).

318 814 429 870 Sed
460 828 568 870 non
596 813 779 869 timeat
808 828 873 869 ne
895 813 947 867 in
969 810 1209 867 convalle
1230 817 1523 865 remaneat.
1546 808 1602 865 In
1625 808 1741 881 ipso
1761 808 1902 862 enim

318 908 487 962 corde
510 907 742 963 contrito
762 916 817 962 et
843 905 1140 972 bumiliato,
1173 902 1315 975 quod
1348 902 1487 958 Deus
1516 916 1621 956 non
1661 900 1899 971 spernit,

316 1002 666 1056 ascensiones
688 1015 784 1070 per
802 1013 937 1071 quas
957 1001 1008 1053 in
1031 998 1176 1053 illum
1203 1012 1563 1066 assurgamus,
1590 995 1703 1066 ipse
1723 994 1874 1066 dispo
1891 1023 1905 1035 ο

318 1095 446 1146 suit.
481 1091 614 1147 Nam
640 1093 712 1147 ita
738 1092 982 1148 Psalmus
1010 1090 1138 1147 dicit
1162 1109 1175 1146 :
1200 1089 1531 1145 Ascensiones
1552 1089 1602 1143 in
1622 1088 1772 1143 corde
1795 1090 1903 1159 ejus

316 1186 569 1256 disposuit
590 1185 643 1239 in
672 1184 899 1239 convalle
923 1184 1222 1257 plorationis
1243 1225 1256 1247 ,
1286 1182 1337 1236 in
1361 1183 1525 1236 locum
1552 1199 1695 1252 quem
1722 1181 1897 1252 dispo-

314 1286 415 1331 smt
448 1275 620 1347 (Psal.
656 1291 856 1330 Lxxxm
879 1318 892 1341 ,
926 1276 959 1330 6
980 1319 994 1341 ,
1021 1275 1097 1345 7).
1134 1273 1231 1329 Ubi
1263 1274 1395 1327 fiunt
1430 1271 1806 1328 ascensiones?
1836 1269 1903 1325 In

311 1367 466 1419 corde
487 1410 502 1432 ,
533 1368 722 1437 inquit.
758 1365 866 1422 Sed
897 1366 1038 1422 unde
1072 1366 1467 1421 ascendendum
1508 1364 1630 1421 est?
1654 1365 1847 1436 Utique
1872 1380 1901 1420 a

311 1460 559 1515 convalle
606 1460 936 1530 plorationis.
982 1458 1053 1514 Et
1090 1474 1196 1531 quo
1233 1459 1626 1515 ascendendum
1672 1458 1790 1513 est?
1835 1458 1901 1513 In

314 1550 508 1616 locum,
535 1552 723 1625 inquit,
746 1570 893 1623 quem
918 1553 1184 1623 disposuit.
1210 1552 1338 1618 Quis
1364 1552 1465 1608 iste
1487 1560 1569 1608 est
1588 1552 1735 1608 locus
1757 1596 1769 1619 ,
1800 1552 1901 1607 nisi

312 1642 511 1712 quietis
542 1653 595 1698 et
625 1645 808 1714 pacis?
835 1644 908 1699 Ibi
934 1645 1077 1700 enim
1106 1654 1187 1701 est
1213 1644 1304 1698 illa
1333 1644 1473 1699 clara
1496 1684 1512 1711 ,
1546 1651 1599 1699 et
1625 1659 1740 1715 quce
1768 1661 1903 1699 nun-

311 1750 472 1803 quam
506 1737 791 1791 marcescit
816 1737 1094 1807 sapientia.
1124 1736 1277 1793 Unde
1306 1736 1372 1791 ad
1398 1753 1496 1793 nos
1530 1738 1901 1794 exercitandos

311 1828 633 1896 quibusdam
665 1827 922 1883 doctrina:
967 1829 1217 1901 gradibus
1254 1829 1531 1886 descendit
1559 1830 1720 1887 Isaias
1752 1846 1781 1884 a
1813 1846 1899 1885 sa-

314 1923 516 1993 pientia
543 1938 712 1993 usque
740 1922 805 1977 ad
831 1922 1095 1991 timorem,
1128 1938 1157 1977 a
1187 1922 1306 1979 loco
1332 1923 1530 1978 scilicet
1564 1922 1901 1995 sempiterme

312 2015 465 2087 pacis
490 2030 660 2084 usque
689 2014 756 2070 ad
787 2015 1081 2071 convallem
1118 2015 1429 2086 temporalis
1466 2016 1780 2085 plorationis
1807 2034 1818 2068 :
1846 2026 1902 2071 ut

312 2122 417 2162 nos
457 2107 511 2185 in
552 2106 891 2163 confessione
928 2107 1256 2178 ptenitentiae
1294 2106 1560 2174 dolendo,
1602 2106 1898 2177 gemenda,

311 2186 499 2254 flendo
530 2242 544 2266 ,
594 2213 697 2254 non
746 2214 1116 2255 remaneamus
1164 2199 1217 2255 in
1270 2198 1454 2253 dolore
1508 2208 1562 2254 et
1604 2200 1801 2270 gemitu
1848 2210 1902 2256 et

312 2291 481 2358 fletu;
514 2290 610 2348 sed
651 2292 1001 2348 ascendentes
1040 2293 1108 2349 ab
1149 2294 1249 2347 ista
1288 2294 1532 2348 convalle
1570 2294 1623 2349 in
1665 2304 1900 2349 montem

311 2385 669 2456 spiritualem,
686 2386 774 2439 ubi
793 2386 984 2442 civitas
1006 2395 1187 2441 sancta
1208 2385 1504 2441 Jerusalem
1529 2394 1699 2442 mater
1720 2395 1901 2442 nostra

311 2485 516 2531 reterns
536 2475 751 2531 fundata
775 2485 878 2539 est,
900 2476 1320 2546 impcrturhabili
1344 2477 1521 2531 lmtitia
1545 2470 1899 2547 perfruamur.

312 2569 458 2640 Ergo
480 2568 566 2623 ille
586 2583 705 2622 cum
729 2568 1114 2640 praeposuisset
1136 2568 1473 2639 sapientiam,
1500 2566 1677 2624 lumen
1699 2568 1903 2624 scilicet

312 2661 513 2717 mentis
549 2660 891 2728 iudeilcicns,
929 2660 1169 2730 adjunxit
1206 2661 1542 2717 intellectum
1590 2679 1605 2716 :
1654 2672 1901 2733 tanquam

312 2754 677 2827 quaerentibus
716 2753 858 2810 unde
893 2754 959 2809 ad
989 2755 1304 2825 sapientiam
1340 2756 1646 2823 veniretur,
1679 2771 1902 2826 respon-

311 2847 469 2902 deret
496 2890 509 2911 ,
539 2846 621 2902 Ab
648 2847 952 2913 intellectu;
993 2846 1130 2902 unde
1158 2846 1222 2901 ad
1253 2847 1579 2902 intellectum
1603 2892 1618 2915 ,
1648 2850 1691 2902 Α
1722 2848 1900 2902 consi-

312 2938 423 3005 lio;
446 2939 591 2994 unde
617 2939 683 2994 ad
708 2939 1009 3008 consilium,
1041 2941 1084 2994 A
1114 2938 1454 3006 fortitudine;
1488 2940 1627 2994 unde
1653 2940 1717 2993 ad
1751 2938 1903 2993 forti-

312 3034 584 3097 tudinem,
616 3034 657 3089 Λ
694 3033 949 3099 scientia;
982 3033 1122 3089 unde
1151 3033 1218 3089 ad
1251 3032 1527 3090 scientiam
1550 3076 1563 3100 ,
1592 3036 1635 3088 A
1676 3034 1898 3104 pietate;

308 3128 459 3184 unde
495 3129 561 3183 ad
602 3128 883 3199 pietatem,
917 3129 957 3182 Λ
989 3128 1199 3184 timore.
1241 3127 1382 3199 Ergo
1421 3127 1486 3183 ad
1527 3127 1839 3198 sapientiam
1870 3142 1899 3182 a

312 3220 546 3287 timore;
578 3221 697 3291 quia
729 3217 929 3273 initium
955 3217 1219 3289 sapientia:
1258 3220 1406 3272 timor
1430 3218 1654 3273 Domini.
1678 3213 1731 3271 Ἀ
1769 3233 1899 3273 cou-

310 3312 452 3367 valle
478 3312 793 3381 plorationis
824 3326 990 3381 usque
1017 3309 1082 3365 ad
1114 3318 1348 3364 montem
1380 3310 1545 3380 pacis.

385 3404 612 3460 CAPUT
654 3403 738 3459 III.
762 3433 833 3443 —
862 3404 913 3458 5.
946 3400 1147 3457 Gradus
1187 3419 1249 3456 ea:
1284 3399 1425 3455 Isaia
1463 3409 1653 3471 septem
1691 3416 1900 3471 compa-

310 3507 493 3552 rantur
508 3497 577 3550 ad
588 3505 697 3551 octo
724 3497 1052 3551 bealitudines
1074 3494 1430 3566 Evangelii.—
1447 3493 1591 3549 Beati
1607 3495 1746 3550 cnim
1772 3511 1901 3565 pau-

310 3606 457 3661 peres
495 3590 711 3657 spiritu,
754 3589 991 3661 quoniam
1028 3588 1252 3660 ipsorum
1292 3596 1364 3642 est
1408 3604 1616 3659 regnum
1660 3586 1902 3641 caelorum

313 3681 531 3751 (Matth.
556 3698 588 3736 v
608 3725 622 3750 ,
653 3682 727 3753 5).
761 3682 862 3752 Ipsi
892 3692 1014 3737 sunt
1060 3681 1112 3736 in
1154 3680 1396 3736 convalle
1426 3680 1688 3749 humiles,
1718 3681 1816 3751 ipsi
1849 3682 1900 3736 in

310 3782 574 3841 tremore,
590 3789 684 3829 cor
703 3774 991 3829 contritum
1015 3783 1067 3829 et
1090 3773 1421 3828 humiliatum
1444 3771 1744 3827 sacriﬁcant
1764 3772 1898 3826 Deo:

312 3866 458 3921 unde
478 3865 773 3921 ascendunt
802 3866 866 3921 ad
898 3867 1169 3938 pietatem,
1204 3873 1260 3920 ut
1294 3882 1399 3920 non
1434 3865 1684 3920 resistant
1708 3864 1901 3918 volun-

314 3960 411 4013 tati
441 3958 588 4029 ejus,
632 3959 743 4014 sive
778 3959 831 4013 in
868 3958 1206 4013 sermonibus
1242 3957 1358 4027 ejus
1380 3999 1395 4024 ,
1437 3955 1526 4012 ubi
1558 3971 1661 4010 non
1689 3955 1903 4025 capiunt

313 4066 533 4107 sensum
579 4051 726 4119 ejus;
774 4051 886 4107 sive
930 4051 982 4106 in
1030 4050 1217 4107 ordine
1264 4050 1380 4121 ipso
1426 4056 1480 4105 et
1518 4048 1903 4121 gubernatione

312 4152 600 4212 'creaturaz,
626 4159 747 4198 cum
771 4143 1022 4213 pleraque
1046 4144 1200 4198 aliter
1219 4142 1486 4209 accidunt,
1513 4158 1669 4212 quam
1699 4140 1902 4210 privata

313 4236 553 4293 hominis
581 4235 826 4293 voluntas
857 4237 1093 4307 exposcit
1124 4255 1137 4291 :
1167 4236 1237 4293 ibi
1263 4236 1455 4307 quippe
1480 4236 1760 4291 dicendum
1791 4244 1900 4303 est,

323 4327 514 4383 Verum
556 4346 656 4383 non
683 4328 820 4401 quod
864 4346 954 4399 ego
999 4328 1145 4394 volo,
1193 4329 1282 4383 sed
1330 4328 1465 4399 quod
1506 4337 1559 4383 lu
1599 4336 1703 4394 vis,
1746 4327 1904 4397 Rater

319 4410 431 4493 (Id.
458 4436 604 4487 xxvn,
636 4418 749 4492 39).
777 4418 922 4475 Beati
948 4421 1087 4475 enim
1114 4422 1380 4487 mansueti,
1407 4420 1647 4494 quoniam
1676 4421 1773 4494 ipsi
1794 4422 1902 4476 lia:-

314 4512 534 4566 reditate
572 4512 897 4581 possidebunt
934 4521 1119 4566 terram
1150 4511 1169 4585 (
1187 4510 1273 4569 ld.
1305 4528 1339 4567 v
1361 4555 1376 4581 ,
1408 4511 1476 4584 4)
1515 4532 1527 4567 :
1559 4529 1663 4568 non
1702 4504 1903 4569 terram

315 4606 682 4673 morientium,
707 4606 801 4660 sed
831 4615 1024 4661 terram
1051 4605 1117 4661 dc
1144 4622 1245 4677 qua
1271 4606 1471 4662 dictum
1499 4618 1599 4677 est,
1635 4607 1763 4679 Spes
1794 4625 1904 4662 utea

318 4715 370 4754 es
394 4709 468 4767 tu,
499 4700 663 4769 portio
687 4716 797 4752 mea
822 4700 876 4753 in
901 4708 1033 4752 terra
1053 4698 1322 4753 viventium
1353 4697 1521 4771 (Psal.
1552 4715 1698 4766 cxu,
1723 4697 1798 4772 6).
1823 4698 1904 4755 Ab

316 4788 420 4844 ista
458 4789 655 4861 quippe
700 4790 894 4860 pietate
925 4792 1270 4845 merebuntur
1296 4791 1532 4846 scientia:
1560 4792 1780 4864 gradum
1800 4834 1814 4859 ,
1846 4802 1906 4847 ut

317 4881 566 4936 noverint
605 4897 710 4936 non
748 4882 919 4936 solum
962 4883 1097 4937 mala
1141 4884 1529 4953 prmteritorum
1566 4894 1905 4956 peccatorum

320 4987 561 5040 suorum,
590 4972 657 5028 de
678 4973 870 5043 quibus
897 4974 949 5027 in
984 4974 1154 5045 primo
1176 4975 1341 5046 gradu
1373 4976 1699 5047 poenitentia:
1724 4978 1907 5036 dolore

318 5065 617 5133 ﬂeverunt,
643 5066 736 5121 sed
766 5068 927 5122 etiam
956 5066 1008 5123 in
1036 5083 1141 5139 quo
1167 5070 1309 5127 malo
1346 5070 1451 5125 sint
1476 5070 1636 5142 hujus
1663 5074 1906 5131 mortali-

318 5160 445 5214 tatis
470 5168 526 5215 et
548 5160 995 5233 peregrinationis
1024 5177 1053 5216 a
1083 5162 1329 5232 Domino,
1352 5165 1511 5220 etiam
1538 5180 1659 5222 cum
1680 5164 1909 5226 felicitas

321 5251 596 5307 saecularis
617 5250 838 5311 arridet.
857 5251 989 5309 Nam
1016 5252 1137 5310 ideo
1157 5256 1416 5327 scriptum
1447 5268 1549 5325 est,
1573 5260 1672 5328 Qui
1700 5264 1911 5334 apponit

320 5347 619 5413 scientiam,
663 5348 875 5419 apponit
914 5357 960 5402 et
1006 5348 1232 5404 dolorem
1276 5350 1481 5424 (Eccle.
1518 5355 1723 5425 1,18).
1767 5356 1912 5413 Beati

323 5436 465 5492 enim
493 5438 736 5509 lugentes,
766 5438 1003 5511 quoniam
1028 5440 1126 5511 ipsi
1152 5426 1563 5501 consolabuntur.
1586 5446 1714 5505 Inde
1733 5463 1912 5505 assur-

323 5541 456 5602 gunt
488 5530 554 5586 ad
590 5531 992 5599 fortitudinem,
1015 5544 1072 5590 ut
1096 5536 1327 5592 mundus
1352 5538 1429 5593 eis
1455 5539 1825 5615 cruciﬁgatur,
1857 5551 1911 5597 et

324 5624 424 5694 ipsi
463 5624 696 5691 mundo,
738 5633 796 5678 ut
835 5625 890 5680 in
930 5625 1086 5696 hujus
1115 5627 1238 5683 vitae
1273 5630 1622 5698 perversitate
1653 5640 1708 5687 et
1735 5633 1909 5687 abun-

324 5715 505 5772 dantia
531 5716 823 5789 iniquitatis
855 5716 1089 5776 charitas
1117 5732 1223 5775 non
1254 5719 1603 5793 refrigescat;
1641 5725 1737 5779 sed
1772 5726 1912 5783 tole-

324 5816 475 5866 retur
507 5809 674 5869 fames
699 5811 925 5884 sitisque
947 5810 1168 5883 iustitia
1187 5855 1203 5882 ,
1228 5812 1400 5873 donec
1427 5812 1494 5872 ad
1519 5815 1635 5888 ejus
1658 5818 1906 5876 saturita-

2010 715 2387 774 Verumtamen
2425 728 2640 790 propter
2675 721 3091 792 inquietudinem
3126 726 3506 793 tentationum,
3539 737 3593 782 et

2009 808 2151 879 quod
2200 810 2400 887 dicgum
2435 819 2536 878 est,
2566 811 2656 867 Vw
2695 813 2883 868 mundo
2928 813 2990 869 ab
3033 818 3286 871 scandulis
3308 816 3417 889 (Id.
3440 830 3592 885 xvm,

2008 897 2109 971 7);
2136 902 2179 955 si
2219 917 2318 973 qua
2358 902 2494 959 forte
2524 904 2716 960 delicta
2749 907 3044 961 minutatim
3087 890 3383 981 furtimque
3409 913 3595 966 subre-

2010 1000 2174 1063 punt,
2208 994 2396 1063 quibus
2428 994 2654 1049 humana
2689 1008 3088 1069 prceoccupatur
3118 1000 3427 1070 infirmitas,
3463 1018 3593 1057 con-

2009 1083 2182 1136 silium
2217 1084 2406 1140 deessc
2434 1100 2539 1140 non
2571 1086 2749 1142 debet.
2788 1087 2971 1159 Neque
3008 1090 3148 1145 enim
3178 1100 3379 1146 tantum
3421 1104 3596 1162 potest

2009 1166 2062 1231 in
2091 1177 2189 1231 ista
2214 1179 2426 1233 mortali
2458 1179 2561 1233 vita
2585 1180 2671 1236 ille
2699 1179 3019 1237 fortitudinis
3044 1182 3259 1252 gradus,
3283 1184 3449 1253 utqui
3475 1199 3593 1238 eum

2008 1269 2335 1323 astutissime
2366 1270 2675 1326 adversario
2702 1274 2951 1327 continua
2988 1274 3280 1328 certatione
3321 1274 3555 1341 confligit
3580 1315 3593 1337 ,

2006 1366 2112 1415 non
2152 1362 2434 1434 aliquando
2469 1361 2690 1419 feriatur
2722 1382 2735 1417 :
2767 1365 2995 1420 maxime
3024 1380 3120 1436 per
3148 1365 3469 1419 tentationcs
3490 1366 3593 1418 lin~

2006 1471 2123 1526 gum
2143 1499 2156 1523 ,
2188 1456 2278 1511 ubi
2305 1458 2347 1511 si
2387 1458 2569 1512 dixerit
2602 1459 2711 1530 quis
2739 1458 2886 1529 fratri
2926 1475 3018 1513 suo
3039 1500 3053 1523 ,
3101 1458 3303 1524 Fatue;
3349 1474 3464 1512 reus
3502 1458 3594 1512 erit

2005 1548 2245 1619 gehennae
2270 1549 2417 1621 ignis.
2450 1547 2560 1619 (Id.
2594 1565 2647 1616 v,
2682 1548 2793 1621 22).
2823 1548 2976 1619 Quod
3003 1557 3085 1603 est
3114 1564 3243 1621 ergo
3271 1550 3549 1604 consilium
3574 1591 3589 1615 ,

2008 1640 2107 1694 nisi
2138 1640 2277 1711 quod
2306 1641 2558 1696 Dominus
2579 1640 2739 1707 dicit,
2766 1639 3015 1694 Dimittite
3036 1682 3051 1709 ,
3082 1649 3127 1694 et
3152 1639 3429 1694 dimittetur
3450 1640 3587 1693 vobis

2008 1732 2157 1804 (Luc.
2199 1750 2282 1798 vi,
2330 1734 2463 1805 57)?
2513 1732 2581 1787 Et
2621 1732 2741 1788 ideo
2778 1734 2914 1787 sicut
2953 1733 3004 1786 in
3043 1732 3296 1802 gradibus
3325 1746 3459 1802 quos
3500 1747 3594 1803 per

2005 1824 2194 1881 Isaiam
2220 1823 2494 1890 discimus,
2519 1824 2759 1895 quintum
2791 1833 2873 1879 est
2896 1824 3209 1891 consilium;
3232 1824 3311 1880 sic
3335 1824 3385 1877 in
3409 1818 3590 1877 Evan-

2006 1916 2143 1987 gelio
2167 1916 2219 1970 in
2243 1915 2348 1969 illis
2372 1914 2713 1970 beatitudinis
2738 1915 2979 1970 laudibus
3001 1916 3184 1986 quinto
3211 1916 3329 1970 loco
3353 1915 3588 1986 ponitur,

2004 2005 2151 2061 Beati
2180 1992 2525 2060 misericordes
2546 2049 2558 2071 ,
2590 2006 2829 2079 quoniam
2855 2007 2952 2076 ipsi
2975 2007 3375 2061 misericordiam
3415 1990 3591 2061 conse-

2005 2107 2236 2170 quentur.
2279 2096 2470 2152 Sextus
2504 2106 2586 2151 est
2621 2096 2759 2168 apud
2795 2095 2982 2151 Isaiam
3024 2097 3323 2153 intellectus
3352 2115 3367 2153 :
3394 2097 3482 2151 ubi
3521 2099 3593 2154 ab

2005 2189 2149 2243 omni
2174 2188 2403 2242 falsitate
2431 2187 2657 2243 carnalis
2689 2187 2935 2241 vanitatis
2956 2186 3116 2241 corda
3154 2185 3495 2253 mundantur,
3532 2196 3593 2242 ut

2006 2296 2137 2353 pura
2166 2281 2389 2336 intentio
2411 2279 2667 2351 dirigatur
2694 2280 2744 2333 in
2775 2281 2955 2334 linem.
2982 2280 3271 2351 Pmpterea
3299 2289 3449 2335 sexto
3472 2281 3592 2336 loco

2006 2374 2163 2429 etiam
2191 2374 2443 2428 Dominus
2474 2373 2625 2440 dixit,
2653 2371 2798 2427 Beati
2828 2371 3015 2426 mundo
3041 2373 3207 2439 corde,
3232 2375 3467 2442 quoniam
3491 2373 3591 2443 ipsi

2007 2467 2173 2523 Deum
2199 2466 2433 2522 videbunt
2466 2467 2678 2539 (Matth.
2710 2483 2742 2519 v
2761 2508 2775 2534 ,
2804 2467 2834 2520 7
2857 2509 2872 2533 ,
2910 2466 2991 2537 8).
3021 2465 3154 2522 Cum
3180 2482 3308 2523 vero
3335 2467 3401 2522 ad
3428 2467 3591 2524 ﬁnem
3656 2452 3671 2463 “

2006 2550 2318 2632 perventum
2347 2558 2523 2625 fuerit,
2548 2560 2657 2629 jam
2688 2558 2999 2613 consistitur
3019 2600 3032 2624 ,
3057 2559 3165 2629 jam
3206 2559 3589 2632 requiescitur,

2000 2652 2111 2723 jam
2141 2667 2325 2707 secura
2354 2667 2483 2721 pace
2512 2650 2884 2721 triumphatur.
2912 2649 2979 2705 Et
2999 2652 3117 2722 quis
3144 2651 3283 2716 finis,
3314 2651 3413 2707 nisi
3446 2651 3590 2707 Deus

2005 2738 2287 2798 Christus?
2315 2739 2461 2795 Finis
2490 2740 2631 2795 enim
2655 2741 2775 2811 legis
2804 2740 3054 2803 Christus,
3081 2742 3149 2793 ad
3173 2743 3426 2813 justitiam
3453 2742 3592 2796 omni

2006 2833 2224 2887 credenti
2248 2830 2420 2905 (Rom.
2446 2847 2505 2899 ι,
2537 2831 2615 2902 4).
2643 2831 2708 2885 Ει
2734 2831 2992 2901 sapientia
3022 2830 3114 2885 Dei
3137 2832 3276 2899 quis,
3304 2831 3402 2886 nisi
3434 2831 3591 2909 Chri-

2006 2922 2156 3001 stus?
2192 2926 2256 2981 Et
2295 2926 2435 2980 ﬁlius
2472 2925 2565 2980 Dei
2604 2925 2758 2996 quis,
2787 2926 2888 2980 nisi
2919 2923 3202 2980 Christus?
3246 2925 3299 2981 In
3336 2926 3425 2981 illo
3464 2942 3592 3001 ergo

2006 3021 2294 3089 sapientes,
2327 3028 2381 3073 et
2410 3018 2461 3072 in
2494 3017 2587 3072 illo
2621 3016 2712 3072 filii
2744 3016 2835 3072 Dei
2864 3015 3028 3083 fiunt,
3059 3004 3379 3088 quicumque
3411 3017 3540 3072 fiunt
3573 3036 3589 3073 :

2006 3119 2058 3167 et
2089 3111 2201 3167 hare
2229 3120 2310 3168 est
2335 3126 2435 3182 pax
2463 3110 2617 3182 plena
2649 3118 2808 3181 atque
2837 3097 3114 3181 perpetua.
3146 3108 3269 3164 Ideo
3303 3125 3423 3165 cum
3450 3111 3592 3181 apud

2004 3202 2195 3265 Isaiam
2224 3204 2293 3259 sit
2320 3204 2543 3274 septima
2566 3202 2827 3274 sapientia
2849 3218 3058 3257 sursum
3085 3217 3272 3258 versus
3299 3201 3595 3257 ascenden-

2005 3296 2147 3351 tibus
2168 3336 2181 3359 ,
2214 3294 2352 3349 unde
2381 3294 2543 3364 coepit
2575 3295 2687 3364 ipse
2724 3294 2789 3348 ad
2823 3292 2921 3348 nos
2955 3293 3197 3373 docendo
3233 3292 3589 3358 descendere;

2007 3388 2238 3458 septimo
2267 3388 2425 3441 etiam
2460 3387 2576 3441 loco
2608 3385 2867 3441 Dominus
2895 3387 2982 3456 qui
3026 3378 3122 3440 nos
3154 3385 3346 3455 erigit,
3379 3386 3590 3457 posuit,

2005 3476 2150 3547 Beati
2172 3470 2656 3550 paciﬁci,iquo‘niam
2682 3478 2777 3549 [itii
2810 3476 2904 3531 Dei
2932 3480 3260 3531 vocabuntur.
3295 3477 3402 3531 lIas
3433 3477 3592 3547 igitur

2006 3571 2389 3642 promissiones
2416 3569 2704 3634 habentes,
2738 3578 2792 3624 et
2822 3566 2904 3622 his
2932 3566 3185 3639 gradibus
3214 3568 3494 3624 tendentes
3525 3568 3591 3623 ad

2006 3662 2285 3719 Dominum
2307 3704 2323 3729 ,
2350 3660 2527 3716 omnia
2568 3660 2751 3715 mundi
2798 3659 2951 3731 hujus
2991 3674 3178 3730 aspera
3213 3668 3262 3714 et
3294 3659 3424 3714 dura
3458 3646 3593 3714 tole-

2007 3769 2221 3821 remus,
2265 3768 2363 3808 nec
2404 3769 2502 3807 nos
2540 3753 2656 3823 ejus
2706 3751 2911 3822 frangat
2948 3752 3184 3817 saevitia,
3214 3766 3315 3822 qua
3356 3750 3493 3805 victa
3539 3751 3591 3805 in

2008 3857 2206 3903 {eterna
2234 3862 2363 3917 pace
2394 3846 2760 3918 gaudebimus.
2798 3846 2874 3900 Ad
2917 3846 3021 3901 hoc
3060 3860 3156 3900 nos
3192 3845 3333 3899 enim
3360 3845 3469 3914 jam
3496 3830 3595 3899 tle-

2007 3946 2306 3994 monstrato
2339 3938 2441 3993 fine
2468 3937 2782 3992 cohortatur
2807 3946 2992 3992 octava
3020 3938 3301 4005 sententia,
3336 3935 3481 3990 Beati
3509 3936 3596 4008 qui

2009 4030 2399 4102 persecutionem
2453 4030 2716 4099 patiuntur
2771 4037 2974 4099 propter
3022 4018 3307 4094 iustitiam,
3357 4016 3594 4100 quoniam

2009 4124 2237 4193 ipsorum
2265 4130 2336 4176 est
2365 4138 2573 4193 regnum
2602 4122 2841 4175 ca'lorum
2871 4119 3081 4190 (Matth.
3116 4137 3165 4187 v,
3198 4119 3251 4188 9,
3287 4120 3395 4195 10).
3500 4106 3501 4111 “
3558 4118 3563 4123 ’

2160 4206 2163 4209 ’
2409 4212 2637 4279 ssnno
2674 4210 3007 4268 CCCXLVIII
3034 4216 3050 4236 ·
3076 4212 3178 4283 (a).
3298 4200 3301 4205 '

2513 4305 2590 4360 De
2618 4307 2793 4360 timore
2816 4306 2932 4373 Dei,
2963 4324 2997 4363 ιι
3028 4307 3123 4381 (b).

2087 4396 2313 4455 CAPUT
2352 4396 2635 4461 PRIMUM.
2666 4429 2738 4439 —
2764 4400 2815 4454 I.
2845 4380 3057 4455 Timore
3086 4399 3184 4455 Dei
3212 4400 3452 4473 fortitudo
3482 4418 3597 4467 vera

2008 4500 2348 4562 comparatur.
2395 4489 2566 4546 Timor
2612 4492 2856 4546 charitate
2904 4493 3164 4569 pellendus
3219 4511 3319 4550 non
3358 4496 3592 4555 vanitate.

2008 4585 2124 4642 Non
2167 4583 2371 4651 dubito,
2417 4583 2749 4638 dilectissimi
2800 4582 3010 4649 fratres,
3056 4570 3422 4663 insitum-csse
3473 4598 3596 4663 cor-

2009 4678 2164 4733 dibus
2213 4676 2405 4731 vestris
2458 4676 2701 4731 timorem
2759 4676 2870 4739 Dei,
2908 4692 3012 4747 quo
3063 4677 3129 4732 ad
3165 4694 3345 4759 verum
3378 4688 3431 4735 ct
3460 4666 3593 4741 Soli-

2011 4771 2133 4828 dam
2161 4768 2528 4825 fortitudinem
2556 4767 2939 4840 perducamini.
2973 4770 3106 4833 Cum
3137 4770 3280 4825 enim
3320 4771 3474 4847 fortis
3505 4760 3595 4845 ille

2012 4865 2240 4929 dicatur,
2267 4862 2356 4934 qui
2388 4862 2656 4921 neminem
2686 4863 2866 4929 timet;
2901 4879 3152 4937 perverse
3185 4864 3336 4921 fortis
3365 4876 3478 4934 est,
3511 4871 3597 4942 qui

2014 4958 2190 5030 primo
2220 4957 2386 5011 Deum
2416 4970 2522 5011 non
2545 4956 2659 5011 vult
2688 4957 2895 5024 timere,
2924 4966 2983 5012 ut
3013 4958 3250 5015 timendo
3278 4959 3472 5029 audiat,
3500 4977 3599 5035 au-

2014 5048 2211 5106 diendo
2246 5047 2467 5118 diligat,
2512 5056 2567 5103 et
2606 5047 2878 5119 diligendo
2921 5066 3029 5106 non
3072 5052 3275 5108 timeat.
3306 5052 3457 5109 Tunc
3497 5054 3603 5111 erit

2016 5156 2144 5198 vere
2172 5138 2514 5206 fortissimus,
2540 5155 2648 5197 non
2676 5142 2908 5213 superba
2935 5142 3148 5212 duritia,
3178 5144 3273 5200 sed
3306 5158 3492 5202 secura
3519 5146 3606 5218 ju-

2080 5275 2097 5295 '
2115 5273 2404 5348 emendatus
2424 5273 2482 5347 ad
2508 5275 2708 5348 eosdem
2728 5283 2838 5329 Mss.
2868 5284 2922 5330 et
2952 5278 3065 5330 Edd.
3088 5280 3139 5332 in
3159 5292 3387 5334 sermone
3416 5292 3602 5347 praece-

2015 5335 2153 5388 denti
2174 5336 2315 5387 modo
2334 5335 2630 5399 designatos.
3416 5335 3432 5347 '
3564 5374 3567 5379 ι

2080 5398 2153 5524 iiii
2178 5397 2803 5515 Fimmfﬁ‘i;
2841 5466 2934 5515 sed
2971 5466 3038 5517 hu

2419 5522 2431 5524 -
2528 5522 2538 5524 _
2700 5502 2711 5514 ο
2809 5500 2822 5514 υ
3040 5480 3100 5519 uc
3120 5481 3398 5521 sermonem
3414 5507 3428 5524 ι
3454 5481 3567 5524 anet

2104 5458 2152 5524 ὁ)
2185 5462 2303 5533 citat
2324 5460 2488 5533 tflorus
2507 5458 2568 5533 a_d
2582 5471 2711 5533 nom.
2754 5476 2822 5515 xi.
2838 5466 2934 5533 _s_e_d
2971 5466 3100 5519 hunc
3120 5481 3428 5531 sermonem,
3454 5481 3607 5533 quem

2020 5522 2315 5585 Augustinus
2334 5523 2384 5572 in
2406 5522 2505 5575 ﬁne
2528 5522 2798 5590 longiorem
2821 5527 2961 5589 dicit,
3000 5534 3247 5581 uesdmus
3267 5545 3329 5581 an
3358 5522 3606 5594 integrum

2019 5583 2099 5632 hic
2115 5585 2313 5632 habeas.
2332 5591 2475 5632 Certe
2493 5587 2644 5632 multo
2668 5590 2862 5632 brevior
2889 5599 2994 5632 erat
3014 5594 3063 5632 in
3090 5596 3222 5632 swine
3247 5594 3405 5632 miitig-
3430 5595 3475 5632 in
3499 5596 3606 5632 nni.

2055 5585 2099 5633 ie
2115 5585 2313 5657 habeas.
2332 5591 2475 5657 Certe
2493 5585 2644 5657 multo
2667 5590 2862 5639 brevior
2889 5585 2994 5657 erat
3014 5594 3065 5643 in
3090 5596 3222 5657 prius
3247 5594 3409 5657 editis,
3430 5585 3607 5657 in'qui-

2021 5645 2113 5719 bus
2137 5647 2182 5694 id
2229 5653 2381 5719 totum
2404 5647 2741 5719 desideratur,
2785 5652 3061 5719 quod__ante
3086 5645 3229 5719 caput
3266 5645 3463 5705 tertium
3483 5692 3497 5717 ,
3516 5645 3606 5707 ἀι)

2021 5709 2137 5779 istis
2150 5709 2332 5779 verbis,
2362 5726 2388 5755 ι
2408 5717 2703 5779 quapropter
2725 5709 2954 5779 irridendi
2977 5724 3109 5777 sunt,
3131 5709 3157 5763 ii
3188 5724 3307 5778 etc.,
3333 5731 3381 5768 η.
3407 5720 3469 5779 5,
3486 5709 3608 5769 ἐου-

2021 5774 2244 5883 Ligarii-)2)
2268 5778 2362 5822 Hoc
2401 5785 2492 5822 nos
2534 5774 2810 5825 rcStitutum
2856 5777 2981 5828 imus
3021 5774 3104 5829 ex’
3131 5774 3303 5832 veteri'
3324 5774 3492 5833 codice
3522 5787 3606 5837 11-

2844 5940 2882 5951 ω
