4046 6360
524 350 663 410 11527

523 466 688 524 stitia.
708 465 796 524 Sic
807 465 967 523 etiam
979 465 1227 535 scriptum
1241 471 1344 531 est,
1364 462 1539 519 Timor
1555 464 1781 530 Domini,
1809 482 1923 536 spes
1948 465 2099 535 forti-

529 558 720 613 tudinis
736 556 918 627 (Prov.
939 571 1055 619 xiv,
1071 553 1184 627 26).
1201 553 1333 611 Cum
1354 556 1496 610 enim
1523 556 1739 612 timetur
1759 572 1913 626 paena
1938 573 2098 629 quam

527 630 781 715 minatur,
807 647 1026 703 discitur
1048 648 1215 702 amari
1239 647 1517 717 prtemium
1537 648 1677 718 quod
1705 649 2015 718 pollicetur:
2037 662 2102 704 ac

526 740 609 797 sic
645 754 739 809 per
762 739 1005 792 timorem
1038 752 1213 808 pmnze
1248 738 1387 793 bona
1425 738 1531 792 vita
1562 738 1850 805 retinetur;
1882 754 1977 810 per
2001 739 2101 794 bo-

525 844 649 885 nam
679 828 839 882 vitam
866 827 1005 883 bona
1029 828 1352 883 conscientia
1386 838 1746 899 comparatur,
1782 838 1842 884 ut
1882 846 1977 900 per
2006 830 2104 885 bo-

522 934 649 975 nam
680 918 1059 973 conscientiam
1100 918 1245 974 nulla
1290 933 1445 988 poena
1476 921 1740 975 timeatur.
1769 919 2103 992 Quapropter

521 1010 694 1067 discat
719 1010 929 1077 timere,
959 1010 1050 1082 qui
1078 1025 1183 1066 non
1207 1012 1319 1066 vult
1347 1012 1553 1067 timere.
1594 1012 1770 1068 Discat
1795 1013 1863 1068 ad
1893 1022 2103 1086 tempus

527 1117 643 1158 esse
669 1102 948 1171 sollicitus,
970 1104 1059 1173 qui
1082 1119 1293 1174 semper
1317 1106 1429 1160 vult
1452 1120 1573 1161 esse
1594 1121 1832 1163 securus.
1865 1106 1934 1163 Ut
1957 1108 2101 1164 enim

523 1192 653 1247 dicit
676 1192 928 1259 Joannes,
969 1192 1145 1248 Timor
1184 1211 1285 1248 non
1310 1195 1457 1250 estin
1483 1196 1746 1263 charitate,
1770 1198 1856 1251 sed
1882 1202 2103 1270 perfecta

523 1284 743 1336 cliaritas
786 1283 923 1353 [oras
952 1284 1100 1337 mittit
1126 1284 1349 1339 timorem
1379 1285 1437 1356 (Ι
1474 1285 1630 1340 Joan.
1677 1303 1750 1354 iv,
1797 1288 1864 1343 18
1888 1289 1925 1356 ).
1964 1290 2104 1345 Dixit

522 1390 672 1440 sane,
701 1384 756 1429 et
779 1376 1037 1431 veraciter
1065 1376 1219 1430 dixit.
1249 1376 1306 1431 Si
1334 1392 1463 1447 ergo
1482 1376 1679 1435 habere
1707 1394 1811 1434 non
1841 1380 1922 1435 vis
1950 1381 2104 1436 timo-

521 1479 657 1526 rem,
689 1464 837 1535 prius
865 1465 981 1521 vide
1021 1474 1195 1521 utrum
1219 1467 1332 1537 jam
1369 1470 1657 1539 perfectam
1688 1470 1887 1526 habeas
1924 1472 2102 1529 chari-

522 1562 710 1619 tatem,
737 1570 855 1624 qua:
882 1554 1023 1610 foras
1049 1557 1212 1611 mitlit
1239 1558 1505 1615 timorem.
1546 1560 1600 1616 Si
1630 1576 1755 1616 vero
1794 1572 1918 1618 ante
1947 1564 2101 1619 istam

526 1643 911 1713 perfectionem
958 1646 1117 1701 timor
1158 1647 1473 1717 excluditur,
1506 1651 1753 1721 superbia
1798 1652 1963 1718 inllat,
1994 1669 2101 1710 non

525 1735 757 1791 charitas
783 1736 1029 1791 aedificat.
1068 1737 1201 1794 Nam
1246 1738 1387 1794 sicut
1426 1740 1477 1794 in
1514 1740 1651 1796 bona
1681 1742 1982 1800 valetudine
2021 1745 2103 1799 fa-

522 1844 640 1885 mes
669 1844 772 1885 non
801 1829 1030 1896 fastidio,
1050 1830 1143 1886 sed
1169 1830 1289 1886 cibo
1314 1831 1553 1900 pellitur;
1580 1836 1651 1888 ita
1678 1834 1731 1889 in
1760 1834 1898 1890 bona
1923 1845 2103 1894 mente

522 1918 685 1974 timor
709 1936 816 1975 non
845 1921 1097 1987 vanitate,
1129 1921 1225 1977 sed
1253 1920 1513 1977 cbaritate
1537 1923 1815 1991 pellendus
1839 1935 1941 1980 est.

592 2010 815 2067 CAPUT
857 2010 921 2067 Il.
946 2042 1018 2053 —-
1044 2012 1100 2067 2.
1132 2011 1336 2068 Timore
1358 2030 1547 2082 carere,
1570 2032 1670 2088 qua
1694 2017 1960 2071 dilectione
1981 2034 2103 2073 con-

521 2102 702 2173 tingat,
718 2102 1102 2158 discutiendum.
1119 2105 1330 2162 Discute
1348 2106 1524 2176 itaque
1542 2108 1916 2162 conscientiam
1935 2117 2096 2176 tuam,

522 2194 764 2265 quisquis
793 2197 982 2252 timere
1006 2197 1118 2269 jam
1148 2214 1254 2253 non
1292 2199 1392 2254 vis.
1423 2198 1538 2253 Noli
1581 2200 1916 2269 superficiem
1956 2215 2102 2255 com-

442 2304 445 2305 ν
520 2284 761 2354 palpare,
792 2286 1055 2343 descende
1080 2287 1133 2342 in
1163 2298 1233 2354 te,
1262 2298 1484 2361 penetro
1515 2289 1769 2345 interiora
1796 2291 1972 2346 cordis
2003 2292 2097 2347 tui.

522 2376 740 2433 Rimare
769 2378 1067 2449 diligenter,
1108 2391 1285 2435 utrum
1329 2381 1471 2435 nulla
1497 2382 1567 2436 ibi
1592 2398 1724 2437 vena
1747 2393 1999 2438 venenata
2023 2393 2102 2439 ta-

522 2466 741 2523 bificum
770 2484 1007 2524 amorem
1036 2471 1215 2526 saeculi
1241 2480 1393 2543 sugat
1416 2481 1470 2527 et
1496 2474 1731 2540 sorbeat,
1752 2482 1927 2529 utrum
1954 2474 2098 2531 nulla

517 2560 748 2615 carnalis
790 2562 1078 2632 voluptatis
1127 2562 1391 2619 movearis
1436 2572 1490 2619 et
1530 2564 1757 2633 capiaris
1804 2565 2093 2634 illccebra,

520 2647 662 2705 nulla
690 2650 832 2705 inani
867 2651 1120 2722 jactantia
1170 2654 1403 2709 tumidus
1448 2656 1739 2722 extollaris,
1784 2657 1928 2711 nulla
1970 2673 2098 2715 cura

520 2744 771 2800 vanitatis
797 2754 1061 2803 exzrstues
1087 2766 1100 2803 :
1131 2746 1329 2802 audeas
1358 2747 1603 2803 nuntiare
1631 2764 1821 2819 purum
1851 2764 1913 2804 ac
1937 2750 2095 2821 liqui-

516 2835 646 2892 dum
688 2847 737 2893 te
770 2838 951 2895 videre
974 2881 991 2908 ,
1029 2839 1285 2911 quidquid
1314 2840 1634 2896 latebrarum
1679 2842 1731 2895 in
1771 2841 2096 2897 conscientia

523 2930 894 2999 pcrscrutaris,
923 2946 952 2985 a
969 2931 1139 2996 factis,
1159 2947 1188 2985 a
1205 2932 1382 3000 dictis,
1399 2948 1429 2986 a
1449 2933 1854 2999 cogitationibus
1881 2935 2091 3004 pravis;

512 3021 558 3075 si
584 3021 696 3091 jam
722 3021 1009 3093 iniquitatis
1038 3023 1308 3094 diligentia
1338 3038 1443 3079 non
1476 3021 1690 3093 fatigat,
1730 3033 1904 3079 utrum
1931 3025 2096 3097 arqui-

513 3113 638 3168 tatis
664 3114 978 3185 negligentia
1006 3114 1151 3170 nulla
1177 3114 1448 3185 subrepat.
1470 3114 1525 3170 Si
1553 3114 1668 3169 haec
1687 3113 1760 3169 ita
1783 3122 1925 3182 sunt,
1948 3124 2094 3172 recte

513 3203 732 3274 gaudes,
766 3205 935 3274 gaude
960 3220 1083 3262 esse
1113 3214 1163 3262 te
1191 3205 1307 3262 sine
1339 3206 1549 3261 timore.
1577 3205 1876 3262 Excluserit
1912 3216 2092 3262 autem

508 3307 633 3349 eum
678 3293 910 3349 Charitas
937 3294 1056 3361 Dei,
1098 3310 1256 3365 quem
1292 3294 1466 3365 diligis
1499 3310 1565 3350 ex
1592 3303 1702 3350 toto
1728 3294 1913 3363 corde,
1942 3304 1997 3352 et
2024 3310 2091 3352 ex

508 3390 618 3438 tota
646 3385 843 3453 anima,
871 3393 927 3441 et
950 3400 1015 3441 ex
1044 3395 1151 3442 tota
1192 3394 1370 3441 mente
1398 3394 1507 3441 tua.
1553 3386 1855 3444 Excluserit
1881 3403 2007 3444 eum
2034 3398 2090 3446 et

508 3473 741 3532 cbaritas
772 3477 1017 3547 proximi,
1045 3494 1201 3549 quem
1228 3478 1402 3550 diligis
1432 3487 1680 3550 tanquam
1710 3488 1763 3535 te
1791 3480 1963 3551 ipsum
1990 3499 2004 3537 :
2036 3492 2091 3539 et

506 3564 632 3621 ideo
661 3582 758 3639 pro
797 3568 890 3623 illo
931 3571 1144 3641 satagis,
1178 3578 1237 3626 ut
1282 3572 1440 3626 etiam
1486 3572 1599 3642 ipse
1645 3581 1819 3629 tecum
1863 3589 1931 3631 ex
1976 3583 2089 3633 toto

504 3657 686 3723 corde,
714 3672 781 3713 ex
808 3667 917 3713 tota
944 3660 1149 3728 anima,
1183 3676 1248 3716 ex
1287 3670 1394 3717 tota
1439 3672 1618 3718 mente
1656 3662 1839 3735 diligat
1884 3665 2083 3733 Deum;

503 3748 628 3820 quia
659 3765 762 3804 non
793 3750 948 3805 aliter
979 3763 1124 3808 recte
1160 3753 1334 3825 diligis
1375 3762 1428 3809 et
1473 3763 1527 3811 te
1572 3755 1766 3825 ipsum,
1814 3758 1914 3813 nisi
1961 3761 2085 3830 quia

500 3842 582 3897 sic
607 3841 782 3913 diligis
804 3842 991 3910 Deum,
1019 3852 1076 3898 ut
1096 3859 1200 3899 non
1226 3856 1505 3914 propterea
1532 3847 1707 3902 minus
1729 3862 1849 3902 eum
1872 3848 2081 3921 diligas,

502 3934 627 4004 quia
652 3936 982 3991 converteris
1010 3937 1096 3991 vel
1123 3935 1190 3991 ad
1223 3945 1273 3990 te
1299 3937 1492 4006 ipsum.
1538 3937 1595 3994 Si
1622 3948 1798 3995 autem
1842 3943 2083 4010 quamvis

504 4024 643 4080 intra
676 4034 727 4081 te
753 4026 924 4096 ipsum
954 4028 1097 4083 nulla
1124 4028 1348 4084 irritaris
1398 4030 1684 4100 cupiditate
1709 4033 1725 4063 ί
1755 4034 1938 4104 (quod
1962 4036 2082 4107 qui-

498 4116 622 4174 dem
647 4116 713 4172 de
737 4133 796 4174 se
824 4119 942 4189 quis
970 4119 1163 4175 audeat
1186 4120 1435 4191 gloriari?
1459 4121 1499 4193 ),
1530 4131 1707 4178 tamen
1724 4122 1769 4178 si
1809 4132 1861 4179 te
1906 4124 2080 4195 ipsum

500 4208 554 4265 in
587 4217 637 4266 te
666 4210 781 4280 ipso
806 4209 1004 4283 diligis,
1035 4220 1091 4267 et
1118 4211 1185 4267 de
1207 4221 1258 4267 te
1285 4212 1400 4284 ipso
1426 4212 1520 4268 tibi
1547 4214 1746 4285 places,
1776 4213 1878 4271 hoc
1903 4217 2076 4287 ipsum

496 4298 867 4356 vehementius
910 4301 1097 4357 timere
1147 4301 1345 4370 debes,
1391 4303 1513 4373 quia
1557 4303 1687 4359 nihil
1734 4304 1909 4361 times.
1960 4307 2074 4364 Non

497 4390 639 4447 enim
668 4406 1001 4462 quacumque
1041 4391 1326 4448 dilectione
1368 4392 1509 4448 foras
1554 4394 1845 4451 mittendus
1886 4404 1970 4453 est
2013 4399 2080 4452 ti-

493 4495 634 4545 mor,
662 4480 754 4536 sed
780 4488 925 4537 recta
954 4480 1236 4536 dilectione
1270 4496 1372 4553 qua
1403 4489 1509 4536 tota
1531 4482 1552 4514 ²
1583 4482 1847 4552 diligimus
1887 4484 2077 4555 Deum,

495 4582 552 4628 et
579 4582 858 4643 propterea
887 4574 1207 4644 proximum,
1235 4583 1294 4627 ut
1322 4574 1400 4629 sic
1429 4583 1482 4628 et
1512 4574 1624 4643 ipse
1664 4575 1847 4645 diligat
1886 4576 2073 4633 Deum.

494 4662 567 4721 Se
597 4675 771 4720 autem
804 4664 857 4718 in
886 4678 945 4719 se
972 4663 1216 4734 diligere,
1246 4672 1300 4719 et
1328 4662 1428 4719 sibi
1468 4663 1701 4734 placere,
1731 4680 1837 4720 non
1867 4675 1948 4720 est
1981 4666 2072 4736 ju-

494 4754 653 4810 stitia:
677 4753 927 4818 charitas,
950 4754 1044 4809 sed
1068 4753 1336 4822 superbia:
1360 4754 1589 4809 vanitas.
1604 4756 1682 4810 Ac
1703 4771 1797 4826 per
1816 4755 1918 4812 hoc
1939 4758 2075 4828 Apo-

493 4847 662 4902 stolus
686 4846 829 4917 justa
856 4845 1272 4915 reprehensione
1297 4847 1559 4916 percussit
1582 4862 1640 4900 se
1666 4847 1810 4917 ipsos
1834 4859 2072 4907 amantes

488 4946 547 4995 et
569 4938 668 4994 sibi
693 4938 959 5007 placentes
980 4934 999 5008 (
1020 4936 1061 4991 ll
1091 4936 1217 4992 Tim.
1247 4952 1327 5004 Ill,
1360 4936 1501 5007 1-5).
1527 4937 1762 5009 Perfecta
1785 4954 1914 5011 ergo
1943 4941 2069 4996 cha-

489 5030 615 5084 ritas
637 5032 774 5098 foras
794 5027 945 5082 mittit
971 5027 1217 5080 timorem.
1244 5026 1352 5083 Sed
1375 5042 1438 5083 ea
1462 5026 1683 5083 dicenda
1709 5038 1789 5084 est
1814 5029 2065 5102 charitas,

490 5135 611 5189 qua:
635 5134 741 5173 non
779 5128 862 5175 est
885 5118 1081 5175 vilitas.
1106 5117 1246 5187 Quid
1283 5126 1461 5174 autem
1506 5120 1665 5175 vilius
1706 5137 1863 5192 quam
1908 5123 2068 5181 homo

490 5210 606 5265 sine
633 5209 777 5264 Deo?
805 5209 945 5265 Ecce
969 5208 1095 5279 quid
1118 5217 1282 5276 amat,
1313 5209 1405 5280 qui
1432 5224 1491 5265 se
1520 5210 1691 5281 ipsum
1718 5227 1822 5267 non
1852 5214 1905 5268 in
1934 5215 2065 5283 Deo,

488 5300 583 5356 sed
613 5298 665 5353 in
692 5314 750 5353 se
779 5299 894 5369 ipso
919 5308 1081 5353 amat.
1122 5300 1287 5355 Recte
1330 5300 1455 5355 huic
1490 5299 1703 5367 dicitur,
1746 5301 1872 5358 Noli
1908 5306 2068 5362 altum

488 5406 681 5461 sapere,
712 5388 800 5445 sed
825 5389 943 5443 time
966 5387 1141 5462 (Rom.
1168 5404 1245 5455 xi,
1285 5388 1356 5445 20
1379 5387 1423 5463 ).
1450 5389 1581 5458 Quia
1611 5391 1751 5447 enim
1781 5393 1948 5449 altum
1975 5410 2060 5452 sa-

489 5485 586 5553 pit,
612 5493 667 5539 et
693 5483 813 5539 ideo
842 5498 946 5537 non
975 5483 1156 5547 timet,
1185 5483 1367 5552 utique
1406 5484 1706 5552 perniciose
1746 5501 1853 5542 non
1893 5487 2062 5558 timet,

489 5575 578 5645 qui
604 5589 711 5628 non
739 5574 789 5628 in
812 5572 983 5628 solido
1008 5572 1316 5638 collocatur,
1341 5573 1434 5629 sed
1461 5573 1586 5629 flatu
1607 5576 1870 5647 superbia:
1890 5580 2064 5638 venti-

553 5686 569 5715 ¹
593 5682 896 5734 διίεῑιθθιίηιιε
923 5688 1005 5732 Με·
1023 5715 1039 5744 ι
1065 5688 1207 5739 extra
1227 5687 1273 5739 te
1302 5680 1459 5757 ipsum
1477 5682 1610 5741 nulla
1638 5686 1848 5746 irretiris
1872 5690 2063 5763 cupidi-

458 5752 721 5865 rwfidem
734 5812 942 5878 metato
957 5812 1131 5868 mnta.

1758 347 1815 404 S.
1856 342 2217 403 AUGUSTlNl
2259 342 2558 401 EPISCOPI

3644 368 3786 430 £528

2212 460 2367 516 latur.
2395 462 2577 537 Neque
2621 468 2764 527 mitis
2785 471 2803 505 ¹
2832 480 2887 529 ct
2929 474 3047 546 pius
3072 486 3175 547 est,
3202 482 3292 553 qui
3327 498 3389 540 se
3422 484 3596 556 ipsum
3634 489 3687 546 in
3723 505 3779 549 se

2210 553 2328 623 ipso
2352 566 2495 613 amat
2521 568 2576 615 et
2603 561 2818 620 laudat:
2845 567 2941 622 sed
2985 568 3158 626 elatus
3199 582 3253 629 et
3282 553 3461 646 ferox,
3501 596 3606 637 non
3636 586 3777 643 novit

2207 643 2409 713 dicere,
2435 646 2505 703 In
2530 650 2751 710 Domino
2779 656 3065 715 laudabitur
3082 664 3254 718 anima
3277 684 3388 723 mea
3405 643 3656 736 {audiant
3679 680 3775 733 mi—

2208 743 2299 804 tes,
2327 740 2736 811 etjucundemur
2763 746 2931 819 (Paul.
2966 767 3160 819 xxxiii,
3191 756 3226 812 3
3246 758 3283 825 ).
3313 758 3458 827 Quid
3487 764 3630 821 enim
3658 767 3775 827 boni

2206 838 2369 896 amat,
2411 835 2499 904 qui
2526 834 2663 891 forte
2704 838 2804 894 hoc
2849 842 3018 912 ipsum
3050 857 3266 918 prepter
3306 850 3409 907 hoc
3441 854 3615 923 ipsum
3640 872 3778 918 amat

2207 921 2340 977 nihil
2367 923 2593 983 timere?
2620 928 2805 987 Potest
2844 936 2986 991 enim
3016 936 3120 995 hoc
3163 943 3261 998 sibi
3301 921 3642 1019 persuadere,
3675 970 3777 1012 non

2209 1013 2459 1081 sanitate,
2486 1017 2579 1073 sed
2605 1020 2951 1082 immanitate.
2971 1027 3132 1085 Verbi
3156 1013 3343 1103 gratia,
3370 1047 3451 1092 est
3475 1013 3665 1113 aliquis
3689 1061 3780 1102 au-

2209 1105 2530 1167 dacissimus
2556 1112 2713 1183 latro,
2741 1128 2938 1187 quanto
2962 1137 3210 1191 perverse
3233 1126 3440 1198 fortior,
3468 1105 3613 1190 tanto
3640 1140 3778 1207 peri-

2208 1199 2389 1257 culose
2416 1204 2703 1273 crudelior,
2750 1210 2840 1280 qui
2893 1224 3107 1284 propter
3134 1217 3305 1289 ipsum
3348 1237 3587 1282 amorem
3629 1199 3779 1287 suum

2209 1306 2315 1362 quo
2344 1305 2487 1351 amat
2512 1298 2644 1354 nihil
2670 1301 2876 1371 timere,
2905 1305 3135 1377 ingentia
3165 1308 3397 1369 facinora
3428 1318 3696 1388 moliatur,
3724 1334 3782 1378 ut

2206 1388 2347 1457 quod
2374 1401 2516 1447 amat
2535 1408 2799 1466 exerceat,
2826 1409 2880 1455 et
2899 1405 3196 1461 exercendo
3215 1411 3558 1469 corroboret:
3586 1430 3781 1486 quanto

2205 1479 2322 1547 ejus
2347 1480 2544 1539 fuerint
2585 1488 2783 1558 majora
2827 1495 3130 1562 commissa,
3178 1506 3323 1557 tanto
3363 1505 3532 1574 major
3552 1510 3654 1563 erit
3679 1526 3782 1565 non

2207 1569 2441 1629 timentis
2489 1576 2726 1635 audacia.
2772 1580 2889 1638 Non
2934 1584 3037 1643 hoc
3077 1603 3205 1661 ergo
3256 1607 3353 1662 pro
3408 1569 3601 1668 magno
3642 1600 3784 1658 bono

2206 1663 2490 1721 amandum
2516 1676 2632 1738 est,
2670 1672 2812 1743 quod
2840 1686 2895 1731 et
2935 1676 2988 1733 in
3034 1678 3251 1739 homine
3289 1663 3523 1755 pessimo
3555 1690 3783 1750 inveniri

2206 1764 2399 1824 potest.

2276 1847 2329 1900 ὅ.
2369 1846 2609 1920 Epicurei
2636 1863 2683 1909 et
2710 1855 2871 1913 Stoici
2896 1876 3067 1918 carere
3091 1865 3267 1923 timore
3291 1880 3495 1939 amant,
3533 1875 3622 1929 sed
3667 1894 3785 1947 pcr-

2204 1953 2362 2039 verse.
2402 1942 2736 2018 Quapmpter
2761 1951 3014 2011 irridendi
3044 1969 3167 2013 sunt
3195 1958 3354 2031 hujus
3390 1966 3571 2021 mundi
3611 1942 3787 2039 philo-

2203 2030 2380 2101 sophi,
2410 2050 2515 2090 non
2542 2038 2712 2093 solum
2742 2043 3007 2114 Epicurei,
3036 2048 3309 2119 quietiam
3332 2056 3499 2125 ipsam
3522 2030 3785 2128 justitiam

2202 2127 2442 2181 venalem
2462 2127 2676 2199 habent,
2693 2137 2919 2191 carnalis
2934 2140 3102 2207 pretio
3118 2143 3419 2214 voluptatis.
3437 2127 3787 2211 Dicuntenim

2204 2224 2483 2284 propterea
2524 2223 2839 2291 sapientem,
2864 2227 3064 2297 justum
3093 2247 3212 2289 esse
3239 2235 3455 2308 debere,
3484 2250 3541 2297 ut
3579 2244 3669 2299 vel
3698 2260 3790 2302 ac-

2202 2308 2395 2375 quirat,
2425 2310 2510 2365 vel
2541 2319 2719 2369 teneat
2746 2332 2812 2371 ex
2841 2332 3066 2390 corpore
3091 2325 3437 2397 voluptatem.
3476 2330 3607 2387 Nam
3640 2345 3698 2391 et
3733 2337 3789 2393 bi

2201 2396 2525 2458 fortissimos
2552 2420 2611 2459 se
2642 2408 2865 2477 jactant,
2906 2421 2961 2467 ct
2986 2413 3117 2470 nihil
3141 2418 3360 2473 omnino
3390 2422 3576 2479 timere
3612 2442 3679 2482 se
3708 2428 3792 2485 di-

2201 2499 2365 2546 cunt:
2398 2495 2521 2563 quia
2550 2512 2647 2552 nec
2674 2500 2961 2571 quidquam
2988 2505 3153 2562 Deum
3182 2524 3268 2564 res
3305 2509 3565 2570 humanas
3589 2531 3792 2577 curare

2200 2580 2547 2654 arbitrantur,
2571 2596 2627 2642 et
2647 2602 2959 2665 consumpta
2982 2594 3081 2651 ista
3101 2598 3205 2653 vita
3234 2602 3431 2659 nullam
3458 2617 3642 2675 postea
3668 2625 3791 2667 cre-

2201 2672 2333 2729 dunt
2360 2674 2625 2747 futuram;
2658 2690 2712 2737 et
2746 2686 2791 2738 si
2830 2686 2954 2755 quid
2991 2688 3069 2743 eis
3096 2689 3431 2751 adversitatis
3458 2672 3511 2752 in
3537 2697 3641 2755 hac
3671 2702 3793 2773 ipsa

2200 2767 2479 2837 contingit,
2504 2786 2571 2826 eo
2595 2786 2654 2828 se
2674 2774 2904 2831 munitos
2922 2779 3247 2852 existimant,
3275 2786 3396 2856 quia
3425 2794 3669 2859 corporis
3692 2767 3792 2849 vo-

2200 2856 2475 2929 luptatem,
2509 2878 2629 2919 cum
2656 2880 2774 2921 eam
2813 2868 2866 2924 in
2896 2869 3013 2941 ipso
3037 2888 3261 2945 corpore
3303 2888 3483 2938 tenere
3520 2898 3625 2938 non
3660 2900 3795 2956 pos-

2198 2958 2343 3016 sunt,
2370 2964 2591 3019 possunt
2614 2965 2787 3012 tamen
2814 2960 2992 3016 animo
3017 2965 3269 3035 cogitare,
3289 2980 3345 3024 et
3372 2986 3433 3026 ea
3456 2973 3791 3043 cogitatione

2199 3052 2320 3093 sese
2348 3041 2688 3114 oblectando,
2718 3052 3011 3118 corporalis
3048 3056 3331 3127 voluptatis
3369 3041 3789 3139 beatitudinem,

2196 3130 2358 3186 etiam
2388 3142 2570 3189 contra
2599 3141 2893 3209 corporalis
2934 3143 3133 3201 doloris
3179 3148 3435 3221 impetum
3480 3130 3799 3219 custodire.

2196 3226 2459 3299 Numquid
2488 3247 2595 3287 non
2626 3245 2682 3289 et
2704 3237 2842 3307 apud
2870 3239 3000 3296 istos
3021 3240 3240 3298 dilectio
3265 3244 3408 3303 foras
3434 3249 3593 3306 mittit
3619 3254 3793 3311 timo-

2195 3319 2343 3375 rem?
2366 3320 2471 3376 Sed
2497 3322 2710 3380 dilectio
2735 3328 3117 3387 sordidissimas
3142 3335 3448 3408 voluptatis,
3493 3341 3602 3398 imo
3627 3345 3781 3403 dile-

2194 3410 2300 3465 ctio
2332 3414 2648 3483 turpissimae
2673 3419 2940 3476 vanitatis.
2968 3422 3097 3480 Nam
3116 3441 3236 3483 cum
3254 3430 3421 3502 ipsam
3444 3434 3785 3506 voluptatem

2193 3502 2262 3558 de
2290 3504 2543 3562 membris
2580 3512 2820 3582 corporis
2862 3513 3071 3572 irruens
3113 3518 3268 3576 dolor
3309 3502 3633 3597 excluserit,
3684 3548 3791 3603 per

2193 3593 2379 3652 falsam
2406 3598 2521 3668 ejus
2548 3601 2831 3673 imaginem
2859 3604 2912 3661 in
2942 3609 3118 3665 animo
3159 3613 3406 3672 vanitatis
3452 3593 3785 3682 remanebit.

2191 3692 2321 3763 Qua:
2341 3697 2544 3753 vanitas
2571 3706 2769 3755 tantum
2791 3712 3019 3772 amatur,
3051 3714 3106 3761 ut
3130 3722 3251 3763 cum
3275 3725 3391 3766 eam
3419 3727 3583 3769 vanus
3608 3716 3788 3779 homo

2191 3789 2319 3844 totis
2341 3790 2544 3847 viribus
2572 3793 2748 3849 cordis
2772 3797 3129 3867 amplectitur,
3152 3803 3311 3856 etiam
3337 3802 3537 3862 doloris
3566 3811 3785 3867 saevitia

2188 3880 2475 3951 mitigetur.
2519 3882 2633 3939 Non
2681 3886 2851 3941 solum
2891 3903 3019 3960 ergo
3046 3894 3133 3946 isti
3174 3892 3453 3952 deridendi
3480 3908 3640 3965 sunt,
3676 3903 3786 3960 sed

2189 3974 2347 4029 etiam
2377 3976 2477 4045 ipsi
2503 3977 2686 4036 Stoici.
2731 3980 2862 4035 Nam
2891 3982 3005 4037 istac
3033 3983 3152 4040 duae
3195 3996 3354 4042 sectae
3381 3989 3783 4060 Epicureorum

2187 4072 2245 4120 et
2264 4064 2588 4137 Stoicorum,
2616 4070 2751 4126 sicut
2778 4072 2832 4127 in
2859 4073 3237 4146 Apostolorum
3263 4080 3483 4136 Actibus
3518 4084 3783 4161 legimus,

2185 4154 2443 4214 adversus
2464 4159 2641 4216 lumen
2663 4162 2809 4218 Pauli
2832 4166 2997 4221 nostri
3020 4167 3193 4223 fumos
3218 4185 3343 4226 suos
3368 4187 3511 4229 ausae
3536 4154 3667 4232 sunt
3686 4154 3785 4250 ja;

2184 4250 2372 4307 ctitare
2395 4250 2528 4324 (Act.
2543 4254 2789 4325 xvn,l8).
2808 4254 2939 4311 Nam
2961 4266 3015 4313 et
3028 4257 3191 4316 Stoici
3212 4276 3271 4318 se
3292 4262 3611 4323 fortissimos
3629 4286 3785 4340 prae-

2183 4338 2379 4405 ferunt,
2406 4351 2461 4397 et
2489 4357 2595 4397 non
2627 4354 2842 4416 pr0pter
2863 4349 3100 4418 corporis
3127 4351 3446 4424 voluptatem
3466 4396 3482 4423 ,
3514 4358 3609 4413 sed
3630 4338 3787 4431 pro-

2184 4440 2304 4502 pter
2322 4432 2484 4488 animi
2515 4435 2782 4502 virtutem,
2809 4437 3035 4510 idipsum
3062 4456 3170 4497 non
3195 4445 3386 4500 timere
3412 4458 3634 4518 propter
3663 4470 3784 4511 non

2183 4521 2374 4578 timere
2400 4525 2726 4594 custodiunt,
2760 4529 2921 4599 typho
2947 4531 3161 4602 turgidi,
3189 4542 3241 4589 et
3264 4550 3369 4590 non
3397 4538 3661 4608 sapientia
3696 4560 3787 4599 sa-

2180 4616 2312 4684 nati,
2345 4617 2440 4671 sed
2475 4633 2661 4675 errore
2691 4620 2884 4676 durati.
2917 4624 2995 4679 Eo
3035 4626 3229 4697 quippe
3260 4629 3434 4685 minus
3478 4634 3784 4706 minusque

2180 4706 2296 4761 sani
2334 4716 2477 4776 sunt,
2522 4726 2628 4780 quo
2656 4722 2913 4782 aegrotum
2959 4717 3193 4774 animum
3238 4734 3269 4774 a
3309 4735 3368 4778 se
3410 4723 3539 4793 ipsis
3580 4732 3779 4785 sanari

2177 4812 2336 4869 posse
2378 4800 2740 4858 crediderunt.
2779 4804 2927 4861 Hanc
2965 4818 3141 4864 autem
3193 4822 3378 4881 putant
3424 4829 3544 4869 esse
3593 4818 3777 4877 animi

2177 4893 2480 4959 sanitatem,
2508 4903 2564 4950 ut
2590 4911 2688 4977 nec
2718 4899 2959 4954 misereri
2996 4900 3172 4959 dicant
3207 4904 3403 4960 debere
3432 4906 3775 4977 sapientem.

2177 4980 2234 5037 Si
2261 4982 2401 5038 enim
2428 4974 2727 5052 miseretur,
2757 4988 3016 5059 inquiunt,
3042 4992 3189 5050 deiet
3213 5010 3224 5046 τ
3252 5000 3397 5069 quod
3437 4974 3614 5055 autem
3661 5003 3775 5059 do-

2173 5076 2266 5143 let,
2299 5093 2485 5133 sanum
2515 5094 2618 5134 non
2651 5089 2751 5137 est.
2793 5082 2837 5136 Ο
2874 5084 3037 5139 stulta
3075 5088 3318 5146 cmeitasl
3367 5089 3504 5159 Quid
3529 5134 3545 5160 ,
3597 5095 3647 5149 si
3700 5113 3777 5159 eo

2174 5170 2348 5225 minus
2376 5171 2541 5237 dolet,
2560 5187 2665 5244 quo
2686 5188 2871 5229 sanum
2893 5191 2998 5230 non
3023 5175 3144 5236 est?
3163 5178 3388 5237 interest
3407 5183 3549 5238 enini
3572 5194 3775 5246 utrum

2172 5262 2406 5333 perfecta
2432 5266 2655 5322 sanitate
2684 5282 2791 5321 non
2820 5267 2996 5323 doleat
3020 5287 3033 5324 :
3062 5272 3219 5342 quale
3242 5276 3341 5329 erit
3364 5287 3677 5333 sanctorum
3712 5294 3777 5339 et

2170 5368 2363 5425 corpus
2390 5364 2445 5410 et
2470 5357 2678 5412 animus
2708 5358 2760 5412 in
2790 5363 3185 5420 resurrectione
3209 5376 3559 5432 mortuorum,
3587 5356 3775 5439 quam

2172 5443 2258 5500 isti
2302 5459 2408 5500 non
2436 5444 2687 5513 credunt;
2739 5450 2860 5518 quia
2904 5450 3144 5508 indoctos
3186 5456 3466 5525 magistros
3510 5455 3771 5532 habent,

2170 5536 2292 5593 cum
2317 5550 2376 5593 se
2402 5536 2546 5608 ipsos
2576 5536 2791 5595 habent.
2823 5540 3049 5600 Interest
3074 5559 3201 5615 ergo
3229 5554 3403 5601 utrum
3434 5548 3637 5621 aliquid
3672 5564 3777 5611 sa.

2230 5701 2246 5735 ³
2274 5701 2354 5749 Sic
2376 5699 2695 5772 Michaeliuus
2715 5701 2804 5752 Ms.
2830 5703 2891 5772 At
2913 5704 3032 5772 editi
3061 5704 3195 5772 :Oui
3215 5705 3340 5759 enim
3363 5708 3514 5762 altum
3529 5709 3692 5772 sapit,
3722 5726 3776 5770 οι

2160 5762 2389 5892 meoet?
2406 5761 2556 5837 tinet,
2570 5764 2732 5839 utique
2747 5764 3014 5841 perniciose
3035 5761 3129 5831 "uti
3149 5769 3300 5845 timet,
3322 5772 3365 5835 ti
3373 5761 3493 5842 eius
3512 5761 3651 5840 enim
3670 5761 3781 5844 in};

2225 5863 2242 5892 ι
2354 5864 2366 5889 .

2225 5863 2242 5906 ί
2270 5863 2366 5889 νννο
