4080 6360
288 383 437 444 1529

284 502 477 565 nitate,
503 512 573 553 an
600 502 823 566 stupore
849 506 957 548 non
978 490 1176 547 doleat.
1205 490 1337 546 Nam
1363 489 1656 547 secundum
1683 492 1875 548 sanita-

284 602 399 647 tem
431 590 590 659 hujus
616 585 957 643 mortalitatis
984 598 1114 639 sana
1140 598 1264 639 caro
1286 580 1408 639 cum
1434 583 1685 655 pungitur
1706 583 1876 639 dolet.

286 684 473 754 Qualis
504 691 587 738 est
610 688 666 737 et
689 680 901 736 animus
930 677 1220 733 secundum
1250 676 1403 732 istam
1435 677 1597 731 vitam
1638 677 1774 732 bene
1801 675 1882 732 ai.

287 778 487 841 fectus,
515 773 606 845 qui
634 780 986 844 compunctus
1026 769 1317 825 laborantis
1356 769 1590 836 miseria,
1622 769 1879 825 condole-

285 868 392 927 scit
418 864 811 923 misericordia.
837 862 975 919 Caro
1004 869 1180 918 autem
1211 861 1454 933 graviore
1479 861 1666 916 morbo
1709 860 1879 931 stupi-

285 963 379 1029 da,
407 962 496 1019 vel
522 961 722 1017 antisso
749 959 913 1015 etiam
940 956 1131 1027 spiritu
1157 965 1388 1021 mortua,
1417 970 1517 1010 nec
1543 970 1662 1009 cum
1690 954 1880 1025 pungi-

284 1066 376 1112 tur
401 1055 551 1111 dolet
579 1072 593 1108 :
624 1053 797 1126 qualis
820 1063 904 1108 est
943 1050 1168 1106 istorum
1213 1049 1453 1116 animus,
1493 1049 1584 1119 qui
1625 1048 1742 1105 sine
1772 1049 1881 1104 Deo

286 1145 763 1220 philosophantur,
800 1143 885 1199 vel
916 1143 1092 1213 potius
1132 1141 1505 1213 praefocantur.
1548 1140 1696 1196 Sicut
1736 1140 1880 1196 enim

284 1253 484 1309 corpus
519 1238 702 1293 animo
747 1235 1064 1306 inspiratum
1089 1275 1105 1300 ,
1148 1234 1227 1289 sic
1270 1233 1381 1289 Deo
1424 1232 1714 1304 inspiratus
1764 1232 1881 1302 ipse

283 1332 503 1388 animus
529 1329 679 1386 vivit.
709 1328 943 1384 Videant
976 1341 1105 1399 ergo
1132 1326 1257 1393 isti,
1291 1326 1380 1397 qui
1410 1340 1516 1380 non
1556 1325 1739 1381 dolent
1780 1341 1881 1383 nec

282 1422 499 1488 timent,
540 1436 611 1477 ne
640 1420 778 1475 forte
802 1434 911 1475 non
936 1418 1045 1474 sint
1070 1416 1208 1480 sani,
1237 1416 1333 1474 sed
1362 1417 1576 1471 mortui.

350 1514 588 1572 CAPUT
616 1513 707 1570 lll.
736 1543 809 1554 â€”
834 1513 890 1569 4.
919 1510 1097 1568 Timor
1115 1512 1169 1566 in
1191 1511 1510 1575 Christiano,
1534 1510 1667 1566 alius
1694 1511 1882 1582 paula-

281 1608 374 1664 tim
394 1606 699 1679 ejiciendus,
724 1605 865 1661 alius
893 1621 1269 1677 permansurus.
1295 1603 1506 1658 Timeat
1527 1610 1706 1659 autem
1732 1603 1881 1659 chri-

280 1700 528 1768 stianus,
558 1706 843 1769 antequam
875 1696 1109 1766 perfecta
1138 1694 1372 1751 charitas
1413 1697 1557 1751 foras
1597 1695 1771 1749 mittat
1810 1694 1881 1750 ti-

282 1807 498 1851 morem
523 1808 538 1845 :
560 1789 747 1847 credat
770 1797 825 1846 et
854 1788 1113 1858 intelligat
1138 1802 1197 1842 se
1224 1786 1551 1858 peregrinari
1572 1801 1601 1839 a
1631 1786 1877 1855 Domino,

279 1884 541 1959 quamdiu
560 1882 692 1938 vivit
716 1882 772 1938 in
800 1895 1027 1952 corpore
1055 1878 1199 1951 quod
1225 1879 1585 1951 corrumpitur
1609 1888 1663 1935 et
1687 1894 1879 1951 aggra-

279 1987 369 2034 vat
405 1978 665 2032 animam.
708 1973 883 2032 Tanto
924 1973 1102 2029 minor
1148 1972 1217 2029 sit
1261 1972 1440 2036 timor,
1471 1980 1670 2041 quanto
1709 1971 1880 2040 patria

278 2085 388 2143 quo
431 2068 708 2125 tendimus
747 2068 987 2139 propior.
1019 2065 1189 2136 Major
1212 2064 1357 2120 enim
1396 2066 1553 2121 timor
1577 2063 1735 2119 debet
1761 2078 1881 2119 esse

278 2162 733 2233 peregrinantium
753 2201 771 2228 ,
802 2161 978 2214 minor
1005 2156 1481 2228 propinquantium
1500 2197 1515 2222 ,
1544 2155 1723 2210 nullus
1756 2169 1879 2225 per-

278 2252 635 2308 venientium.
664 2250 755 2307 Sic
790 2256 846 2306 et
878 2249 1040 2305 timor
1081 2246 1323 2319 perducit
1345 2247 1411 2303 ad
1435 2247 1784 2311 charitatem,
1827 2254 1883 2301 et

279 2344 528 2415 perfecta
557 2342 791 2398 charitas
815 2340 959 2398 foras
984 2340 1151 2396 mittit
1175 2340 1442 2395 timorem.
1474 2338 1683 2395 Timeat
1701 2346 1881 2393 autem

275 2435 605 2492 christianos
627 2476 643 2503 ,
672 2450 782 2490 non
806 2447 901 2489 eos
928 2431 1020 2503 qui
1053 2446 1250 2502 corpus
1294 2430 1577 2495 occidunt,
1606 2438 1661 2486 et
1695 2439 1880 2500 postea

275 2544 389 2585 non
408 2528 613 2584 habent
644 2526 773 2598 quid
799 2525 996 2580 faciant
1018 2542 1035 2591 ;
1054 2523 1150 2580 sed
1179 2539 1303 2580 eum
1333 2524 1422 2595 qui
1452 2523 1612 2578 habet
1642 2531 1879 2594 potesta-

276 2627 387 2677 tem
408 2628 465 2675 et
493 2633 690 2690 corpus
712 2625 767 2674 et
790 2616 1026 2672 animam
1053 2615 1109 2672 in
1149 2615 1447 2687 gehennam
1474 2613 1613 2685 ignis
1634 2613 1881 2669 occidere

276 2710 434 2783 (Luc.
464 2726 540 2766 xu
558 2753 574 2778 ,
601 2710 657 2776 4,
687 2707 767 2780 5).
791 2708 889 2764 Est
909 2715 1089 2764 autem
1114 2705 1252 2762 alius
1271 2706 1421 2761 timor
1441 2704 1668 2773 Domini,
1691 2714 1877 2771 castus,

278 2820 584 2876 permanens
626 2803 681 2857 in
724 2802 967 2857 saeculum
1000 2800 1173 2856 seaculi
1208 2798 1379 2870 (Psal.
1414 2816 1543 2856 xvm
1566 2840 1580 2865 ,
1616 2800 1731 2872 {0).
1761 2798 1879 2855 Non

282 2909 416 2966 ergo
440 2909 566 2950 eum
594 2891 835 2964 perfecta
858 2891 1092 2948 charitas
1118 2891 1259 2947 foras
1284 2891 1482 2959 mittit,
1510 2890 1746 2961 alioquin
1770 2906 1879 2947 non

281 2991 628 3057 permaneret
652 2984 705 3039 iu
734 2982 991 3039 steculum
1018 2981 1198 3038 saeculi
1224 2999 1237 3034 :
1262 2995 1362 3037 nec
1388 2979 1586 3036 frustra
1606 3022 1621 3047 ,
1655 2994 1779 3035 cum
1800 2980 1881 3036 di-

279 3088 427 3135 ctum
448 3085 629 3143 esset,
662 3074 835 3131 Timor
861 3074 1101 3142 Domini,
1125 3072 1363 3129 additum
1384 3079 1469 3128 est
1494 3081 1696 3139 castus;
1722 3080 1881 3143 atque

278 3170 358 3228 ita
402 3169 748 3239 coniunctum
793 3174 911 3235 est,
956 3180 1257 3237 permanens
1298 3164 1352 3218 in
1398 3163 1640 3219 secutum
1684 3164 1878 3219 saeculi.

279 3263 461 3332 Quare
481 3303 499 3329 ,
526 3261 627 3317 nisi
654 3260 776 3332 quia
809 3258 899 3315 ille
921 3258 1102 3327 timor,
1131 3271 1291 3329 quem
1322 3255 1468 3311 foras
1492 3255 1727 3311 charitas
1752 3255 1880 3310 mit-

282 3355 383 3421 tit,
413 3359 698 3424 propterea
738 3350 925 3422 pungit
947 3349 1218 3413 animam,
1252 3362 1320 3403 ne
1345 3346 1618 3404 amittatur
1644 3345 1877 3417 aliquid,

278 3443 423 3519 quod
469 3444 522 3498 in
546 3451 790 3498 creatura
834 3439 1093 3510 diligitur,
1126 3438 1211 3494 vel
1242 3439 1355 3509 ipsa
1387 3438 1532 3494 salus
1573 3445 1629 3493 et
1661 3437 1881 3508 requies

278 3536 611 3607 corporalis,
643 3543 735 3589 aut
772 3531 968 3604 aliquid
997 3531 1103 3588 tale
1146 3540 1266 3602 post
1302 3529 1878 3601 mortem?Propterea

284 3630 431 3686 enim
476 3628 731 3683 timentur
770 3634 825 3682 et
851 3624 993 3695 apud
1039 3624 1238 3681 inferos
1267 3639 1442 3696 poenae
1487 3632 1541 3680 et
1575 3623 1790 3681 dolores
1816 3638 1882 3680 ac

277 3730 550 3779 tormenta
595 3720 982 3792 gehennarum.
1033 3717 1166 3774 Cum
1214 3734 1343 3775 vero
1385 3727 1539 3775 cavet
1574 3718 1779 3785 anima,
1812 3733 1882 3775 ne

284 3815 430 3870 Deus
458 3814 604 3869 illam
624 3812 870 3868 desertus
891 3811 1131 3878 deserat,
1163 3811 1325 3867 timor
1349 3820 1433 3867 est
1459 3819 1638 3869 castus
1662 3825 1880 3884 perma-

281 3920 419 3962 nens
450 3906 505 3960 in
533 3904 790 3960 saeculum
817 3902 1021 3959 saeculi.
1044 3903 1123 3959 De
1158 3917 1264 3975 quo
1290 3902 1448 3959 latius
1480 3901 1715 3959 dicerem
1735 3945 1752 3971 ,
1777 3902 1882 3959 nisi

279 4013 461 4055 sermo
483 3998 595 4068 jam
620 3998 830 4069 longior
848 4005 903 4053 et
930 3996 1064 4052 meis
1085 3996 1343 4053 senilibus
1362 3995 1587 4068 viribus,
1613 4003 1670 4054 et
1688 4003 1881 4054 vestrae

279 4090 511 4148 fortasse
540 4088 777 4146 satietati
806 4102 1028 4161 parcere
1051 4096 1289 4159 cogeret.

716 4220 948 4279 Î´ÎµÎ¹Î»Î¹Î¹Î¿
984 4218 1282 4276 cccxux
1302 4221 1323 4244 Î¸
1352 4217 1450 4293 (Î±).

465 4336 546 4392 De
573 4336 830 4392 Charitate
850 4378 866 4403 ,
894 4344 942 4390 et
966 4334 1030 4390 de
1057 4350 1188 4390 careo
1214 4332 1520 4403 illuminato,
1551 4347 1570 4389 Î¹
1599 4330 1701 4406 (b).

352 4445 583 4505 CAPUT
612 4445 896 4503 PRIMUM.
925 4476 995 4487 â€”-
1023 4447 1074 4501 l.
1106 4444 1340 4501 Charitas
1379 4444 1484 4500 alia
1522 4443 1728 4509 divina,
1777 4442 1882 4498 alia

285 4542 529 4596 humana.
577 4538 815 4595 Charitas
865 4539 1120 4607 humana,
1167 4537 1273 4592 alia
1317 4536 1487 4604 licita,
1531 4537 1635 4591 alia
1676 4535 1880 4590 illicita.

285 4632 365 4689 De
393 4632 656 4688 charitate
685 4631 839 4687 nobis
863 4631 1022 4702 paulo
1060 4639 1185 4686 ante
1220 4628 1510 4701 Apostolus
1543 4628 1878 4699 loquebatur,

284 4740 407 4781 cum
434 4725 551 4796 ejus
590 4723 832 4796 Epistola
863 4723 1162 4794 legeretur:
1188 4731 1243 4778 et
1279 4736 1398 4778 eam
1425 4720 1580 4776 nobis
1619 4721 1697 4776 sic
1734 4735 1883 4776 com-

286 4819 580 4876 mendabat
599 4858 617 4884 ,
638 4828 697 4873 ut
716 4815 1138 4888 intelligeremus
1166 4823 1363 4871 caatera
1390 4814 1570 4871 omnia
1588 4855 1604 4881 ,
1634 4814 1881 4885 quamvis

287 4928 484 4985 magna
516 4911 615 4968 Dei
650 4910 822 4978 dona,
844 4910 964 4966 sine
987 4909 1076 4965 illa
1116 4907 1251 4964 nihil
1274 4906 1553 4979 prodesse.
1580 4904 1681 4962 Ubi
1701 4913 1883 4962 autem

287 5006 401 5077 ipsa
420 5013 528 5072 est,
550 5004 665 5060 sola
686 5017 808 5059 esse
827 5016 933 5058 non
952 5008 1146 5072 potest.
1172 5000 1237 5056 Et
1261 5015 1361 5056 nos
1380 5013 1510 5070 ergo
1532 5004 1727 5054 vestrae
1745 4996 1885 5052 Cha-

286 5098 432 5154 ritati
458 5109 765 5151 sermonem
790 5093 858 5149 de
880 5091 1145 5149 charitate
1167 5090 1477 5147 reddamus.
1510 5088 1753 5145 Charitas
1779 5087 1884 5143 alia

288 5202 374 5248 eSt
407 5190 588 5247 divina
611 5231 627 5258 ,
659 5187 764 5243 alia
792 5188 1026 5242 humana
1050 5203 1065 5241 :
1089 5184 1190 5239 alia
1211 5192 1296 5240 est
1321 5182 1553 5239 humana
1574 5181 1715 5237 licita
1736 5222 1752 5249 ,
1778 5179 1883 5235 alia

287 5285 497 5342 illicita.
523 5283 601 5339 De
621 5281 707 5337 his
730 5294 859 5351 ergo
885 5277 1059 5334 tribus
1084 5275 1433 5333 charitatibus
1461 5274 1548 5331 vel
1583 5271 1883 5329 dilectioni-

287 5376 418 5444 hus;
441 5374 710 5432 duoâ€˜enim
729 5371 945 5428 nomina
966 5369 1128 5425 habet
1147 5368 1286 5440 apud
1306 5367 1543 5433 Latinos,
1568 5381 1689 5437 qua:
1708 5378 1885 5436 graece

290 5476 458 5539 á¼€Î³á½±Ï€Î·
499 5470 730 5534 dicitur;
762 5464 908 5536 quod
952 5463 1208 5520 Dominus
1233 5461 1515 5519 donaverit
1529 5460 1725 5517 dicam.
1760 5458 1887 5516 Haec

288 5579 422 5637 ergo
444 5563 619 5635 prima
637 5568 722 5617 est
744 5556 1053 5616 distributio
1077 5570 1197 5612 mea
1217 5595 1233 5622 ,
1254 5552 1397 5626 quod
1416 5552 1525 5608 dixi
1539 5594 1557 5622 ,
1588 5551 1749 5608 aliam
1780 5549 1886 5610 hu-

356 5706 374 5726 â¶
398 5701 689 5753 Emendatus
709 5698 769 5750 ad
802 5694 865 5750 cl.
890 5696 968 5747 ch.
1000 5700 1052 5745 et
1081 5692 1141 5745 ad
1166 5700 1266 5744 Am.
1299 5695 1375 5742 Er.
1400 5697 1501 5743 Par.
1526 5694 1636 5741 Lov.

354 5768 430 5894 iii
461 5763 702 5894 mg:
720 5756 1044 5891 332105313?
1049 5793 1156 5894 cap.
1180 5819 1230 5887 9,
1253 5824 1391 5879 notat
1419 5816 1521 5877 Â«de
1532 5776 1771 5877 dimittite
1794 5819 1889 5878 trn-

286 5892 663 5957 mmÂ»

1653 374 1887 434 SERMO
1921 376 2239 436 CCCXLIX.

3437 397 3578 458 Î¹Î´Î´Î¿

1987 508 2221 586 matiam,
2247 495 2407 553 aliam
2435 497 2669 558 divinam
2698 519 2823 562 esse
2843 503 3163 565 charitatem
3188 526 3204 566 :
3225 510 3577 586 eamdemque

1986 584 2274 642 humanam
2302 589 2354 644 in
2382 588 2490 648 duo
2515 592 2791 664 distribui,
2821 598 2964 668 quod
3005 600 3106 655 alia
3151 602 3223 658 sit
3266 603 3409 661 licita
3429 646 3446 674 ,
3475 584 3577 663 alia

1988 676 2192 734 illicita.
2220 680 2377 736 Prius
2403 698 2531 755 ergo
2558 685 2750 757 loquor
2767 687 2835 743 de
2857 689 3086 747 humana
3112 694 3252 749 licita
3270 738 3285 762 ,
3319 712 3438 768 qua:
3470 714 3576 755 non

1987 771 2396 840 reprehenditur
2418 791 2431 829 :
2455 775 2649 834 deinde
2669 779 2737 835 de
2751 780 2981 837 humana
2997 784 3197 852 illicita,
3221 804 3338 858 quae
3357 789 3578 846 damna-

1990 872 2113 920 tur:
2144 866 2301 921 tertio
2344 867 2412 923 de
2459 868 2636 925 divina
2656 912 2671 938 ,
2695 888 2813 942 qua:
2859 889 2957 929 nos
2978 876 3217 945 perducit
3238 880 3305 935 ad
3330 897 3576 953 regnum.

2059 958 2286 1016 CAPUT
2315 961 2379 1016 ll.
2419 991 2493 1003 â€”
2532 962 2588 1017 2.
2620 964 2700 1020 De
2750 966 2973 1021 humana
3022 970 3269 1027 charitate
3315 972 3474 1028 licita.
3508 975 3578 1032 Ut

1988 1065 2117 1122 ergo
2145 1052 2381 1109 breviter
2409 1055 2672 1113 insinuem
2695 1100 2709 1123 ,
2743 1059 2886 1114 licita
2929 1068 3013 1116 est
3043 1063 3269 1118 humana
3308 1065 3540 1123 charitas
3566 1109 3579 1134 ,

1988 1158 2091 1213 qua
2137 1155 2275 1200 uxor
2322 1146 2593 1218 diligitur;
2620 1149 2833 1215 illicita,
2866 1167 2969 1223 qua
3014 1156 3268 1209 meretrix
3313 1158 3399 1212 vel
3447 1175 3575 1214 uxor

1987 1234 2183 1291 aliena.
2214 1235 2269 1292 ln
2308 1236 2425 1294 foro
2464 1240 2609 1295 enim
2643 1249 2699 1296 et
2737 1243 2927 1312 plateis
2967 1246 3137 1316 magis
3180 1246 3320 1302 licita
3349 1248 3579 1303 charitas

1987 1325 2223 1398 diligitur
2248 1345 2406 1400 quam
2448 1333 2704 1389 meretrix
2737 1336 2754 1367 Â¹
2781 1353 2794 1389 :
2820 1336 2873 1391 in
2913 1335 3074 1392 domo
3119 1339 3243 1405 Dei,
3279 1340 3328 1394 in
3375 1344 3599 1413 templo

1990 1417 2199 1487 Dei,in
2247 1422 2463 1479 civitate
2503 1424 2736 1495 Christi,
2779 1426 2831 1481 in
2876 1441 3103 1498 corpore
3147 1429 3386 1498 Christi,
3418 1434 3577 1488 etiam

1987 1502 2285 1566 meretricis
2316 1528 2469 1569 amor
2493 1515 2559 1569 ad
2588 1515 2860 1586 gehennas
2894 1529 3160 1575 amantem
3189 1522 3452 1592 perducit.
3487 1524 3578 1578 Li-

1987 1603 2145 1659 citam
2173 1620 2301 1676 ergo
2336 1606 2650 1665 charitatem
2681 1610 2907 1666 habete:
2936 1611 3167 1669 humana
3208 1624 3319 1681 est;
3351 1617 3443 1673 sed
3464 1660 3479 1685 ,
3515 1628 3573 1673 ut

1987 1694 2129 1761 dixi,
2157 1697 2298 1753 licita
2338 1709 2441 1755 est.
2486 1700 2602 1756 Non
2650 1702 2824 1758 solum
2868 1713 3045 1761 autem
3092 1706 3164 1762 ita
3194 1707 3335 1763 licita
3376 1720 3485 1776 est,
3520 1719 3579 1765 ut

1987 1789 2343 1845 concedatur:
2370 1791 2465 1848 sed
2502 1792 2577 1849 ita
2612 1794 2753 1850 licita
2774 1838 2791 1865 ,
2823 1806 2883 1852 ut
2920 1798 2965 1853 si
2992 1798 3254 1866 defuerit,
3282 1804 3577 1874 reprehen-

1986 1878 2160 1936 datur.
2192 1880 2374 1939 Liceat
2398 1884 2548 1941 vobis
2577 1887 2807 1943 humana
2838 1888 3095 1947 charitate
3125 1891 3347 1965 diligere
3372 1896 3565 1966 conju-

1985 1990 2081 2044 ges
2101 2017 2116 2042 ,
2137 1975 2359 2047 diligere
2386 1978 2524 2035 ï¬lios
2544 2021 2560 2047 ,
2592 1980 2813 2052 diligere
2845 1984 3048 2039 amicos
3072 1997 3280 2043 vestros
3300 2029 3316 2055 ,
3350 1987 3574 2059 diligere

1986 2068 2130 2123 cives
2153 2078 2384 2127 vestros.
2409 2070 2599 2127 Omnia
2621 2074 2763 2129 enim
2789 2076 2888 2131 ista
2916 2080 3133 2134 nomina
3166 2079 3366 2137 habent
3393 2098 3581 2139 neces-

1985 2158 2234 2216 situdinis
2263 2161 2534 2218 vinculum
2553 2205 2567 2227 ,
2596 2175 2653 2221 et
2688 2166 2870 2236 gluten
2898 2169 3127 2239 quodam
3156 2171 3317 2227 modo
3342 2172 3578 2229 charita-

1986 2252 2076 2309 tis.
2106 2252 2211 2309 Sed
2252 2254 2442 2311 videtis
2482 2256 2639 2312 istam
2682 2258 2994 2317 charitatem
3032 2277 3155 2320 esse
3193 2279 3351 2334 posse
3389 2274 3442 2320 et
3482 2266 3580 2320 im-

1986 2345 2217 2417 piorum,
2234 2347 2288 2403 id
2318 2356 2420 2417 est,
2444 2348 2800 2421 Paganorum,
2821 2352 3151 2419 Judmorum,
3180 2354 3573 2412 litereticorum.

1986 2439 2117 2509 Quis
2153 2441 2295 2497 enim
2321 2456 2507 2499 eorum
2535 2458 2642 2499 non
2680 2453 2823 2501 amat
2861 2462 3085 2503 uxorem
3109 2490 3124 2515 ,
3152 2447 3319 2516 ï¬lios,
3348 2450 3538 2507 fratres
3557 2492 3574 2518 ,

1985 2534 2224 2600 vicinos,
2258 2528 2481 2604 afï¬nes,
2530 2538 2769 2605 amicos,
2820 2540 2953 2595 etc.?
2984 2540 3111 2597 Haec
3163 2556 3292 2613 ergo
3346 2542 3579 2600 humana

1986 2632 2088 2681 est.
2111 2623 2169 2680 Si
2204 2640 2332 2697 ergo
2361 2626 2453 2681 tali
2493 2627 2719 2699 quisque
2747 2629 3065 2687 crudelitate
3105 2631 3342 2699 eï¬ertur,
3368 2644 3426 2690 ut
3460 2651 3581 2705 per-

1986 2717 2078 2774 dat
2127 2729 2286 2775 etiam
2331 2719 2623 2776 humanum
2671 2721 2977 2779 dilectionis
3022 2725 3309 2795 allectum,
3364 2736 3421 2783 et
3471 2743 3580 2784 nou

1985 2820 2130 2867 amet
2152 2811 2291 2868 ï¬lios
2325 2827 2450 2869 suos
2472 2854 2487 2879 ,
2515 2821 2572 2868 et
2611 2826 2716 2869 non
2757 2824 2901 2871 amet
2939 2817 3220 2888 conjugem
3259 2835 3444 2886 suam;
3479 2836 3579 2877 nec

1985 2902 2123 2959 inter
2151 2903 2396 2960 homines
2423 2904 2787 2961 numerandus
2815 2914 2922 2962 est.
2953 2906 3070 2962 Non
3102 2909 3245 2965 enim
3282 2910 3579 2968 laudandus

1985 3002 2069 3049 est
2091 2994 2181 3065 qui
2200 3002 2365 3049 â€™amat
2392 2994 2529 3050 ï¬lios
2557 3010 2717 3061 suos;
2744 2996 2838 3052 sed
2865 2997 3197 3055 damnandus
3235 3009 3318 3055 est
3350 3002 3439 3072 qui
3470 3014 3575 3058 non

1985 3094 2128 3143 amat
2169 3086 2327 3143 ï¬lios.
2359 3087 2550 3144 Adhuc
2578 3088 2722 3144 enim
2752 3089 2931 3146 videat
2964 3106 3083 3147 cum
3116 3092 3312 3163 quibus
3344 3094 3506 3151 debet
3530 3096 3579 3151 ei

1985 3194 2108 3236 esse
2146 3178 2363 3235 dilectio
2401 3180 2503 3236 ista
2533 3182 2852 3236 communis.
2897 3184 3092 3239 Amant
3121 3184 3261 3240 ï¬lios
3304 3195 3359 3241 et
3404 3185 3577 3243 ferae:

1985 3278 2168 3326 amant
2204 3270 2343 3327 ï¬lios
2383 3270 2629 3341 aspides,
2661 3282 2843 3328 amant
2872 3272 3009 3329 ï¬lios
3040 3274 3285 3346 tigrides,
3309 3286 3489 3333 amant
3519 3278 3582 3331 ï¬-

1986 3363 2092 3420 lios
2116 3364 2321 3421 leones.
2346 3363 2501 3420 Nulla
2524 3365 2666 3421 enim
2689 3365 2858 3423 bestia
2879 3376 2989 3434 est,
3018 3383 3136 3439 qum
3171 3384 3276 3424 non
3318 3368 3441 3425 ï¬liis
3469 3370 3581 3425 suis

1986 3455 2181 3513 blande
2201 3457 2599 3514 immurmuret.
2625 3455 2759 3514 Nam
2789 3474 2910 3514 cum
2937 3468 3136 3515 terreat
3163 3460 3426 3527 homines,
3460 3477 3584 3532 par-

1985 3548 2140 3605 vulos
2167 3548 2331 3605 fovet.
2362 3547 2563 3607 Fremit
2600 3549 2686 3606 leo
2726 3551 2778 3606 in
2809 3550 2957 3606 silvis
2979 3593 2992 3617 ,
3027 3560 3084 3607 ut
3112 3567 3269 3610 nemo
3300 3562 3535 3611 transeat
3562 3572 3577 3609 :

1986 3642 2151 3698 intrat
2192 3641 2251 3698 in
2287 3642 2628 3713 speluncam,
2655 3642 2747 3699 ubi
2791 3643 2951 3699 habet
2997 3642 3134 3701 ï¬lios
3179 3660 3334 3711 suos,
3366 3662 3579 3703 onmem

1986 3734 2191 3793 rabiem
2220 3733 2444 3792 feritatis
2486 3736 2721 3806 exponit.
2750 3734 2907 3792 Foris
2934 3751 3054 3792 eam
3098 3737 3280 3807 ponit,
3308 3753 3427 3793 cum
3466 3739 3581 3810 ipsa

1987 3841 2096 3883 non
2124 3825 2438 3899 ingreditur.
2467 3827 2610 3899 Ergo
2638 3828 2726 3899 qui
2767 3843 2874 3883 non
2917 3837 3062 3884 amat
3098 3830 3237 3887 ï¬lios
3266 3845 3391 3886 suos
3416 3831 3580 3888 etiam

1987 3916 2145 3977 leone
2170 3918 2323 3989 pejor
2366 3928 2469 3976 est.
2498 3919 2739 3975 Humana
2768 3928 2894 3975 sunt
2920 3919 3051 3987 ista,
3082 3929 3136 3976 et
3161 3921 3299 3976 licita
3329 3932 3473 3978 sunt.

2056 4008 2283 4069 CAPUT
2306 4011 2395 4068 lli.
2418 4041 2487 4053 -â€”
2512 4012 2567 4068 5.
2594 4009 2674 4066 De
2692 4012 2870 4066 illicito
2896 4028 3086 4067 amore.
3112 4011 3344 4068 Membra
3365 4012 3576 4070 Christi.

1988 4086 2237 4161 lllicitum
2286 4119 2525 4161 amorem
2576 4112 2782 4161 cavete.
2815 4105 3053 4161 Membra
3095 4103 3290 4161 Christi
3334 4107 3494 4172 estis,
3526 4115 3584 4164 et

1988 4211 2183 4267 corpus
2207 4196 2402 4252 Christi
2429 4197 2579 4252 estis.
2597 4195 2791 4253 Audite
2810 4196 3143 4267 Apostolum,
3168 4206 3222 4253 et
3248 4199 3579 4255 terreamini.

1987 4286 2107 4345 Non
2154 4286 2325 4357 potuit
2371 4286 2513 4343 enim
2560 4286 2774 4358 gravius
2818 4286 3031 4356 dicere,
3061 4302 3165 4343 non
3212 4288 3382 4358 potuit
3409 4289 3581 4346 vehe-

1987 4377 2222 4435 mentius
2242 4419 2258 4445 .
2284 4393 2390 4435 non
2416 4379 2587 4449 potuit
2618 4378 2796 4435 acrius
2836 4377 3111 4436 deterrere
3149 4378 3486 4438 Christianos
3512 4381 3580 4439 ab

1988 4483 2173 4525 amore
2220 4468 2664 4537 fornicationum,
2710 4470 2810 4525 nisi
2860 4470 2950 4526 ubi
2995 4469 3123 4526 dixit
3159 4489 3172 4526 :
3204 4470 3412 4528 Tollens
3454 4490 3573 4546 ergo

1988 4561 2211 4615 membra
2236 4558 2459 4628 Christi,
2495 4564 2679 4633 faciam
2719 4563 2943 4617 membra
2970 4562 3282 4618 meretricis?
3308 4563 3376 4620 Ut
3403 4574 3580 4621 autem

1991 4656 2094 4709 hoc
2118 4652 2353 4723 diceret,
2381 4655 2626 4725 superius
2664 4655 2775 4710 ait:
2809 4654 3029 4712 Nescitis
3070 4657 3187 4730 quia
3226 4658 3313 4729 qui
3355 4658 3584 4715 adlueret

1989 4748 2271 4815 meretrici,
2295 4764 2455 4802 unum
2494 4765 2679 4820 corpus
2723 4750 2969 4820 eï¬icitur?
3004 4750 3071 4804 Et
3109 4752 3470 4807 testimonium
3516 4753 3583 4810 de

1989 4838 2264 4911 Scriptura
2289 4839 2438 4895 dedit
2463 4840 2605 4911 quod
2631 4841 2884 4911 scriptum
2915 4849 3021 4908 est,
3050 4840 3218 4897 Erunt
3241 4844 3342 4898 duo
3357 4845 3410 4899 in
3432 4862 3587 4901 carne

1990 4952 2092 4991 una
2122 4935 2164 5010 (l
2194 4935 2311 4993 Cor.
2353 4952 2439 5003 vt,
2473 4937 2570 5003 15,
2601 4937 2671 4992 16
2693 4978 2706 5002 ,
2732 4946 2778 4990 et
2821 4934 2947 4991 Gen.
2986 4952 3053 5002 Î¹Î¹,
3083 4937 3199 5007 24).
3245 4938 3455 4996 Dictum
3502 4950 3586 4996 est

1989 5028 2131 5084 enim
2154 5026 2255 5083 hoc
2276 5026 2530 5083 divinitus
2555 5045 2568 5084 :
2596 5027 2689 5083 sed
2711 5027 2777 5083 de
2797 5028 2914 5083 viro
2933 5036 2987 5085 et
3014 5044 3183 5085 uxore
3206 5029 3294 5086 ubi
3320 5030 3463 5098 licet,
3494 5031 3586 5088 ubi

1990 5133 2304 5176 concessum
2351 5128 2464 5188 est,
2497 5119 2587 5174 ubi
2635 5118 2918 5175 honestum
2964 5128 3080 5187 est;
3113 5135 3220 5177 non
3262 5120 3355 5177 ubi
3386 5131 3572 5193 turpe,

1991 5226 2098 5267 non
2129 5209 2219 5265 ubi
2249 5209 2489 5266 illicitum
2510 5253 2525 5278 ,
2548 5226 2657 5267 non
2687 5211 2775 5267 ubi
2803 5212 2947 5269 omni
2995 5213 3204 5271 ratione
3251 5214 3580 5273 damnabile.

1990 5303 2139 5361 Sicut
2158 5313 2337 5360 autem
2367 5319 2470 5359 una
2497 5306 2555 5360 fit
2588 5320 2713 5360 caro
2739 5306 2793 5361 in
2836 5307 3190 5378 permixtione
3229 5308 3374 5364 licita
3394 5310 3493 5364 viri
3524 5319 3582 5366 et

1992 5398 2209 5453 uxoris:
2234 5397 2312 5454 sic
2342 5412 2444 5452 una
2480 5397 2538 5453 ï¬t
2571 5414 2697 5455 caro
2720 5400 2774 5455 in
2807 5401 3168 5471 permixtione
3198 5402 3377 5459 illicita
3406 5418 3585 5459 mere-

1992 5490 2141 5547 tricis
2178 5497 2232 5546 et
2276 5491 2553 5547 amatoris.
2584 5490 2718 5547 Cum
2761 5507 2891 5563 ergo
2938 5508 3039 5548 una
3087 5495 3145 5550 fit
3186 5510 3342 5559 caro,
3371 5494 3501 5549 illud
3534 5503 3586 5551 te

2004 5589 2242 5649 terreat,
2272 5581 2400 5638 illud
2446 5581 2731 5640 exhorreat
2771 5583 2915 5655 quod
2951 5585 3187 5651 addidit,
3215 5584 3421 5641 Totiens
3468 5603 3588 5660 ergo

1993 5676 2216 5736 membra
2249 5674 2451 5735 Christi.
2479 5676 2711 5737 Membra
2740 5676 2936 5740 Christi
2980 5677 3223 5754 attende,
3255 5676 3583 5746 christiane:

2060 5877 2079 5919 â¸
2105 5882 2265 5946 Forte.
2289 5888 2383 5951 qua
2406 5874 2624 5954 diligitur
2649 5874 2902 5942 amaris.
