4046 6360
505 342 647 401 1'55!-

505 407 743 528 membra
769 452 966 512 Christi
992 449 1098 526 noli
1124 447 1177 504 in
1205 446 1409 513 altero,
1436 443 1492 500 in
1512 449 1566 502 te
1592 443 1809 516 attende
1834 437 2074 495 membra

503 539 742 618 Christi,
774 549 861 620 qui
886 552 1096 615 emptus
1121 556 1180 598 es
1207 538 1464 610 sanguine
1489 535 1706 610 Christi.
1737 532 1942 588 Totiens
1962 544 2082 601 ergo

506 642 724 700 membra
763 638 976 705 Christi,
1004 638 1188 706 factam
1233 631 1458 686 membra
1507 625 1819 684 meretricis?
1841 623 1955 698 Hoc
1995 621 2086 694 qui

505 749 616 793 non
645 733 827 802 horret
845 771 859 795 ,
890 728 1000 782 Deo
1029 727 1233 782 horret.
1617 789 1619 792 Q

575 823 800 881 CAPUT
829 820 916 877 lV.
949 847 1022 860 --
1044 819 1097 875 4.
1124 817 1356 872 Charitas
1379 814 1552 870 divina
1587 827 1809 886 amorem
1848 807 2086 865 illicitum

504 917 780 974 meretricis
815 931 918 970 non
954 913 1276 984 compatitur.
1315 909 1576 974 Prorsus,
1610 917 1828 976 prorsus
1857 901 2083 978 obsecro

505 1027 632 1080 vos,
666 1011 855 1068 fratres
881 1008 984 1065 mei
1013 1025 1026 1061 :
1054 1020 1182 1062 ecce
1211 1016 1469 1075 ponamus
1487 1042 1505 1069 ,
1535 997 1676 1072 quod
1707 1012 1811 1052 non
1834 1003 1936 1061 est,
1957 1007 2087 1064 pro-

505 1104 717 1160 misisse
757 1103 924 1160 Deum
953 1100 1148 1156 talibus
1189 1096 1554 1170 impunitatem
1575 1133 1592 1161 ,
1620 1099 1675 1162 et
1706 1089 1954 1168 dixisse,
1984 1085 2088 1156 Qui

506 1195 628 1251 talia
659 1194 916 1258 fecerint,
942 1191 1238 1248 miserebor
1274 1204 1459 1257 eorum
1479 1229 1493 1253 ,
1521 1200 1628 1242 non
1668 1199 1762 1240 eos
1799 1179 2085 1238 damnabo.

505 1286 786 1344 Faciamus
815 1284 917 1339 hoc
941 1283 1140 1338 dixisse
1162 1281 1347 1336 Deum.
1373 1278 1542 1332 Etiam
1568 1275 1830 1348 promissa
1855 1270 2084 1342 impuni-

505 1386 615 1434 tate
641 1375 778 1430 tollit
801 1373 1023 1446 quisque
1052 1371 1287 1428 membra
1309 1368 1505 1439 Christi
1525 1411 1539 1434 ,
1563 1375 1618 1425 et
1645 1367 1768 1421 facit
1787 1364 1896 1436 jam
1918 1377 2098 1439 mem:

506 1469 603 1525 bra
633 1465 967 1524 meretricis?
991 1464 1107 1521 Non
1131 1463 1255 1520 facit
1275 1503 1288 1527 ,
1317 1463 1363 1516 si
1393 1469 1476 1532 est
1505 1461 1575 1515 ibi
1606 1458 1763 1516 tertia
1800 1455 1978 1528 divina
2005 1452 2088 1508 di-

505 1562 685 1618 lectio.
745 1546 953 1616 Etenim
1014 1567 1121 1612 tres
1169 1553 1481 1610 dilectiones
1533 1545 1990 1607 commemoravi:
2022 1544 2092 1622 de

505 1653 678 1708 tribus
701 1665 787 1707 me
806 1691 822 1717 ,
852 1648 993 1722 quod
1021 1647 1279 1712 Dominus
1305 1645 1492 1711 daret,
1523 1642 1787 1720 dicturum
1819 1653 1939 1694 esse
1962 1651 2090 1708 pro-

503 1743 662 1807 misi;
689 1742 755 1798 de
799 1741 943 1796 licita
987 1740 1217 1808 humana
1241 1777 1256 1802 ,
1287 1735 1354 1792 de
1395 1735 1577 1790 illicita
1615 1732 1844 1788 humana
1865 1770 1881 1796 ,
1907 1727 1976 1784 de
2001 1727 2093 1782 illa

507 1835 792 1894 excellenti
817 1843 978 1905 atque
1000 1832 1199 1890 divina.
1232 1830 1625 1904 Interrogemus
1653 1824 1886 1880 divinam
1912 1819 2092 1894 charia-

507 1937 670 1985 tatem
691 1969 706 1996 ,
736 1936 789 1982 et
812 1940 1073 1998 ponamus
1097 1934 1220 1978 ante
1242 1922 1386 1978 illam
1416 1919 1550 1975 duas
1576 1917 1837 1972 humanas
1857 1913 2090 1970 charita-

507 2029 590 2077 tes
608 2062 625 2089 ,
653 2029 705 2075 et
730 2020 969 2075 dicamus
989 2017 1036 2071 ei
1061 2034 1075 2069 :
1102 2016 1239 2072 Ecce
1264 2012 1408 2070 licita
1437 2010 1670 2067 charitas
1696 2009 1924 2062 humana
1942 2047 1956 2072 ,
1989 2017 2092 2075 qua

511 2127 644 2170 uxor
670 2110 926 2186 diligitur,
959 2117 1016 2164 et
1055 2107 1176 2183 ﬁliae
1206 2105 1429 2184 aliaeque
1472 2099 1892 2178 neccssitudincs
1918 2110 2090 2151 saecu-

507 2203 648 2264 lares
673 2220 687 2256 :
711 2215 836 2257 ecce
879 2200 982 2254 alia
1012 2198 1195 2253 illicita
1217 2238 1231 2263 ,
1260 2210 1363 2266 qua
1402 2193 1636 2263 diligitur
1670 2189 1919 2271 meretrix
1943 2228 1958 2252 ,
1989 2199 2094 2268 qua

508 2293 744 2362 diligitur
766 2289 957 2346 ancilla
987 2288 1156 2344 aliena
1176 2329 1188 2350 ,
1231 2299 1335 2358 qua
1361 2283 1596 2354 diligitur
1623 2281 1797 2336 aliena
1839 2278 1943 2332 ﬁlia
1984 2291 2093 2331 non

507 2385 672 2455 petita
695 2423 710 2448 ,
743 2397 848 2436 non
880 2379 1139 2450 promissa
1159 2419 1173 2443 ,
1199 2391 1298 2448 qua
1321 2374 1557 2443 diligitur
1585 2386 1724 2427 uxor
1747 2368 1939 2424 aliena.
1967 2367 2093 2420 Duze

508 2485 633 2533 ante
660 2483 711 2530 te
731 2480 857 2528 sunt
875 2471 1159 2528 charitates
1179 2485 1195 2533 ;
1218 2484 1339 2524 cum
1366 2481 1467 2537 qua
1487 2465 1708 2519 istarum
1736 2462 1816 2516 vis
1838 2457 2094 2514 manere?

508 2567 608 2636 Qui
638 2565 785 2636 eligit
827 2577 1045 2618 manere
1090 2576 1209 2616 cum
1242 2547 1332 2615 illa
1361 2557 1590 2612 humana
1639 2554 1810 2636 licita,
1837 2567 1958 2606 cum
2006 2549 2095 2606 illa

511 2657 740 2715 humana
784 2655 968 2709 illicita
998 2668 1104 2707 non
1135 2657 1330 2706 manet.
1366 2649 1532 2703 Nemo
1561 2646 1661 2702 sibi
1690 2643 1832 2700 dicat
1852 2685 1867 2711 ,
1896 2637 2094 2699 Ambas

511 2748 703 2803 habeo.
735 2745 791 2812 Si
822 2743 1006 2798 ambas
1031 2732 1196 2797 habes
1222 2733 1551 2794 admittendo
1587 2735 1651 2790 ad
1677 2745 1728 2792 te
1747 2729 2092 2790 dilectionem

510 2837 810 2894 meretricis
829 2877 844 2900 ,
875 2833 1121 2905 injuriam
1152 2831 1280 2885 facis
1308 2840 1554 2899 tanquam
1575 2835 1860 2893 matronm,
1881 2841 1998 2896 quae
2023 2824 2094 2880 ibi

510 2919 743 2989 habitat,
783 2927 980 2982 divinae
1019 2923 1282 2979 charitati.
1310 2922 1444 2977 Puto
1484 2925 1660 2984 enim,
1693 2919 1814 2989 quia
1857 2911 1907 2973 si
1935 2916 2095 2973 homo

513 3022 827 3092 conjugatus
853 3019 956 3082 sis,
980 3024 1035 3072 ct
1058 3015 1245 3086 diligas
1265 3012 1600 3068 meretricem
1623 3052 1637 3076 ,
1660 3026 1766 3066 non
1795 3009 1959 3064 mittis
1985 3023 2097 3062 me-

512 3113 759 3172 retricem
785 3111 841 3165 in
885 3109 1101 3164 domum
1145 3116 1326 3172 tuam,
1359 3113 1416 3159 ut
1461 3103 1664 3158 habitet
1687 3117 1808 3157 cum
1852 3110 2097 3156 matrona

513 3215 625 3262 tua.
671 3203 784 3260 Non
814 3216 982 3272 usque
1005 3199 1142 3254 adeo
1183 3196 1541 3268 progrederis.
1567 3194 1838 3251 Tenebras
1865 3192 2059 3261 quaeris
2077 3235 2094 3261 ,

512 3295 746 3354 latebras
769 3294 994 3364 qumris,
1025 3289 1405 3361 turpitudinem
1445 3304 1550 3344 non
1591 3282 1875 3358 profiteris.
1910 3284 2013 3341 Sed
2042 3294 2099 3344 et

516 3387 606 3458 qui
636 3401 742 3441 non
774 3385 969 3439 habent
996 3397 1190 3436 uxores
1209 3421 1225 3449 ,
1256 3390 1310 3436 et
1336 3387 1459 3434 sunt
1486 3379 1825 3434 meretricum
1855 3377 2005 3449 quasi
2035 3377 2101 3432 li-

515 3477 722 3540 centius
752 3486 1017 3530 amatores
1045 3470 1190 3542 (ideo
1214 3470 1356 3536 dixi,
1382 3467 1544 3539 Quasi
1565 3510 1580 3536 ,
1603 3468 1726 3540 quia
1779 3476 1834 3523 et
1875 3467 1976 3540 ipSi
2002 3465 2098 3524 da-

518 3575 794 3630 mnantur,
822 3565 865 3621 si
883 3565 992 3635 jam
1011 3571 1136 3619 sunt
1159 3558 1366 3635 fideles)
1388 3579 1403 3627 ;
1428 3549 1554 3632 puto
1569 3560 1692 3634 quia
1711 3559 1766 3616 et
1783 3552 2099 3640 adolescens

516 3657 752 3715 nondum
782 3655 985 3711 habens
1012 3669 1263 3719 uxorem,
1294 3653 1338 3708 si
1376 3651 1560 3723 diligat
1593 3653 1927 3707 meretricem
1949 3691 1964 3718 ,
1992 3665 2099 3706 non

516 3762 638 3804 eam
678 3745 804 3801 facit
845 3744 1083 3800 habitare
1121 3758 1242 3798 cum
1291 3757 1478 3798 sorore
1519 3757 1649 3808 sua,
1677 3747 1786 3798 non
1831 3756 1948 3796 eam
1978 3740 2102 3818 facit

518 3837 757 3893 habitare
777 3852 900 3891 cum
928 3846 1098 3891 matre
1137 3851 1260 3901 sua,
1286 3851 1352 3890 ne
1379 3834 1622 3906 injuriam
1663 3832 1818 3889 faciat
1856 3833 2102 3914 humana:

515 3927 820 4000 pudicitiae,
852 3942 920 3982 ne
962 3925 1200 3982 olfendat
1236 3925 1400 3981 decus
1443 3917 1715 3995 sanguinis
1741 3915 1933 3989 suifSi
1976 3929 2103 3996 ergo

517 4037 625 4077 non
675 4018 806 4076 facis
851 4016 1091 4074 habitare
1130 4017 1499 4084 meretricem,
1531 4021 1687 4087 quam
1717 4003 1948 4087 "diligis,
1981 4003 2103 4080 cum

517 4120 688 4169 matre
715 4120 803 4166 tua
825 4153 837 4176 ,
862 4126 982 4166 cum
1011 4124 1196 4166 sorore
1239 4117 1357 4186 tua,
1385 4107 1650 4176 ne,‘sicut
1690 4106 1834 4173 dixi,
1864 4107 2104 4164 oll‘endas

518 4205 685 4260 decus
713 4203 984 4274 sanguinis
1015 4201 1122 4267 tui;
1148 4199 1277 4256 facis
1309 4199 1547 4255 habitare
1576 4199 1628 4254 in
1657 4199 1826 4255 corde
1846 4208 1939 4254 tuo
1963 4198 2104 4256 dile-

518 4299 750 4353 ctionem
781 4295 1078 4352 meretricis
1123 4311 1245 4350 cum
1290 4293 1575 4350 dilectione
1612 4291 1742 4362 Dei,
1781 4301 1837 4349 et
1877 4293 2104 4350 offendis

518 4388 682 4445 decus
708 4389 978 4459 sanguinis
1005 4385 1232 4442 Christi?

588 4501 815 4559 CAPUT
856 4501 919 4574 V.
947 4531 1018 4543 —
1043 4500 1100 4556 5.
1143 4499 1295 4554 Lucis
1317 4499 1528 4575 internae
1546 4514 1716 4553 amore
1738 4497 1968 4570 exemplo
1987 4499 2108 4555 ι’ωοί

519 4595 846 4670 clamandum
883 4593 1006 4666 bene
1041 4592 1266 4658 vivendo.
1300 4589 1646 4650 Contradictio
1692 4590 1888 4645 mundi.
1915 4591 2106 4646 Amate

519 4689 689 4746 Deum
707 4728 723 4756 ,
753 4687 884 4743 nihil
915 4686 1103 4742 melius
1128 4683 1397 4740 invenitis.
1424 4684 1628 4738 Amatis
1654 4693 1955 4756 argentum,
1983 4685 2106 4754 quia

521 4781 716 4838 melius
757 4786 842 4836 est
877 4778 1018 4834 ferro
1063 4787 1117 4834 et
1159 4785 1450 4833 atramento
1473 4793 1487 4830 :
1510 4775 1703 4832 amatis
1734 4776 1852 4847 plus
1881 4792 2068 4834 aurum
2089 4819 2103 4845 ,

521 4873 643 4945 quia
667 4872 856 4928 melius
880 4880 962 4940 est
984 4878 1205 4941 argento
1225 4887 1237 4923 :
1255 4869 1445 4924 amatis
1467 4867 1588 4940 plus
1603 4867 1804 4940 lapides
1822 4869 2101 4940 pretiosos,

520 4963 645 5035 quia
666 4973 720 5020 et
739 4961 853 5017 auri
878 4961 1108 5032 pretium
1134 4969 1387 5032 superant
1412 4978 1423 5013 :
1449 4959 1640 5015 amatis
1655 4949 1924 5032 postremo
1949 4959 2105 5015 istam

522 5057 723 5121 lucem,
752 5067 913 5128 quam
954 5053 1222 5110 dimittere
1261 5051 1509 5108 formidat
1548 5055 1723 5108 omnis
1763 5051 1853 5124 qui
1880 5060 2107 5124 mortem

520 5148 708 5215 timet;
731 5147 950 5214 amatis,
985 5145 1234 5216 inquam,
1266 5144 1419 5199 istam
1455 5145 1658 5210 lucem,
1692 5145 1962 5217 quomodo
1986 5161 2104 5202 eam

521 5253 704 5296 amore
721 5237 952 5310 quodam
995 5237 1194 5308 ingenti
1236 5235 1608 5304 desiderabat,
1645 5237 1736 5310 qui
1764 5247 1884 5309 post
1923 5237 2104 5295 Iesum

522 5329 822 5396 clamabat,
855 5328 1096 5384 Miserere
1120 5328 1246 5395 mei,
1275 5327 1354 5396 ﬁli
1383 5327 1569 5382 David.
1615 5328 1890 5384 Clamabat
1932 5344 2108 5386 caecus

523 5425 740 5502 Christo
791 5433 1120 5481 transeunte.
1152 5421 1416 5478 Metuebat
1456 5421 1600 5478 enim
1636 5438 1703 5478 ne
1746 5424 2027 5492 transiret,
2055 5432 2111 5481 et

525 5535 633 5577 non
657 5528 888 5577 sanaret.
919 5519 985 5574 Et
1025 5527 1281 5591 quantum
1310 5517 1613 5574 clamabat?
1635 5519 1704 5575 Ut
1732 5520 1885 5576 turba
1914 5519 2098 5590 prohi-

526 5611 687 5668 bcnte
711 5628 820 5692 non
847 5621 1063 5668 taceret.
1106 5611 1244 5668 Vicit
1282 5611 1728 5668 contradictorem
1748 5657 1763 5680 ,
1794 5616 1961 5692 tenuit
1985 5614 2106 5674 Sal-

530 5689 784 5760 vatorem;
813 5703 1253 5774 Oltstrepentibus
1283 5704 1449 5759 turbis
1474 5713 1528 5760 et
1554 5705 1782 5761 clamare
1820 5689 2109 5777 prohiben-

529 5795 669 5853 tibus
686 5836 702 5865 ,
729 5799 875 5855 stetit
896 5798 1077 5866 Jesus,
1104 5796 1314 5882 vocavit
1339 5811 1492 5880 eum,
1521 5806 1577 5882 et
1600 5797 1733 5854 dixit
1753 5799 1800 5857 ei
1827 5816 1840 5854 :
1867 5799 2004 5882 Quid
2031 5800 2107 5856 vis

1739 323 1798 378 s.
1839 314 2205 402 Apeusruu
2233 315 2537 400 Episcopi

2193 434 2282 488 tibi
2307 432 2456 506 ﬁeri?
2487 432 2733 504 Domine,
2771 432 2976 506 inquit,
3016 439 3073 500 ut
3108 433 3324 492 videam.
3369 433 3612 508 Respice,
3641 439 3761 509 ﬁdes

2190 533 2278 580 tua
2300 535 2348 581 te
2374 527 2568 582 salvum
2604 527 2721 598 fecit
2745 513 2892 598 (Luc.
2938 542 3108 592 xvm,
3135 525 3352 595 38-42).
3396 527 3583 582 Amate
3609 528 3759 585 Chri-

2189 626 2366 686 stum;
2395 618 2692 676 desiderate
2717 618 2893 674 lumen
2916 660 2930 686 ,
2963 617 3104 690 quod
3133 626 3214 673 est
3252 616 3516 674 Christus.
3543 616 3596 673 Si
3623 619 3759 675 desi-

2190 710 2397 766 deravit
2420 710 2510 766 ille
2539 710 2715 766 lumen
2743 711 3003 782 corporis,
3020 718 3218 782 quanto
3239 711 3355 780 plus
3383 708 3564 766 lumen
3589 710 3756 777 cordis

2190 801 2496 858 desiderare
2519 801 2761 858 debetis?
2787 801 2868 863 Ad
2894 787 3047 869 eum,
3075 817 3181 856 non
3212 799 3430 856 vocibus
3446 842 3461 867 ,
3487 801 3579 856 sed
3603 805 3760 859 mori-

2191 893 2290 950 bus
2328 893 2638 949 clamemus.
2685 892 2943 949 Vivamus
2986 893 3152 968 bene,
3179 891 3433 946 mundum
3462 889 3764 949 cuntemna-

2191 971 2344 1042 mus:
2368 987 2499 1042 nihil
2525 987 2676 1042 nobis
2693 987 2762 1048 sit
2790 1001 2951 1042 omne
2978 983 3120 1056 quod
3145 984 3353 1067 transit.
3374 983 3763 1078 Bepreltensm-i

2192 1086 2316 1136 sunt
2341 1093 2464 1144 nos,
2495 1078 2707 1150 quando
2736 1077 2814 1133 sic
2840 1075 3159 1143 vixerimus,
3183 1075 3333 1147 quasi
3363 1075 3648 1132 dilectores
3675 1085 3786 1130 uo-‘

2192 1170 2287 1225 stri
2335 1168 2581 1226 homines
2619 1168 3205 1235 smculares,‘amantes
3244 1176 3474 1232 terram,
3503 1167 3766 1238 sapientes

2193 1263 2494 1333 pulverem,
2547 1261 2675 1316 nihil
2725 1249 2975 1318 de'cazlo
3022 1247 3313 1325 dueentes,
3365 1273 3525 1316 auras
3577 1250 3792 1314 liberas

2193 1353 2388 1421 corde,
2417 1369 2547 1409 nare
2571 1360 2853 1424 carpentes
2882 1371 2894 1406 :
2926 1333 3298 1422 reprehensuri
3320 1350 3444 1405 sunt
3469 1353 3568 1405 nos
3591 1339 3766 1419 procul

2193 1446 2384 1515 dubio,
2413 1455 2571 1518 atque
2596 1445 2809 1514 dicturi,
2829 1431 2873 1501 Si
2896 1445 3124 1500 viderint
3149 1460 3246 1500 nos
3273 1444 3370 1498 ista
3399 1443 3649 1508 humana,
3674 1442 3790 1522 ista‘

2195 1548 2407 1614 terrena
2457 1525 2799 1618 contemnere
2832 1556 2846 1594 :
2876 1537 3014 1606 Quid
3070 1538 3301 1610 pateris?
3351 1534 3476 1618 quid
3541 1533 3770 1590 insanis?

2194 1631 2371 1688 Turba
2391 1631 2478 1688 illa
2506 1641 2588 1688 est
2616 1613 2987 1687 contradicens
3005 1673 3022 1699 ,
3053 1647 3118 1688 ne
3146 1646 3319 1686 cmcus
3343 1613 3558 1704 clamet.
3584 1629 3650 1684 Et
3675 1629 3770 1682 ali-

2194 1709 2375 1795 quanti
2418 1725 2691 1780 christiani
2740 1732 2892 1788 sunt,
2935 1725 3023 1796 qui
3077 1725 3362 1795 prohibent
3408 1709 3772 1778 viverechri-

2196 1803 2368 1873 stiane
2392 1834 2405 1872 :
2429 1817 2550 1888 quia
2578 1825 2634 1872 et
2657 1805 2742 1872 illa
2770 1815 2922 1874 turba
2953 1831 3075 1872 cum
3104 1813 3319 1870 Christo
3357 1813 3696 1881 ambulabat,
3723 1821 3774 1868 ct

2195 1909 2572 1964 vociferantem
2605 1908 2874 1964 hominem
2897 1895 2962 1962 ad
2989 1907 3257 1962 Christum
3286 1922 3350 1962 ac
3379 1907 3550 1961 lucem
3571 1903 3776 1961 deside-

2195 2009 2400 2056 rantem
2446 2001 2513 2056 ab
2551 1999 2715 2071 ipsius
2742 1999 2938 2056 Christi
2986 1989 3246 2054 beneficio
3277 1987 3616 2070 prohibebat.
3645 1997 3777 2051 Sunt

2198 2091 2330 2147 tales
2359 2089 2793 2146 christiauizsed
2839 2086 3114 2146 vincamus
3160 2077 3780 2157 illos,'vivamushene;‘

2197 2189 2252 2238 et
2278 2181 2389 2251 ipsa
2416 2181 2522 2236 vita
2550 2181 2619 2237 sit
2645 2196 2746 2237 vox
2773 2192 2954 2238 nostra
2979 2181 3046 2236 ad
3065 2175 3356 2238 Christum.
3379 2171 3600 2250 Stabit;
3656 2181 3774 2253 quia

2196 2280 2320 2328 stat.
2685 2261 2688 2266 ’

2267 2361 2495 2420 CAPUT
2534 2361 2620 2426 γι.
2647 2393 2720 2406 -
2737 2365 2790 2430 6.
2815 2365 3001 2421 Christi
3025 2366 3285 2422 transitus.
3308 2365 3440 2422 Nam
3462 2375 3516 2422 et
3551 2367 3626 2422 ibi
3666 2382 3781 2438 my-

2197 2456 2416 2511 sterium
2445 2470 2691 2527 magnum
2722 2466 2822 2512 est.
2855 2443 3280 2513 Transiens’erat
3309 2443 3418 2525 ille,
3444 2447 3659 2528 quando
3689 2457 3777 2512 ille

2197 2546 2461 2602 clamabat
2495 2564 2507 2601 :
2538 2537 2750 2618 quando
2791 2548 3037 2616 sanavit,
3070 2537 3235 2604 stetit.
3269 2548 3553 2618 Transitus
3583 2550 3782 2605 Christi

2199 2639 2430 2694 intentos
2458 2652 2555 2694 nos
2581 2637 2738 2694 faciat
2762 2637 2829 2695 ad
2859 2633 3214 2695 elatnandum.
3238 2639 3368 2712 Quis
3404 2651 3486 2696 est
3524 2642 3783 2696 transitus

2196 2728 2437 2788 Christi?
2475 2717 2739 2803 Quidquid
2785 2748 2882 2804 pro
2930 2731 3084 2788 nobis
3123 2730 3487 2812 temporaliter
3535 2733 3782 2804 pertulit,

2200 2815 2452 2878 transitus
2477 2823 2593 2895 ejus
2617 2833 2719 2880 est.
2747 2824 2912 2880 Natus
2933 2833 3033 2888 est,
3059 2825 3269 2880 transiit
3293 2844 3305 2879 :
3327 2823 3586 2898 numquid
3611 2825 3798 2880 adhuc

2199 2915 2466 2971 nascitur?
2486 2915 2696 2984 Crevit,
2743 2917 2994 2972 transiit:
3038 2918 3292 2988 numquid
3333 2903 3507 2974 adhuc
3540 2907 3782 2974 crescit?

2198 3004 2350 3061 Suxit
2390 3025 2404 3063 :
2449 3007 2708 3078 numquid
2750 2999 2924 3064 adhuc
2963 3010 3139 3078 sugit?
3184 3001 3437 3064 Defessus
3484 3009 3783 3081 dormivit:

2200 3097 2456 3169 numquid
2485 3098 2660 3152 adhuc
2680 3089 2917 3155 dormit?
2954 3093 3287 3174 Manducavit
3329 3111 3382 3154 ct
3411 3101 3542 3156 bibit
3572 3119 3586 3156 :
3627 3119 3790 3158 num-

2200 3188 2325 3260 quid
2355 3188 2528 3252 adhuc
2564 3189 2722 3245 facit?
2751 3190 3028 3247 Postremo
3051 3200 3274 3262 prensus
3307 3199 3406 3258 est,
3437 3194 3648 3248 vinctus
3686 3206 3792 3264 est,

2201 3280 2511 3336 verberatus
2532 3290 2634 3360 est,
2667 3282 2831 3353 Spinis
2852 3293 3136 3340 coronatus
3156 3277 3256 3349 est,
3284 3277 3449 3360 alapis
3477 3275 3651 3341 caesus
3683 3297 3793 3357 est,

2201 3372 2370 3442 sputis
2413 3357 2608 3440 illitus,
2643 3373 2784 3444 ligno
2822 3389 3150 3446 suspensus,
3175 3369 3384 3431 Occisus
3405 3357 3634 3440 ,ilaucea
3667 3397 3795 3450 per-

2201 3481 2413 3533 cussus,
2457 3467 2697 3546 sepultus
2736 3457 3028 3523 resurrexit
3053 3487 3065 3523 :
3089 3468 3261 3524 adhuc
3293 3471 3499 3525 transit.
3529 3465 3796 3530 Ascendit

2203 3559 2258 3620 in
2288 3558 2513 3628 caelum,
2543 3559 2693 3616 sedet
2733 3561 2799 3616 ad
2843 3562 3115 3618 dexteram
3153 3564 3324 3618 Patris
3356 3547 3368 3619 ἐ
3409 3566 3575 3621 stetit.
3605 3567 3794 3624 Clama

2204 3659 2456 3720 quantum
2485 3660 2635 3722 potes
2660 3669 2673 3706 :
2705 3652 2864 3707 modo
2893 3662 2944 3708 te
2967 3641 3246 3708 illuminat.
3269 3653 3402 3710 Nam
3431 3664 3485 3711 et
3511 3656 3562 3709 in
3586 3651 3793 3728 eoipso

2205 3740 2347 3816 quod
2379 3729 2592 3796 Verbum
2621 3753 2726 3797 erat
2747 3744 2886 3814 apud
2902 3743 3084 3812 Deum,
3105 3735 3284 3816 utique
3307 3746 3497 3811 stabat,
3532 3749 3659 3818 quia
3688 3767 3798 3808 non

2205 3833 2528 3904 mutabatur.
2561 3831 2629 3888 Et
2660 3833 2798 3892 Deus
2824 3845 2930 3892 erat
2959 3831 3180 3890 Verbum
3201 3853 3220 3892 :
3241 3847 3287 3892 et
3324 3831 3536 3893 Verbum
3561 3831 3700 3894 caro'
3717 3835 3799 3911 [ιι-ὲ

2190 3913 2342 3985 imm
2364 3915 2453 3978 est.
2489 3917 2625 3981 Caro
2647 3940 2742 3996 per
2773 3927 3051 3981 transitum
3069 3927 3232 3984 multa
3256 3927 3399 3996 fecit,
3419 3937 3469 3983 et
3493 3945 3648 4000 passa
3673 3939 3758 3986 est
3781 3949 3795 3984 :

2208 4015 2440 4072 Verbum
2466 4018 2631 4073 stetit.
2655 4017 2774 4089 lpso
2800 4015 2976 4076 Verbo
3003 4035 3098 4076 cor
3125 4021 3493 4087 illuminatur;
3517 4024 3645 4093 quia
3678 4023 3800 4096 ipso

2208 4108 2386 4165 Verbo
2427 4125 2579 4177 caro,
2609 4126 2768 4182 quam
2808 4113 3073 4182 suscepit,
3122 4111 3433 4169 honoratur.
3475 4113 3631 4171 Tolle
3668 4115 3802 4171 Ver-

2209 4201 2355 4266 bum,
2385 4201 2510 4273 quid
2549 4211 2634 4258 est
2671 4202 2838 4259 caro?
2869 4203 2981 4258 Hoc
3009 4212 3089 4259 est
3119 4203 3261 4275 quod
3297 4213 3402 4259 tua.
3443 4204 3586 4261 Caro
3613 4218 3798 4262 autem

2209 4293 2410 4350 Christi
2431 4304 2489 4354 ut
2511 4296 2824 4364 honoratur,
2859 4296 3074 4352 Verbum
3091 4314 3210 4352 caro
3231 4298 3424 4368 factum
3446 4308 3540 4364 est,
3570 4309 3619 4356 et
3647 4302 3802 4355 habi-

2211 4387 2330 4530 ιςῖυἰι
2355 4387 2409 4442 in
2424 4388 2566 4443 nobis
2583 4386 2761 4464 (Joan.
2789 4404 2829 4456 ι,
2859 4390 2913 4457 i,
2936 4389 3050 4462 14).
3073 4388 3378 4470 Clamemus
3395 4405 3545 4474 ergo,
3571 4401 3629 4474 et
3660 4391 3804 4449 bene

2211 4490 2242 4530 v
2267 4492 2470 4530 vamus.

2210 4490 2470 4534 Vivamus.

2280 4592 2508 4650 CAPUT
2543 4593 2656 4649 νη.
2688 4624 2761 4636 -
2795 4595 2850 4652 7.
2908 4594 3202 4668 Diligantur
3242 4606 3492 4669 parentes,
3536 4601 3632 4656 sed
3688 4600 3805 4671 plus

2209 4685 2460 4742 Christus.
2475 4687 2662 4743 Amata
2687 4687 2826 4745 ﬁlios
2849 4697 3076 4754 vestros,
3098 4698 3271 4747 amate
3289 4691 3544 4762 coniuges
3567 4704 3804 4760 vestras,

2212 4784 2311 4839 etsi
2333 4784 2681 4841 szeculariter.
2711 4783 2844 4840 Nam
2874 4785 3163 4841 secundum
3193 4784 3466 4842 Christum
3492 4801 3681 4845 amare
3711 4789 3810 4846 de-

2211 4875 2368 4942 betis,
2399 4885 2458 4931 ut
2480 4876 2774 4933 secundum
2814 4877 2982 4932 Deum
3025 4877 3129 4933 illis
3156 4878 3470 4945 consulatis,
3493 4889 3554 4936 et.
3587 4895 3699 4936 non
3753 4881 3808 4936 in

2212 4967 2293 5022 eis
2334 4968 2433 5023 nisi
2465 4968 2736 5024 Christum
2778 4969 3036 5040 diligatis,
3077 4978 3132 5026 et
3166 4968 3388 5026 oderitis
3434 4970 3489 5030 in
3519 4972 3720 5027 vestris
3764 4973 3811 5026 si

2212 5057 2480 5115 Christum
2503 5059 2698 5117 habere
2717 5061 3007 5116 noluerint.
3033 5059 3151 5131 ipsa
3180 5061 3322 5117 enim
3349 5069 3433 5118 est
3450 5061 3693 5119 charitas
3717 5062 3809 5120 illa

2213 5149 2410 5208 divina.
2441 5153 2572 5209 Nam
2604 5153 2730 5224 quid
2759 5154 2839 5210 eis
2868 5153 3108 5225 proderit
3133 5155 3438 5212 transitoria
3470 5164 3522 5212 et
3553 5155 3810 5212 mortalis

2214 5243 2449 5299 charitas
2474 5245 2686 5300 vestra?
2701 5246 2902 5302 Tamen
2925 5245 3140 5316 quando
3157 5255 3211 5301 et
3228 5247 3536 5302 humanitus
3557 5248 3808 5318 diligitis,

2213 5336 2335 5409 plus
2363 5337 2626 5394 Christum
2667 5344 2862 5391 amate.
2889 5336 3010 5392 Non
3034 5337 3157 5394 dico
3187 5347 3247 5394 ut
3278 5353 3384 5395 non
3431 5339 3622 5410 diligas
3673 5355 3813 5396 uxo-

2215 5444 2362 5496 rem;
2395 5428 2488 5484 sed
2516 5428 2632 5499 plus
2659 5428 2822 5500 dilige
2841 5429 3132 5487 Christum.
3156 5431 3270 5488 Non
3311 5431 3431 5488 dico
3458 5440 3517 5488 ut
3543 5446 3652 5494 non
3681 5432 3878 5490 diu."

2218 5537 2310 5593 gas
2336 5529 2560 5592 patrem,
2592 5535 2697 5577 non
2725 5521 2847 5590 dico
2883 5531 2940 5578 ut
2984 5539 3088 5578 nou
3125 5522 3313 5594 diligas
3335 5525 3500 5590 filios;
3544 5525 3640 5580 sed
3685 5527 3810 5598 plus

2219 5615 2376 5685 dilige
2398 5614 2686 5670 Christum.
2731 5614 2866 5670 Audi
2903 5615 3050 5670 illum
3080 5614 3376 5682 dicentem,
3406 5631 3474 5672 ne
3502 5630 3617 5672 mea
3650 5603 3811 5688 putes

2217 5710 2313 5764 ista
2334 5708 2526 5764 verba:
2557 5691 2656 5775 Qui
2676 5719 2810 5763 amat
2827 5697 3018 5781 patrem
3039 5717 3129 5766 aut
3157 5718 3368 5764 matrem
3392 5711 3508 5782 plus
3526 5727 3682 5782 quam
3704 5728 3809 5780 me,

2215 5794 2317 5856 tum
2345 5807 2419 5857 est
2441 5813 2520 5857 me
2545 5801 2726 5873 dignus
2752 5800 2964 5872 (Matth.
2997 5809 3049 5870 x,
3076 5799 3193 5876 37).
3215 5800 3438 5870 Quando
3462 5801 3641 5884 audis,
3675 5802 3806 5862 Non
