4080 6360
275 358 416 415 1553

1701 335 1927 398 SERMO
1965 338 2154 395 (λυαιι.

3416 366 3546 423 1534

268 464 458 528 eam
478 468 682 539 dignus,
710 471 812 520 nan
846 465 1032 519 limes?
1062 464 1137 520 De
1160 477 1265 534 quo
1290 462 1416 517 dicit
1432 460 1700 523 Christus,
1734 442 1866 511 Non-
1906 482 1929 491 οη
1964 444 2089 512 licta
2127 446 2337 529 nostra,
2368 472 2414 517 et
2450 469 2721 523 resurrexit
2761 479 2961 540 propter
2986 460 3545 546 justiﬁcationemrno;

270 574 339 620 at
368 579 449 614 me
476 562 680 630 dignus,
707 575 811 613 non
835 567 915 623 est
934 572 1055 612 cum
1082 557 1170 615 illo
1191 575 1204 609 :
1224 557 1311 629 qui
1335 570 1457 609 cum
1490 554 1582 608 illo
1607 566 1711 613 non
1735 551 1857 616 erit,

270 655 357 717 ubi
390 653 525 707 erit?
553 652 607 705 Si
654 665 758 705 non
802 665 950 703 amas
988 664 1108 709 cum
1149 649 1241 702 illo
1280 662 1420 712 csse,
1468 645 1592 700 time
1621 645 1737 701 sine
1770 644 1858 703 illo

266 762 405 802 esse.
438 745 615 811 Quare
650 744 777 796 time
818 742 932 795 sine
977 740 1067 794 illo
1111 738 1267 794 esse?
1303 738 1435 806 Quia
1480 752 1599 793 cum
1645 734 1859 791 diabolo

266 839 395 903 eris,
430 838 474 891 si
504 852 625 892 cum
647 835 862 889 Christo
891 848 994 889 non
1020 831 1199 889 fueris.
1233 831 1302 886 Et
1332 830 1417 884 ubi
1446 829 1547 884 crit
1579 826 1858 883 diabolus?

264 929 405 985 Audi
438 928 613 998 ipsum
641 926 912 989 Christum
949 942 961 977 :
991 921 1075 978 Ite
1102 923 1156 976 in
1177 923 1340 993 ignem
1358 930 1620 985 a’ternum,
1652 918 1738 989 qui
1766 934 1858 987 pa-

265 1034 412 1076 ratus
428 1030 501 1075 est
519 1020 721 1074 diabolo
739 1027 789 1079 et
802 1018 994 1089 angelis
1013 1018 1124 1087 ejus
1140 1015 1348 1088 (Matth.
1367 1029 1506 1081 xxv,
1523 1011 1635 1085 41).
1652 1013 1707 1067 Si
1737 1013 1857 1082 igne

263 1115 386 1169 cmli
409 1110 867 1175 nonaccenderis,
894 1110 1066 1179 ignem
1095 1109 1222 1163 time
1248 1107 1633 1178 gehennarum.
1662 1104 1717 1161 Si
1748 1119 1855 1160 non

262 1219 413 1257 amas
440 1218 561 1257 esse
584 1202 725 1256 inter
753 1201 985 1273 Angelos
1020 1200 1132 1265 Dei,
1173 1199 1300 1254 time
1328 1214 1449 1257 esse
1474 1199 1614 1257 inter
1638 1197 1857 1268 angelos

263 1298 485 1353 diaboli.
501 1296 554 1352 Si
574 1310 677 1349 non
699 1308 847 1348 amas
866 1307 988 1347 esse
1010 1293 1063 1346 in
1080 1307 1265 1363 regno,
1286 1292 1411 1346 time
1431 1305 1549 1349 esse
1572 1290 1626 1345 in
1647 1290 1858 1345 camino

266 1391 401 1457 ignis
426 1388 685 1453 ardentis,
719 1384 1162 1456 inexstingnibilis
1181 1425 1195 1449 ,
1224 1381 1555 1453 sempiterni.
1576 1381 1766 1438 Vincat
1799 1382 1856 1440 in

268 1492 317 1535 te
342 1480 495 1551 prius
522 1480 680 1533 timor
703 1479 742 1545 ¹,
782 1486 837 1533 et
863 1462 971 1532 erit
996 1491 1164 1530 amor.
1198 1474 1381 1529 Timor
1420 1473 1735 1543 paedagogus
1762 1472 1853 1539 sit,

268 1587 372 1627 non
401 1573 516 1641 ipse
557 1572 609 1624 in
638 1580 689 1625 te
717 1577 1012 1635 remaneat,
1034 1567 1128 1623 sed
1161 1576 1212 1623 te
1235 1566 1302 1622 ad
1330 1564 1642 1621 charitatem
1662 1605 1677 1633 ,
1704 1564 1855 1635 quasi

268 1664 330 1719 ad
360 1664 677 1734 magistrum
706 1660 987 1732 perducat.

763 1791 989 1849 SERMO
1026 1789 1235 1846 CCCL‘
1261 1788 1359 1860 (α).

806 1905 884 1961 De
912 1904 1187 1970 Charitate,
1217 1917 1253 1957 ιι
1290 1900 1387 1973 (b).

334 2051 388 2104 i.
429 2045 707 2102 Charitatis
750 2044 881 2099 laus.
910 2041 1014 2096 Per
1040 2057 1150 2095 eam
1182 2039 1353 2093 diuina
1380 2034 1615 2091 doctrina
1637 2034 1747 2090 sine
1775 2049 1854 2088 er-

262 2161 380 2197 rore
400 2138 863 2211 comprehenditur,
890 2136 1000 2191 sine
1026 2134 1194 2189 labore
1219 2131 1517 2187 custoditur.
1553 2126 1854 2182 Mandatum

264 2250 449 2289 novum
482 2232 674 2302 faciem
708 2230 960 2285 hominem
984 2242 1189 2281 novum.
1220 2223 1523 2278 Divinarum
1552 2219 1854 2289 Scriptura-

262 2342 380 2380 rum
409 2324 756 2393 multiplicem
782 2317 1179 2381 abundantiam,
1214 2304 1631 2382 latissimamque
1651 2308 1855 2365 doctri-

260 2434 406 2482 nam,
422 2418 614 2472 fratres
632 2415 757 2481 mei,
778 2415 892 2469 sine
907 2412 1016 2467 ullo
1032 2424 1216 2466 errore
1236 2405 1659 2477 comprehendit,
1673 2403 1855 2459 etsine

261 2510 374 2563 ullo
406 2508 591 2562 labore
619 2504 871 2571 custodit,
897 2503 1050 2572 cujus
1074 2515 1169 2555 cor
1192 2499 1409 2571 plenum
1438 2505 1521 2553 est
1539 2495 1798 2551 charitate
1836 2510 1851 2548 :

268 2601 487 2656 dicente
514 2598 789 2670 Apostolo,
812 2594 1083 2651 Plenitudo
1104 2600 1267 2647 autem
1286 2590 1409 2661 legis
1435 2590 1657 2644 charitas
1677 2588 1852 2659 (Rom.

262 2708 379 2759 xm,
408 2691 534 2762 10);
562 2699 617 2746 et
642 2690 747 2744 alio
770 2688 908 2755 loco,
930 2686 1078 2741 Finis
1096 2693 1263 2739 autem
1288 2681 1525 2754 pracepti
1546 2688 1618 2735 est
1636 2679 1856 2735 charitas

263 2786 326 2839 de
342 2784 497 2838 corde
532 2798 682 2853 puro,
713 2789 759 2835 et
792 2778 1097 2835 conscientia
1144 2776 1307 2843 bona,
1332 2783 1381 2829 et
1424 2772 1527 2843 ﬁde
1557 2788 1660 2829 non
1692 2771 1852 2841 ﬁcta?

264 2876 306 2950 (Ι
336 2877 475 2931 Tim.
508 2892 547 2939 ι,
572 2875 647 2944 5).
676 2874 807 2939 Quis
826 2880 1103 2929 estautem
1132 2869 1252 2927 ﬁnis
1282 2867 1555 2938 praecepti,
1584 2865 1686 2920 nisi
1713 2879 1853 2934 prac-

263 2969 407 3039 eepti
445 2966 795 3036 adimpletio?
827 2973 882 3020 et
920 2962 1048 3033 quid
1081 2972 1165 3017 est
1207 2959 1462 3033 praecepti
1508 2956 1852 3028 adimpletio,

261 3062 369 3117 nisi
398 3061 534 3130 legis
563 3057 879 3129 plenitudo?
907 3055 1061 3125 Quod
1088 3069 1217 3125 ergo
1242 3053 1312 3109 ibi
1361 3052 1496 3108 dixit
1520 3093 1533 3114 ,
1580 3048 1853 3105 Plenitudo

262 3155 393 3223 legis
418 3161 490 3206 est
512 3152 770 3214 charitas;
798 3150 898 3205 hoc
926 3149 1085 3221 etiam
1114 3146 1200 3200 hic
1240 3144 1406 3210 dixit,
1439 3141 1585 3197 Finis
1621 3140 1857 3211 praecepti

264 3254 340 3300 est
372 3244 613 3297 charitas.
632 3240 739 3297 Nec
766 3238 997 3299 dubitari
1015 3237 1124 3292 ullo
1145 3235 1305 3290 modo
1331 3241 1526 3305 potest,
1553 3232 1694 3301 quod
1723 3241 1856 3291 tem:-

263 3336 415 3406 ptum
458 3334 551 3388 Dei
592 3333 659 3387 sit
697 3330 890 3397 homo,
942 3329 1009 3391 in,
1037 3344 1144 3399 quo
1182 3326 1383 3393 habitat
1421 3326 1673 3381 charitas.
1720 3324 1857 3379 Dicit

264 3427 412 3485 enim
445 3432 503 3479 et
540 3423 772 3479 Joannes
794 3462 810 3490 ,
845 3421 981 3476 Deus
1008 3421 1231 3483 charitas
1260 3429 1332 3475 est
1366 3418 1428 3489 (Ι
1455 3418 1614 3473 Joan.
1639 3432 1717 3483 tv,
1756 3416 1851 3485 8).

264 3516 395 3583 Haec
419 3524 599 3570 autem
640 3513 881 3579 dicentes
919 3510 1159 3581 Apostoli
1183 3519 1241 3566 et
1280 3510 1435 3566 nobis
1461 3508 1736 3575 charitatis
1764 3523 1855 3563 ex-

264 3607 574 3663 cellentiam
616 3602 1087 3670 commendantes,
1126 3615 1233 3657 non
1294 3600 1474 3671 utique
1520 3598 1701 3666 aliud,
1752 3595 1853 3663 nisi

262 3698 410 3769 quod
447 3696 810 3763 comederunt,
858 3702 1104 3750 ructuare
1146 3700 1451 3763 potuerunt.
1502 3690 1619 3759 ipse
1660 3688 1854 3771 quippe

263 3789 528 3843 Dominus
554 3802 779 3857 pascens
806 3800 902 3841 eos
932 3786 1094 3841 verbo
1118 3784 1359 3840 veritatis
1377 3824 1391 3849 ,
1424 3782 1588 3837 verbo
1622 3780 1855 3837 charita-

264 3882 356 3946 tis,
386 3879 531 3949 quod
552 3888 634 3935 est
663 3879 777 3948 ipse
807 3876 957 3947 panis
982 3877 1156 3943 vivus,
1178 3874 1269 3945 qtti
1295 3874 1361 3930 de
1385 3874 1523 3929 ctelo
1553 3872 1849 3941 descendit,

268 3973 598 4040 Mandatum,
623 3971 812 4041 inquit,
830 3986 1012 4024 novum
1028 3969 1093 4023 do
1117 3968 1277 4034 vobis,
1300 3976 1353 4022 ut
1372 3967 1592 4038 diligatis
1616 3966 1854 4022 invicem:
1890 4016 1896 4022 .

270 4066 337 4122 Et
356 4063 649 4128 iterum,ln
675 4064 767 4117 hoc
783 4062 939 4116 scient
968 4076 1138 4115 omnes
1174 4061 1291 4131 quia
1326 4059 1562 4129 discipuli
1592 4058 1687 4112 mei
1718 4058 1852 4123 estis,

268 4159 313 4212 si
332 4174 419 4212 vos
444 4157 660 4211 invicem
681 4153 958 4209 dilexeritis
984 4152 1162 4224 (Joan.
1186 4167 1301 4219 xm,
1333 4150 1421 4218 34,
1443 4151 1557 4222 35).
1581 4150 1673 4205 Ille
1711 4150 1853 4206 enim

269 4250 359 4319 qui
385 4249 539 4304 venit
564 4263 658 4319 per
692 4246 869 4302 crucis
897 4244 1197 4300 irrisionem
1229 4243 1405 4298 carnis
1432 4241 1698 4313 perimere
1728 4258 1854 4297 θοι*-

269 4341 596 4411 ruptionem,
628 4346 1021 4395 etvetustatem
1062 4337 1259 4392 vinculi
1286 4336 1474 4391 mortis
1501 4343 1698 4391 nostrae
1743 4350 1855 4390 sua:

270 4433 458 4491 mortis
489 4431 722 4486 novitate
745 4430 1059 4497 dissolvere,
1086 4428 1341 4483 mandato
1362 4441 1500 4482 novo
1531 4425 1654 4481 fecit
1684 4424 1855 4479 homi-

273 4539 395 4578 nem
418 4537 633 4579 novum.
652 4522 759 4578 Res
778 4522 920 4577 enim
937 4532 1088 4576 vetus
1111 4528 1247 4586 erat,
1266 4528 1325 4574 ut
1344 4518 1506 4574 homo
1532 4528 1850 4573 moreretur.

270 4616 422 4685 Quod
457 4630 524 4671 ne
551 4631 761 4685 semper
783 4616 986 4670 valeret
1024 4614 1079 4669 in
1119 4614 1355 4679 homine,
1402 4628 1490 4668 res
1532 4627 1669 4668 nova
1712 4612 1852 4669 facta

269 4720 373 4777 est,
396 4720 457 4764 ut
485 4709 626 4773 Deus
668 4716 984 4764 moreretur.
1014 4706 1120 4764 Sed
1158 4706 1282 4777 quia
1324 4706 1377 4759 in
1406 4719 1567 4761 carne
1614 4714 1853 4761 mortuus

266 4810 371 4867 est,
400 4815 506 4854 non
535 4799 589 4855 in
616 4798 913 4862 divinitate,
938 4813 1031 4868 per
1056 4798 1432 4866 sempiternam
1460 4797 1620 4850 vitam
1651 4796 1851 4851 divini-

265 4893 390 4947 tatis
410 4906 517 4951 non
547 4891 791 4964 permisit
810 4906 931 4947 esse
950 4890 1332 4960 sempiternum
1355 4889 1625 4945 interitum
1651 4888 1850 4944 carnis.

264 4980 467 5053 Itaque,
495 4984 635 5039 sicut
658 4983 786 5039 dicit
810 4982 1124 5052 Apostolus,
1172 4980 1405 5041 Mortuus
1433 4989 1505 5036 est
1531 4989 1736 5052 prapter
1765 4979 1857 5035 de-

326 5117 345 5148 ³
370 5116 445 5165 sic
466 5115 517 5164 in
531 5121 640 5164 Mss.
669 5120 723 5166 At
743 5116 793 5164 in
817 5114 997 5164 editis:
1025 5112 1191 5177 Vincat
1210 5112 1260 5162 in
1282 5117 1328 5163 te
1346 5113 1458 5177 pius
1481 5112 1638 5165 timor.

326 5180 348 5210 ’
372 5179 458 5227 uie
477 5179 527 5241 in
547 5180 683 5240 pl'ius
700 5178 844 5233 editis
867 5176 1085 5241 additur:
1111 5175 1159 5225 si
1179 5175 1409 5241 ergonon
1430 5184 1566 5227 vacat
1586 5189 1748 5241 onmes
1768 5191 1859 5241 pa-

261 5239 405 5305 ginas
420 5236 787 5305 scripturarum
805 5236 1038 5297 evolvere,
1059 5243 1162 5287 tene
1180 5236 1482 5305 ch'aritatem,
1510 5245 1555 5289 et
1578 5236 1628 5305 in
1648 5253 1705 5305 ea
1726 5236 1858 5289 inve-

258 5299 365 5351 ilics
387 5299 578 5351 omnem
606 5299 872 5351 scientiam.
908 5308 1020 5360 Quae
1042 5306 1288 5349 sentenha
1310 5300 1359 5348 iu
1392 5302 1729 5362 manuscriptis
1763 5314 1860 5351 non

258 5365 357 5414 isto
373 5363 499 5423 loco,
522 5363 614 5414 sed
636 5362 731 5413 alio
760 5370 948 5413 tantum
969 5362 1091 5413 intra
1112 5375 1222 5413 cum
1253 5361 1484 5412 nonnulla
1514 5361 1750 5414 varietate
1772 5376 1857 5414 re-

204 5429 471 5490 .peritur.
532 5487 546 5490 _
574 5450 579 5455 ·

325 5490 344 5507 ‘
367 5487 660 5539 Emendatus
675 5486 735 5537 ad
749 5486 871 5537 duos
888 5499 936 5537 e.
958 5492 1009 5537 et
1040 5485 1161 5537 duos
1182 5492 1219 5538 t.
1240 5485 1298 5535 ad
1320 5486 1398 5536 cb.
1423 5500 1487 5536 m.
1514 5492 1565 5538 et
1585 5487 1647 5538 ad
1665 5495 1763 5537 Am.
1784 5493 1857 5538 Er.

263 5556 369 5604 Par.
395 5557 505 5599 ων.

348 5614 400 5677 ᾳ)
436 5612 579 5672 Alias,
602 5612 668 5664 de
691 5620 931 5677 “tempore
954 5611 1015 5661 39
1040 5620 1091 5662 et
1114 5612 1163 5659 in
1187 5618 1319 5661 tomo
1344 5625 1489 5677 nono.
1612 5658 1615 5661 ,

348 5627 379 5661 a
436 5620 579 5672 Alias,
602 5620 668 5664 de
691 5620 931 5677 Tempore
954 5620 1015 5661 59
1040 5620 1091 5662 et
1114 5620 1163 5659 tn
1187 5620 1319 5661 tomo
1344 5625 1489 5661 nono.
1612 5658 1615 5661 ,

325 5620 400 5738 ibi
415 5737 418 5738 ν
435 5679 600 5738 Exstat
625 5677 674 5724 in
697 5674 795 5724 ﬁne
831 5680 1176 5735 Excerptorum
1198 5674 1525 5738 Eugyriigcum
1550 5673 1714 5738 titulo,
1747 5691 1770 5721 ι
1791 5681 1860 5725 De

268 5754 293 5781 ι
317 5736 463 5786 laude
484 5737 751 5788 claritatis.
776 5753 800 5783 ι
829 5739 903 5787 sic
941 5738 1087 5786 etiam
1111 5745 1280 5787 vocant
1304 5736 1442 5785 ‘Beula
1468 5743 1521 5786 et
1560 5736 1724 5786 Florus
1761 5738 1821 5786 ad
1844 5746 1862 5788 ι

262 5806 365 5847 Cor.
394 5814 479 5849 xm
498 5809 551 5851 et
590 5815 670 5850 xw
696 5835 711 5859 ,
734 5808 784 5849 et
806 5800 865 5848 ad
892 5808 905 5848 t
928 5801 1045 5847 'rim.
1069 5815 1103 5847 ι.
1136 5799 1409 5859 Legebatur
1431 5799 1544 5846 olim
1570 5807 1621 5846 ct
1659 5799 1706 5846 in
1734 5807 1863 5848 temo

262 5870 421 5921 nono;
448 5861 540 5913 sed
564 5861 757 5913 interno
769 5868 888 5913 atus
911 5862 976 5911 ibi
996 5896 1012 5923 ,
1052 5870 1104 5912 et
1125 5863 1302 5910 Erasmi
1325 5873 1531 5911 censura
1553 5862 1859 5924 reprobutus.

1965 561 2120 615 stram
2146 553 2317 624 (Rom.
2354 572 2422 622 tv,
2452 558 2563 629 25).
2593 560 2693 635 Qui
2733 579 2860 633 ergo
2875 576 3065 625 contra
3092 572 3545 647 mortisvctusta-

1966 652 2071 699 tem
2102 647 2275 702 attulit
2300 648 2419 704 vita:
2445 652 2731 709 novitatem
2752 695 2769 722 ,
2797 656 2910 725 ipse
2936 667 3120 717 contra
3152 671 3303 718 vetus
3330 680 3545 734 peace-,-

1968 745 2075 791 tum
2104 740 2324 813 opponit
2361 758 2554 797 novum
2583 746 2907 803 mandatum.
2937 749 3267 823 Quapropter
3293 757 3535 827 quisquis

1962 838 2115 886 vetus
2137 841 2409 900 peccatum
2433 834 2513 890 vis
2536 839 2898 909 exstinguere,
2915 847 3162 902 mandato
3184 862 3324 905 novo
3339 851 3543 909 exstin-

1963 938 2064 993 gue
2115 926 2491 997 cupiditatem,
2532 938 2587 987 et
2636 932 2957 1002 amplectere
3006 936 3342 996 charitatem.
3393 941 3542 1001 Sicut

1963 1019 2105 1074 enim
2131 1020 2279 1075 radix
2306 1023 2548 1079 omnium
2574 1024 2834 1081 malorum
2856 1037 2941 1083 est
2962 1030 3259 1101 cupiditas;
3284 1032 3360 1089 ita
3380 1044 3434 1090 et
3452 1051 3539 1091 ra-

1961 1106 2049 1164 dix
2079 1110 2315 1167 omnium
2336 1112 2596 1169 bonorum
2619 1123 2700 1173 est
2724 1116 2973 1174 Charitas.

2031 1200 2087 1255 2.
2120 1202 2373 1259 Charitate
2410 1206 2638 1263 doctrina
2676 1209 3061 1281 Scripturarum
3087 1222 3193 1269 tota
3235 1217 3537 1287 possidetur.

1962 1293 2150 1351 Totam
2184 1298 2602 1368 magnitudinem
2641 1313 2695 1357 et
2724 1303 3056 1363 latitudinem
3097 1309 3395 1366 divinorum
3421 1313 3539 1368 elo-

1962 1386 2205 1456 quiorum
2240 1403 2425 1447 secura
2465 1393 2701 1461 possidet
2730 1394 2981 1463 Charitas,
3014 1414 3115 1469 qua
3153 1401 3319 1457 Deum
3357 1403 3537 1472 proxi-

1962 1492 2212 1547 mumque
2249 1479 2535 1551 diligimus.
2577 1484 2741 1542 Docet
2799 1489 2941 1545 enim
2981 1505 3080 1544 nos
3125 1492 3361 1549 caelestis
3404 1508 3542 1549 unus

1962 1566 2245 1638 Magister,
2285 1580 2339 1626 et
2376 1572 2540 1629 dicit:
2570 1574 2762 1647 Diliges
2788 1577 3061 1634 Dominum
3091 1580 3258 1638 Dem:
3292 1591 3432 1637 tuum
3477 1600 3541 1638 ea:

1961 1667 2063 1723 toto
2092 1662 2243 1725 corde
2276 1672 2380 1731 tuo,
2408 1673 2454 1719 et
2496 1682 2559 1729 ea:
2595 1676 2699 1722 tota
2734 1670 2905 1724 anima
2942 1681 3049 1738 tua,
3078 1681 3127 1725 et
3158 1689 3220 1727 ea:
3248 1681 3352 1726 tota
3380 1684 3542 1728 mente

1961 1760 2046 1819 tua
2067 1768 2087 1807 :
2115 1761 2161 1808 et
2200 1752 2378 1825 diliges
2415 1757 2697 1825 proximum
2744 1768 2884 1814 tuum
2919 1763 3047 1821 sicut
3068 1771 3115 1825 te
3140 1764 3324 1829 ipsum.
3368 1762 3437 1817 In
3464 1765 3541 1820 his

1960 1846 2152 1909 duobus
2194 1849 2453 1919 praeceptis
2500 1852 2732 1907 universa
2784 1851 2891 1909 Lex
2932 1854 3132 1926 pendet,
3183 1865 3228 1909 et
3268 1855 3541 1926 Pmphette

1959 1935 2172 2007 (Matth.
2204 1955 2333 2007 χιιι,
2358 1941 2575 2009 57-40).
2604 1942 2662 1999 Si
2687 1958 2813 2014 ergo
2839 1960 2944 2000 non
2985 1954 3137 2002 vacat
3163 1962 3351 2007 omnes
3388 1949 3543 2017 pagi-

1959 2045 2056 2086 nas
2075 2042 2286 2088 sanctas
2317 2036 2659 2103 perscrutari,
2704 2039 2879 2101 omnia
2924 2039 3193 2094 involucra
3234 2055 3539 2096 sermonum

1958 2124 2222 2189 evolvere,
2247 2127 2422 2181 omnia
2443 2127 2833 2197 Scripturarum
2854 2140 3058 2186 secreta
3081 2140 3394 2201 penetrare;
3420 2142 3543 2190 tene

1959 2216 2294 2283 charitatem,
2324 2218 2413 2273 ubi
2440 2219 2675 2291 pendent
2699 2221 2877 2275 omnia
2911 2238 2922 2273 :
2965 2222 3033 2276 ita
3066 2222 3269 2278 tenebis
3294 2224 3433 2292 quod
3468 2224 3539 2277 ibi

1960 2307 2231 2376 didicisti;
2276 2310 2481 2365 tenebis
2520 2312 2679 2367 etiam
2717 2312 2859 2383 quod
2904 2313 3138 2369 nondum
3181 2315 3431 2381 didicisti.
3484 2316 3537 2371 Si

1959 2401 2101 2456 enim
2142 2402 2281 2456 nosti
2320 2402 2669 2473 charitatem,
2699 2406 2897 2475 aliquid
2934 2408 3075 2461 nosti
3123 2408 3263 2464 unde
3310 2418 3363 2464 et
3410 2409 3539 2465 illud

1959 2494 2158 2564 pendet
2179 2495 2319 2565 quod
2348 2496 2480 2551 forte
2506 2513 2611 2552 non
2653 2499 2791 2554 nosti
2827 2516 2839 2553 :
2868 2508 2922 2555 et
2961 2500 3015 2555 in
3045 2515 3109 2555 eo
3137 2501 3278 2571 quod
3311 2503 3362 2556 in
3392 2501 3540 2557 Seria

1960 2588 2130 2657 pluris
2157 2588 2424 2660 intelligis,
2453 2589 2684 2647 Charitas
2713 2602 2889 2661 patet;
2919 2593 2971 2648 in
3000 2608 3067 2649 eo
3088 2594 3227 2664 quod
3251 2611 3353 2650 non
3384 2596 3544 2652 intele

1958 2677 2097 2748 ligis,
2119 2679 2351 2745 charitas
2383 2681 2529 2737 latet.
2562 2682 2654 2737 Ille
2684 2684 2860 2754 itaque
2890 2693 3034 2741 tenet
3067 2693 3119 2741 et
3145 2687 3287 2757 quod
3324 2697 3463 2756 patet
3488 2698 3542 2751 et

1958 2771 2097 2841 quod
2128 2773 2255 2827 latet
2274 2774 2328 2827 in
2356 2774 2549 2833 divinis
2567 2778 2923 2844 sermonibus,
2944 2780 3030 2848 qui
3052 2779 3362 2839 charitatem
3397 2790 3542 2838 tenet

1960 2863 2013 2917 in
2040 2864 2297 2918 moribus.

2030 2955 2083 3009 5.
2125 2954 2393 3011 Charitatis
2439 2960 2744 3028 praeconium
2787 2963 3120 3033 prosequitur.
3167 2962 3535 3035 Quapropter,

1959 3043 2173 3115 fratres,
2201 3049 2477 3102 seetamini
2517 3048 2833 3106 charitatem
2858 3094 2872 3119 ,
2906 3051 3060 3108 dulce
3088 3068 3149 3108 ac
3174 3054 3387 3110 salubre
3424 3057 3541 3111 vin-

1957 3136 2134 3192 aulum
2164 3139 2439 3205 mentium,
2487 3140 2601 3195 sine
2638 3157 2740 3211 qua
2772 3132 2919 3197 dives
2959 3158 3157 3214 pauper
3197 3154 3312 3214 est,
3341 3155 3395 3201 et
3420 3163 3567 3207 cum.

1958 3242 2059 3298 qua
2091 3244 2290 3299 pauper
2309 3231 2459 3285 dives
2483 3241 2582 3287 est.
2616 3233 2741 3289 Ητυο
2784 3233 2836 3287 in
2882 3235 3290 3291 adversitatibus
3327 3239 3538 3306 tolerat,

1960 3320 2014 3373 in
2064 3322 2504 3391 prOSperitatibus
2556 3333 2857 3394 temperat;
2908 3326 2959 3380 in
3010 3327 3159 3381 duris
3210 3328 3543 3396 passionibus

1959 3412 2129 3479 furtis,
2166 3414 2216 3468 in
2246 3414 2397 3471 bonis
2425 3418 2675 3488 operibus
2717 3420 2932 3487 hilaris;
2966 3421 3018 3475 in
3064 3423 3356 3477 tcntatione
3386 3424 3544 3478 tutis-

1957 3504 2113 3570 sima,
2131 3506 2183 3561 in
2202 3505 2561 3577 hospitalitate
2578 3508 2830 3565 latissima
2852 3528 2865 3576 ;
2892 3513 3030 3565 inter
3046 3527 3198 3568 veros
3226 3513 3415 3569 fratres
3441 3515 3541 3571 la:—

1958 3596 2183 3663 tissima,
2210 3598 2347 3654 inter
2375 3599 2537 3654 falsos
2565 3602 2968 3670 patientissima.
3001 3603 3055 3657 In
3087 3603 3220 3659 Abel
3247 3620 3345 3677 per
3371 3608 3542 3663 sacri-

1958 3689 2135 3743 ticium
2165 3698 2332 3760 grata,
2366 3691 2419 3745 in
2445 3690 2556 3747 Noe
2579 3706 2675 3763 per
2698 3692 2951 3749 diluvium
2985 3709 3193 3762 secura,
3224 3697 3277 3750 in
3313 3697 3543 3755 Abt-aha!

1957 3784 2472 3853 peregrinationibus
2509 3785 2838 3852 fidelissima,
2872 3789 2923 3843 in
2954 3788 3132 3861 Moyse
3159 3790 3545 3862 intcrinjurias

1961 3874 2249 3943 lenissima,
2273 3876 2326 3931 in
2357 3877 2521 3932 David
2550 3877 2979 3936 tribulationibus
3006 3884 3452 3940 mansuetissima.
3483 3886 3541 3942 In

1961 3967 2130 4023 tribus
2161 3969 2338 4039 pueris
2363 3969 2587 4026 blandos
2612 3971 2761 4042 ignes
2792 3972 3107 4029 innocenter
3137 3985 3412 4045 exspectat
3442 3994 3455 4030 :
3490 3978 3543 4032 lu

1959 4058 2274 4116 Machabaeis
2310 4076 2480 4117 saevos
2510 4063 2658 4133 ignes
2686 4062 2893 4120 fortiter
2924 4065 3130 4120 tolerat.
3161 4066 3317 4123 Casta
3354 4068 3406 4123 in
3437 4068 3543 4125 Su-

1960 4167 2125 4207 sanna
2155 4169 2277 4225 erga
2304 4156 2497 4223 virum,
2529 4157 2581 4211 in
2609 4158 2754 4211 Anna
2780 4166 2898 4228 post
2921 4159 3119 4226 virum,
3138 4160 3190 4214 in
3215 4160 3375 4215 Maria
3401 4164 3541 4231 prae;

1960 4254 2043 4302 ter
2061 4245 2253 4301 virum.
2285 4248 2471 4303 Libera
2499 4250 2553 4304 in
2581 4249 2747 4305 Paulo
2771 4252 2837 4305 ad
2867 4253 3222 4321 arguendum,
3250 4252 3466 4311 humilis
3488 4257 3541 4312 in

1959 4337 2120 4395 Petro
2143 4340 2209 4394 ad
2235 4340 2585 4397 obediendum
2611 4360 2623 4395 :
2646 4343 2874 4399 humana
2904 4345 2957 4400 in
2984 4345 3301 4403 Christianis
3322 4348 3387 4403 ad
3415 4348 3548 4405 con-

1961 4432 2253 4499 fitendum,
2290 4434 2465 4489 divina
2506 4435 2558 4490 in
2612 4436 2827 4492 Christo
2865 4437 2932 4493 ad
2988 4437 3390 4509 ignoscendum.
3436 4443 3545 4501 Sed

1960 4523 2085 4594 quid
2112 4540 2212 4595 ego
2237 4525 2305 4580 de
2333 4525 2590 4582 charitate
2617 4528 2787 4597 majus
2814 4537 2904 4583 aut
2940 4530 3158 4585 uberius
3205 4548 3420 4601 possum
3460 4534 3546 4591 dii-

1960 4629 2102 4680 cere,
2128 4631 2285 4687 quam
2310 4631 2441 4687 quas
2470 4633 2572 4689 per
2612 4632 2673 4673 os
2705 4620 2945 4689 Apostoli
2984 4621 3168 4678 laudes
3197 4624 3314 4693 ejus
3340 4626 3547 4683 intonat

1961 4706 2237 4773 Dominus,
2258 4708 2743 4778 supereminentem
2774 4711 2910 4764 viam
2938 4710 3358 4770 demonstrantis
3387 4716 3549 4787 atque

1961 4797 2207 4854 dicentis.
2235 4800 2296 4855 Si
2315 4799 2501 4872 linguis
2526 4801 2786 4857 hominum
2805 4804 2982 4871 loquar
3008 4814 3054 4859 et
3072 4805 3402 4877 Angelorum,
3426 4811 3547 4864 cha-

1960 4892 2156 4947 ritatem
2180 4902 2349 4948 autent
2375 4911 2475 4949 non
2497 4895 2737 4961 habeam,
2770 4899 2932 4969 factus
2960 4914 3069 4952 sum
3096 4910 3425 4956 stramentum
3464 4920 3547 4957 so-

1960 5000 2109 5050 nans,
2128 4994 2216 5038 aut
2239 4984 2522 5056 cymbalum
2544 4986 2779 5041 tinniens.
2800 4987 2867 5041 Et
2889 4989 2933 5043 si
2954 4988 3176 5044 habuero
3202 4992 3545 5061 prophetiam,

1962 5090 2008 5139 et
2033 5083 2190 5137 sciero
2219 5084 2390 5137 omnia
2412 5092 2757 5149 sacramenta,
2789 5094 2835 5139 et
2856 5101 3056 5139 onmem
3081 5086 3367 5153 scientiam,
3415 5096 3462 5143 et
3503 5087 3549 5142 si

1963 5173 2183 5228 habuero
2207 5190 2403 5228 omnem
2434 5174 2603 5243 ﬁdem,
2631 5175 2705 5228 ita
2728 5184 2783 5229 ut
2803 5186 2997 5231 montes
3023 5181 3348 5247 transferam,
3373 5178 3547 5233 chari-

1964 5266 2113 5320 tatem
2160 5272 2328 5321 autem
2365 5283 2467 5321 non
2505 5264 2743 5334 habeam,
2776 5267 2904 5322 nihil
2943 5284 3075 5325 sum.
3109 5265 3179 5323 Et
3216 5271 3261 5325 si
3294 5270 3548 5326 donavere

1964 5373 2136 5411 omnes
2162 5358 2426 5428 facultates
2436 5362 2601 5425 “meas,
2624 5367 2674 5413 et
2700 5360 2745 5414 si
2769 5358 3068 5415 distribuere
3094 5363 3264 5416 omnia
3288 5380 3400 5417 mea
3418 5380 3548 5433 pau-

1966 5449 2186 5521 peribus,
2214 5456 2260 5503 et
2281 5450 2323 5503 si
2350 5449 2605 5505 tradidero
2631 5467 2816 5521 corpus
2846 5468 3011 5506 meum
3034 5461 3089 5506 ut
3114 5455 3342 5517 ardeam,
3373 5453 3546 5508 citari;

1965 5552 2116 5597 tatem
2143 5558 2243 5597 non
2270 5544 2499 5611 habeam,
2531 5544 2658 5599 nihil
2679 5544 2802 5599 mihi
2828 5545 3050 5615 prodest.
3070 5544 3303 5599 Charitas
3331 5561 3551 5614 magna-

1965 5639 2103 5694 nima
2122 5648 2215 5705 est,
2245 5639 2465 5693 charitas
2491 5638 2703 5711 benigna
2729 5648 2818 5694 est.
2850 5637 3083 5694 Charitas
3122 5656 3222 5694 non
3253 5638 3543 5707 matulatur,

1966 5744 2067 5788 non
2094 5734 2198 5805 agit
2222 5750 2502 5804 perperam,
2526 5750 2625 5788 non
2645 5736 2876 5805 inﬂatur,
2905 5752 3007 5790 non
3038 5734 3416 5800 dehonestatur,
3444 5753 3548 5793 non

1965 5835 2147 5900 quwrit
2167 5844 2278 5898 qua:
2296 5845 2389 5883 sua
2414 5836 2560 5895 sunt,
2590 5844 2690 5884 non
2710 5826 2958 5898 irritatur,
2985 5842 3087 5883 non
3111 5827 3294 5899 cogitat
3329 5828 3542 5898 malum,
