4080 6360
530 441 672 506 1555

529 586 633 627 non
655 564 842 642 gaudet
869 579 1022 636 super
1049 559 1331 634 iniquitate,
1371 555 1653 630 congaudet
1692 562 1863 610 autem
1887 553 2104 610 ueritati.

529 663 718 720 Omnia
745 659 944 724 tolerat,
969 656 1139 710 omnia
1167 653 1344 719 credit,
1367 651 1539 706 omnia
1570 657 1760 721 sperat,
1793 661 1964 701 omnia
1987 644 2104 716 suf-

528 758 648 829 fert,
672 753 905 810 Charitas
927 764 1186 819 nunquam
1212 746 1348 800 (adit
1376 744 1422 816 (1
1443 743 1558 799 Cor.
1583 758 1700 809 xm,
1722 740 1876 814 l-S)?
1901 740 2108 808 Quanta

525 856 614 906 est
640 845 777 903 ista?
802 843 992 898 Anima
1022 841 1319 896 litterartm
1338 878 1352 902 ,
1381 834 1676 907 prophetiae
1701 834 1869 888 virtus
1888 873 1904 899 ,
1929 845 2113 889 sacra-

528 947 836 996 mentorum
865 933 1030 998 salus,
1061 929 1300 986 scientiae
1329 927 1741 983 solidamentum
1764 924 1806 992 ί,
1835 922 1959 978 ﬁdei
1990 921 2112 977 fru-

527 1039 666 1094 ctus,
699 1027 896 1084 divitite
935 1036 1250 1095 pauperum,
1283 1020 1392 1076 vita
1433 1017 1794 1075 morientium.
1827 1014 1964 1085 Quid
1997 1022 2105 1069 tam

528 1123 946 1194 magnanimum,
978 1133 1135 1190 quam
1161 1131 1254 1182 pro
1290 1113 1466 1184 impiis
1493 1098 1673 1168 mori?
1703 1108 1830 1180 quid
1853 1116 1960 1163 tam
2008 1107 2106 1163 be-

528 1216 770 1286 nignum,
793 1226 954 1284 quam
993 1208 1236 1264 inimicos
1261 1204 1520 1276 diligere?
1546 1203 1667 1260 Sola
1691 1210 1775 1256 est
1801 1216 1960 1272 quam
1987 1199 2110 1255 feli-

527 1309 660 1364 citas
680 1306 850 1361 aliena
865 1317 980 1358 non
1010 1299 1224 1372 premit,
1253 1298 1373 1370 quia
1399 1311 1507 1352 non
1544 1294 1849 1350 aemulatur.
1873 1291 1999 1348 Sola
2029 1299 2113 1346 est

529 1414 688 1471 quam
732 1397 958 1455 felicitas
1009 1409 1104 1450 sua
1133 1407 1240 1448 non
1284 1390 1514 1456 extollit,
1556 1388 1678 1460 quia
1721 1403 1829 1443 ιιοιι
1872 1385 2109 1442 inflatur.

529 1493 653 1550 Sola
683 1498 768 1548 est
791 1505 949 1562 quam
971 1486 1298 1544 conscientia
1317 1485 1454 1541 mala
1484 1499 1590 1539 non
1618 1483 1824 1554 pungit,
1853 1481 1975 1553 quia
2002 1494 2110 1536 non

533 1585 642 1655 agit
665 1597 971 1654 perperam.
995 1580 1140 1636 Inter
1168 1576 1452 1649 opprobria
1483 1590 1670 1632 secura
1701 1582 1802 1640 est,
1827 1573 1968 1629 inter
1990 1570 2112 1628 odia

528 1675 766 1732 benelica
787 1683 869 1729 est
898 1691 913 1728 :
947 1672 1085 1727 inter
1109 1671 1217 1725 iras
1242 1668 1450 1738 placida
1476 1675 1560 1723 est
1577 1709 1592 1734 ,
1618 1667 1757 1722 inter
1779 1665 1998 1722 insidias
2027 1665 2114 1720 in-

526 1781 730 1825 nocens
771 1785 785 1820 :
833 1767 972 1821 inter
997 1763 1301 1834 iniquitates
1325 1776 1574 1834 gemens,
1604 1761 1658 1816 in
1696 1760 1920 1816 veritate
1946 1757 2118 1829 respi-

529 1876 675 1917 rans.
705 1857 843 1926 Quid
870 1857 958 1912 illa
984 1855 1206 1921 fortius,
1232 1869 1340 1909 non
1371 1852 1436 1908 ad
1475 1851 1867 1916 retribuendas,
1911 1849 2005 1907 sed
2047 1847 2116 1904 ad

529 1968 637 2010 non
665 1949 931 2007 curandas
961 1947 1219 2019 injurias?
1245 1945 1382 2015 Quid
1426 1946 1515 2000 illa
1558 1944 1798 2012 ﬁdelius,
1827 1959 1934 1999 non
1959 1942 2114 2000 vani-

530 2048 647 2111 tati,
677 2045 771 2102 sed
799 2039 1088 2100 :eternitati
1113 2041 1174 2096 ’ἲ
1198 2039 1329 2094 Nam
1351 2039 1470 2094 ideo
1491 2037 1680 2093 tolerat
1701 2036 1880 2092 omnia
1907 2036 1960 2092 in
1986 2049 2119 2106 prte-

529 2140 669 2196 senti
698 2140 825 2205 vita,
851 2136 973 2208 quia
1011 2133 1182 2190 credit
1206 2132 1384 2188 omnia
1413 2131 1482 2188 de
1509 2131 1685 2188 futura
1723 2131 1870 2197 vita;
1909 2138 1966 2187 et
2007 2129 2120 2186 suf-

528 2230 632 2287 fert
660 2231 837 2286 omnia
862 2244 982 2300 quae
1020 2227 1108 2284 hic
1152 2227 1528 2292 immittuntur,
1556 2225 1679 2297 quia
1718 2231 1898 2296 sperat
1936 2222 2116 2279 omnia

527 2338 648 2394 quae
691 2323 762 2378 ibi
795 2321 1214 2393 promittuntur:
1259 2318 1454 2374 merito
1481 2332 1751 2388 nunquam
1781 2315 1942 2373 cadit.
1974 2314 2117 2386 Ergo

529 2412 805 2469 sectamini
829 2411 1162 2476 charitatem,
1185 2419 1238 2466 et
1264 2423 1383 2466 eam
1411 2416 1592 2464 sancte
1611 2407 1907 2479 cogitantes
1931 2405 2118 2463 allerte

529 2508 730 2564 fructus
764 2506 1006 2576 justitiae.
1051 2505 1120 2560 Et
1146 2503 1402 2575 quidquid
1429 2503 1674 2570 uberius,
1699 2517 1860 2574 quam
1895 2516 1997 2573 ego
2035 2500 2120 2557 di-

529 2613 654 2656 cere
681 2600 853 2669 potui.
880 2612 976 2653 vos
1004 2596 1318 2652 inveneritis
1344 2596 1396 2650 in
1427 2595 1544 2666 ejus
1575 2594 1836 2658 laudibus,
1865 2599 2121 2664 appareat

529 2691 586 2747 in
612 2691 805 2746 vestris
831 2689 1087 2745 moribus.
1105 2686 1329 2758 Oportet
1353 2686 1496 2742 enim
1521 2693 1583 2742 ut
1605 2685 1790 2742 senilis
1814 2699 1993 2743 sermo
2009 2698 2120 2742 non

528 2780 702 2838 solum
727 2781 796 2837 sit
813 2780 1008 2852 gravis,
1041 2778 1137 2835 sed
1161 2779 1322 2834 etiam
1350 2777 1549 2834 brevis.

978 2887 1212 2946 SERMO
1284 2886 1478 2944 CCCLI
1513 2890 1533 2912 '
1571 2886 1673 2959 (a).

818 3003 894 3060 De
913 3004 1127 3058 utilitate
1147 3001 1356 3074 agenda:
1375 3002 1696 3074 poenitentia,
1725 3016 1743 3056 ι
1771 2999 1868 3073 (b).

601 3117 828 3175 CAPUT
859 3115 1145 3173 PRIMUM.
1171 3146 1244 3155 —
1271 3116 1323 3170 l.
1348 3112 1665 3168 Ptenitentite
1692 3112 1949 3167 humilitas
1969 3127 2121 3183 quam

529 3211 835 3270 necessaria.
878 3207 990 3264 Deo
1035 3208 1230 3264 excelso
1274 3206 1559 3261 humilitate
1597 3205 1983 3276 propinquatur.
2014 3202 2124 3260 Lex

529 3307 599 3362 ad
621 3305 742 3375 quid
767 3304 906 3358 data.
933 3301 1103 3370 Quam
1133 3301 1202 3354 sit
1228 3299 1374 3354 utilis
1400 3308 1454 3354 et
1494 3298 1799 3355 necessaria
1851 3297 2121 3368 paeniten-

530 3399 618 3455 tia:
645 3395 908 3453 medicina
945 3434 962 3460 ,
997 3392 1247 3448 facillime
1288 3389 1533 3446 homines
1563 3389 1900 3460 intelligunt,
1943 3387 2033 3458 qui
2062 3402 2123 3446 se

529 3490 776 3548 homines
799 3502 920 3543 esse
945 3484 1326 3541 meminerunt.
1359 3481 1627 3552 Scriptum
1664 3488 1747 3536 est
1773 3479 1950 3542 enim,
1983 3477 2123 3534 Deus

529 3583 761 3657 superbis
787 3581 970 3637 resistit
993 3621 1008 3644 ,
1041 3577 1316 3632 humilibus
1339 3585 1505 3630 autem
1531 3575 1621 3630 dat
1665 3573 1882 3645 gratiam
1909 3570 2125 3644 (Jacobi

451 3713 454 3716 ~
527 3691 610 3745 tv,
641 3675 674 3730 6
694 3675 734 3741 ).
764 3672 832 3728 Et
860 3670 1115 3726 Dominus
1157 3667 1210 3723 in
1237 3666 1524 3737 Evangelio
1570 3664 1728 3728 dicit,
1756 3662 2008 3732 Quoniam
2035 3659 2124 3731 qui

527 3783 584 3827 se
625 3765 814 3822 exultat
835 3806 852 3830 ,
885 3761 1230 3818 humiliabitur
1254 3773 1275 3826 ,°
1301 3768 1348 3814 et
1370 3760 1455 3831 qui
1493 3775 1548 3814 se
1572 3757 1826 3821 humiliat,
1867 3754 2123 3811 exaltabi-

529 3869 612 3916 tur
639 3875 657 3913 :
681 3855 955 3926 magisque
979 3852 1302 3922 justiticatus
1327 3848 1610 3906 descendit
1633 3847 1702 3904 de
1726 3847 1928 3918 templo
1943 3844 2122 3901 Publi-

529 3965 696 4005 canus
745 3947 836 4002 ille
861 3951 1196 4016 peccatorum
1237 3940 1574 3997 confessione
1616 3939 1915 4005 sollicitus,
1960 3951 2120 4009 quam

529 4041 833 4100 Pharisatus
873 4037 1182 4094 meritorum
1224 4034 1629 4091 enumeratione
1654 4047 1897 4088 securus.
1920 4028 2120 4098 Quam-

527 4135 610 4190 vis
636 4132 776 4189 enim
803 4138 858 4188 et
893 4129 1009 4200 ipsc
1035 4127 1232 4198 gratias
1269 4125 1439 4197 egerit
1467 4125 1600 4192 Deo,
1643 4123 1829 4180 dicens
1863 4141 1877 4178 :
1911 4119 2118 4176 Gratias

529 4227 618 4282 tibi
645 4241 741 4297 ago
763 4264 780 4292 ,
811 4221 967 4286 Deus,
995 4219 1232 4292 quoniam
1262 4234 1363 4273 non
1385 4233 1498 4273 sum
1522 4217 1649 4271 sicut
1673 4214 1840 4271 cwteri
1868 4213 2117 4282 homines,

527 4319 708 4391 tnjusti
733 4358 746 4382 ,
794 4313 1053 4381 adulteri,
1099 4320 1379 4382 raptores;
1429 4309 1684 4382 quomodo
1730 4317 1778 4364 et
1822 4306 2120 4378 publicanus

527 4411 642 4468 iste.
670 4408 859 4480 Jejuno
884 4407 957 4461 bis
981 4407 1037 4462 in
1076 4405 1281 4460 sabbato
1304 4445 1320 4472 ,
1369 4403 1588 4458 decimas
1626 4402 1691 4455 do
1717 4401 1941 4454 onmium
1982 4413 2122 4469 quat-

531 4516 742 4573 cumque
767 4497 997 4571 possideo
1035 4504 1258 4553 :tamen
1283 4494 1331 4551 ei
1370 4493 1618 4563 prmlatus
1662 4498 1747 4548 est
1777 4490 1886 4555 ille,
1931 4489 2021 4560 qui
2058 4489 2121 4544 de

530 4594 804 4665 longinquo
849 4591 1051 4656 stabat,
1083 4603 1241 4660 neque
1273 4584 1444 4641 oculos
1487 4582 1702 4638 audebat
1742 4582 1809 4636 ad
1839 4581 2017 4636 crelum
2048 4579 2120 4635 le-

530 4702 669 4748 uare.
700 4684 789 4739 sed
819 4681 1121 4755 percutiebat
1151 4688 1322 4751 pectus
1344 4694 1514 4745 suum,
1543 4676 1713 4732 dicens
1744 4691 1763 4730 :
1793 4674 1928 4730 Deus
1953 4717 1968 4742 ,
2000 4690 2120 4746 pro-

535 4780 689 4852 pitius
718 4785 821 4832 esto
861 4775 986 4830 mihi
1027 4771 1275 4846 peccatori
1320 4771 1338 4841 (
1360 4769 1485 4826 Luc.
1531 4784 1657 4824 xvm
1681 4811 1698 4837 ,
1732 4766 1963 4839 1044).
2001 4766 2118 4823 Νοιι

535 4874 678 4930 enim
705 4871 799 4928 ille
829 4869 1124 4942 pharisaeus
1153 4877 1258 4922 tam
1301 4879 1397 4920 sua
1432 4862 1688 4930 sanitate,
1720 4875 1876 4931 quam
1900 4857 2117 4914 morbo-

594 4988 608 5020 ι
634 4985 754 5035 editi
779 4999 792 5034 :
813 4988 998 5045 Quanta
1013 4986 1084 5034 est
1105 4978 1199 5045 ista
1527 4971 1678 5034 salus,
1696 4969 1924 5045 scientia:
1943 4967 2120 5024 solida—

527 5054 754 5099 mentnm.
780 5036 871 5096 Nos
891 5046 969 5095 hic
985 5044 1236 5108 sequimur
1256 5036 1836 5108 cnidicesmanusaiptos.

592 5093 1086 5160 festissimum:
1104 5102 1226 5167 Quid
1248 5101 1336 5154 illa
1356 5097 1563 5164 facilius,
1577 5111 1672 5150 non
1694 5093 1915 5157 uanitate,
1936 5093 2023 5146 sed
2038 5105 2119 5144 ve-

526 5169 927 5326 Ξῗξὲιέιειιρὲιιιε
947 5232 1011 5284 ad
1029 5230 1152 5283 duos
1171 5226 1235 5280 cl.
1259 5223 1322 5278 ad
1343 5223 1377 5277 ι’.
1393 5237 1470 5290 gr.
1503 5224 1587 5290 ph.
1610 5235 1655 5274 r.
1679 5233 1773 5275 rm.
1796 5231 1838 5270 s.
1864 5225 1916 5271 et
1930 5215 1992 5269 ad
2012 5225 2116 5268 Am.

528 5433 676 5547 “id
695 5464 922 5547 sistam;
964 5479 1015 5528 in
1058 5483 1193 5547 mmo.
1220 5475 1253 5525 θ
1275 5474 1509 5547 membris
1523 5541 1534 5547 -
1549 5469 1722 5547 multis,
1741 5465 2117 5547 satiasse!!!

529 5527 900 5607 ετιὶὲιιιιιῖιῖῖιῖιῖ
907 5527 1036 5591 hunc
1050 5527 1103 5607 et
1121 5539 1778 5607 subsequentemtractatum
1800 5530 1997 5607 censuit
2012 5527 2122 5607 plu-

529 5590 1004 5662 ritnu—rnﬁdisciepare
1021 5590 1024 5591 ⁷
1042 5603 1105 5652 ab
1126 5590 1407 5662 Augustino.
1434 5596 1527 5648 Sed
1548 5597 1700 5662 irsius
1721 5606 1853 5662 sane
1870 5599 1923 5662 ει
1943 5590 2120 5662 doctri-

529 5657 641 5724 iam
664 5657 874 5730 uterque
890 5657 1120 5731 habetat
1139 5657 1335 5731 stilum,
1365 5657 1752 5731 nostroujudlcio.
1769 5660 1914 5731 uota}
1934 5658 2120 5731 utrum:

529 5715 641 5796 ait;
664 5715 870 5796 issisti;
909 5727 1146 5796 Possidius
1167 5715 1423 5796 iu__eodem
1461 5715 1656 5796 ludicpli
1675 5719 1851 5796 capite
1859 5715 2119 5796 Eumque

529 5776 894 5856 illitis—priorich
911 5776 1049 5854 saepe
1072 5776 1187 5844 Citat
1208 5785 1371 5838 Florus
1388 5822 1421 5856 ,ί
1442 5781 1694 5848 appellans
1711 5776 1904 5856 Ἴῐίὶηίιιιι
1925 5776 2118 5856 deﬂe:

529 5838 901 5914 iiiiﬁts‘i'fid'i
919 5838 1240 5910 Esifv'éi'u.
1267 5859 1362 5904 etc.
1390 5838 1684 5914 'Set‘monem
1720 5851 1885 5897 tamen
1924 5838 2119 5914 sapiunt.

531 5906 889 5984 nonnulll'modl
903 5915 1149 5984 loquendi,
1171 5906 1349 5982 utlste,
1372 5924 1477 5984 cap.
1498 5909 1546 5976 ε,
1571 5919 1723 5979 «(ptas
1743 5914 1939 5964 mecum
1954 5906 2119 5966 rem

529 5981 740 6040 Imiltlo
761 5980 1083 6049 mandauit.
1106 5993 1130 6034 s

1771 428 1831 488 S.
1867 424 2235 488 AUGUSTINI
2269 424 2572 488 EPISCOPI

3667 446 3813 510 1536

2223 565 2341 607 rum
2364 552 2659 610 alienorum
2679 557 3076 628 comparatione
3089 559 3374 632 gaudebat.
3405 563 3600 625 Utilius
3628 580 3808 629 autem

2223 641 2301 734 illi
2343 653 2490 712 erat,
2519 647 2767 716 quoniam
2796 649 2862 704 ad
2902 650 3166 707 medicum
3211 664 3462 724 venerat,
3491 673 3554 715 ea
3594 659 3665 718 de
3687 663 3811 734 qui-

2222 732 2324 789 bus
2349 737 2668 807 aegrotabat,
2697 738 3002 798 conlltendo
3024 752 3346 815 monstrare,
3377 763 3536 819 quam
3556 732 3810 810 dissimu-

2221 821 2333 879 lare
2360 838 2390 879 a
2429 826 2734 882 vulneribus
2769 829 2882 885 suis
2902 870 2918 896 ,
2943 841 2998 887 et
3023 832 3091 888 de
3116 834 3454 893 cicatricibus
3489 840 3676 898 alienis
3704 857 3809 898 au-

2222 913 2352 971 dere
2395 917 2631 988 gloriari.
2681 917 2798 976 Non
2821 935 2949 993 ergo
2977 925 3168 980 mirum
3206 927 3251 982 si
3293 930 3608 999 publicanus
3631 935 3800 1006 magis

2220 1018 2436 1100 curatus
2476 1011 2769 1080 abscessit,
2800 1030 2960 1086 quem
3001 1032 3110 1100 non
3142 1021 3329 1090 puduit
3353 1024 3639 1082 ostendere
3661 1028 3805 1098 quod

2223 1099 2457 1158 dolebat.
2488 1103 2544 1159 In
2572 1105 2731 1163 rebus
2757 1109 2954 1179 quippe
2979 1111 3274 1169 visibilibus
3291 1156 3308 1183 ,
3334 1126 3394 1172 ut
3421 1118 3631 1175 excelsa
3660 1122 3808 1191 quis-

2221 1209 2326 1266 que
2375 1199 2682 1270 contingat,
2733 1201 2786 1256 in
2817 1203 3087 1260 excelsum
3137 1207 3359 1280 erigitur
3397 1227 3411 1264 :
3461 1211 3600 1267 Deus
3623 1221 3806 1270 autem

2219 1299 2341 1342 cum
2367 1289 2434 1343 sit
2459 1290 2698 1346 omnium
2726 1294 3239 1365 excellentissimus,
3275 1315 3378 1356 non
3409 1302 3640 1360 elatione
3661 1346 3675 1369 ,
3707 1305 3805 1361 sed

2221 1378 2517 1438 humilitate
2549 1384 2892 1456 contingitur.
2925 1387 3076 1444 Unde
3105 1391 3363 1462 propheta
3403 1392 3532 1449 dicit
3580 1413 3595 1449 ε
3637 1394 3811 1466 Prope

2219 1483 2291 1529 est
2312 1473 2560 1532 Dominus
2585 1478 2663 1533 his
2685 1480 2772 1550 qui
2793 1480 3099 1537 obtriverunt
3121 1484 3247 1556 cor(
3271 1485 3415 1542 Psal.
3446 1503 3649 1555 χχχιιι,
3681 1489 3805 1559 19).

2220 1563 2290 1620 Ει
2332 1566 2560 1624 iterum:
2587 1569 2831 1627 Excelsus
2855 1572 3136 1641 Dominus,
3167 1585 3214 1630 et
3242 1577 3454 1634 humilia
3490 1580 3726 1649 respicit,
3760 1590 3808 1637 et

2221 1657 2418 1712 arcelsa
2445 1675 2477 1712 a
2509 1660 2658 1732 longe
2683 1664 2940 1734 cognoscit
2971 1664 2991 1736 (
3015 1665 3159 1722 Psal.
3181 1681 3395 1725 cxxxvu
3417 1712 3432 1736 ,
3467 1670 3558 1743 6).
3582 1672 3806 1728 Excelsa

2220 1748 2334 1819 ipsa
2371 1751 2548 1820 posuit
2587 1768 2684 1823 pro
2709 1755 2974 1825 superbis.
3004 1755 3099 1812 llla
3125 1773 3253 1830 ergo
3279 1760 3532 1831 respicit,
3566 1770 3624 1818 ut
3651 1764 3808 1818 attol-

2220 1841 2296 1898 lat
2322 1858 2337 1908 ;
2366 1843 2464 1916 ista
2503 1848 2816 1917 cognoscit,
2842 1858 2903 1905 ut
2929 1850 3162 1921 dejiciat.
3191 1853 3324 1910 Cum
3363 1857 3503 1911 enim
3529 1857 3632 1924 ait,
3660 1857 3805 1928 quod

2219 1949 2253 1988 a
2280 1933 2428 2006 longe
2450 1936 2646 1993 excelsa
2672 1943 2961 2013 cognoscit,
2994 1945 3126 2000 satis
3163 1959 3286 2000 eum
3315 1946 3552 2002 ostendit
3581 1948 3803 2005 humilia

2219 2024 2288 2080 de
2316 2027 2562 2096 proximo
2600 2031 2877 2088 attendere
2905 2050 2920 2087 :
2953 2034 3125 2106 ipsum
3176 2047 3353 2092 tamen
3397 2037 3681 2094 Dominum
3707 2054 3804 2096 ex-

2219 2116 2420 2172 celsum
2447 2134 2566 2176 esse
2603 2122 2866 2191 praedixit.
2889 2124 3044 2182 Solus
3070 2127 3212 2183 enim
3254 2129 3392 2185 Deus
3415 2145 3671 2202 arrogans
3697 2147 3805 2188 non

2220 2216 2325 2277 est,
2355 2221 2784 2285 quantacumque
2827 2231 2887 2272 se
2916 2218 3292 2287 prredicatione
3329 2220 3642 2278 laudaverit.
3685 2222 3803 2278 Non

2219 2314 2350 2372 ergo
2372 2317 2432 2358 se
2463 2305 2752 2362 arbitretur
2780 2307 2848 2364 ab
2872 2309 3040 2366 oculis
3077 2310 3173 2366 Dei
3200 2311 3758 2385 absconditsuperbia
3785 2331 3803 2372 :

2222 2393 2365 2450 Deus
2383 2396 2525 2452 enim
2550 2399 2758 2456 excelsa
2779 2403 3071 2473 cognoscit.
3104 2403 3216 2460 Nec
3240 2419 3299 2460 se
3321 2420 3508 2463 rursus
3537 2406 3650 2462 Deo
3676 2422 3810 2463 con-

2218 2484 2456 2556 junctam
2489 2499 2638 2559 putet
2661 2509 2676 2548 :
2705 2494 2914 2550 excelsa
2939 2495 3081 2550 enim
3103 2510 3134 2550 a
3160 2497 3317 2567 longe
3340 2498 3636 2568 cognoscit.
3657 2497 3810 2568 Quis-

2222 2579 2342 2651 quis
2387 2581 2566 2654 itaque
2609 2587 2938 2655 paenitentia:
2990 2598 3205 2645 recusat
3253 2590 3642 2660 humilitatem,
3695 2592 3807 2648 Deo

2223 2676 2581 2747 pr0pinquare
2604 2693 2710 2734 non
2735 2679 2950 2751 cogitat.
2975 2681 3130 2737 Aliud
3157 2689 3244 2738 est
3271 2683 3415 2739 enim
3452 2685 3629 2740 levare
3656 2699 3716 2741 se
3739 2685 3806 2741 ad

2224 2764 2393 2822 Deum
2418 2785 2432 2834 ;
2459 2768 2601 2825 aliud
2629 2779 2714 2826 est
2746 2772 2926 2829 levare
2953 2787 3012 2830 se
3049 2783 3233 2830 contra
3255 2775 3443 2832 Deum.
3475 2776 3575 2846 Qui
3599 2789 3723 2835 ante
3748 2780 3810 2834 il-

2226 2857 2334 2914 lum
2360 2874 2420 2916 se
2446 2861 2659 2934 projicit
2679 2905 2694 2930 ,
2728 2865 2797 2922 ab
2822 2865 2914 2920 illo
2954 2867 3176 2940 erigitur
3203 2886 3217 2924 :
3246 2870 3338 2941 qui
3375 2870 3628 2927 adversus
3655 2873 3806 2929 illum

2223 2963 2285 3006 se
2322 2951 2516 3024 erigit,
2544 2954 2614 3010 ab
2647 2955 2740 3011 illo
2768 2957 3064 3028 projicitur.
3100 2959 3219 3016 Alia
3261 2970 3343 3016 est
3381 2963 3522 3018 enim
3564 2963 3808 3020 soliditas

2224 3047 2642 3117 magnitudinis,
2683 3050 2785 3106 alia
2818 3060 2901 3107 est
2926 3053 3157 3110 inanitas
3199 3054 3503 3111 inﬂationis.
3545 3056 3647 3125 Qui
3675 3057 3806 3113 loris

2224 3141 2512 3209 tumescit,
2567 3143 2710 3199 intus
2755 3144 2999 3201 tabescit.
3051 3147 3153 3216 Qui
3195 3148 3334 3220 eligit
3373 3150 3528 3217 obiici
3567 3151 3622 3204 in
3657 3150 3809 3206 domo

2227 3230 2344 3300 Dei,
2371 3235 2533 3306 magis
2558 3251 2711 3305 quam
2731 3237 2960 3292 habitare
2979 3239 3034 3292 in
3072 3239 3408 3294 tabernaculis
3435 3249 3757 3311 peccatorum
3785 3257 3808 3308 ;

2225 3326 2375 3398 eligit
2402 3329 2551 3384 illum
2579 3329 2752 3398 Deus,
2798 3340 2856 3387 ut
2899 3331 3157 3387 inhabitet
3198 3333 3253 3387 in
3281 3331 3432 3388 atriis
3458 3335 3612 3403 ejus;
3639 3342 3695 3389 et
3720 3334 3803 3389 ni-

2228 3420 2302 3476 hil
2332 3421 2433 3478 sibi
2461 3433 2818 3480 assumentem
2848 3424 2936 3480 ille
2966 3425 3018 3480 in
3056 3425 3238 3482 sedem
3269 3425 3534 3483 beatitatis
3556 3431 3802 3484 assumit.

2226 3513 2381 3570 Unde
2429 3515 2484 3570 in
2528 3515 2741 3571 Psalmo
2782 3517 3096 3573 suavissime
3139 3525 3195 3573 et
3237 3518 3514 3574 verissime
3557 3519 3804 3589 canitur,

2224 3604 2413 3662 Beatus
2439 3607 2516 3662 uir
2548 3609 2694 3680 cujus
2716 3616 2788 3662 est
2813 3610 3062 3679 susceptio
3085 3611 3196 3680 ejus
3225 3609 3314 3666 abs
3349 3619 3396 3665 te
3418 3651 3433 3676 ,
3459 3609 3692 3666 Domine.
3725 3609 3804 3667 Ne

2225 3705 2382 3770 putes
2406 3713 2529 3754 eum
2569 3699 2658 3769 qui
2702 3714 2762 3754 se
2790 3699 3034 3755 liumiliat
3069 3714 3282 3771 semper
3300 3700 3523 3771 jacere;
3559 3715 3679 3756 cum
3718 3701 3806 3756 di—

2225 3797 2369 3844 ctum
2397 3789 2495 3855 sit,
2517 3787 2859 3844 Exaltabitur.
2892 3791 2958 3845 Et
2995 3805 3064 3846 ne
3087 3791 3322 3861 opineris
3367 3791 3483 3861 ejus
3527 3791 3808 3846 exaltatio-

2226 3899 2346 3939 nem
2377 3883 2431 3938 in
2459 3882 2628 3938 oculis
2654 3882 2927 3938 hominum
2962 3898 3058 3954 per
3085 3883 3439 3939 sublimitates
3469 3883 3582 3940 ﬁeri
3611 3898 3806 3953 corpo-

2224 3975 2365 4032 rales
2403 3992 2419 4041 ;
2450 3989 2571 4029 cum
2621 3974 2762 4030 enim
2801 3974 3059 4043 dixisset,
3089 3974 3276 4030 Beatus
3297 3977 3394 4043 uir,
3421 3976 3568 4046 cujus
3592 3983 3665 4030 est
3688 3991 3805 4029 sus-

2224 4070 2384 4142 ceptio
2409 4069 2518 4140 ejus
2537 4068 2626 4124 abs
2655 4078 2722 4136 te,
2749 4068 2968 4124 Domine
2993 4085 3012 4135 ;
3055 4075 3445 4139 consequenter
3474 4063 3728 4122 annexuit
3755 4073 3810 4122 et

2223 4159 2455 4217 ostendit
2480 4159 2720 4231 ejusdem
2764 4159 3118 4230 susceptionis
3152 4157 3524 4215 celsitudinem
3552 4157 3804 4226 spiritua-

2224 4255 2326 4311 lem
2353 4272 2367 4310 :
2391 4255 2670 4318 Ascensus,
2700 4253 2902 4323 inquit,
2931 4253 2986 4306 in
3010 4250 3161 4305 corde
3182 4251 3291 4320 ejus
3323 4248 3570 4318 disposuit
3607 4247 3662 4302 in
3685 4263 3811 4301 cono

2223 4347 2353 4400 valle
2384 4346 2679 4416 plorationis
2700 4385 2715 4410 ,
2757 4345 2811 4397 in
2862 4341 3028 4397 locum
3068 4356 3215 4411 quem
3242 4339 3504 4411 disposuit.
3537 4337 3639 4396 Ubi
3677 4352 3808 4410 ergo

2223 4439 2482 4509 disposuit
2525 4450 2778 4493 ascensus
2812 4435 2838 4490 ?
2889 4435 2945 4489 lu
2983 4433 3177 4496 corde,
3225 4431 3280 4488 in
3324 4431 3566 4488 convalle
3605 4430 3807 4486 scilicet

2225 4532 2552 4604 plorationis.
2586 4529 2696 4585 lloc
2731 4536 2832 4589 est.
2868 4525 2967 4591 Qui
2982 4543 3037 4580 se
3060 4523 3314 4588 humiliat,
3345 4523 3665 4579 exaltabitur.
3689 4522 3808 4578 Sic-

2223 4633 2283 4679 ut
2331 4622 2472 4678 enim
2540 4633 2814 4692 ascensus_
2835 4617 3214 4674 exultationem
3259 4614 3457 4670 indicat
3487 4630 3502 4680 ;
3536 4615 3608 4669 ita
3656 4613 3809 4670 vallis

2224 4715 2574 4771 humilitatem
2591 4755 2605 4780 ,
2633 4721 2686 4768 et
2711 4709 2966 4766 convallis
2991 4707 3333 4780 ploratioues.
3359 4706 3507 4762 Sicut
3529 4705 3671 4761 enim
3711 4719 3807 4760 co-

2224 4822 2338 4865 mes
2387 4805 2712 4878 pcenitentize
2739 4801 2896 4858 dolor
2933 4809 3056 4866 est;
3085 4800 3157 4854 ita
3191 4799 3439 4872 lacrymze
3483 4803 3606 4852 sunt
3646 4803 3810 4851 testes

2223 4899 2444 4956 doloris.
2489 4896 2699 4967 Optime
2741 4901 2918 4950 autem
2967 4891 3238 4962 sequitur,
3286 4898 3341 4946 et
3382 4889 3514 4945 dicit
3557 4905 3571 4942 :
3605 4887 3809 4944 Etenim

2223 4991 2614 5047 benedictionem
2650 4987 2826 5054 dabit,
2875 4985 2961 5058 qui
2994 4985 3153 5055 legem
3180 4981 3319 5038 dedit
3346 4981 3515 5055 (Psal.
3563 4996 3765 5038 ιχχχιιι
3791 5021 3808 5046 ,

2226 5085 2314 5148 ll,
2343 5082 2397 5149 6,
2424 5085 2479 5149 7,
2511 5078 2704 5152 8).Ad
2738 5078 2843 5134 hoc
2883 5076 3027 5134 enim
3067 5077 3155 5132 lex
3185 5074 3307 5131 data
3346 5083 3460 5140 est,
3501 5083 3558 5129 ut
3587 5073 3806 5128 vulnera

2223 5174 2531 5233 ostenderet
2566 5179 2906 5244 peccatorum
2929 5210 2945 5237 ,
2971 5183 3091 5240 qua:
3113 5167 3297 5239 gratiae
3325 5165 3626 5223 benedictio
3655 5175 3812 5220 sana-

2224 5278 2326 5328 ret.
2357 5267 2439 5323 Ad
2481 5267 2585 5322 hoc
2625 5266 2711 5321 lex
2753 5263 2876 5318 data
2915 5270 3025 5330 est,
3075 5270 3134 5316 ut
3177 5260 3408 5331 superbo
3444 5257 3808 5314 inﬁrmitatem

2225 5376 2376 5417 suam
2420 5367 2600 5414 notam
2631 5356 2847 5424 laceret,
2892 5355 3106 5409 inﬁrmo
3132 5351 3498 5424 paenitentiam
3535 5348 3812 5405 suaderet.

2227 5455 2307 5512 Ad
2345 5455 2446 5510 hoc
2487 5454 2570 5508 lex
2609 5451 2732 5506 data
2759 5457 2873 5515 est,
2903 5457 2960 5504 ut
2985 5447 3285 5503 diceremus
3328 5445 3379 5500 in
3407 5442 3648 5500 convalle
3693 5442 3808 5512 ploo'
3837 5455 3866 5476 ο

2225 5551 2474 5616 rationis,
2527 5546 2685 5602 Video
2713 5545 2869 5598 aliam
2912 5543 3072 5615 legem
3113 5541 3167 5595 in
3213 5539 3446 5594 membris
3489 5537 3611 5591 meis
3655 5551 3803 5605 repu-

2225 5652 2459 5716 gnantem
2499 5640 2596 5711 legi
2633 5637 2809 5692 utentis
2837 5650 2994 5700 mete,
3019 5642 3067 5686 et
3109 5633 3446 5702 captivantem
3486 5645 3566 5683 me
3609 5627 3664 5682 in
3707 5627 3814 5696 legs

2227 5737 2455 5813 peccati,
2488 5749 2599 5806 qua:
2641 5741 2713 5788 est
2755 5732 2807 5785 in
2837 5726 3073 5782 membris
3099 5724 3222 5778 meis
3254 5738 3272 5778 :
3299 5730 3352 5776 et
3374 5736 3495 5776 cum
3536 5722 3651 5791 ipso
3697 5717 3816 5788 plor

2225 5811 2343 5896 ratu
2369 5831 2717 5890 clamaremus
2735 5867 2750 5895 ,
2783 5821 2978 5896 Infelix
3002 5836 3091 5896 ego
3121 5819 3270 5879 Immo
3297 5817 3450 5893 lquls
3487 5829 3565 5874 me
3586 5811 3816 5880 liberabit

2225 5927 2290 5994 de
2312 5939 2521 5993 corpore
2544 5920 2717 5986 tttOtllt
2755 5917 2908 5992 huius
2933 5916 2958 5982 t
2996 5923 3051 5980 ot
3074 5919 3412 5981 succurreret
3429 5907 3580 5979 nobis
3601 5947 3618 5982 ο
3657 5920 3818 5977 θείως
