4080 6360
286 448 425 504 1557

281 567 465 622 diente
504 566 597 622 illo
620 566 709 639 qui
750 567 905 638 erigit
931 567 1092 623 elisos
1118 609 1133 635 ,
1174 567 1330 624 solvit
1360 568 1720 640 compeditos,
1745 570 1869 625 illu-

279 660 453 714 minat
499 676 671 715 caecos
701 661 718 729 (
744 659 891 715 Psal.
921 677 1094 730 δην,
1126 664 1179 729 7,
1202 663 1270 735 8.)
1294 704 1308 730 ,
1336 667 1501 733 gratia
1527 665 1624 721 Dei
1654 684 1741 737 per
1779 667 1870 722 Je~

279 769 395 806 sum
430 752 685 807 Christum
725 753 1001 809 Dominum
1038 765 1262 810 nostrum
1294 756 1485 828 (Rom.
1514 775 1606 824 vtt,
1626 760 1716 827 25,
1738 761 1864 832 25).

351 843 581 901 CAPUT
620 846 684 900 ll.
713 876 786 886 —
813 847 870 901 2.
910 845 1034 901 Tria
1082 850 1381 917 prenitentia:
1422 868 1623 922 genera.
1687 851 1869 907 Prima

280 938 599 1007 pertinentia,
640 947 755 992 ante
790 936 1128 1009 Baptismum.
1157 940 1290 996 Tres
1330 951 1455 997 sunt
1496 952 1671 999 autem
1702 945 1868 1000 actio-

280 1046 379 1086 nes
426 1030 789 1101 paenitentiae,
841 1048 973 1101 quas
1012 1049 1218 1088 mecum
1249 1046 1424 1090 vestra
1452 1036 1692 1092 Eruditio
1717 1053 1869 1094 reco—

278 1124 509 1192 gnoscit.
552 1123 687 1178 Sunt
720 1123 859 1178 enim
912 1125 1116 1180 usitate
1150 1128 1203 1181 in
1244 1127 1476 1183 Ecclesia
1503 1130 1627 1197 Dei,
1654 1139 1710 1187 et
1745 1131 1867 1187 dili-

278 1225 468 1284 genter
495 1216 891 1272 attendentibus
917 1228 1075 1272 notas.
1108 1217 1223 1274 Una
1265 1229 1351 1275 est
1390 1237 1508 1291 quze
1539 1237 1730 1277 novum
1761 1223 1862 1280 ho-

277 1305 483 1360 minem
516 1308 770 1375 parturit,
799 1307 973 1364 donec
1000 1324 1092 1379 per
1122 1310 1448 1379 Baptismum
1487 1312 1719 1369 salutare
1747 1330 1863 1370 om-

277 1398 427 1451 nium
453 1398 843 1466 prasteritorum
875 1398 965 1454 ﬁat
1004 1400 1206 1455 ablutio
1246 1411 1579 1472 peccatorum
1609 1421 1623 1459 :
1654 1416 1714 1460 ut
1748 1414 1865 1462 tan-

275 1507 440 1561 quam
477 1506 641 1561 puero
672 1502 797 1547 nato
838 1493 1051 1548 dolores
1081 1503 1392 1562 transeant,
1439 1498 1631 1566 quibus
1659 1499 1862 1555 viscera

278 1585 610 1654 urgebamur
650 1585 718 1639 ad
771 1596 1016 1656 partum,
1047 1597 1102 1641 et
1145 1588 1410 1642 tristitiam
1450 1590 1629 1645 lmtitia
1667 1606 1860 1647 conse-

274 1684 492 1744 quatur.
539 1675 726 1731 Omnis
764 1678 905 1732 enim
934 1678 1021 1747 qui
1060 1678 1169 1747 jam
1199 1679 1398 1735 arbiter
1428 1682 1709 1737 voluntatis
1751 1699 1861 1741 sua:

272 1777 600 1828 constitutus
626 1784 728 1841 est,
756 1790 876 1830 cum
905 1776 1109 1831 accedit
1138 1776 1203 1831 ad
1230 1778 1569 1832 Sacramenta
1603 1778 1857 1846 ﬁdelium,

276 1864 379 1918 nisi
420 1880 546 1919 eum
598 1868 852 1936 poeniteat
884 1869 1004 1922 vita:
1051 1868 1267 1935 veteris,
1316 1885 1503 1924 novam
1557 1886 1660 1924 non
1686 1879 1861 1941 potest

276 1952 553 2009 inchoare.
586 1956 668 2009 Ab
697 1955 797 2012 bac
838 1959 1176 2027 ptenitentia,
1209 1975 1328 2014 cum
1358 1960 1719 2030 baptizautur,
1761 1963 1859 2017 soli

275 2046 487 2112 parvuli
511 2056 635 2100 sunt
666 2047 929 2104 immunes
975 2066 990 2105 :
1034 2049 1267 2105 nondum
1316 2052 1459 2106 enim
1516 2053 1589 2106 uti
1636 2062 1859 2121 possunt

275 2137 450 2193 libero
498 2140 742 2194 arbitrio.
797 2141 999 2209 Quibus
1043 2152 1216 2199 tamen
1277 2143 1343 2198 ad
1399 2146 1855 2201 consecrationem

276 2232 765 2304 remissionemque
789 2235 1061 2306 originalis
1083 2237 1283 2307 peccati
1312 2237 1528 2307 prodest
1569 2253 1751 2293 eorum
1792 2239 1856 2293 ﬁ-

273 2322 408 2390 des,
453 2341 487 2377 a
533 2326 728 2396 quibus
768 2326 1102 2394 offeruntur;
1141 2338 1197 2383 ut
1235 2344 1594 2400 quascumque
1624 2331 1857 2387 maculas

272 2413 594 2471 delictorum
626 2432 722 2487 per
747 2418 882 2474 alios
899 2458 916 2485 ,
942 2434 1009 2475 ex
1028 2420 1219 2490 quibus
1248 2421 1353 2474 uati
1376 2430 1535 2485 sunt,
1576 2433 1857 2478 contraxe-

272 2514 447 2575 runt,
493 2508 717 2563 aliorum
746 2511 907 2564 etiam
953 2511 1367 2582 interrogatione
1402 2527 1465 2568 ac
1507 2515 1856 2584 responsione

273 2609 593 2670 purgentur.
642 2600 930 2658 Verissime
974 2604 1168 2674 quippe
1198 2606 1251 2659 in
1296 2605 1520 2661 Psalmis
1549 2607 1849 2677 plangitur,

271 2689 411 2745 Ecce
436 2692 492 2745 in
519 2692 781 2761 iniquitate
811 2704 1078 2764 conceptus
1107 2712 1220 2751 sum
1243 2738 1258 2763 ,
1294 2708 1339 2751 et
1364 2698 1417 2751 in
1442 2700 1659 2768 peccatis
1698 2708 1858 2753 mater

270 2798 385 2835 mea
411 2799 495 2836 me
521 2784 576 2837 in
604 2795 742 2839 utero
767 2786 892 2840 aluit
921 2784 1105 2857 (Psal.
1136 2804 1185 2851 ι,
1234 2788 1324 2858 7).
1367 2789 1495 2845 ltem
1542 2792 1684 2861 quod
1720 2791 1855 2845 scri-

272 2883 423 2941 ptum
455 2884 572 2940 est,
604 2891 711 2930 non
756 2891 873 2932 esse
901 2878 1157 2933 mundum
1204 2879 1255 2933 in
1289 2889 1577 2951 compectu
1616 2882 1731 2947 Dei,
1757 2896 1855 2939 nec

273 2964 573 3033 infantem,
616 2967 767 3037 cujus
812 2976 899 3023 est
946 2969 1050 3023 vita
1088 2970 1193 3025 diei
1244 2972 1399 3027 unius
1445 2987 1607 3041 super
1657 2982 1851 3029 terram

272 3057 294 3127 (
318 3056 420 3111 Job
476 3073 586 3125 stv,
627 3058 681 3122 4,
710 3074 813 3115 sec.
841 3060 983 3115 LXX
1004 3062 1042 3129 ).
1078 3061 1329 3133 Exceptis
1370 3078 1496 3134 ergo
1525 3064 1718 3120 talibus
1742 3106 1754 3128 ,
1784 3065 1851 3121 de

269 3168 502 3221 quorum
529 3154 716 3211 ordine
743 3170 807 3212 ac
830 3156 1022 3211 merito
1052 3157 1107 3211 in
1126 3156 1304 3213 futura
1344 3158 1451 3223 illa,
1480 3174 1600 3229 quae
1637 3161 1850 3229 promit-

272 3244 435 3311 titur,
463 3253 611 3301 sorte
647 3255 954 3303 sanctorum
975 3289 992 3315 ,
1025 3248 1165 3304 velle
1192 3249 1419 3319 amplius
1443 3265 1682 3321 qumrere
1704 3292 1719 3317 ,
1752 3251 1851 3307 bo-

268 3336 477 3390 minum
521 3336 795 3393 modulum
847 3338 1102 3405 excedit;
1160 3341 1247 3410 pie
1290 3351 1466 3397 tamen
1495 3342 1731 3397 creditur
1772 3344 1851 3398 eis

269 3428 536 3497 prodesse
561 3430 629 3484 ad
656 3431 985 3501 spiritualem
1013 3433 1237 3489 salutem
1262 3476 1274 3498 ,
1308 3435 1448 3505 quod
1474 3435 1849 3490 ecclesiastica:

268 3520 605 3575 auctoritatis
626 3536 721 3591 per
745 3529 915 3578 totum
945 3525 1130 3581 orbem
1159 3532 1421 3580 terrarum
1449 3536 1553 3580 tam
1584 3528 1737 3581 ﬁrmo
1762 3542 1852 3581 ro.

266 3612 401 3666 bore
427 3614 723 3668 custoditur
752 3632 766 3670 :
798 3625 1111 3672 czeterorum
1153 3616 1428 3673 hominum
1459 3618 1633 3677 nullus
1660 3620 1849 3674 transit

267 3703 336 3757 ad
362 3700 634 3760 Christum
660 3747 675 3771 ,
704 3715 761 3761 ut
799 3707 1017 3778 incipiat
1044 3722 1164 3764 esse
1210 3709 1352 3779 quod
1394 3724 1498 3765 non
1538 3718 1651 3765 erat
1674 3752 1689 3776 ,
1746 3711 1849 3766 nisi

264 3811 391 3851 eum
411 3799 668 3867 paeniteat
702 3799 867 3855 fuisse
891 3801 1032 3872 quod
1066 3809 1199 3857 erat.
1239 3801 1365 3858 Haec
1393 3803 1557 3872 prima
1589 3803 1851 3872 paeniten-

266 3888 339 3941 tia
367 3890 672 3959 praecipitur
716 3890 916 3947 Iudaeis
938 3931 954 3958 ,
982 3891 1192 3948 dicente
1219 3896 1461 3962 apostolo
1510 3894 1664 3948 Petro
1686 3932 1703 3959 ,
1746 3910 1850 3964 pa:-

264 3982 532 4036 nitcntiam
571 3984 721 4057 agite,
764 3994 812 4038 et
856 3985 1132 4054 baptisetur
1176 3988 1516 4057 unusquisque
1543 3996 1758 4041 vestrum
1795 3987 1851 4042 in

263 4074 472 4128 nomine
494 4056 703 4129 Domini
739 4077 896 4129 nostri
919 4074 1044 4131 Jesu
1068 4076 1255 4131 Christi
1276 4056 1418 4148 (Act.
1442 4093 1498 4143 tt,
1529 4078 1597 4133 58
1702 4078 1844 4134 Talis

261 4164 335 4220 ab
364 4165 484 4235 ipso
512 4166 737 4222 Domino
782 4168 1173 4238 imperabatur,
1216 4184 1338 4223 cum
1372 4170 1575 4225 diceret
1623 4189 1636 4225 :
1668 4169 1793 4226 Ρωη
1817 4202 1844 4213 -

261 4256 477 4309 tentiam
517 4258 669 4328 agite,
697 4259 1119 4329 appropinquavit
1164 4261 1297 4315 enim
1346 4277 1555 4332 regnum
1607 4264 1845 4317 caelorum

262 4347 493 4417 (Matth.
518 4365 592 4415 tv,
620 4349 740 4421 17).
771 4352 845 4406 De
870 4351 969 4406 hac
994 4352 1155 4407 etiam
1184 4352 1416 4407 Joannes
1441 4353 1697 4423 Baptista,
1728 4355 1844 4424 ple-

260 4456 369 4497 nus
394 4442 597 4512 Spiritu
618 4452 823 4511 saneto,
851 4460 1152 4515 prtecursor
1179 4455 1233 4501 et
1258 4456 1581 4517 przeparator
1608 4448 1705 4501 via:
1736 4447 1843 4501 Do-

261 4536 396 4591 mini
416 4535 491 4589 ita
511 4535 640 4592 dicit
668 4554 681 4591 :
715 4536 983 4592 Generatio
1022 4538 1308 4608 viperarum
1330 4580 1345 4604 ,
1374 4540 1485 4609 quis
1513 4539 1726 4594 ostendit
1758 4554 1844 4593 vo-

260 4630 337 4682 bis
367 4631 545 4699 fugere
582 4645 613 4681 a
638 4637 845 4683 ventura
868 4630 947 4683 ira
966 4631 991 4683 ?
1017 4630 1190 4685 Facite
1212 4646 1330 4708 ergo
1369 4633 1595 4702 fructum
1634 4631 1843 4702 dignum

258 4722 565 4791 pestilentia:
596 4720 725 4793 (Id.
757 4738 832 4787 Ill,
864 4724 916 4786 7,
950 4721 1034 4794 8).

329 4813 558 4870 CAPUT
584 4813 668 4869 Ill.
698 4845 770 4855 —
794 4816 846 4869 5.
871 4816 1043 4870 Altera
1063 4816 1351 4887 paenitentia
1378 4833 1492 4886 quae
1516 4815 1596 4871 hic
1615 4816 1841 4871 omnium

257 4916 329 4960 est
354 4916 696 4976 acperpetua.
738 4906 867 4962 Viue
904 4908 1059 4978 hujus
1102 4910 1340 4979 paenitere
1385 4925 1475 4964 nos
1518 4907 1693 4975 debet,
1720 4908 1840 4979 quia

256 4998 572 5068 corruptioni
607 5007 657 5052 et
705 4999 1058 5054 tentatiom'bus
1102 5001 1318 5054 obnoxia
1362 5011 1455 5055 est.
1504 5002 1686 5056 Altera
1710 5016 1839 5057 vero
1925 5064 1935 5070 _

257 5088 572 5157 paenitentia
592 5097 676 5144 est
694 5128 713 5155 ,
740 5089 893 5159 cujus
939 5089 1078 5145 actio
1104 5105 1200 5161 per
1220 5098 1384 5146 totam
1434 5092 1590 5147 istam
1628 5092 1791 5147 vitam
1816 5132 1832 5157 ,

254 5200 357 5254 qua
388 5186 443 5239 in
470 5200 632 5241 carne
658 5185 868 5241 mortali
891 5185 1131 5257 degimus
1153 5228 1169 5255 ,
1210 5195 1463 5259 perpetua
1491 5188 1834 5258 supplicatio-

255 5277 335 5329 nis
367 5274 665 5331 humilitate
683 5276 955 5332 subeunda
982 5286 1083 5333 est.
1110 5278 1319 5345 Primo,
1349 5278 1473 5347 quia
1492 5292 1652 5334 nemo
1675 5279 1836 5334 vitam

254 5376 535 5433 a-ternam,
565 5367 1038 5438 incorruptibilem,
1071 5369 1529 5439 immortalemque
1544 5369 1830 5436 desiderat,

258 5458 357 5512 nisi
405 5475 526 5514 eum
556 5460 677 5515 vitae
708 5460 864 5530 hujus
892 5462 1199 5531 temporalis
1218 5501 1232 5525 ,
1260 5461 1617 5531 corruptibilis
1636 5501 1652 5527 ,
1681 5477 1830 5517 mor-

258 5553 480 5621 talisque
510 5554 783 5623 poeniteat.
809 5553 923 5609 Non
952 5554 1091 5609 enim
1118 5555 1194 5609 sic
1220 5556 1442 5626 quisque
1472 5556 1524 5609 in
1546 5556 1704 5610 vitam
1736 5569 1836 5609 no—

256 5628 372 5697 vam
403 5660 498 5714 per
514 5647 990 5702 sanctiﬁcation‘em
1008 5648 1260 5716 Baptismi
1289 5649 1543 5713 nascitur,
1560 5659 1618 5703 ut
1638 5664 1829 5719 quem-

256 5735 539 5791 admodum
591 5738 812 5807 deponit
851 5739 922 5794 ibi
963 5741 1138 5795 omnia
1166 5749 1382 5810 peccata
1406 5740 1705 5810 przeterita,
1762 5743 1829 5795 ita

259 5830 414 5883 etiam
444 5831 624 5885 statim
670 5832 1044 5889 mortalitatem
1094 5834 1260 5903 ipsam
1310 5834 1485 5888 carnis
1527 5835 1827 5904 corruptio-

260 5941 484 6003 tlﬁmtpte
511 5926 760 5991 damnat.
784 5928 938 6002 Quod
966 5928 1013 5990 si
1041 5943 1147 5989 non
1172 5927 1246 5991 ita
1265 5936 1383 6006 est,
1415 5936 1580 5988 restat
1618 5937 1673 5987 ut
1705 5929 1829 5989 illud

1692 443 1917 503 SERMO
1971 444 2183 508 ευριπ.

3419 473 3554 530 1538

1977 569 2118 638 quod
2164 571 2419 644 scriptum
2459 584 2575 645 est,
2604 579 2744 650 quod
2774 580 2934 638 etiam
2960 584 3182 655 quisque
3211 585 3265 641 in
3290 601 3350 644 se
3395 593 3555 648 sentit

1972 659 2148 717 adhuc
2166 703 2182 730 ,
2204 663 2329 719 dum
2361 666 2414 721 in
2441 666 2541 724 hac
2571 669 2678 724 vita
2703 680 2785 726 est
2805 714 2820 739 ,
2848 691 3030 747 corpus
3050 680 3185 749 quod
3214 683 3554 752 corrumpitur

1972 764 2221 825 aggravet
2239 758 2463 813 animum
2484 800 2499 828 ,
2539 772 2586 815 et
2606 762 2866 834 deprimat
2892 776 3084 823 terrena
3109 771 3404 829 inhabitatio
3438 791 3553 830 sen-

1970 859 2085 899 sum
2104 849 2265 902 multa
2287 852 2587 921 cegitantem
2613 854 2765 927 (Sep.
2796 873 2852 913 Ix
2870 897 2884 921 ,
2909 859 3020 929 15).
3042 860 3190 929 Quod
3220 873 3343 920 tunc
3368 866 3419 920 in
3463 867 3549 923 illa

1971 934 2301 996 beatitudine
2325 943 2447 1012 quia
2472 959 2576 1000 non
2598 948 2731 1014 erit,
2761 963 2881 1003 cum
2908 950 3278 1009 absorbebitur
3303 972 3448 1013 mors
3492 959 3548 1015 in

1970 1028 2244 1087 victoriam
2274 1033 2317 1106 (Ι
2339 1034 2457 1092 Cor.
2486 1053 2554 1093 xv
2574 1078 2590 1106 ,
2618 1040 2711 1110 54)
2735 1058 2750 1107 ;
2781 1043 2898 1112 quis
2921 1044 3124 1102 dubitet
3144 1048 3194 1101 in
3216 1064 3548 1123 quacumque

1972 1124 2248 1191 temporali
2274 1123 2527 1183 felicitate
2554 1129 2570 1161 ⁸
2617 1145 2894 1188 versemur
2918 1176 2933 1201 ,
2960 1137 3219 1205 pomitere
3246 1150 3418 1197 tamen
3448 1159 3545 1200 nos

1968 1212 2165 1270 debere
2208 1215 2371 1286 hujus
2391 1220 2543 1286 vita),
2571 1232 2630 1277 ut
2659 1223 2724 1278 ad
2751 1225 2892 1280 illam
2946 1229 3391 1300 incorruptionem
3437 1243 3544 1292 tota

1964 1305 2221 1363 aviditate
2250 1315 2564 1368 curramus?
2592 1313 2716 1370 Inde
2740 1325 2824 1371 est
2872 1319 3011 1373 enim
3041 1322 3182 1391 quod
3207 1324 3365 1379 etiam
3401 1327 3543 1396 Apo-

1966 1398 2138 1454 stolus
2162 1401 2277 1455 ait:
2314 1404 2570 1471 Quamdiu
2593 1424 2766 1465 sumus
2788 1410 2841 1463 in
2883 1427 3124 1483 corpore,
3170 1417 3544 1487 peregrinantur

1964 1506 1999 1543 a
2050 1489 2269 1547 Domino
2299 1511 2320 1549 :
2346 1513 2435 1565 per
2458 1498 2609 1566 ﬁdem
2635 1500 2768 1554 enim
2806 1501 3150 1574 ambulamus,
3181 1524 3282 1561 non
3311 1526 3400 1578 per
3422 1526 3541 1580 spe-

1964 1584 2088 1638 ciem
2115 1586 2181 1657 (ll
2209 1586 2326 1642 Cor.
2355 1606 2408 1657 v,
2437 1590 2503 1658 6,
2536 1592 2612 1663 7).
2640 1593 2769 1660 Quis
2805 1610 2932 1665 ergo
2960 1598 3172 1653 festinat
3197 1608 3354 1671 atque
3392 1610 3541 1672 optat

1964 1674 2031 1730 ad
2063 1678 2283 1745 patriam
2310 1695 2551 1738 remeare
2570 1724 2585 1749 ,
2617 1691 2672 1738 et
2700 1684 2843 1738 illam
2874 1687 3103 1756 speciem
3141 1706 3260 1760 qua:
3288 1700 3372 1747 est
3407 1693 3541 1750 facie

1964 1769 2030 1823 ad
2057 1770 2239 1826 faciem
2268 1775 2637 1845 contemplari,
2658 1777 2757 1832 nisi
2786 1794 2940 1849 quem
2971 1783 3408 1852 peregrinationis
3427 1801 3540 1843 sua:

1964 1861 2306 1929 pmuituerit?
2331 1865 2408 1919 Ex
2432 1882 2537 1936 quo
2564 1868 2750 1925 dolore
2773 1872 3077 1940 paenitentis
3095 1915 3109 1938 ,
3138 1876 3296 1931 etiam
3320 1893 3420 1933 vox
3448 1880 3539 1936 illa

1963 1950 2282 2006 miserabilis
2305 1956 2539 2024 erumpit
2567 1966 2621 2011 et
2646 1969 2797 2015 sonat
2826 1977 2838 2013 :
2870 1961 2985 2016 Ileu
3000 1964 3113 2017 me!
3137 1967 3371 2036 quoniam
3393 1984 3539 2039 pere-

1961 2042 2180 2113 grinatio
2210 2061 2320 2099 mea
2346 2046 2617 2119 longinqua
2645 2053 2781 2121 facta
2809 2062 2899 2107 est.
2926 2054 2992 2109 Et
3028 2071 3095 2111 ne
3115 2067 3266 2126 putes
3302 2059 3537 2116 nondum

1962 2132 2173 2188 ﬁdelem
2202 2134 2301 2191 ista
2327 2136 2502 2207 loqui,
2528 2139 2644 2195 vide
2669 2141 2792 2212 quid
2820 2144 3057 2214 sequitur
3088 2163 3103 2199 :
3136 2145 3425 2203 Inhabitavi
3481 2151 3537 2207 in

1962 2224 2294 2281 tabernaculis
2311 2225 2473 2281 Cedar
2497 2244 2515 2283 :
2535 2246 2649 2285 cum
2682 2232 2761 2287 his
2798 2234 2883 2304 qui
2911 2235 3126 2291 oderunt
3154 2255 3328 2307 pacem
3349 2281 3365 2306 ,
3397 2258 3537 2295 eram

1961 2316 2242 2386 paciﬁcus;
2289 2334 2403 2373 cum
2451 2321 2679 2393 loquerer
2706 2324 2777 2379 eis
2799 2364 2813 2390 ,
2859 2325 3219 2399 impugnabant
3265 2348 3343 2385 me
3393 2334 3539 2389 valde

1966 2403 2133 2476 (Psal.
2159 2423 2320 2474 cxtx,
2352 2411 2491 2483 5-7).
2539 2413 2655 2469 Non
2699 2416 2870 2471 solum
2914 2418 3144 2476 hominis
3187 2422 3394 2489 ﬁdelis,
3441 2424 3537 2482 sed

1965 2499 2127 2555 etiam
2157 2503 2497 2574 evangelista:
2538 2506 2827 2564 ﬁrmissimi
2873 2519 2928 2566 et
2971 2514 3218 2585 martyris
3264 2516 3536 2574 fortissimi

1960 2589 2077 2647 haec
2110 2594 2268 2650 verba
2296 2604 2440 2651 sunt.
2467 2596 2596 2653 Nam
2624 2600 2747 2655 inde
2771 2610 2855 2658 est
2898 2604 3057 2660 etiam
3084 2606 3207 2662 illud
3246 2609 3485 2679 Apostoli
3517 2627 3535 2668 :

1960 2684 2165 2741 Scimus
2190 2688 2323 2742 enim
2345 2729 2361 2755 ,
2389 2690 2507 2760 quia
2531 2700 2577 2745 et
2594 2692 2640 2745 si
2664 2702 2860 2748 terrena
2870 2706 3043 2750 nostra
3062 2698 3239 2753 domus
3267 2700 3420 2770 hujus
3442 2702 3537 2755 ha-

1959 2778 2212 2835 bitationis
2231 2781 2532 2838 dissolvatur
2555 2825 2569 2850 ,
2598 2786 2982 2855 aediﬁcationem
3008 2788 3248 2846 habemus
3283 2809 3346 2847 ea:
3373 2792 3479 2848 Deo
3504 2834 3522 2861 ,

1958 2871 2162 2926 domum
2187 2890 2287 2928 non
2324 2891 2479 2928 manu
2506 2878 2694 2947 factam
2718 2918 2733 2942 ,
2758 2888 2999 2933 (sternam
3043 2882 3097 2935 in
3146 2883 3533 2957 caelisaEtenim

1956 2964 2009 3018 in
2035 2964 2129 3019 hoc
2166 2965 2569 3037 ingemiscimus,
2614 2968 2956 3024 habitaculum
3005 2981 3230 3027 nostrum
3253 2975 3426 3043 ,quod
3472 2976 3537 3031 de

1958 3056 2084 3109 caelo
2110 3066 2221 3125 est,
2251 3058 2547 3128 superindui
2569 3060 2821 3130 cupientes
2850 3077 2868 3115 :
2893 3062 2939 3115 si
2967 3071 3130 3117 tamen
3146 3074 3193 3118 et
3218 3064 3414 3132 induti,
3432 3082 3535 3122 non

1956 3148 2082 3203 nudi
2104 3149 2434 3204 inveniamur.
2460 3148 2662 3205 Etenim
2689 3153 2771 3222 qui
2797 3170 2970 3208 sumus
2998 3154 3051 3208 in
3071 3155 3166 3208 hac
3188 3156 3492 3214 habitatione
3511 3197 3532 3228 ,

1956 3239 2325 3311 ingemiscimus
2347 3243 2541 3313 gravati
2563 3284 2578 3309 ,
2611 3242 2665 3297 in
2683 3260 2782 3311 quo
2802 3245 3034 3299 nolumus
3060 3247 3271 3315 spoliari
3287 3289 3304 3317 ,
3343 3250 3431 3303 sed
3448 3268 3535 3305 su-

1957 3330 2210 3400 per-vestiri
2224 3371 2239 3396 ,
2271 3341 2323 3384 ut
2343 3332 2661 3386 absorbeatur
2684 3334 2893 3388 mortale
2912 3352 2942 3386 a
2963 3335 3062 3388 vita
3086 3335 3152 3405 (ll
3174 3336 3290 3391 Cor.
3313 3354 3367 3406 v,
3392 3339 3529 3411 1-4).

1956 3420 2092 3488 Quid
2113 3438 2239 3493 ergo
2259 3423 2528 3494 cupimus,
2557 3425 2656 3479 nisi
2678 3425 2748 3479 ita
2776 3442 2881 3480 non
2910 3441 3031 3482 esse
3060 3436 3117 3481 ut
3142 3444 3282 3485 nunc
3308 3431 3532 3486 sumus?

1954 3521 2008 3568 et
2029 3512 2154 3584 quid
2183 3515 2575 3585 ingemiseimus
2592 3558 2607 3581 ,
2632 3517 2730 3570 nisi
2754 3517 3060 3587 paenitendo
3083 3520 3203 3589 quia
3224 3521 3291 3575 ita
3313 3523 3531 3578 sumus?

1955 3604 2062 3660 Sed
2089 3605 2300 3676 quando
2329 3606 2400 3660 ita
2426 3623 2529 3661 non
2559 3607 2757 3662 erimus
2775 3649 2789 3674 ,
2833 3607 2934 3663 nisi
2962 3618 3169 3666 terrena
3198 3610 3357 3668 domo
3380 3628 3531 3670 reso-

1954 3699 2062 3754 luta
2088 3742 2104 3767 ,
2136 3709 2193 3754 ut
2216 3700 2487 3755 caelestem
2517 3700 2895 3757 habitationem
2926 3712 2980 3757 et
3013 3705 3191 3757 animo
3230 3715 3284 3760 et
3306 3721 3531 3777 corpore

1956 3792 2116 3869 totius
2159 3791 2388 3847 hominis
2427 3794 2790 3849 immutatione
2832 3795 3160 3851 sortiamur?
3197 3797 3530 3869 Quapropter

1952 3891 2009 3939 et
2028 3893 2243 3940 sanctus
2271 3884 2373 3940 Job
2392 3900 2498 3940 non
2518 3886 2591 3941 ait
2619 3902 2739 3942 esse
2764 3888 3108 3944 tentationem
3147 3889 3201 3945 in
3249 3889 3347 3945 hac
3376 3893 3480 3946 vita
3507 3932 3524 3960 ,

1952 3977 2047 4032 sed
2078 3976 2215 4031 hanc
2241 3976 2407 4046 ipsam
2430 3978 2590 4031 vitam
2626 3979 2969 4033 tentationem
2990 3978 3123 4034 dixit
3148 3995 3297 4048 esse,
3352 3983 3419 4036 ita
3448 3983 3527 4038 lo-

1950 4084 2119 4140 quens
2151 4087 2163 4123 :
2190 4067 2451 4139 Numquid
2483 4085 2583 4122 non
2624 4070 2829 4123 tentatio
2854 4079 2927 4123 est
2965 4071 3064 4123 vita
3111 4071 3330 4126 humana
3376 4089 3528 4142 super

1950 4163 2173 4218 terram?
2208 4162 2324 4228 Quo
2350 4162 2401 4216 in
2433 4161 2550 4216 loco
2577 4162 2737 4216 etiam
2767 4162 3076 4232 mysterium
3120 4163 3249 4232 lapsi
3294 4165 3526 4221 hominis

1950 4254 2265 4309 mirabiliter
2288 4252 2456 4323 tetigit
2480 4252 2663 4308 dicens
2696 4269 2709 4305 :
2741 4251 2998 4322 Tanquam
3017 4269 3185 4308 servus
3211 4254 3406 4325 fugiens
3430 4256 3526 4311 do-

1949 4348 2139 4401 minum
2164 4363 2311 4400 suum
2335 4386 2351 4413 ,
2383 4352 2431 4399 et
2450 4353 2740 4399 consecutus
2770 4345 2997 4398 umbram
3023 4344 3143 4417 (Job
3197 4362 3298 4413 vn,
3327 4348 3352 4402 1
3383 4389 3397 4414 ,
3439 4348 3474 4401 2
3502 4389 3520 4416 ,

1946 4458 2046 4497 sec.
2075 4438 2266 4511 LXX).
2294 4438 2410 4494 Non
2463 4440 2605 4494 enim
2635 4439 2748 4493 lucc
2788 4438 2895 4493 vita
2924 4438 3145 4494 dicenda
3184 4449 3265 4495 est
3314 4442 3520 4510 potius,

1945 4548 2101 4604 quam
2132 4532 2316 4587 umbra
2341 4532 2482 4586 vitae.
2512 4529 2622 4586 Nec
2642 4529 2905 4586 immerito
2943 4529 3189 4601 fugitivus
3209 4532 3376 4587 Adam
3404 4543 3522 4603 post

1944 4624 2291 4681 oﬁ'ensionem
2320 4622 2523 4693 peccati
2542 4621 2818 4677 abscondit
2838 4635 2897 4676 se
2933 4635 2965 4676 a
2997 4620 3133 4677 facie
3164 4622 3405 4691 Domini,
3440 4635 3522 4680 tc-

1944 4728 2061 4774 ctus
2103 4717 2242 4772 foliis
2287 4717 2570 4779 arborum,
2604 4715 2795 4785 quibus
2820 4722 3109 4784 opacantur
3160 4716 3467 4774 umbracula
3501 4760 3516 4786 ,

1945 4821 2181 4879 tanquam
2203 4811 2399 4882 fugiens
2418 4808 2694 4864 Dominum
2718 4825 2865 4864 suum
2884 4848 2898 4875 ,
2929 4809 3065 4864 sicut
3090 4807 3289 4866 dictum
3323 4820 3406 4867 est
3423 4854 3439 4881 ,
3468 4823 3513 4868 et

1942 4913 2236 4959 consecutus
2260 4900 2506 4956 umbram.

2010 4996 2064 5051 4.
2097 4994 2412 5051 Paenitentiaz
2438 4992 2696 5048 humilitas
2719 4994 2871 5049 etiam
2883 4992 3177 5064 justi/icatis
3214 4997 3515 5053 necessaria.

1946 5092 2408 5159 Quantumcumque
2436 5088 2590 5159 justis
2612 5127 2629 5155 ,
2677 5103 2777 5141 non
2810 5087 3097 5158 gloriandi,
3125 5086 3218 5142 sed
3248 5089 3519 5159 paenitendi

1940 5198 2146 5236 causam
2189 5196 2385 5250 semper
2423 5179 2615 5234 adesse.
2657 5177 3100 5249 Dispensatoribus
3133 5179 3268 5235 verbi
3321 5178 3417 5237 Dei
3467 5192 3519 5236 et

1940 5274 2384 5329 Sacramentorum
2408 5271 2542 5327 unde
2566 5272 2869 5343 paenitentia:
2911 5288 3085 5325 causa.
3108 5273 3238 5341 Quae
3266 5274 3515 5330 universa

1938 5366 2004 5422 ad
2033 5366 2133 5421 hoc
2178 5364 2316 5420 dicta
2346 5374 2495 5430 sunt,
2526 5379 2593 5419 ne
2615 5363 2734 5435 quis
2770 5378 2866 5433 per
2908 5363 3235 5433 Baptismum
3277 5367 3517 5437 quamvis

1933 5460 2254 5531 justiﬁcatus
2279 5459 2402 5514 sita
2431 5458 2693 5528 prioribus
2717 5457 2979 5527 peccatis,
3013 5467 3194 5515 tamen
3240 5457 3515 5525 superbire

1938 5551 2157 5618 audeat,
2189 5551 2233 5604 si
2261 5549 2387 5604 nihil
2418 5549 2750 5613 committat,
2787 5548 2931 5603 unde
2953 5549 3021 5603 ab
3046 5549 3224 5604 altaris
3274 5561 3513 5608 commu-

1939 5645 2095 5699 nione
2122 5650 2431 5713 separetur,
2464 5640 2613 5712 quasi
2649 5640 2758 5710 jam
2813 5640 2879 5695 de
2917 5640 3069 5710 plena
3120 5638 3403 5694 securitate
3452 5653 3513 5696 se

1934 5738 2141 5807 jactans
2164 5752 2178 5803 ;
2206 5735 2297 5793 sed
2320 5735 2495 5807 potius
2514 5742 2689 5790 servet
2708 5733 3055 5789 humilitatem
3071 5774 3084 5798 ,
3109 5746 3227 5801 qua:
3248 5746 3382 5803 pene
3408 5748 3513 5789 una

1936 5934 1961 5989 τ
1994 5874 2018 5945 ἰ
2174 5880 2339 5987 ςῗιτοηι
2362 5875 2532 5934 verbo,
2553 5868 2811 5938 felicitate;
2832 5881 2920 5933 PFO
2932 5879 3027 5933 (Ιυο
3045 5870 3168 5917 “me
3190 5864 3513 5932 ευΡΡῙθηδωη

1956 5948 2089 5988 tusc
2146 5949 2189 5988 vt
2211 5950 2257 5987 a-

1956 5948 2129 5988 tumet.
2146 5948 2257 5988 ιἰιαι
