4080 6360
556 457 694 539 isse
1363 565 1366 568 _
1778 465 1844 568 S-_

551 593 830 664 disciplina
854 571 1140 648 christiana
1171 595 1253 644 est
1282 605 1294 641 :
1324 603 1422 643 nec
1443 583 1715 658 superbiat
1740 595 1882 640 terra
1918 594 1972 640 et
2012 577 2148 639 cinis

557 683 740 758 (Eccti.
772 701 840 752 χ,
869 685 962 756 9),
993 683 1162 738 donec
1191 683 1290 737 ista
1333 697 1438 736 nox
1467 689 1579 736 tota
1627 683 1894 744 transeat,
1935 679 1988 731 in
2046 693 2150 748 qua

554 787 901 850 pertranseunt
920 793 1088 831 omnes
1110 775 1278 830 bestia?
1297 775 1452 842 silete,
1483 775 1635 828 catuli
1658 773 1856 828 leonum
1873 771 2144 843 rugientes,

550 878 822 939 quu'rentes
848 885 878 921 a
901 867 1007 922 Deo
1057 885 1219 923 escam
1267 869 1360 922 sibi
1391 865 1558 942 (Psal.
1587 881 1705 932 Clll,
1733 863 1860 936 21).
1907 863 1962 918 ln
2013 859 2150 917 hanc

553 975 730 1018 eseam
758 959 858 1015 Job
888 963 1000 1029 ipse
1032 959 1224 1030 petitus
1255 965 1365 1024 est,
1398 959 1485 1030 qui
1511 957 1675 1022 dixit,
1705 953 1938 1010 Tentatio
1961 955 2150 1009 estvita

553 1053 776 1106 humana
806 1067 956 1121 super
982 1061 1184 1106 terram.
1219 1051 1389 1104 Etiam
1421 1043 1670 1105 Dominus
1697 1091 1708 1112 ,
1735 1047 1800 1101 In
1828 1049 1920 1100 hac
1962 1047 2105 1099 nocte
2129 1086 2145 1112 ,

553 1147 743 1216 inquit,
775 1145 1042 1215 postularit
1063 1153 1263 1200 satanas
1293 1159 1568 1199 reamreros
1593 1145 1720 1196 sicut
1749 1143 1966 1195 triticum
1993 1129 2143 1212 (Luc.

553 1253 659 1291 χχιι
686 1281 698 1302 ,
733 1239 844 1308 51).
870 1237 998 1304 Quis
1025 1239 1200 1306 itaque
1227 1251 1370 1290 sanze
1408 1236 1602 1290 mentis
1633 1251 1737 1288 non
1769 1233 2086 1303 ingemiscat
2115 1229 2139 1284 ?

555 1329 651 1383 Cui
707 1347 810 1384 non
853 1346 945 1400 per
975 1329 1338 1399 pcenilentiam
1389 1329 1465 1382 sic
1514 1341 1632 1381 esse
1672 1323 1988 1398 displiceat?
2019 1321 2147 1390 Quis

555 1435 660 1475 non
701 1431 810 1475 tota
862 1421 1156 1477 humilitate
1204 1421 1508 1491 supplicans
1558 1419 1736 1474 divino
1776 1417 2043 1489 adjutorio
2089 1429 2148 1471 se

557 1511 912 1568 cxaudibilem
944 1515 1208 1584 przebeat,
1238 1513 1408 1569 donec
1435 1521 1668 1568 transeat
1706 1514 1878 1567 onmis
1907 1511 2003 1566 ista
2028 1519 2145 1565 ten-

559 1599 820 1660 tationum
857 1607 1106 1661 materies
1136 1617 1294 1677 atque
1324 1607 1506 1661 umbra
1540 1615 1749 1660 terrena
1782 1623 1794 1658 :
1829 1614 1880 1658 et
1927 1603 2017 1658 ille
2056 1603 2146 1674 qui

557 1713 825 1768 nunquam
853 1699 1066 1765 deficit,
1094 1701 1250 1754 etiam
1285 1701 1441 1754 nobis
1467 1699 1741 1754 illucescat
1789 1698 2147 1767 sempiternus

556 1791 703 1857 dies,
739 1802 787 1848 et
813 1793 1073 1849 illuminet
1120 1795 1427 1850 abscondita
1478 1795 1856 1862 tenebrarum,
1885 1803 1936 1848 et
1980 1791 2148 1846 mani-

551 1883 709 1940 festet
738 1887 1083 1956 cogitationes
1111 1889 1318 1966 cordis,
1344 1895 1397 1942 et
1432 1897 1554 1942 tunc
1581 1887 1695 1941 laus
1723 1888 1821 1942 erit
1862 1885 2145 1954 unicuique

551 1991 581 2030 a
613 1977 722 2032 Deo
751 1977 793 2050 (Ι
823 1977 938 2032 Cor.
973 1995 1026 2034 tv
1048 2022 1062 2046 ,
1090 1979 1186 2049 5)?
1216 1979 1411 2034 Deinde
1441 1980 1682 2049 quamvis
1698 1995 1754 2031 se
1775 1977 1996 2048 quisque
2024 1975 2140 2048 glo-

557 2069 726 2124 rietur
751 2070 827 2124 sic
857 2069 1054 2126 habere
1082 2085 1276 2140 corpus
1298 2070 1588 2126 edomitum
1607 2111 1621 2138 ,
1653 2079 1713 2126 ut
1742 2071 1939 2130 nnmdo
1967 2069 2142 2124 cruei-

551 2157 762 2215 fixusab
773 2161 915 2215 omni
932 2177 1090 2234 opere
1109 2163 1262 2228 malo,
1283 2161 1333 2216 in
1350 2163 1655 2218 servitutem
1673 2161 1883 2218 redacta
1907 2161 2142 2217 membra

550 2253 792 2324 castiget,
842 2271 908 2309 ne
930 2255 1036 2324 jam
1058 2265 1243 2325 regnet
1265 2266 1534 2325 peccatum
1560 2257 1610 2310 in
1639 2256 1753 2326 ejus
1787 2257 1993 2310 mortali
2026 2273 2146 2311 cor-

549 2339 702 2418 pore,
724 2345 789 2398 ad
817 2345 1168 2408 obedientium
1196 2346 1472 2401 desideriis
1496 2347 1843 2418 ejus;_solum
1865 2363 2023 2400 unum
2049 2363 2142 2401 ve-

551 2451 667 2492 rum
688 2438 851 2492 Deum
869 2439 1024 2500 colat.
1042 2437 1166 2492 nulli
1185 2438 1586 2500 simulacrorum
1603 2438 1724 2492 rilui
1743 2437 1967 2504 deditus,
1987 2439 2146 2494 nullis

554 2529 1124 2583 sacrisdzemoniorum
1159 2530 1413 2592 irretitus,
1443 2545 1546 2584 non
1569 2531 1836 2598 accipiens
1864 2531 1914 2584 in
1953 2546 2142 2586 vanum

553 2611 747 2675 nomen
781 2620 986 2674 Domini
1015 2621 1106 2676 Dei
1133 2622 1213 2676 sui
1241 2617 1515 2690 ,‘quietem
1550 2621 1927 2690 sempiternam
1964 2633 2141 2682 certus

555 2713 872 2782 exstiectans
895 2753 907 2774 ,
953 2709 1188 2765 debitum
1233 2711 1489 2765 honorem
1529 2712 1834 2782 parentibus
1867 2713 2094 2767 reddens
2124 2754 2138 2778 ,

551 2815 650 2856 nec
699 2809 951 2856 cruentus
980 2801 1293 2868 homicidio,
1323 2818 1420 2857 nec
1471 2801 1818 2858 fornicatione
1863 2813 2100 2874 turpatus
2125 2848 2140 2872 ,

553 2905 652 2946 nec
672 2891 811 2945 furto
831 2889 1201 2946 fraudulentus
1219 2935 1233 2958 ,
1261 2907 1360 2947 nec
1397 2893 1678 2948 mendacio
1705 2891 2025 2966 duplicatus,
2047 2911 2146 2951 nec

553 2983 630 3036 rei
661 2983 741 3037 vel
787 2983 968 3037 uxoris
1009 2981 1200 3038 aliena:
1230 2985 1660 3054 concupiscentia
1712 2985 1990 3054 sordidus;
2039 3003 2144 3043 non

555 3071 607 3127 in
640 3073 750 3127 suis
776 3074 933 3128 etiam
965 3073 1126 3129 rebus
1170 3085 1260 3129 aut
1287 3074 1488 3129 luxuria
1523 3073 1768 3143 diffluat,
1801 3087 1892 3132 aut
1938 3089 2147 3134 arescat

557 3165 777 3219 avaritia
803 3180 817 3230 ;
850 3179 954 3220 non
974 3165 1040 3220 sit
1061 3167 1425 3221 contentiosus
1445 3209 1459 3234 ,
1485 3183 1592 3222 non
1619 3169 1684 3222 sit
1706 3169 2142 3240 contumeliosus,

556 3271 660 3312 non
684 3257 974 3314 maledicus
999 3275 1011 3324 ;
1040 3259 1230 3314 vendat
1257 3269 1526 3330 postremo
1569 3263 1744 3316 omnia
1793 3277 1887 3318 sua
1911 3305 1928 3332 ,
1974 3275 2026 3320 et
2057 3264 2146 3321 det

555 3351 912 3422 pauperibus,
946 3359 999 3406 et
1035 3363 1291 3424 sequatur
1331 3351 1602 3408 Christum
1630 3397 1646 3422 ,
1701 3365 1860 3426 atque
1891 3355 2146 3413 thesauro

555 3441 759 3496 caelesti
808 3441 1042 3497 radicem
1091 3437 1270 3498 cordis
1319 3443 1498 3516 infigat
1537 3463 1549 3498 :
1585 3445 1714 3517 quid
1762 3447 1971 3504 videtur
2022 3449 2146 3506 addi

555 3535 800 3604 possc'ad
830 3546 935 3590 tam
963 3537 1168 3607 plenam
1192 3537 1494 3610 justitiam?
1525 3549 1698 3596 tamen
1727 3541 1850 3602 nolo
1867 3543 2144 3614 glorietur.

555 3625 949 3700 lntelligathzec
966 3631 1141 3685 omnia
1175 3633 1404 3701 priestila
1432 3633 1529 3689 sibi
1560 3649 1678 3689 esse
1701 3676 1718 3704 ,
1742 3651 1845 3690 non
1869 3651 1896 3689 a
1927 3651 1986 3693 se
2034 3637 2150 3696 exi-

558 3731 720 3778 stere.
753 3721 888 3792 Quid
917 3725 1060 3780 enim
1089 3724 1283 3790 habet,
1314 3725 1455 3798 quod
1501 3743 1606 3782 non
1647 3728 1900 3800 accepit?
1924 3730 2075 3796 Quod
2103 3731 2148 3786 si

559 3817 790 3886 accepit,
818 3817 942 3889 quid
973 3819 1259 3890 gloriatur,
1299 3819 1448 3890 quasi
1497 3837 1602 3875 non
1645 3821 1911 3892 acceperit
1941 3820 2145 3894 (Ibid.,

561 3912 594 3965 7
625 3911 902 3984 )?Eroget
953 3926 1080 3968 sane
1139 3913 1412 3982 pecuniam
1488 3912 1810 3968 dominicam
1849 3931 1864 3969 :
1907 3914 2151 3974 consulat

560 4005 804 4076 proximo
824 4046 838 4070 ,
864 4005 999 4060 sicut
1027 4003 1127 4058 sibi
1158 4005 1318 4058 sentit
1356 4019 1472 4059 esse
1494 4005 1794 4060 consultum
1821 4005 1859 4060 ³.
1891 4003 2000 4061 Nec
2047 4021 2147 4075 pu-

559 4103 636 4151 tet
661 4096 788 4150 satis
816 4111 935 4152 csse
966 4111 1179 4150 servare
1207 4093 1466 4164 integrum
1493 4095 1634 4166 quod
1656 4097 1881 4167 accepit,
1909 4111 1976 4152 ne
2002 4097 2149 4152 diea-

563 4193 648 4242 lur
673 4187 720 4242 ei
751 4202 764 4240 :
798 4185 952 4242 Serve
972 4203 1186 4257 nequam
1215 4195 1260 4241 et
1287 4187 1426 4256 piger
1450 4227 1465 4254 ,
1492 4187 1639 4242 dares
1669 4191 1930 4258 pecuniam
1953 4206 2144 4258 meam,

560 4289 604 4332 et
635 4295 725 4349 ego
749 4279 948 4332 veniens
978 4295 1092 4332 cum
1109 4279 1276 4333 usuris
1305 4279 1591 4351 exigerem:
1615 4295 1682 4334 nc
1707 4280 1976 4336 auferatur
1995 4281 2059 4337 ab
2082 4297 2146 4338 co

559 4369 699 4440 quod
729 4369 970 4440 accepit,
1002 4385 1068 4424 ne
1107 4367 1414 4440 projiciatur
1461 4369 1514 4424 in
1561 4371 1808 4426 tenebras
1853 4373 2148 4430 exteriores

558 4461 770 4534 (Matth.
795 4477 913 4516 xxv
932 4501 948 4530 ,
975 4459 1184 4532 26—30).
1204 4459 1372 4532 Quam
1389 4463 1910 4519 vehementissimam
1934 4479 2144 4536 pinnam

555 4555 598 4610 si
632 4557 818 4610 timere
838 4554 1036 4610 debent
1083 4555 1156 4609 illi
1182 4597 1195 4624 ,
1228 4555 1316 4626 qui
1361 4571 1577 4612 servare
1629 4559 1890 4626 integrum
1923 4567 2148 4627 possunt

555 4647 696 4718 quod
722 4655 1076 4718 acceperunt;
1105 4663 1222 4722 qua;
1245 4661 1366 4718 spes
1387 4647 1599 4702 illorum
1619 4657 1700 4702 est
1717 4690 1732 4714 ,
1756 4649 1844 4719 qui
1863 4647 1965 4703 hoc
1987 4647 2148 4718 impie

556 4741 922 4812 scelerateque
941 4738 1290 4810 dispertiunt?
1307 4737 1619 4795 Versabitur
1634 4756 1761 4812 ergo
1789 4741 1888 4796 iste
1911 4741 1962 4795 in
1989 4743 2147 4800 rebus

557 4831 838 4898 humanis,
871 4847 976 4886 non
1016 4830 1275 4896 carnalis,
1326 4829 1420 4885 sed
1463 4833 1752 4901 spiritualis
1781 4831 2148 4903 acquisitionis

557 4923 832 4982 devinctus
881 4923 1094 4990 ofﬁcio;
1133 4939 1238 4978 non
1285 4923 1498 4998 quidem
1528 4924 1755 4996 negotiis
1797 4925 2149 4996 scecularibus

554 5015 816 5086 obligatus
836 5059 850 5082 ,
876 5015 970 5070 sed
999 5023 1174 5071 tamen
1202 5017 1324 5086 quia
1352 5016 1544 5070 militat
1569 5001 1679 5071 Deo
1698 5059 1711 5082 ,
1743 5031 1847 5071 non
1878 5019 1986 5072 otio
2008 5017 2151 5094 desi-

555 5105 660 5162 dite
687 5106 926 5178 torpidus
957 5107 1288 5176 etabjectus.
1346 5107 1444 5163 Det
1471 5122 1631 5177 ergo,
1683 5108 1728 5163 si
1775 5117 1981 5177 potest,
2024 5123 2148 5166 suas

557 5195 927 5272 eleemosynas
954 5214 1139 5255 omnes
1165 5215 1283 5256 cum
1325 5197 1592 5268 hilaritate
1613 5242 1627 5266 ,
1673 5201 1786 5256 sive
1809 5215 1929 5256 cum
1961 5217 2148 5258 carna-

559 5287 698 5346 libus
725 5291 1130 5346 necessitatibus
1184 5307 1473 5362 pauperum
1519 5291 1717 5364 aliquid
1773 5303 1989 5364 erogat,
2035 5295 2148 5351 sive

557 5395 676 5438 cum
697 5381 849 5454 panis
875 5381 1108 5438 cmlestis
1134 5381 1468 5452 dispensator
1487 5383 1508 5414 ¹
1534 5381 1726 5438 invicta
1750 5383 2003 5440 adversus
2029 5385 2147 5442 dia-

557 5471 736 5528 bolum
763 5481 938 5528 castra
965 5473 1016 5527 in
1039 5471 1369 5529 credentium
1392 5461 1644 5530 cordibus
1678 5477 1958 5542 construit.
1988 5475 2146 5532 Hila-

556 5583 660 5620 rem
687 5565 818 5620 enim
847 5567 1070 5620 datorem
1095 5565 1260 5634 diligit
1285 5565 1422 5622 Deus
1448 5565 1512 5642 (ll
1543 5563 1659 5623 Cor.
1689 5583 1742 5624 lx
1762 5611 1774 5634 ,
1801 5567 1876 5644 7).
1907 5569 2020 5625 N0n
2051 5571 2148 5627 ita.

558 5673 661 5730 que
689 5657 846 5712 taedio
873 5657 1142 5726 frangatur
1164 5658 1216 5712 in
1241 5653 1642 5716 difficultatibus
1661 5677 1837 5717 rerum
1863 5703 1876 5730 ,
1909 5677 2026 5732 qua:
2052 5677 2148 5720 ne-

903 5834 1114 5898 ’δώίιίτι
1137 5835 1210 5888 νει
1225 5835 1604 5904 οοηωιεηάυηη
1639 5841 1770 5906 quod
1799 5841 1944 5894 abest
1985 5855 2020 5894 ε
2045 5854 2147 5892 ωα-

560 5905 932 6012 ωΫ
955 5967 1008 6014 At
1029 5961 1080 6012 in
1101 5961 1262 6025 editis,
1287 5961 1638 6030 dispensatione
1899 5988 1902 5990 -
2017 5951 2068 5996 ’--
2095 5931 2124 5998 ἶν’

1778 465 1838 524 s.
1877 435 2250 524 Auens'tn'ti
2282 439 2588 520 EPISCOPI

3683 455 3846 536 ’1540

2257 595 2411 637 cesse
2435 563 2803 648 est'existant,
2837 565 2895 635 ut
2922 577 3234 635 ostendatur
3267 577 3474 638 homini
3503 579 3647 652 quod
3679 581 3842 638 homo

2256 682 2357 727 est.
2385 671 2498 726 Non
2523 673 2598 726 ira
2627 671 2878 742 subrepat
2907 671 2960 726 in
2989 685 3112 726 eum
3141 670 3232 741 qui
3280 680 3373 725 aut
3419 670 3604 728 odiose
3643 672 3798 728 irruit
3824 713 3840 740 ,

2243 773 2346 820 aut
2391 766 2744 836 inopportune
2791 765 2968 836 inopia
3003 773 3219 821 coactus
3259 763 3426 836 petit;
3485 775 3575 821 aut
3629 767 3846 838 negotio

2255 869 2354 911 suo
2373 897 2388 922 ,
2410 871 2530 912 cum
2557 865 2614 912 tu
2635 857 2837 926 majore
2858 863 3148 927 occupatus
3169 872 3227 912 es
3252 898 3267 924 ,
3303 857 3666 912 indifferenter
3693 857 3846 929 flagi-

2259 955 2331 1002 tat
2359 949 2630 1004 subveniri
2655 967 2669 1016 ;
2701 959 2791 1006 aut
2819 949 2872 1004 in
2893 950 3060 1005 verbo
3085 947 3379 1004 manifestae
3401 949 3621 1020 justitize
3647 953 3847 1007 resistit

2255 1051 2394 1094 cwca
2433 1041 2756 1110 cupiditate,
2809 1049 2899 1096 aut
2953 1041 3242 1097 miserabili
3281 1043 3550 1098 tarditate.
3599 1043 3714 1100 Non
3757 1045 3846 1099 det

2255 1131 2540 1202 quidquam
2580 1133 2812 1204 amplius
2837 1133 2924 1189 vel
2963 1133 3140 1188 minus
3165 1147 3323 1205 quam
3349 1143 3592 1205 oportet:
3627 1151 3730 1189 non
3771 1136 3850 1190 lo-

2255 1231 2450 1293 quatur
2472 1225 2700 1296 amplius
2746 1241 2905 1296 quam
2959 1239 3096 1297 Opus
3121 1233 3236 1294 est,
3263 1236 3354 1281 aut
3379 1241 3498 1282 cum
3529 1229 3687 1282 etiam
3737 1243 3846 1280 non

2254 1329 2386 1384 Opus
2413 1323 2514 1373 est.
2539 1315 2772 1389 Speciosi
2795 1319 2934 1372 enim
2966 1318 3114 1388 pedes
3136 1319 3582 1390 evarigetizantium
3619 1334 3796 1389 pacem
3828 1357 3844 1382 ,

2254 1407 2704 1477 evangelizantium
2756 1407 2886 1463 bona
2917 1409 3092 1480 (Itom.
3139 1425 3208 1476 χ,
3261 1409 3374 1480 15).
3417 1408 3522 1465 Sed
3561 1419 3733 1464 tamen
3778 1410 3847 1465 de

2254 1508 2394 1556 terra
2415 1502 2555 1556 sicca
2585 1503 2858 1572 pulverem
2883 1502 3242 1568 contrahunt,
3263 1503 3350 1572 qui
3369 1517 3500 1558 sane
3521 1502 3570 1556 in
3590 1502 3845 1573 judicium

2251 1609 2438 1650 eorum
2465 1595 2732 1651 excutitur
2751 1637 2765 1662 ,
2793 1596 2884 1666 qui
2907 1595 3010 1652 sibi
3031 1596 3168 1650 hanc
3189 1594 3568 1650 exhibitionem
3597 1609 3846 1664 perversa

2251 1687 2526 1742 voluntate
2552 1695 2922 1743 contemnunt.
2941 1685 3056 1742 Non
3087 1687 3256 1741 solum
3283 1701 3410 1757 ergo
3431 1696 3648 1756 propter
3675 1687 3842 1756 ipsam

2251 1777 2374 1830 vitae
2399 1775 2554 1846 hujus
2579 1777 2957 1832 mortalitatem
2991 1777 3006 1808 ³
3033 1785 3088 1833 et
3113 1777 3462 1846 ignorantiam
3485 1818 3500 1844 ,
3539 1785 3592 1831 et
3627 1783 3846 1846 propter

2251 1863 2376 1924 diei
2412 1870 2668 1924 malitiam
2691 1911 2705 1936 ,
2747 1885 2868 1940 quas
2897 1869 3095 1924 utinam
3127 1867 3426 1936 sufficeret,
3475 1868 3613 1924 sicut
3659 1867 3726 1923 de
3753 1867 3842 1923 illa

2250 1964 2448 2018 dictum
2477 1971 2562 2018 est
2583 2005 2598 2030 ,
2644 1964 2840 2034 Sufﬁcit
2869 1963 2972 2017 diei
3009 1961 3204 2016 malitia
3227 1977 3321 2016 sua
3341 1961 3556 2032 (Matth.
3585 1975 3670 2027 vt,
3701 1961 3790 2032 54)
3825 1975 3840 2026 ;

2251 2073 2409 2128 quam
2437 2057 2686 2127 iubemur
2713 2059 2854 2113 ferre
2881 2065 3041 2128 atque
3067 2065 3278 2127 portare
3299 2097 3313 2123 ,
3357 2055 3530 2110 donec
3557 2061 3798 2109 transeat
3821 2095 3838 2120 ,

2249 2157 2306 2204 et
2329 2149 2598 2205 sustinere
2630 2149 2796 2204 Deum
2823 2149 3046 2204 viriliter
3073 2147 3301 2217 agendo,
3327 2155 3386 2201 ut
3405 2145 3634 2201 fructum
3653 2145 3844 2201 affera-

2251 2255 2369 2295 mus
2389 2255 2509 2295 cum
2538 2241 2819 2296 tolerantia
2848 2257 2862 2295 :
2896 2239 2992 2296 sed
3028 2241 3188 2294 etiam
3211 2247 3428 2309 propter
3450 2238 3624 2309 ipsum
3657 2238 3840 2307 pulve-

2249 2347 2364 2388 rem
2387 2331 2570 2387 mundi
2596 2331 2784 2402 hujus,
2827 2332 2916 2403 qui
2949 2345 3044 2401 per
3069 2331 3256 2385 itinera
3285 2329 3600 2384 consulendi
3641 2343 3840 2384 consu-

2251 2423 2471 2480 lentium
2521 2424 2747 2495 pedibus
2783 2425 3134 2492 adhaerescit,
3163 2433 3216 2478 et
3241 2422 3434 2477 damna
3475 2437 3594 2492 qute
3637 2422 3692 2477 in
3727 2421 3840 2491 ipsa

2249 2516 2676 2586 negotiosissima
2740 2516 3156 2586 dispensationis
3205 2516 3416 2570 actione
3483 2515 3838 2585 contingunt,

2247 2624 2369 2679 quae
2399 2610 2656 2664 Dominus
2679 2618 2898 2681 praestet
2945 2619 2998 2664 ut
3029 2623 3152 2664 cum
3193 2609 3356 2663 lucris
3377 2608 3668 2678 majoribus
3693 2623 3844 2663 com-

2249 2711 2574 2771 pcnsentur,
2633 2701 2998 2773 quotidianam
3047 2701 3306 2758 debemus
3339 2699 3538 2757 habere
3577 2701 3844 2772 pmniten-

2251 2795 2397 2849 tiam.

2321 2889 2374 2943 5.
2405 2887 2674 2943 Laicorunt
2693 2897 2898 2961 peccata
2925 2889 3246 2962 quotidianae.
3279 2889 3522 2962 Conjugii
3549 2905 3670 2944 usus
3693 2905 3846 2958 quan-

2251 2981 2437 3036 donam
2464 2982 2810 3053 inculpabilis.
2837 2983 2947 3039 Sed
2975 2981 3024 3038 si
3047 2984 3146 3038 hoc
3168 2983 3566 3054 dispensatores
3587 2982 3732 3037 verbi
3755 2982 3845 3036 Dei

2249 3081 2304 3129 et
2361 3073 2594 3128 ministri
2649 3073 3116 3130 Sacramentorum
3163 3075 3312 3146 ejus,
3365 3075 3558 3130 milites
3613 3074 3844 3140 Christi;

2251 3173 2450 3237 quanto
2477 3167 2647 3238 magis
2673 3177 2866 3222 cratera
2901 3165 3244 3236 stipendiaria
3267 3166 3549 3221 multitudo
3571 3205 3587 3232 ,
3615 3173 3669 3221 et
3697 3181 3846 3235 qua:-

2251 3259 2374 3314 dam
2405 3261 2677 3330 provincia
2709 3261 2886 3333 magni
2907 3261 3088 3332 regis?
3115 3259 3284 3329 Quam
3333 3277 3402 3317 ne
3431 3261 3566 3316 forte
3601 3261 3684 3317 vel
3713 3261 3848 3317 falsa

2251 3351 2557 3422 suSpicione
2585 3353 2822 3408 avaritiae
2849 3353 3003 3408 miles
3029 3351 3118 3406 ille
3162 3351 3504 3407 fidelissimus
3532 3362 3689 3424 atque
3733 3352 3848 3407 for-

2253 3445 2490 3501 tissimus
2515 3447 2790 3517 apostolus
2818 3445 3014 3502 Paulus
3057 3443 3384 3511 offenderet,
3413 3447 3526 3501 suis
3569 3445 3849 3516 Stipendiis

2254 3535 2540 3592 militavit:
2571 3543 2624 3592 et
2665 3537 2756 3591 ubi
2804 3535 2945 3592 forte
2971 3535 3139 3592 defuit
3182 3546 3428 3607 sumptus
3466 3537 3797 3592 necessarius
3828 3578 3842 3600 ,

2256 3629 2426 3694 Alias,
2457 3629 2656 3698 inquit,
2693 3627 2948 3682 Ecclesias
2977 3628 3282 3698 exspoliavi,
3313 3629 3566 3699 accipiens
3586 3629 3648 3684 ab
3669 3629 3740 3684 eis
3756 3630 3851 3684 sti-

2255 3723 2494 3792 pendium
2545 3723 2612 3775 ad
2651 3731 2866 3776 vestram
2905 3723 3325 3777 ministrationem
3363 3723 3432 3794 (ll
3479 3721 3598 3778 Cor.
3652 3739 3740 3790 x1,
3769 3723 3848 3794 8).

2253 3813 2464 3882 Quanto
2493 3830 2619 3886 ergo
2649 3817 2818 3886 magis
2857 3813 3114 3872 Ecclesiae
3137 3818 3489 3888 provinciales
3523 3815 3598 3890 (α)
3629 3819 3854 3873 saecula-

2253 3905 2401 3964 ribus
2431 3909 2659 3980 negotiis
2676 3911 2890 3982 obligati
2914 3953 2928 3976 ,
2960 3911 3320 3982 quotidianam
3343 3911 3538 3967 debent
3565 3927 3723 3985 agere
3739 3927 3852 3982 pa:-

2254 4003 2570 4058 nitentiam?
2601 4003 2700 4070 Qui
2741 4005 2984 4075 quamvis
3015 4019 3044 4059 a
3071 4005 3258 4072 furtis,
3307 4021 3338 4060 a
3369 4005 3574 4076 alpinis
3596 4048 3610 4073 ,
3641 4021 3670 4060 a
3704 4003 3848 4060 frau-

2255 4093 2411 4150 dibus
2447 4137 2462 4162 ,
2518 4096 2587 4150 ab
2651 4095 2928 4152 adulteriis
2984 4105 3038 4152 et
3095 4095 3534 4153 fornicationibus
3599 4097 3852 4168 omnique

2255 4187 2463 4242 luxuria
2483 4229 2498 4254 ,
2547 4203 2577 4242 a
2607 4189 2926 4244 crudelitate
2951 4187 3194 4242 odiorum
3221 4197 3275 4243 et
3305 4187 3696 4243 inimicitiarum
3725 4205 3850 4259 pcr-

2255 4279 2479 4346 tinacia,
2505 4279 2572 4334 ab
2592 4281 2737 4336 omni
2764 4281 2994 4351 denique
3035 4279 3344 4336 idololatria:
3398 4281 3636 4337 foeditate
3656 4323 3670 4348 ,
3727 4297 3853 4353 spe~

2258 4373 2588 4427 ctaculorum
2631 4373 2930 4443 nugacitate
2950 4413 2966 4440 ,
3020 4371 3287 4427 hieresnm
3319 4381 3477 4443 atque
3503 4373 3848 4430 schismatum

2255 4463 2416 4534 impia
2443 4465 2677 4519 vanitate
2702 4507 2716 4531 ,
2748 4473 2905 4535 atque
2941 4463 3007 4519 ab
3033 4465 3278 4520 omnibus
3305 4465 3847 4540 hujuscemoditlagi-

2257 4555 2344 4611 tiis
2370 4565 2424 4611 et
2447 4555 2769 4611 facinoribus
2797 4557 3099 4624 immunes,
3123 4557 3242 4627 puri
3283 4567 3443 4628 atque
3495 4559 3686 4630 integri
3727 4575 3848 4616 esse

2254 4647 2483 4704 debeant
2514 4665 2527 4702 :
2554 4657 2729 4704 tamen
2755 4657 2972 4719 prepter
2996 4649 3510 4726 administrationem
3539 4667 3718 4706 rerum
3765 4653 3847 4706 fa-

2255 4741 2576 4808 miliarium,
2607 4750 2660 4796 et
2686 4741 3058 4812 conjugiorum
3098 4743 3400 4797 arctissima
3442 4743 3683 4810 vincula,
3737 4753 3846 4799 tam

2253 4833 2419 4887 multa
2449 4841 2706 4902 peccant,
2731 4841 2790 4886 ut
2818 4848 2922 4886 non
2967 4841 3074 4887 tam
3124 4833 3192 4889 de
3239 4835 3391 4889 istius
3418 4835 3597 4890 mundi
3627 4837 3848 4906 pulvere

2253 4923 2464 4995 aspergi
2485 4926 2531 4993 ³,
2564 4939 2721 4995 quam
2754 4925 2865 4980 luto
2885 4923 3104 4980 obliniri
3127 4925 3428 4982 vidcantur.
3464 4927 3574 4983 Iloc
3605 4930 3846 4998 estquod

2255 5019 2544 5088 Apostolus
2574 5019 2652 5073 eis
2693 5018 2821 5072 dicit
2851 5036 2863 5071 :
2893 5019 3014 5072 Jam
3039 5019 3242 5089 quidem
3278 5021 3482 5075 omnino
3511 5019 3746 5076 delictum
3775 5033 3847 5075 est

2253 5112 2308 5166 in
2331 5111 2468 5166 vobis
2489 5153 2502 5178 ,
2525 5113 2643 5182 quia
2657 5113 2857 5184 judicia
2880 5111 3075 5167 habetis
3096 5113 3368 5170 vobiscum.
3395 5115 3564 5181 Quare
3606 5133 3704 5169 non
3735 5133 3846 5168 nm-

2253 5205 2330 5276 gis
2358 5203 2668 5274 iniquitatem
2689 5199 3130 5280 pdtimini?quare
3150 5221 3250 5259 non
3285 5207 3450 5278 potius
3483 5205 3794 5276 fraudantini
3827 5207 3850 5259 ?

2253 5293 2384 5352 Nam
2427 5295 2557 5352 illud
2604 5298 2934 5354 exsecrabile
2988 5305 3104 5368 est,
3146 5299 3286 5371 quod
3327 5309 3542 5372 propter
3584 5299 3844 5372 quosdam

2319 5469 2340 5502 ι
2361 5473 2428 5518 tta
2455 5475 2562 5518 Mss.
2585 5467 2706 5518 Editi
2729 5481 2866 5530 vero,
2887 5470 3268 5524 nudabititatem.

2317 5533 2338 5604 ἓ
2363 5539 2486 5604 Ψεδί
2513 5531 2584 5604 (ίίί
2593 5531 2684 5604 ista
2705 5533 2886 5604 mwido
2901 5533 3102 5604 ,ριιιυρῖεξ
3119 5536 3330 5604 aspergi-

2317 5592 2390 5662 (a)
2423 5602 2549 5662 Qngs
2569 5592 2975 5662 laicosqusitatius
3012 5592 3422 5662 dicitntis,"ipsgs
3444 5605 3580 5662 vocat
3619 5599 3846 5650 Ecclesiae

2251 5653 2575 5724 previnciales
2597 5663 2650 5706 et
2677 5657 3026 5724 stipendiarios
3049 5653 3292 5724 :__pulctire
3313 5653 3584 5722 'atludens,
3625 5671 3680 5711 ut
3711 5675 3846 5724 smpe

2253 5715 2372 5790 alias
2389 5753 2406 5777 ,
2441 5718 2510 5790 ‘ad
2547 5715 2832 5790 popularem
2855 5715 3277 5790 loquendi'usum,
3321 5736 3420 5784 quo
3455 5715 3712 5790 provincia).
3734 5715 3846 5788 quae

2252 5779 2486 5849 solvendo
2509 5779 2741 5849 militibus
2762 5779 3002 5842 stipendio
3027 5779 3478 5849 obnoxiaaiessent',
3515 5779 3846 5849 stipentlia'rize

2251 5841 2556 5906 dicebantur.
2581 5842 2698 5890 vide
2719 5841 2868 5903 supra
2890 5855 3039 5906 Serm.
3065 5843 3158 5893 me
3174 5879 3188 5901 ,
3235 5859 3284 5893 η.
3315 5845 3373 5894 15
3389 5881 3406 5906 ,
3431 5841 3482 5895 ei
3501 5841 3643 5898 citata
3667 5849 3848 5899 ibidem

2249 5903 2356 5971 loca
2372 5917 2660 5971 sermonum
2685 5905 3002 5971 qyorumdam
3025 5907 3074 5956 in
3099 5907 3328 5971 l‘salmas,
3353 5903 3546 5960 necnon
3577 5920 3848 5964 Tractatum

2035 5991 2068 5996 --
2095 5991 2182 6012 -νοτ-
2259 5965 2346 6016 1‘22
2369 5968 2418 6018 in
2443 5973 2602 6026 Joan.,
2634 5979 2683 6014 n.
2705 5965 2757 6014 ’5.
