4080 6360
301 421 436 490 isti
906 497 1296 506 ,

296 547 452 602 addit
479 556 532 602 et
557 545 688 602 dicit
718 563 732 600 :
763 545 868 602 Sed
885 562 968 601 vos
995 544 1308 620 iniquitatem
1334 545 1520 618 facitis,
1541 556 1588 603 et
1607 549 1884 620 fraudatis,

295 641 458 722 ethoc
485 638 727 708 fratribus
757 637 797 709 (l
827 637 943 694 Car.
969 655 1020 693 vi
1039 681 1054 706 ,
1073 639 1113 710 _7
1138 680 1154 706 ,
1182 640 1261 722 8)..
1295 639 1542 722 Exceptis
1577 651 1752 697 tamen
1785 631 1888 722 iui:

292 721 589 801 ciuitatibus
619 741 674 786 et
714 729 1016 796 fraudibus,
1066 729 1166 784 hoc
1215 713 1408 800 ipsum
1433 719 1631 787 habere
1671 732 1808 788 inter
1831 713 1891 790 se

290 822 492 896 iudicia
524 834 578 880 et
604 825 724 892 lites
771 823 837 879 de
864 823 1207 878 s;I:culat‘ibus
1251 823 1444 892 rebus,
1477 824 1730 880 delictum
1769 840 1890 888 esse

292 919 425 973 dicit
457 937 470 972 :
505 917 648 987 quod
677 928 851 974 tamen
884 915 1164 996 fcrendum
1209 931 1329 972 esse
1372 918 1662 996 admonet,
1707 919 1751 975 si
1802 917 1887 998 vel

289 1016 660 1072 ecclesiastico
692 1016 892 1086 iudicio
921 1016 1038 1070 lites
1069 1014 1435 1085 hujuscemodi
1463 1015 1732 1069 liniantur.
1752 1011 1887 1068 llinc

288 1116 374 1161 est
395 1108 560 1162 etiam
591 1107 720 1162 illud
753 1125 766 1162 :
801 1107 896 1173 Qui
917 1108 1026 1162 sine
1054 1123 1211 1162 uxore
1229 1115 1328 1173 est,
1361 1106 1545 1178 cogitat
1565 1123 1621 1159 ea
1637 1121 1749 1175 qua:
1769 1109 1886 1158 sunt

294 1198 422 1267 Dei,
446 1201 702 1271 quomodo
724 1201 920 1270 placeat
951 1183 1060 1256 Deo
1084 1217 1103 1255 :
1132 1201 1217 1270 qui
1241 1209 1408 1254 autem
1425 1199 1742 1253 matrimonio
1767 1213 1886 1251 con-

281 1291 494 1360 iunctus
519 1303 593 1348 est
612 1337 627 1360 ,
649 1295 841 1365 cogitat
879 1311 936 1348 ea
965 1310 1076 1364 qua:
1103 1302 1217 1350 sunt
1247 1296 1424 1348 mundi
1446 1335 1462 1362 ,
1492 1293 1739 1364 quomodo
1765 1290 1882 1363 pla-

285 1396 395 1440 ceat
425 1388 600 1441 uxori.
632 1387 783 1455 Quod
813 1389 972 1444 etiam
999 1387 1064 1442 de
1093 1386 1288 1442 femina
1317 1386 1565 1442 similiter
1591 1394 1759 1440 notat.
1788 1383 1881 1446 Vel

288 1479 420 1534 illud
452 1481 467 1510 ¹
495 1495 616 1535 cum
645 1480 752 1548 ait,
781 1478 850 1534 Et
901 1481 1082 1536 iterum
1113 1479 1182 1533 ad
1223 1480 1442 1551 idipsum
1471 1488 1626 1533 estote
1647 1520 1662 1547 ,
1693 1493 1754 1532 ne
1796 1491 1882 1532 uos

287 1585 439 1630 tentet
461 1585 672 1632 satanas
698 1586 904 1647 propter
920 1575 1355 1648 intemperantiam
1384 1585 1626 1636 vestram.
1647 1571 1798 1641 Quod
1826 1579 1882 1626 ut

287 1678 572 1740 peccatum
597 1685 720 1724 esse
741 1669 1168 1734 demonstraret,
1198 1667 1291 1722 sed
1335 1666 1625 1722 infirmitati
1655 1679 1880 1720 conces-

286 1776 404 1818 Sum
428 1777 444 1824 ;
471 1761 701 1831 subjecit
725 1760 942 1816 statim:
975 1757 1089 1814 Hoc
1127 1769 1291 1814 autem
1326 1759 1440 1814 dico
1489 1757 1764 1813 secundum
1800 1772 1882 1810 vc-

287 1853 428 1906 uiam
449 1894 468 1919 ,
501 1869 604 1906 non
627 1853 906 1906 secundant
931 1852 1199 1924 imperium
1233 1850 1343 1923 (Id.
1373 1867 1446 1906 vtt
1474 1891 1490 1918 ,
1524 1850 1593 1906 5‘2
1612 1893 1625 1914 ,
1665 1851 1768 1917 55,
1797 1849 1831 1904 5
1859 1889 1876 1916 ,

285 1944 366 2014 6).
399 1944 530 1999 Sola
553 1945 698 2000 enim
732 1944 1023 2015 generandi
1043 1959 1200 2002 causa
1232 1954 1314 2000 est
1358 1943 1693 2014 inculpabilis
1720 1959 1878 2000 sexus

285 2037 564 2107 utriusque
589 2037 923 2093 commixtio.
951 2036 1120 2105 Quam
1145 2037 1313 2092 multa
1339 2045 1462 2090 sunt
1487 2036 1590 2090 alia
1617 2044 1835 2106 peccata
1856 2075 1872 2103 ,

284 2127 407 2184 sive
441 2129 494 2182 iu
529 2127 800 2199 loquendo
831 2127 901 2184 de
929 2128 1090 2184 rebus
1137 2137 1190 2184 et
1224 2127 1448 2197 negotiis
1498 2127 1718 2194 alienis,
1758 2142 1877 2196 qua:

285 2236 392 2278 non
408 2221 479 2277 ad
510 2231 563 2276 te
587 2222 884 2291 pertinent;
912 2221 1026 2284 sive
1055 2220 1108 2275 in
1139 2219 1290 2276 vanis
1338 2219 1835 2276 cachinnationibus
1857 2259 1874 2288 ,

282 2331 406 2372 cum
433 2315 696 2386 scriptum
723 2315 793 2370 sit
810 2356 832 2382 τ
855 2314 1058 2370 Stultus
1087 2315 1141 2374 in
1161 2315 1267 2368 risu
1292 2314 1480 2368 exultat
1510 2329 1675 2368 uocem
1696 2330 1874 2384 suam,

279 2407 490 2475 sapiens
514 2416 684 2462 autem
701 2409 787 2461 vix
811 2407 960 2461 tacite
1001 2405 1182 2460 ridebit
1205 2404 1392 2479 (Eccli.
1422 2421 1547 2471 ut,
1579 2403 1670 2476 25)
1705 2423 1717 2458 :
1765 2405 1878 2462 sive

280 2501 335 2554 in
358 2502 494 2571 ipsis
508 2502 648 2558 escis
667 2542 684 2566 ,
707 2516 828 2572 quae
849 2499 918 2555 ad
937 2499 1308 2564 necessitatem
1337 2498 1697 2572 sustentanda:
1718 2496 1876 2562 huius

278 2592 404 2646 vita:
433 2600 800 2663 praeparantur
826 2632 841 2658 ,
867 2591 1074 2646 avidior
1097 2599 1258 2660 atque
1281 2588 1686 2646 immoderatior
1713 2605 1875 2660 appe-

281 2684 407 2738 titus
425 2724 443 2748 ,
486 2697 635 2752 saepe
661 2696 943 2738 excessum
974 2681 1191 2736 modum
1219 2679 1544 2751 postridiana
1567 2681 1587 2711 ’
1614 2679 1877 2737 cruditate

277 2784 592 2831 contestans
622 2793 640 2830 :
668 2776 784 2831 sive
812 2774 866 2830 in
889 2773 1182 2830 vendendis
1197 2782 1252 2829 et
1275 2773 1518 2829 emendis
1553 2773 1714 2829 rebus
1744 2773 1875 2830 cha-

275 2868 454 2924 ritatis
467 2877 520 2923 et
535 2867 754 2923 vilitatis
771 2877 894 2924 vota
912 2858 1156 2938 perversa
1177 2867 1215 2922 ³.
1236 2867 1386 2938 Piget
1397 2877 1587 2924 cuneta
1603 2869 1874 2942 colligere,

277 2977 397 3031 qua:
439 2962 670 3032 quisque
705 2962 759 3017 in
787 2977 846 3018 se
897 2961 1012 3032 ipso
1041 2961 1240 3018 certius
1279 2960 1679 3030 comprehendit
1714 2971 1874 3033 atque

276 3053 664 3123 reprehendit,
721 3052 768 3110 si
806 3053 1104 3108 divinarum
1149 3053 1541 3124 Scripturarum
1592 3053 1868 3124 speculum

274 3163 383 3204 non
415 3149 747 3220 negligenter
770 3146 1032 3204 attendat.
1055 3147 1185 3216 Qua:
1228 3147 1472 3217 quamvis
1518 3147 1727 3218 singula
1762 3161 1872 3206 non

274 3241 462 3296 lethali
482 3241 702 3297 vulnere
725 3238 886 3295 ferire
913 3240 1210 3297 sentiantur
1227 3278 1243 3305 ,
1269 3238 1432 3294 sicuti
1456 3237 1799 3296 homicidium
1817 3249 1874 3298 et

273 3331 598 3388 adulterium
619 3371 638 3399 ,
664 3332 744 3388 vel
763 3343 964 3388 caetera
988 3330 1288 3401 huiusmodi
1321 3338 1538 3387 :tamen
1576 3333 1752 3388 omnia
1792 3332 1870 3388 si-

273 3426 384 3482 mul
411 3435 732 3497 congregata
753 3425 902 3481 velut
927 3425 1134 3489 scabies
1151 3465 1166 3490 ,
1193 3440 1298 3494 quo
1328 3425 1478 3495 plura
1499 3435 1626 3482 sunt
1652 3435 1868 3496 necant,

271 3530 367 3575 aut
393 3528 641 3575 nostrum
658 3519 825 3576 decus
853 3519 924 3574 ita
941 3518 1330 3587 exterminant,
1360 3521 1502 3576 utah
1523 3520 1662 3576 illius
1685 3521 1868 3591 sponsi

271 3612 504 3680 speciosi
528 3610 700 3666 forma
730 3625 844 3681 prie
873 3611 995 3666 ﬁliis
1033 3609 1310 3666 hominum
1364 3610 1538 3683 (Psal.
1594 3628 1752 3680 xuv,
1807 3610 1864 3685 5)

271 3703 592 3764 castissimis
619 3702 956 3773 amplexibus
995 3713 1280 3775 separent,
1327 3703 1427 3758 nisi
1475 3703 1866 3763 medicamento

271 3795 597 3865 quotidiana:
623 3794 956 3864 pmnitentiae'
978 3794 1316 3852 desiceentur
1344 3792 1392 3850 ⁸.

342 3888 398 3942 6.
441 3885 662 3943 Peccata
707 3887 1006 3958 quotidiana
1039 3903 1211 3942 omnes
1253 3903 1317 3944 ea:
1363 3888 1532 3943 carnis
1568 3889 1867 3960 inﬁrmitate

269 3979 638 4034 contrahimus.
666 3977 832 4034 Lucta
850 3979 1142 4034 christiana!
1161 3979 1366 4034 animai.
1404 3978 1557 4047 Quod
1596 3981 1639 4035 si
1673 3981 1862 4040 falsum

269 4080 375 4138 est,
399 4079 544 4128 uuae
565 4071 803 4143 quotidie
831 4071 1103 4128 tundimus
1133 4069 1382 4141 pectora?
1415 4071 1570 4140 Quod
1600 4088 1700 4130 nos
1725 4089 1864 4144 quo-

269 4178 377 4232 que
403 4165 672 4220 antistites
711 4163 778 4218 ad
815 4163 986 4220 altare
1023 4163 1338 4219 assisteutes
1367 4177 1487 4218 cum
1515 4165 1760 4220 omnibus
1785 4164 1866 4222 fa-

267 4257 467 4313 cimus.
517 4258 670 4314 Unde
707 4259 868 4313 etiam
909 4265 1129 4313 orantes
1179 4255 1428 4322 dicimus,
1466 4257 1608 4328 quod
1655 4257 1708 4312 in
1754 4267 1862 4316 tota

271 4353 373 4409 ista
422 4351 528 4407 vita
577 4359 794 4421 oportet
835 4360 897 4406 ut
934 4349 1221 4406 dicamus:
1260 4347 1472 4404 Dimitte
1514 4350 1655 4405 nobis
1697 4349 1864 4406 debita

270 4454 468 4507 nostra,
483 4443 610 4498 sicut
626 4453 673 4497 et
691 4459 783 4498 nos
804 4443 1102 4496 dimittimus
1118 4441 1424 4496 debitoribus
1443 4443 1626 4498 nostris
1645 4442 1859 4516 (Matth.

267 4549 344 4603 vr,
374 4531 491 4609 12).
528 4535 646 4592 Νοιι
677 4537 819 4591 enim
844 4551 908 4591 ea
945 4535 1142 4591 dimitti
1184 4550 1486 4606 precamur,
1527 4551 1646 4606 quae
1667 4536 1776 4607 iam
1805 4538 1861 4594 in

271 4629 552 4701 Baptismo
592 4628 694 4684 nisi
737 4628 959 4685 dimissa
1003 4628 1296 4696 credimus,
1329 4629 1396 4684 de
1423 4629 1534 4698 ipsa
1578 4629 1681 4686 ﬁde
1703 4629 1860 4686 dubi-

269 4730 450 4778 tamus
481 4739 494 4776 :
527 4721 623 4777 sed
655 4722 836 4792 utique
859 4722 928 4778 de
953 4720 1280 4793 quotidiauis
1321 4721 1557 4792 peccatis
1585 4719 1687 4777 hoc
1726 4721 1861 4778 dici-

267 4828 422 4881 mus,
475 4827 575 4884 pro
615 4814 812 4884 quibus
857 4814 1018 4870 etiam
1065 4813 1328 4870 sacrificia
1374 4813 1859 4887 eleemosyuarum,

265 4904 621 4976 ieiuniorum,
651 4912 706 4960 et
735 4907 970 4976 ipsarum
994 4920 1087 4961 ora
1099 4905 1300 4960 tionum
1325 4919 1390 4960 ac
1415 4905 1861 4976 supplicationum

270 4997 500 5069 Quisque
529 5011 629 5069 pro
661 4997 774 5054 suis
802 4998 1004 5054 viribus
1029 4997 1224 5054 offerre
1247 5013 1356 5054 non
1389 5006 1585 5054 cessat.
1611 4999 1863 5070 Quisquis

271 5092 454 5164 itaque
489 5105 550 5147 se
589 5091 874 5162 diligenter
911 5091 1217 5159 attendens,
1249 5090 1396 5146 nulla
1427 5104 1486 5146 se
1511 5091 1684 5163 ipsum
1730 5092 1864 5148 adu-

269 5184 476 5240 latione
512 5182 742 5251 seducit,
774 5183 904 5238 satis
953 5182 1200 5254 intelligit
1225 5197 1345 5237 cum
1386 5191 1586 5252 quanto
1627 5183 1862 5253 periculo

269 5275 470 5332 mortis
518 5280 769 5341 aeternas,
821 5283 876 5330 et
927 5288 1056 5330 cum
1097 5283 1295 5345 quanta
1345 5273 1566 5344 penuria
1615 5274 1862 5345 perfecta:

266 5367 488 5438 iustitiae
536 5366 914 5438 peregrinetur
962 5381 994 5421 ο
1042 5366 1300 5429 Domino;
1349 5366 1596 5436 quamvis
1637 5365 1748 5438 iam
1806 5367 1861 5424 in

270 5455 510 5524 Christo,
543 5459 646 5513 hoc
671 5467 777 5526 est,
807 5457 858 5513 in
904 5459 990 5514 via
1031 5458 1352 5514 constitutus
1395 5457 1568 5516 redire
1617 5469 1858 5515 conetur.

269 5549 405 5607 Nam
437 5551 482 5605 si
512 5565 620 5606 non
661 5551 922 5608 habemus
952 5560 1188 5622 peccata,
1224 5558 1280 5605 et
1319 5549 1604 5606 tundentes
1648 5560 1860 5622 pectora

331 5661 353 5693 ι
375 5659 508 5723 Apud
531 5667 606 5710 Er.
626 5661 912 5725 Lugdvm.
936 5667 1067 5722 hom,
1088 5666 1141 5711 ut
1160 5656 1334 5725 iltud,_
1367 5665 1426 5709 ιι.

330 5725 352 5755 ²
371 5721 502 5795 arma
544 5729 652 5795 post
687 5721 937 5795 triduana.
972 5721 1077 5774 ων.
1099 5759 1118 5795 ,_
1534 5725 1703 5776 Melius
1731 5725 1861 5775 Pari-

272 5787 512 5850 siensium
537 5786 689 5836 editio
711 5786 1334 5850 Nivelliana,postridiana.
1429 5841 1465 5850 μ
1496 5825 1510 5850 ς
1585 5840 1625 5850 _.
1733 5837 1738 5842 .

332 5848 355 5880 ⁸
376 5854 510 5920 ῳγπ,
531 5854 642 5899 nota
678 5860 902 5913 perversa
915 5861 933 5911 ;
956 5841 1359 5898 dissentientibus
1391 5841 1535 5899 editis
1556 5841 1666 5900 aliis
1690 5856 1741 5900 et
1761 5861 1862 5900 ma-

267 5920 542 5972 nuscriptts.

329 5972 351 6001 ι
368 5975 439 6024 sic
461 5979 536 6023 Er.
563 5979 734 6024 etus.
755 5979 811 6024 Λι
830 5979 964 6026 ων..
979 5970 1275 6026 desecentur.

1539 379 1552 392 ’
1676 383 1680 388 ’
1708 419 1936 492 SERMO
1974 381 2190 494 Ccciii:

3433 447 3572 511 1342

1997 552 2242 624 dicimus,
2287 551 2496 612 Dimitte
2551 558 2690 615 nobis
2741 561 2905 617 debita
2949 575 3157 632 nostra;
3198 583 3263 623 ex
3308 551 3410 626 hoc
3459 572 3575 642 ipso

1983 656 2141 730 certe
2192 656 2245 701 et
2284 649 2516 719 graviter
2563 652 2706 706 nullo
2756 653 3032 714 dubitante
3084 674 3401 729 peccamus,
3452 647 3574 720 cum

1995 736 2133 792 inter
2190 739 2301 810 ipsa
2348 741 2711 826 Sacramenta
2752 747 3058 822 mentimur.
3100 752 3477 821 Quamobrem,
3523 753 3574 810 in

1995 841 2246 912 quantum
2307 834 2416 889 Deo
2459 825 2642 920 tiostro
2697 825 2832 907 fide,
2881 857 2975 920 spe
3025 853 3079 898 et
3133 844 3390 903 charitate
3443 865 3573 904 cou-

1985 926 2275 1000 nectimur,
2308 935 2362 983 et
2400 943 2519 983 eum
2561 931 2611 984 in
2649 941 2902 1003 quantum
2953 950 3253 1007 possumus,
3283 921 3570 1010 imitamur,

1988 1032 2098 1099 non
2139 1034 2443 1090 peccamus,
2470 1022 2562 1077 scd
2589 1023 2678 1078 lilii
2721 1025 2810 1080 Dei
2837 1042 3060 1083 sumus:
3102 1027 3152 1084 in
3195 1041 3447 1102 quantum
3475 1051 3571 1088 au-

1991 1117 2097 1166 tem
2135 1127 2200 1166 ex
2230 1113 2508 1169 occasione
2544 1116 2773 1171 carnalis
2804 1118 3147 1186 infirmitatis,
3173 1125 3290 1190 quia
3335 1125 3570 1184 nondum

1986 1195 2162 1259 morte
2206 1207 2463 1274 resoluta,
2507 1209 2740 1265 nondum
2791 1218 3184 1270 resurrectione
3229 1226 3427 1272 mutata
3468 1229 3568 1284 cst,

1988 1304 2165 1351 motus
2193 1298 2637 1369 reprchcnsibiles
2675 1302 3007 1374 improbiquc
3037 1306 3351 1378 subrepunt,
3383 1323 3572 1378 pecea-

1985 1402 2124 1444 mus.
2154 1388 2302 1458 Quod
2332 1391 2511 1463 utique
2543 1393 2692 1456 fateri
2724 1410 2821 1450 nos
2847 1397 3130 1463 convenit;
3174 1413 3242 1454 ne
3279 1397 3409 1453 dura
3452 1415 3570 1455 cer-

1986 1478 2126 1546 vice,
2158 1494 2264 1536 non
2295 1481 2563 1554 languoris
2591 1485 2759 1540 nostri
2803 1487 3105 1550 sanitatem,
3136 1488 3228 1542 sed
3272 1489 3572 1544 damnatio-

1988 1586 2110 1626 nem
2152 1572 2417 1642 superbia:
2456 1591 2780 1633 mereamur.
2809 1576 2960 1634 Unde
2989 1587 3272 1652 utrumque
3299 1581 3573 1636 verissime

1983 1663 2240 1734 scriptum
2285 1677 2368 1722 est
2405 1685 2419 1723 ε
2463 1678 2535 1735 et,
2583 1671 2683 1736 Qui
2712 1682 2859 1728 natus
2889 1682 2958 1728 est
2984 1690 3046 1728 ea:
3092 1673 3218 1738 Deo,
3260 1691 3360 1730 non
3403 1686 3573 1747 peccat

1985 1751 2037 1827 (Ι
2065 1754 2222 1812 Joan.
2252 1775 2328 1826 ιιι,
2355 1759 2444 1832 9);
2477 1770 2533 1817 et
2571 1763 2713 1834 quod
2746 1765 2796 1818 in
2839 1766 3027 1820 eadem
3065 1767 3287 1824 Joannis
3331 1769 3570 1840 Epistula

1982 1846 2225 1918 legimus,
2273 1852 2335 1907 Si
2372 1853 2650 1910 dixerimus
2692 1858 2811 1928 quia
2859 1869 3116 1930 peccatum
3164 1878 3265 1916 non
3308 1849 3568 1933 habemus,

1982 1942 2311 2012 nosmetipsos
2362 1945 2673 2016 decipimus,
2725 1958 2772 2003 et
2823 1951 3003 2004 veritas
3053 1951 3104 2006 in
3153 1953 3294 2007 nobis
3350 1970 3451 2010 non
3499 1965 3570 2026 est

1983 2028 2091 2111 (Id.
2127 2048 2162 2096 ι,
2195 2032 2273 2105 8).
2308 2033 2439 2090 Illud
2466 2038 2608 2092 enim
2648 2053 2713 2094 ex
2752 2040 2998 2110 pritnitiis
3027 2043 3148 2097 novi
3189 2043 3441 2110 hominis,
3465 2044 3570 2102 hoc

1981 2137 2049 2177 ex
2078 2124 2315 2195 reliquiis
2340 2128 2537 2184 veteris
2565 2129 2765 2185 dictum
2795 2141 2878 2186 est
2907 2149 2920 2188 :
2955 2141 3238 2204 utrumque
3267 2137 3410 2192 enim
3452 2138 3566 2208 agi-

1981 2229 2102 2269 mus
2128 2214 2182 2270 iu
2214 2214 2314 2272 hac
2343 2217 2472 2273 vita.
2509 2219 2768 2282 Paulatim
2797 2232 2976 2296 autem
3011 2225 3220 2281 novitas
3259 2227 3482 2297 accedit,
3512 2236 3569 2285 et

1983 2306 2235 2374 paulatim
2292 2318 2556 2368 vetustate
2621 2313 2847 2370 cedente
2914 2317 3172 2373 succedit.
3235 2317 3366 2375 Cum
3433 2335 3562 2378 vero

1981 2407 2262 2472 utrumque
2289 2403 2482 2473 agitur,
2524 2404 2578 2460 in
2617 2406 2790 2462 stadio
2825 2423 3043 2476 sumus;
3091 2425 3187 2466 nec
3233 2411 3406 2468 solum
3449 2429 3572 2483 per-

1980 2494 2212 2550 cutimus
2251 2495 2617 2554 adversarium
2645 2498 2799 2556 bonis
2825 2501 3101 2571 operibus,
3132 2503 3225 2559 sed
3257 2505 3418 2560 etiam
3445 2520 3568 2575 pec-

1979 2595 2096 2642 cata
2118 2587 2383 2646 incautius
2411 2590 2661 2652 evitanda
2686 2594 3037 2664 percutimur.
3075 2593 3264 2666 Neque
3291 2611 3434 2652 nunc
3451 2597 3569 2668 quis

1978 2687 2222 2734 nostrum
2255 2679 2463 2749 vicerit,
2493 2682 2590 2738 sed
2615 2683 2736 2753 quis
2758 2685 2999 2751 crebrius
3029 2685 3204 2752 feriat,
3232 2688 3354 2758 quis
3379 2687 3568 2744 fortius

1978 2767 2230 2840 conﬂigat
2265 2771 2591 2840 attenditur;
2623 2772 2794 2829 donec
2819 2774 2954 2830 alios
2981 2791 3162 2836 secum
3197 2778 3250 2832 in
3281 2778 3567 2848 sempiter-

1979 2876 2104 2918 nam
2129 2870 2358 2920 mortem
2385 2863 2680 2933 pertrahat,
2711 2864 2804 2934 qui
2846 2865 3046 2924 homini
3083 2869 3244 2923 stanti
3274 2867 3452 2947 lapsus
3480 2869 3566 2926 in-

1979 2951 2132 3019 vidit,
2163 2953 2309 3010 etab
2334 2953 2454 3010 aliis
2491 2955 2942 3026 triumphantibus
2967 2957 3019 3013 in
3049 2957 3154 3014 ﬁne
3185 2959 3390 3016 dicatur
3415 2977 3428 3014 :
3466 2959 3564 3016 Ubi

1975 3055 2070 3110 est,
2101 3061 2257 3112 mors,
2291 3047 2542 3102 contentio
2569 3047 2700 3102 tua?
2743 3047 2829 3104 ubi
2865 3058 2958 3116 est,
3000 3066 3153 3116 mors,
3199 3050 3405 3107 aculeus
3447 3061 3564 3108 tuus

1981 3138 2032 3211 (l
2061 3136 2180 3195 Cor.
2212 3155 2304 3206 xv,
2342 3139 2484 3211 55')?
2511 3139 2618 3197 Sed
2649 3157 2821 3214 neque
2856 3142 3063 3200 facilius
3088 3144 3157 3202 ab
3186 3145 3400 3202 inimico
3427 3147 3566 3218 deii-

1976 3232 2170 3300 elmur,
2198 3248 2358 3303 quam
2401 3248 2523 3290 cum
2565 3250 2688 3292 eum
2727 3236 3088 3307 superbiendo
3123 3238 3430 3306 imitamur;
3467 3255 3566 3306 nec

1975 3323 2342 3382 vehementius
2371 3339 2494 3380 eum
2537 3327 2948 3396 prosternimus,
2987 3343 3147 3395 quam
3186 3345 3308 3385 cum
3351 3329 3567 3388 humili-

1975 3423 2084 3474 tate
2128 3417 2412 3473 Dominum
2463 3419 2772 3490 sequimur;
2817 3435 2920 3476 nec
2966 3422 3206 3478 acriores
3256 3422 3305 3478 ei
3349 3422 3564 3481 dolores

1973 3509 2285 3581 intiigimus,
2307 3525 2467 3582 quam
2506 3525 2628 3568 cum
2659 3511 2842 3583 plagas
2884 3521 3222 3582 peccatorum
3253 3524 3559 3572 nostrorum

1971 3603 2278 3660 confitendo
2303 3612 2359 3660 et
2389 3604 2698 3674 pteniteudo
2727 3620 3001 3661 sanemus.

2041 3696 2268 3755 CAPUT
2306 3696 2396 3755 IV.
2434 3727 2510 3739 —
2545 3699 2597 3756 7.
2641 3697 2812 3754 Tertia
2875 3699 3168 3769 pwniteutia
3213 3701 3429 3757 severior
3470 3719 3562 3774 pro

1971 3779 2188 3863 peccatis
2206 3791 2782 3866 mortiferis.Lacrynta:
2812 3796 3020 3866 sanguis
3053 3797 3353 3867 pestilentis.
3385 3797 3561 3852 Tertia

1973 3885 2116 3941 actio
2136 3895 2220 3942 est
2247 3886 2598 3956 pmnitentiae,
2623 3903 2742 3958 qum
2767 3903 2866 3959 pro
2902 3889 3005 3944 illis
3030 3891 3264 3961 peccatis
3283 3890 3560 3948 subeunda

1969 3987 2073 4034 est.
2119 3979 2250 4047 Quae
2298 3979 2456 4050 Legis
2507 3979 2794 4051 decalogus
2837 3981 3111 4047 continuet;
3161 3993 3218 4039 et
3258 3983 3327 4040 de
3371 3983 3563 4054 quibus

1970 4071 2260 4140 Apostolus
2307 4071 2402 4137 ait,
2434 4071 2688 4136 Quoniam
2725 4073 2813 4142 qui
2853 4073 2981 4127 talia
3009 4083 3184 4145 agunt,
3211 4091 3421 4146 regnum
3465 4075 3564 4130 Dei

1969 4178 2071 4216 non
2115 4163 2444 4234 possidebunt
2473 4162 2672 4234 (Galat.
2703 4180 2759 4232 v,
2789 4163 2904 4238 21).
2954 4165 3012 4222 ln
3059 4165 3158 4220 hac
3205 4183 3334 4238 ergo
3382 4168 3560 4237 pumi-

1974 4257 2164 4324 tentia,
2218 4257 2480 4327 majorem
2532 4258 2758 4328 quisque
2806 4258 2858 4314 in
2900 4273 2960 4318 se
3008 4259 3351 4316 severitatem
3403 4260 3563 4316 debet

1968 4363 2246 4415 exercere;
2291 4359 2350 4406 ut
2393 4363 2426 4403 a
2468 4363 2528 4406 se
2569 4351 2691 4420 ipso
2734 4349 3024 4420 iudicatus,
3069 4367 3176 4408 non
3215 4352 3482 4422 iudicetur
3529 4370 3558 4408 a

1968 4439 2216 4507 Domino,
2244 4439 2382 4496 sicut
2409 4439 2551 4497 idem
2580 4441 2855 4510 apostolus
2883 4442 2960 4496 ait
2990 4459 3004 4497 :
3039 4441 3102 4497 Si
3127 4443 3260 4498 enim
3302 4461 3392 4498 uos
3409 4445 3559 4516 judi-

1967 4549 2216 4598 caremus,
2249 4550 2282 4588 a
2311 4533 2531 4590 Domino
2557 4551 2658 4590 non
2693 4533 3048 4604 judicaremur
3092 4534 3136 4605 (Ι
3168 4535 3287 4590 Cor.
3336 4552 3410 4604 χι,
3443 4537 3556 4608 51).

1967 4624 2240 4680 Ascendet
2270 4625 2450 4696 itaque
2490 4618 2656 4681 homo
2681 4624 2964 4681 adversum
3007 4642 3064 4680 se
3097 4627 3325 4682 tribunal
3367 4605 3560 4684 men'tis

1967 4733 2113 4784 suze;
2145 4721 2188 4775 si
2234 4719 2416 4775 timet‘
2462 4720 2591 4776 illud
2628 4719 2777 4791 quod
2817 4728 3011 4790 oportet
3041 4737 3132 4776 nos
3178 4721 3402 4777 exhiberi
3444 4733 3561 4777 ante

1969 4809 2192 4866 tribunal
2216 4808 2420 4877 Christi,
2449 4821 2503 4864 ut
2543 4812 2650 4866 illic
2674 4812 2886 4882 recipiat
2927 4813 3269 4883 unusquisque
3294 4816 3427 4886 quod
3474 4833 3561 4885 per

1967 4918 2150 4972 corpus
2181 4903 2351 4972 gessit,
2380 4903 2482 4958 sive
2521 4905 2725 4968 bonum,
2753 4903 2856 4958 sive
2881 4905 3071 4958 malum
3101 4903 3179 4977 (ll
3204 4902 3324 4960 Cor.
3360 4921 3413 4973 v,
3447 4907 3557 4979 10).

1967 4991 2266 5050 Constituat
2287 5009 2347 5050 se
2372 5002 2497 5050 ante
2526 4993 2712 5048 faciem
2740 5009 2912 5062 suam,
2940 5011 3009 5051 ne
3033 4995 3134 5051 hoc
3157 4997 3207 5052 ei
3235 5007 3417 5067 postea
3447 5000 3557 5054 fiat.

1967 5085 2100 5146 Nam
2146 5087 2378 5142 minatur
2417 5085 2521 5141 hoc
2569 5085 2711 5142 Deus
2752 5087 3042 5156 peccaturi,
3070 5087 3297 5144 dicens:
3335 5090 3560 5160 Arguam

1966 5186 2032 5244 te,
2065 5187 2113 5232 et
2157 5187 2378 5232 statuam
2423 5187 2470 5232 te
2506 5188 2625 5232 ante
2653 5178 2835 5249 faciem
2881 5188 3017 5232 tuam
3051 5179 3226 5250 (Psal.
3259 5197 3412 5248 xux,
3444 5183 3557 5253 21).

1967 5272 2142 5342 Atque
2185 5271 2259 5326 ita
2287 5271 2581 5327 constituto
2624 5271 2679 5326 in
2709 5271 2873 5327 corde
2911 5273 3134 5342 judicio,
3173 5274 3314 5331 adsit
3341 5290 3560 5332 accusa-

1964 5367 2070 5422 trix
2099 5363 2371 5436 cogitndo,
2399 5365 2551 5422 testis
2577 5367 2928 5433 conscientia,
2955 5368 3195 5424 carnifex
3227 5369 3405 5427 timor.
3431 5369 3559 5425 inde

1963 5460 2182 5532 quidam
2211 5459 2428 5531 sanguis
2457 5459 2964 5518 animiconlitentis
3009 5476 3104 5531 per
3132 5462 3395 5534 lacrymas
3437 5476 3562 5532 pro-

1965 5555 2117 5614 ﬂuat.
2147 5555 2426 5612 Postremo
2459 5555 2528 5612 ab
2553 5555 2668 5625 ipsa
2698 5563 2878 5610 mente
2921 5555 3040 5614 talis
3075 5556 3340 5612 sententia
3380 5554 3556 5625 profe-

1965 5656 2135 5716 ratur,
2168 5657 2226 5704 ut
2273 5663 2334 5705 se
2377 5647 2651 5718 indignum
2691 5646 2857 5703 homo
2901 5647 3104 5717 iudicet
3155 5646 3557 5718 participatione

1963 5741 2207 5811 corporis
2226 5748 2281 5797 et
2305 5739 2577 5810 sanguinis
2602 5739 2814 5794 Domini
2841 5757 2855 5795 :
2878 5748 2935 5796 ut
2957 5739 3048 5810 qui
3074 5739 3308 5808 separari
3334 5755 3362 5794 a
3394 5755 3559 5810 regno

1961 5833 2229 5891 calorum
2279 5832 2432 5887 timet
2474 5843 2571 5902 per
2600 5831 2842 5887 ultimam
2883 5829 3203 5888 sententiam
3235 5833 3431 5892 siiuimi
3471 5833 3548 5906 iu-

2035 5975 2052 6004 ⁸
2078 5977 2210 6032 Lov.,
2233 5966 2490 6022 existismt.
2517 5969 2683 6020 Antius
2704 5969 2872 6020 caeteri
2893 5966 3024 6030 libri,
3052 5980 3092 6020 ει
3116 5967 3263 6021 timet.
