4046 6360
543 356 684 416 1543

540 478 695 542 dicis,
737 486 835 544 per
875 466 1286 528 ecclesiasticam
1325 460 1656 534 disciplinam
1702 474 1734 516 a
1769 459 2112 516 Sacramento

538 565 774 623 omlestis
802 563 952 635 panis
978 559 1186 615 interim
1227 564 1526 626 separetur.
1553 553 1806 609 Versetur
1834 559 1957 606 ante
1985 563 2115 606 ocu-

539 659 624 715 los
652 659 824 728 imago
856 654 1019 710 futuri
1052 650 1236 724 judicii
1269 668 1285 707 :
1313 657 1372 706 ut
1393 663 1514 704 cum
1541 647 1630 703 alii
1654 645 1914 703 accedunt
1941 643 2009 700 ad
2035 644 2116 699 al-

542 752 660 806 tare
701 747 816 812 Dei,
862 759 967 816 quo
1014 745 1129 816 ipse
1175 757 1281 799 non
1325 740 1554 809 accedit,
1601 739 1797 812 cogitet
1839 752 1997 810 quam
2043 737 2115 792 sit

548 834 1001 896 contremiseenda
1051 835 1139 891 illa
1176 847 1366 904 poena,
1406 847 1508 904 qua
1548 829 1956 903 percipientibus
1996 827 2113 882 aliis

540 931 700 986 vitam
730 937 1009 991 aeternam,
1041 926 1130 981 alii
1175 926 1229 980 in
1267 933 1492 980 mortem
1533 921 1933 994 praecipitantur
1958 928 2114 976 ceter-

538 1036 682 1076 nam.
715 1020 794 1075 Ad
822 1019 924 1075 hoc
948 1020 1090 1074 enim
1115 1018 1301 1082 altare,
1331 1015 1473 1088 quod
1503 1031 1643 1071 nunc
1671 1015 1724 1071 in
1752 1011 1991 1070 Ecclesia
2029 1019 2114 1069 est

536 1113 590 1167 in
642 1119 784 1167 terra
841 1110 1101 1180 positum,
1156 1108 1381 1165 terrenis
1429 1107 1600 1162 oculis
1653 1106 1982 1176 expositum,
2040 1103 2112 1159 ad

537 1204 913 1278 mysteriorum
942 1201 1242 1257 divinorum
1280 1200 1548 1270 signacula
1586 1197 1922 1265 celebranda,
1957 1193 2111 1251 multi

539 1295 696 1350 etiam
746 1293 990 1349 scelerati
1045 1301 1268 1362 possunt
1312 1289 1566 1346 accedere
1607 1306 1623 1344 :
1667 1287 1916 1360 quoniam
1968 1286 2109 1344 Deus

539 1383 878 1439 commendat
905 1382 958 1436 in
997 1381 1099 1436 hoc
1128 1389 1365 1451 tempore
1406 1379 1712 1451 patientiam
1753 1392 1925 1441 suam,
1960 1385 2017 1430 ut
2054 1375 2110 1431 in

537 1475 713 1530 futuro
764 1482 976 1530 exscrat
1020 1472 1355 1529 severitatem
1412 1486 1584 1526 suam.
1642 1469 1916 1525 Accedunt
1963 1467 2105 1523 enim

538 1568 842 1637 ignorantes
889 1565 1138 1636 quoniam
1197 1561 1448 1634 patientia
1489 1560 1585 1616 Dei
1630 1559 1695 1616 ad
1742 1557 2106 1631 paenitentiam

536 1672 633 1713 eos
679 1657 914 1712 adducit.
962 1656 1039 1710 Illi
1082 1663 1259 1711 autem
1308 1651 1599 1710 secundum
1647 1651 1892 1707 duritiam
1932 1648 2108 1705 cordis

533 1748 618 1804 sui
645 1756 699 1803 et
725 1761 819 1803 cor
847 1746 1207 1815 impaenitens,
1234 1743 1597 1800 thesaurizant
1634 1743 1735 1799 sibi
1766 1743 1898 1797 iram
1944 1742 1996 1796 in
2021 1741 2108 1797 die

535 1839 631 1895 irm
655 1845 710 1895 et
744 1837 1084 1893 revelationis
1118 1835 1246 1907 justi
1283 1834 1467 1906 judieii
1495 1834 1613 1902 Dei,
1641 1834 1731 1903 qui
1761 1833 1948 1889 reddet
1989 1832 2109 1886 uni-

533 1931 724 2001 cuique
750 1928 1040 1985 secundum
1083 1943 1242 1999 opera
1271 1943 1365 1983 sua
1395 1927 1570 1999 (Rom.
1605 1941 1666 1995 ιι,
1693 1926 1833 1996 4—6).
1866 1924 1946 1980 Ad
1976 1921 2107 1980 illud

531 2030 709 2076 autem
732 2020 923 2083 altare,
948 2034 1053 2090 quo
1081 2032 1379 2088 prmcursor
1403 2031 1500 2088 pro
1520 2016 1674 2072 nobis
1699 2014 1902 2071 introiit
1925 2015 2101 2084 Jesus,

531 2127 637 2183 quo
660 2118 821 2182 caput
863 2109 1114 2165 Ecclesia:
1159 2105 1452 2180 prmcessit,
1489 2106 1744 2162 membris
1783 2106 1988 2162 cmteris
2016 2120 2105 2160 se-

529 2201 752 2268 cuturis,
785 2200 961 2255 nullus
985 2215 1172 2255 eorum
1199 2197 1456 2253 accedere
1484 2198 1697 2268 poterit,
1721 2195 1788 2250 de
1813 2196 2023 2265 quibus,
2046 2201 2105 2250 ut

526 2290 635 2361 jam
664 2289 1096 2352 commemoravi,
1140 2287 1273 2342 dixit
1299 2287 1607 2357 Apostolus,
1641 2285 1888 2353 Quoniam
1912 2286 1997 2357 qui
2025 2295 2107 2340 ta-

532 2382 604 2436 lia
629 2391 809 2452 agunt,
836 2395 1046 2451 regnum
1085 2376 1183 2433 Dei
1223 2393 1323 2432 non
1364 2376 1704 2449 possidebunt.
1752 2376 1908 2432 Solus
1956 2376 2102 2432 enim

530 2472 801 2538 sacerdos,
831 2472 924 2527 sed
976 2472 1132 2542 plane
1175 2468 1250 2524 ibi
1291 2477 1432 2524 totus
1458 2468 1690 2533 assistet,
1717 2467 1967 2538 adjuncto
1989 2467 2103 2522 sci-

532 2563 660 2619 licet
709 2577 932 2633 corpore
974 2561 1063 2632 qui
1106 2570 1265 2630 caput
1291 2566 1394 2626 est,
1421 2557 1561 2629 quod
1608 2557 1718 2628 jam
1765 2557 2003 2612 ascendit
2047 2557 2102 2612 in

529 2655 748 2712 ctelum.
795 2654 914 2724 Ipse
941 2661 1025 2709 est
1059 2652 1146 2707 cui
1193 2650 1328 2706 dixit
1367 2649 1639 2721 apostolus
1691 2649 1901 2716 Petrus,
1949 2648 2104 2704 Plebs

529 2754 724 2813 sancta,
755 2745 924 2816 regale
964 2743 1297 2799 sacerdotium
1341 2739 1397 2816 (l
1437 2740 1581 2796 Petr.
1613 2755 1673 2807 ιι,
1712 2740 1793 2810 9).
1824 2738 2104 2810 Quomodo

531 2853 660 2909 ergo
711 2837 766 2892 in
816 2835 1066 2890 interiora
1105 2834 1230 2900 veli,
1266 2842 1320 2888 et
1357 2833 1413 2887 in
1459 2831 1549 2887 illa
1589 2831 1871 2887 invisibilia
1908 2830 2102 2887 Sancta

530 2937 834 2985 sanctorum
876 2927 1077 2980 intrare
1115 2923 1331 2979 audebit
1370 2929 1463 2978 aut
1501 2922 1719 2992 poterit,
1746 2921 1836 2991 qui
1880 2921 2103 2977 medici-

533 3033 656 3074 nam
676 3015 911 3072 caelestis
929 3012 1621 3084 disciplinwcontemnens,
1643 3011 1810 3064 noluit
1839 3010 2106 3080 paulisper

532 3127 565 3167 a
595 3108 890 3165 visibilibus
913 3105 1193 3178 separari?
1229 3105 1328 3173 Qui
1353 3104 1497 3158 enim
1523 3103 1694 3160 noluit
1727 3103 2015 3169 humiliari,
2044 3109 2103 3158 ut

531 3201 896 3266 exaltaretur;
923 3214 1044 3256 cum
1075 3197 1296 3254 exaltari
1324 3197 1570 3262 voluerit,
1598 3196 1913 3268 dejicietur;
1965 3206 2019 3252 et
2048 3197 2102 3253 in

535 3300 792 3348 aeternum
819 3291 1124 3361 sejungetur
1151 3291 1220 3345 ab
1245 3289 1459 3345 mternis
1487 3289 1708 3354 sanctis,
1737 3289 1976 3360 quisquis
1999 3288 2104 3346 hoc

535 3394 774 3456 tempore
800 3399 896 3455 per
921 3383 1108 3438 merita
1133 3380 1451 3438 obedientize
1479 3389 1535 3436 et
1556 3395 1653 3451 per
1687 3379 2099 3437 satisfactionem

533 3476 858 3549 paenitentiae
888 3490 992 3531 non
1031 3474 1132 3530 sibi
1171 3473 1402 3544 providit
1441 3471 1618 3528 locum
1659 3472 1711 3527 in
1750 3485 1976 3543 corpore
2011 3487 2102 3528 sa-

535 3568 786 3628 cerdotis.
849 3569 964 3635 Qua
1005 3568 1146 3622 enim
1195 3565 1366 3623 fronte
1411 3566 1751 3637 impudentite
1795 3574 1920 3622 tunc
1960 3565 2104 3622 volet

535 3665 701 3719 averti
730 3660 918 3716 faciem
944 3659 1036 3714 Dei
1066 3673 1094 3712 a
1121 3659 1352 3729 peccatis
1380 3659 1512 3726 suis,
1534 3659 1626 3730 qui
1650 3673 1789 3714 nunc
1810 3665 1921 3713 toto
1939 3657 2103 3716 cardo

533 3767 639 3808 non
680 3751 828 3817 dicit,
881 3749 1135 3817 Quoniam
1194 3749 1392 3818 facinus
1435 3765 1601 3804 meum
1646 3766 1736 3820 ego
1772 3766 2010 3820 agnosco,
2055 3757 2106 3804 et

530 3853 790 3913 peccatum
817 3857 980 3895 meum
1011 3849 1127 3895 ante
1154 3856 1232 3894 me
1269 3848 1340 3894 est
1369 3855 1561 3909 semper
1590 3837 1771 3913 (Psal.
1793 3856 1842 3904 ι..
1871 3841 1961 3910 5)?
1985 3840 2101 3909 Quo

533 3943 706 4005 pacto,
736 3947 938 4004 quaeso,
983 3932 1120 3986 Deus
1157 3930 1403 4002 dignatur
1445 3932 1740 4002 ignoscere,
1770 3931 1914 4002 quod
1948 3932 2003 3986 in
2043 3946 2104 3988 se

531 4027 645 4097 ipse
670 4025 829 4082 homo
853 4023 1168 4094 dedignatur
1185 4024 1518 4094 agnoscere?

603 4141 657 4196 8.
697 4137 765 4193 In
791 4154 874 4192 eos
897 4137 982 4207 qui
1020 4135 1117 4192 sibi
1156 4137 1369 4191 salutem
1410 4143 1591 4208 praeter
1615 4151 1823 4209 regnum
1864 4138 2102 4194 caelorum

535 4230 853 4301 pollicentur.
895 4227 1157 4283 Sententia
1203 4229 1383 4283 ultima
1424 4229 1622 4283 mittens
1657 4237 1746 4283 aut
1771 4231 1825 4285 in
1866 4248 2098 4302 regnum,

539 4327 626 4373 aut
653 4319 708 4372 in
734 4318 918 4389 ignem.
948 4318 1054 4370 Aut
1095 4317 1224 4372 illud
1263 4318 1418 4389 quale
1459 4329 1560 4385 est,
1599 4320 1653 4374 in
1679 4335 1786 4389 quo
1824 4321 1923 4375 sibi
1951 4321 2103 4376 blan-

533 4412 766 4477 diuntur,
795 4410 880 4480 qui
907 4425 999 4464 sua
1025 4425 1084 4465 se
1112 4410 1344 4466 vanitate
1368 4411 1664 4467 seducunt?
1690 4413 2101 4471 Perseverantes

531 4503 674 4559 enim
725 4503 777 4557 in
827 4501 1040 4556 malitiis
1079 4509 1238 4572 atque
1284 4502 1504 4556 luxuriis
1543 4503 1672 4569 suis,
1719 4517 1838 4558 cum
1882 4504 2102 4560 audiunt

532 4593 844 4664 Apostolum
904 4591 1164 4648 dicentem
1190 4631 1207 4659 ,
1273 4591 1525 4657 Quoniam
1580 4594 1665 4663 qui
1719 4594 1842 4648 talia
1905 4605 2094 4666 agunt,

531 4701 741 4757 regnum
765 4683 863 4739 Dei
903 4701 1003 4739 non
1031 4684 1350 4756 possidebunt
1379 4701 1398 4740 :
1430 4684 1628 4741 audent
1651 4685 1748 4740 sibi
1783 4696 1976 4757 praeter
2002 4688 2100 4744 Dei

529 4791 750 4848 regnum
788 4775 1033 4841 salutem,
1075 4791 1232 4847 quam
1274 4775 1596 4844 desiderant,
1639 4777 1908 4848 polliceri;
1942 4787 2099 4850 atque

529 4864 600 4920 ita
647 4864 786 4920 inter
825 4878 884 4919 se
912 4863 1215 4934 loquuntur,
1257 4864 1382 4921 dum
1424 4875 1673 4922 recusant
1717 4881 1875 4939 agere
1923 4869 2096 4938 poeni-

527 4956 747 5012 tentiam
791 4971 889 5027 pro
940 4957 1171 5026 peccatis
1211 4959 1342 5023 suis,
1385 4966 1440 5014 et
1492 4957 1728 5029 perditos
1779 4974 1957 5015 mores
1995 4960 2098 5014 ali-

526 5049 740 5120 quando
760 5049 810 5103 in
841 5048 1030 5104 melius
1057 5057 1383 5105 commutare
1411 5067 1424 5104 :
1458 5051 1700 5122 Regnare
1731 5052 1875 5116 nolo,
1904 5051 2099 5108 sufﬁcit

527 5141 658 5197 mihi
685 5141 890 5197 salvum
918 5156 1003 5196 me
1027 5155 1166 5196 esse.
1201 5139 1254 5194 In
1279 5157 1386 5211 quo
1413 5142 1635 5212 primum
1661 5158 1754 5198 eos
1793 5141 1945 5210 fallit,
1973 5143 2096 5214 quia

529 5248 710 5292 eorum
745 5249 845 5289 nec
873 5234 1016 5288 salus
1043 5233 1148 5289 ulla
1177 5243 1292 5295 est:
1319 5250 1541 5304 quorum
1566 5236 1816 5306 iniquitas
1844 5252 2097 5307 perseve-

525 5338 631 5383 rat.
661 5326 812 5396 Quod
849 5327 990 5382 enim
1025 5326 1100 5381 ait
1123 5327 1398 5392 Dominus,
1424 5326 1673 5392 Quoniam
1697 5330 1966 5385 abundavit
1992 5331 2097 5385 ini-

527 5422 708 5494 quitas,
735 5420 1019 5492 refrigescet
1043 5420 1261 5474 charitas
1287 5419 1597 5484 multorum;
1639 5421 1725 5492 qui
1767 5431 1935 5476 autem
1981 5439 2098 5493 ρει·-
2137 5431 2154 5456 έ-

533 5512 823 5568 severaverit
842 5526 996 5580 usque
1019 5511 1072 5565 in
1102 5511 1272 5579 ﬁnem,
1304 5510 1383 5564 hic
1409 5512 1576 5566 salvus
1599 5513 1692 5566 erit
1718 5512 1930 5584 (Matth.
1951 5528 2096 5583 xxiv,

527 5607 620 5670 12,
667 5606 806 5673 13):
857 5603 1079 5658 salutem
1122 5602 1302 5672 utique
1356 5603 1596 5672 promisit
1640 5608 2097 5674 perseverantibus

528 5697 581 5754 in
620 5697 900 5764 cbaritate,
931 5710 1033 5750 non
1083 5694 1138 5749 in
1167 5693 1463 5765 iniquitate.
1513 5693 1614 5750 Ubi
1663 5705 1837 5751 autem
1866 5696 2100 5755 Charitas

529 5798 644 5860 est,
689 5802 850 5862 opera
897 5787 985 5844 illa
1031 5787 1168 5845 mala
1209 5801 1240 5843 a
1292 5799 1455 5860 regno
1491 5784 1586 5844 Dei
1639 5793 1936 5862 separantia
1980 5811 2100 5855 esse

1753 339 1814 398 S.
1852 329 2220 396 AUGUSTINI
2256 332 2563 396 EPISCOPI

3649 347 3784 414 «δη

2221 469 2327 509 non
2372 464 2614 524 possunt.
2658 455 2836 513 Omnis
2878 457 3010 514 enim
3055 459 3137 515 lea:
3177 459 3229 516 in
3277 476 3378 516 uno
3419 477 3642 518 sermone
3683 469 3777 521 im-

2217 546 2353 616 pleta
2379 557 2471 615 est,
2499 549 2552 602 in
2581 565 2641 604 eo
2678 549 2812 620 quod
2846 551 3090 621 scriptum
3132 561 3225 620 est,
3269 553 3460 624 Diliges
3501 558 3770 626 proximum

2215 633 2358 691 tuum
2395 646 2700 710 tanquamte
2726 639 2892 711 ipsum
2931 639 3200 716 (Galat.v,
3228 643 3336 715 M).
3377 644 3575 700 Deinde
3612 647 3654 701 si
3693 658 3770 705 est

2217 729 2394 800 aliqua
2439 731 2736 788 differentia
2768 731 2907 789 inter
2945 744 3226 806 regnantes
3264 743 3317 789 et
3342 749 3446 790 non
3474 747 3772 808 regnantes;

2216 830 2426 892 oportet
2467 832 2643 879 tamen
2672 833 2731 879 ut
2773 824 2824 879 in
2873 841 2978 880 uno
3027 840 3190 896 regno
3236 825 3343 881 sint
3386 841 3592 895 omnes,
3622 845 3686 885 ne
3726 830 3776 886 in

2215 911 2446 970 hostium
2486 923 2579 971 aut
2618 917 2909 972 alienorum
2946 933 3170 973 numero
3209 919 3544 988 deputentur.
3589 921 3778 978 Omnes

2215 1009 2358 1064 enim
2389 1008 2611 1064 Romani
2652 1011 2946 1065 Romanum
2975 1025 3194 1081 regnum
3234 1012 3549 1083 possident;
3597 1030 3774 1084 quam-

2216 1101 2296 1156 vis
2326 1117 2429 1158 non
2452 1117 2638 1158 omnes
2662 1104 2712 1158 in
2738 1119 2804 1159 co
2843 1113 3104 1176 regnent,
3132 1103 3224 1160 sed
3269 1106 3479 1161 caeteris
3511 1109 3774 1178 regnanti-

2214 1191 2315 1249 bus
2362 1203 2602 1264 pareant.
2647 1194 2762 1250 Non
2808 1204 2984 1250 autem
3031 1195 3106 1250 ait
3149 1195 3474 1266 Apostolus,
3517 1197 3617 1262 Qui
3660 1201 3776 1254 talia

2213 1295 2405 1358 agunt,
2433 1304 2538 1342 non
2567 1288 2863 1359 regnabunt
2899 1303 3021 1344 cum
3048 1288 3192 1354 Deo;
3219 1288 3312 1343 sed
3332 1306 3541 1361 regnum
3564 1291 3658 1345 Dei
3682 1309 3776 1346 non

2213 1379 2553 1452 possidebunt.
2581 1381 2731 1450 Quod
2758 1383 2917 1438 ctiam
2948 1382 3015 1437 de
3035 1397 3194 1439 carne
3222 1393 3276 1439 et
3303 1387 3560 1454 sanguine
3584 1384 3774 1440 dictum

2211 1479 2293 1526 est
2311 1512 2326 1536 ,
2354 1471 2483 1527 Caro
2507 1483 2551 1527 et
2576 1473 2779 1544 sanguis
2805 1490 3016 1545 regnum
3045 1472 3140 1528 Dei
3161 1491 3260 1528 non
3286 1475 3608 1542 possidebunt
3626 1476 3774 1546 :quia

2211 1562 2535 1632 corruptibile
2553 1563 2646 1618 hoc
2683 1564 2854 1618 induet
2881 1565 3336 1634 incorruptionem,
3372 1575 3421 1618 et
3456 1567 3668 1620 mortale
3691 1567 3781 1619 hoc

2211 1653 2384 1709 induet
2407 1655 2830 1710 immortalitatem
2859 1656 2914 1727 (l
2936 1653 3054 1711 Cor.
3079 1672 3166 1723 xv,
3189 1656 3277 1722 50,
3307 1655 3398 1730 55)
3422 1673 3438 1723 ;
3469 1666 3527 1712 ut
3546 1658 3654 1728 jam
3676 1673 3776 1713 non

2211 1762 2335 1803 caro
2361 1757 2415 1803 et
2460 1749 2706 1820 sanguis,
2737 1748 2832 1804 sed
2860 1764 2926 1804 ex
2973 1747 3187 1805 animali
3227 1764 3454 1820 corpore
3493 1751 3778 1820 spiritualis

2210 1841 2451 1911 corporis
2475 1841 2711 1897 habitum
2741 1852 3091 1913 naturamque
3135 1833 3433 1898 mereaturl
3453 1840 3550 1898 Vel
3577 1842 3663 1897 illa
3689 1856 3778 1898 eos

2208 1938 2408 1986 terreat
2427 1931 2604 1986 ultima
2627 1933 2887 1988 sententia
2911 1931 3105 2002 judicis
3141 1932 3330 1998 nostri,
3359 1947 3517 2002 quam
3546 1942 3781 2002 propter-

2207 2035 2270 2076 ea
2298 2036 2442 2077 nunc
2459 2022 2652 2090 aperiri
2680 2022 2881 2089 voluit,
2913 2031 2972 2077 ut
2989 2023 3056 2078 ab
3080 2024 3198 2092 ejus
3219 2022 3464 2079 ﬁdelibus
3483 2037 3782 2094 praecavea-

2211 2122 2334 2177 tur;
2367 2115 2498 2169 dans
2526 2115 2856 2170 metuentibus
2891 2131 2945 2170 sc
2977 2115 3413 2186 signiﬁcationem,
3441 2124 3498 2170 ut
3526 2115 3723 2187 fugiant
3749 2130 3782 2168 ο

2210 2206 2340 2277 {acie
2358 2222 2507 2261 arcus
2537 2205 2708 2279 (Psal.
2737 2223 2823 2264 ιιι
2843 2249 2858 2276 ,
2888 2207 2965 2278 6).
2987 2207 3238 2280 Exceptis
3261 2209 3404 2265 enim
3433 2209 3520 2266 eis
3543 2210 3634 2281 qui
3661 2223 3780 2266 cum

2206 2297 2298 2353 illo
2339 2298 2497 2353 etiam
2543 2297 2881 2368 judicabunt,
2925 2300 3118 2371 quibus
3158 2309 3212 2357 et
3241 2303 3520 2372 promisit,
3547 2302 3780 2359 dicens:

2207 2388 2457 2444 Sedebitis
2483 2407 2636 2462 super
2663 2391 2930 2446 duodecim
2956 2393 3181 2459 tln'onos,
3201 2393 3492 2463 judicantes
3517 2393 3781 2449 duodecim

2206 2479 2365 2536 tribus
2395 2479 2560 2536 Israel
2601 2480 2810 2552 (Matth.
2839 2498 2952 2550 xix,
2979 2482 3092 2553 28).
3124 2483 3180 2538 ln
3220 2499 3326 2554 quo
3370 2500 3598 2553 numero
3636 2483 3784 2556 judi-

2205 2573 2434 2627 cantium
2486 2586 2673 2628 omnes
2718 2573 3112 2643 intelliguntur,
3162 2573 3255 2644 qui
3295 2583 3512 2644 propter
3539 2575 3784 2646 Evange-

2206 2662 2335 2718 lium
2359 2663 2536 2718 omnia
2561 2677 2656 2719 sua
2685 2663 3021 2730 dimiserunt,
3050 2673 3104 2719 et
3130 2663 3299 2719 secuti
3322 2673 3445 2720 sunt
3473 2666 3778 2720 Dominum.

2206 2755 2570 2812 Duodenarius
2597 2757 2789 2827 quippe
2809 2770 3062 2811 numerus
3083 2755 3152 2810 ad
3179 2755 3461 2826 quamdam
3512 2756 3784 2813 universi-

2207 2857 2370 2905 tatem
2397 2849 2642 2905 refertur.
2671 2847 2786 2904 Non
2813 2848 2954 2904 enim
2979 2848 3178 2905 Paulus
3223 2849 3496 2919 apostolus
3546 2848 3624 2905 ibi
3676 2864 3783 2904 non

2206 2941 2485 3012 erit,quia
2529 2943 2668 2997 inter
2717 2942 2834 2997 illos
2878 2941 3156 2997 duodecim
3185 2957 3304 3007 non
3356 2941 3474 2996 fuit.
3525 2941 3784 3011 Exceptis

2205 3047 2334 3103 ergo
2353 3033 2484 3099 illis,
2516 3048 2649 3103 quos
2675 3033 2833 3088 etiam
2864 3035 3077 3088 nomine
3103 3033 3422 3103 Angelorum
3438 3034 3781 3103 significavit,

2206 3123 2419 3194 quando
2446 3123 2553 3191 ait,
2586 3124 2712 3178 Cum
2737 3125 2924 3179 venerit
2987 3123 3159 3178 Filius
3183 3125 3396 3178 hominis
3407 3126 3648 3196 judicare
3669 3143 3784 3180 cum

2207 3216 2411 3287 Angelis
2431 3215 2556 3270 suis.
2587 3216 2769 3286 Angeli
2796 3216 2935 3271 enim
2966 3217 3145 3286 utique
3173 3216 3342 3270 nuntii
3379 3224 3519 3270 sunt.
3557 3217 3788 3273 Nuntios

2208 3317 2386 3362 autem
2413 3308 2711 3363 rectissime
2737 3307 3024 3377 accipimus
3049 3321 3236 3362 omnes
3281 3307 3371 3377 qui
3399 3307 3627 3362 salutem
3676 3323 3789 3364 cm-

2207 3400 2394 3456 lcstem
2422 3399 2725 3456 hominibus
2754 3401 3017 3454 nuntiant.
3043 3398 3198 3455 Unde
3239 3401 3399 3456 etiam
3432 3401 3788 3470 Evangelisue

2207 3488 2331 3544 boni
2361 3491 2530 3545 nuntii
2561 3499 2782 3560 possunt
2821 3490 3156 3559 interpretari
3179 3507 3193 3544 :
3214 3497 3270 3546 et
3288 3491 3356 3546 de
3373 3490 3580 3546 Joanne
3602 3491 3791 3562 Bapti-

2206 3593 2288 3638 sta
2333 3583 2531 3638 dictum
2581 3592 2683 3645 est.
2703 3583 2832 3638 Ecce
2857 3583 2999 3638 mitto
3018 3582 3249 3654 angelum
3277 3599 3441 3638 meum
3459 3592 3577 3637 ante
3601 3585 3788 3655 faciem

2207 3685 2346 3731 tuam
2373 3675 2622 3748 (Malach.
2651 3691 2705 3731 Ill
2725 3717 2741 3745 ,
2774 3675 2850 3748 l).
2878 3675 2973 3732 llis
2991 3690 3152 3747 ergo,
3181 3685 3240 3732 ut
3261 3675 3443 3732 dicere
3472 3691 3746 3746 coeperam
3767 3715 3784 3744 ,

2207 3768 2441 3838 exceptis
2459 3809 2474 3833 ,
2502 3777 2691 3823 cartera
2718 3767 2954 3822 omnium
2981 3767 3252 3821 hominum
3283 3767 3562 3822 multitudo
3579 3807 3596 3834 ,
3644 3768 3789 3824 sicut

2207 3857 2260 3912 in
2290 3859 2454 3927 ipsius
2482 3857 2660 3912 verbis
2681 3857 2888 3912 Domini
2908 3845 3249 3912 manifestum
3274 3865 3390 3923 est,
3421 3858 3473 3912 in
3498 3856 3632 3912 duas
3656 3874 3787 3930 par-

2207 3957 2287 4004 tes
2305 3948 2586 4005 dividetur.
2614 3948 2888 4004 Positurus
2922 3955 3005 4003 est
3051 3948 3192 4003 enim
3216 3962 3344 4004 oves
3361 3947 3429 4003 ad
3454 3948 3734 4004 dexteram
3765 3986 3787 4017 ,

2207 4039 2388 4097 haedos
2424 4041 2490 4096 ad
2511 4042 2776 4096 sinistram
2801 4058 2814 4095 :
2841 4048 2896 4096 et
2920 4040 3126 4096 dicetur
3151 4041 3338 4096 ovibus
3357 4080 3373 4108 ,
3409 4039 3462 4095 id
3480 4050 3564 4095 est
3580 4040 3743 4111 iustis
3766 4081 3784 4109 ,

2215 4135 2388 4190 Venite
2409 4177 2422 4200 ,
2456 4135 2696 4190 benedicti
2741 4132 2916 4188 Patris
2938 4134 3035 4188 mei
3057 4175 3072 4200 ,
3104 4134 3343 4204 percipitc
3389 4149 3603 4204 regnum
3648 4131 3788 4204 quod

2204 4226 2341 4280 vobis
2372 4235 2604 4295 paratum
2639 4234 2711 4280 est
2739 4241 2773 4278 a
2797 4224 3146 4279 constitutione
3167 4223 3358 4276 mundi.
3381 4223 3458 4278 De
3480 4223 3584 4278 hoc
3599 4224 3790 4293 utique

2205 4330 2370 4386 regno
2403 4315 2534 4370 dixit
2554 4315 2872 4384 Apostolus,
2894 4329 3017 4370 cum
3047 4323 3384 4369 enumeraret
3407 4329 3568 4384 opera
3597 4315 3740 4369 mala
3766 4351 3785 4382 ,

2209 4405 2459 4471 Quoniam
2483 4405 2568 4475 qui
2597 4405 2723 4459 talia
2749 4414 2926 4476 agunt,
2949 4420 3156 4476 regnum
3172 4403 3268 4458 Dei
3287 4420 3389 4458 non
3435 4405 3784 4474 possidebunt.

2203 4495 2476 4566 Audiquid
2491 4494 2707 4550 audiant
2730 4497 2818 4565 qui
2839 4510 2870 4550 a
2898 4495 3128 4552 sinistris
3151 4503 3340 4551 erunt:
3371 4493 3473 4563 Ite,
3504 4493 3698 4565 inquit,
3731 4494 3790 4550 in

2203 4588 2369 4660 ignem
2409 4595 2667 4653 (sternam,
2687 4588 2771 4658 qui
2805 4596 3119 4658 praeparatus
3161 4597 3234 4642 est
3262 4586 3463 4641 diabolo
3499 4594 3544 4640 et
3586 4584 3788 4658 angelis

2202 4682 2314 4754 ejus
2352 4681 2570 4754 (Matth.
2612 4696 2746 4749 xxv,
2790 4678 3018 4752 31-41).
3049 4679 3410 4751 Quapropter,
3453 4694 3790 4750 przesumere

2201 4767 2322 4843 quis
2347 4772 2540 4828 audeat
2561 4773 2578 4804 ⁸
2603 4771 2670 4827 de
2698 4771 2910 4826 nomine
2941 4771 3252 4839 christiano,
3277 4779 3332 4828 et
3355 4786 3460 4825 non
3485 4785 3606 4824 cum
3632 4770 3790 4827 omni

2201 4866 2498 4922 obedientia
2526 4873 2580 4920 et
2601 4865 2790 4921 timore
2807 4863 2988 4920 audiat
3017 4865 3326 4934 Apostolum
3348 4864 3632 4932 dicentem,
3666 4865 3788 4921 Hoc

2200 4958 2333 5014 enim
2354 4959 2546 5026 scitote,
2570 4966 2916 5029 cognoscentes
2930 4957 3166 5027 quoniam
3186 4956 3346 5010 omnis
3370 4957 3669 5026 fornicator,
3693 4965 3788 5012 aut

2199 5049 2508 5116 immundus,
2533 5059 2622 5104 aut
2645 5066 2846 5117 auarus,
2878 5049 3012 5120 quod
3037 5057 3109 5102 est
3131 5048 3383 5103 idolorum
3411 5049 3622 5103 servitus
3638 5089 3654 5115 ,
3680 5064 3789 5103 non

2202 5141 2346 5196 habet
2365 5141 2704 5196 hareditatem
2729 5142 2784 5195 in
2801 5155 2953 5211 regno
2969 5139 3154 5194 Christi
3171 5151 3218 5194 et
3245 5139 3378 5194 Dei?
3402 5138 3568 5195 Nemo
3589 5155 3680 5195 vos
3700 5156 3794 5198 se-.

2201 5232 2352 5287 ducat
2376 5233 2609 5287 inanibus
2635 5231 2791 5287 verbis
2819 5245 2840 5285 :
2870 5239 3074 5300 propter
3101 5231 3206 5286 hwc
3243 5232 3375 5287 enim
3401 5233 3538 5287 venit
3565 5232 3646 5286 ira
3687 5230 3790 5286 Dei

2201 5325 2254 5380 in
2275 5326 2407 5395 ﬁlios
2429 5325 2732 5395 diﬁdsntia.
2774 5321 2949 5379 Nolite
2968 5324 3133 5396 itaque
3157 5325 3283 5396 efﬁci
3305 5325 3572 5396 participes
3603 5341 3792 5382 eorum

2206 5413 2418 5488 (Ephes.
2456 5431 2511 5482 ν,
2536 5414 2678 5486 5-7).
2709 5413 2892 5470 Latius
2919 5423 3096 5472 autem
3120 5416 3184 5471 ad
3211 5415 3512 5471 Corinthios
3541 5415 3660 5471 haec
3697 5416 3794 5472 di-

2203 5507 2307 5562 cit:
2341 5504 2514 5562 Nolite
2531 5522 2740 5575 errare;
2769 5523 2926 5577 neque
2943 5506 3288 5578 fornicatores,
3316 5523 3472 5576 neque
3491 5507 3643 5562 idolis
3669 5523 3792 5563 ser-

2203 5599 2416 5665 uientes,
2455 5614 2610 5669 neque
2639 5599 2892 5668 adulteri,
2929 5615 3086 5669 neque
3112 5597 3306 5666 molles,
3334 5615 3493 5668 neque
3525 5599 3792 5656 mascultk

2270 5783 2287 5818 ι
2311 5789 2436 5834 uss;
2461 5768 2574 5846 Quis
2609 5779 2848 5845 gaudeat;
2870 5779 3044 5832 omisso
3064 5777 3234 5841 verbo,
3268 5789 3574 5844 pt'tesumere.
