4046 6360
256 450 381 507 1515

253 582 353 619 rum
368 563 739 629 concubitores,
761 579 915 635 neque
928 566 1085 629 fures,
1103 578 1258 632 neque
1276 561 1435 627 avari,
1453 576 1608 629 neque
1622 560 1823 625 ebriosi,

253 672 401 731 neque
424 656 687 722 maledici,
710 672 866 726 neque
889 671 1116 724 rapaces,
1136 671 1346 725 regnum
1363 653 1461 707 Dei
1482 651 1822 721 possidebunt.

255 746 349 802 Sed
378 745 554 801 videte
582 744 1033 815 quemadmodum
1058 744 1300 800 timorem
1322 753 1376 799 et
1403 743 1826 813 desperationem

253 838 434 894 salutis
472 838 757 893 abstulerit
785 837 863 893 eis
883 880 897 901 ,
924 838 1015 908 qui
1043 838 1156 892 haec
1191 837 1244 890 in
1271 838 1377 891 vita
1412 835 1576 889 veteri
1605 833 1826 889 commi-

251 937 451 983 serunt.
479 926 548 981 Et
576 927 685 982 htec
712 928 910 998 quidem
928 969 942 993 ,
974 928 1163 997 inquit,
1192 928 1372 999 fuistis,
1406 926 1493 981 sed
1512 925 1668 979 abluti
1687 925 1824 988 estis,

250 1021 329 1073 scd
349 1020 655 1087 sanctiﬁcati
682 1021 800 1074 estis
818 1020 871 1073 in
899 1020 1099 1073 nomine
1127 1019 1330 1074 Domini
1353 1021 1509 1074 nostri
1528 1019 1652 1073 Jesu
1680 1016 1827 1073 Chri-

249 1114 325 1177 sti,
354 1122 403 1167 et
424 1113 478 1167 in
504 1112 709 1182 Spiritu
738 1112 834 1166 Dei
854 1112 1009 1167 nostri
1031 1111 1073 1183 (l
1102 1111 1218 1168 Cor.
1249 1128 1327 1176 vr,
1356 1112 1530 1181 9-H).

318 1205 372 1261 9.
418 1203 725 1260 Pestilentia
740 1204 954 1274 relapsis
979 1214 1089 1273 post
1108 1202 1427 1274 Baptismum
1453 1202 1821 1273 amplectenda.

251 1296 501 1366 Quisquis
528 1310 656 1365 ergo
676 1304 795 1364 post
814 1294 1140 1363 Baptismum
1164 1294 1460 1364 aliquorum
1483 1292 1823 1363 pristinorum

250 1386 513 1441 malorum
541 1400 706 1456 opere
742 1384 1003 1454 obligatus
1030 1392 1268 1449 tenetur,
1298 1399 1465 1454 usque
1492 1384 1694 1438 adeone
1722 1383 1824 1438 sibi

251 1476 496 1531 inimicus
528 1485 645 1543 est,
683 1485 742 1531 ut
778 1476 950 1531 adhuc
987 1476 1189 1532 dubitet
1228 1477 1390 1530 vitam
1434 1484 1669 1541 mutare,
1701 1490 1823 1530 cum

252 1581 458 1641 tempus
489 1580 593 1634 est,
625 1584 744 1624 cum
776 1568 846 1623 ita
876 1578 1057 1639 peccat
1077 1578 1131 1623 et
1150 1567 1310 1622 vivit?
1334 1567 1463 1622 Nam
1481 1569 1662 1637 utique
1681 1569 1822 1639 quod

249 1664 318 1717 ita
346 1668 757 1731 perseveranter
780 1671 984 1731 peccat,
1019 1660 1337 1716 thesaurizat
1370 1660 1469 1715 sibi
1500 1660 1631 1714 iram
1659 1661 1711 1715 in
1734 1660 1823 1717 die

252 1753 340 1809 irrc
361 1762 415 1809 et
438 1752 781 1808 revelationis
796 1751 923 1821 justi
935 1750 1120 1821 judicii
1143 1752 1256 1805 Dei.
1280 1749 1430 1819 Quod
1450 1759 1624 1806 autem
1646 1750 1821 1807 adhuc

248 1845 391 1909 vivit,
422 1843 676 1912 patientia
706 1844 797 1898 Dei
825 1842 890 1897 ad
921 1842 1279 1911 pmnitentiam
1304 1858 1424 1897 eum
1453 1842 1683 1897 adducit.
1714 1842 1821 1897 hn-

248 1936 470 2005 plicatus
498 1934 660 2004 igitur
680 1943 786 1988 tam
813 1934 1202 1989 mortiferorum
1231 1933 1456 1988 vinculis
1484 1942 1820 2002 peccatorum

247 2027 538 2091 detrectat,
575 2033 666 2080 aut
688 2024 894 2089 differt,
922 2034 1013 2080 aut
1040 2024 1243 2079 dubitat
1267 2023 1549 2094 confugere
1574 2023 1639 2079 ad
1672 2024 1816 2095 ipsas

247 2119 419 2172 claves
441 2116 719 2183 Ecclesiae,
750 2117 937 2184 quibus
966 2115 1199 2170 solvatur
1223 2116 1273 2169 in
1306 2124 1465 2180 terra,
1492 2125 1551 2169 ut
1577 2116 1648 2171 sit
1669 2115 1818 2171 solu-

250 2221 327 2265 tus
355 2212 410 2265 in
441 2210 618 2274 crelo;
647 2216 699 2263 et
727 2208 884 2263 audet
907 2208 1007 2262 sibi
1035 2215 1154 2277 post
1176 2206 1309 2261 hanc
1337 2208 1518 2274 vitam,
1549 2206 1668 2277 quia
1698 2215 1816 2262 tan-

252 2313 355 2356 tum
382 2302 711 2358 christianus
738 2301 929 2355 dicitur
951 2340 966 2366 ,
1012 2300 1235 2356 salutem
1272 2299 1497 2369 aliquam
1539 2300 1811 2369 polliceri;

248 2410 344 2450 nec
361 2393 596 2448 veridico
615 2393 705 2447 illo
725 2392 1006 2447 dominicae
1028 2391 1170 2447 vocis
1189 2391 1417 2446 touitruo
1432 2392 1809 2458 contremiscit,

251 2487 367 2543 Non
391 2488 557 2542 omnis
579 2486 665 2558 qui
694 2484 814 2540 dicit
842 2486 964 2539 mihi
980 2526 993 2548 ,
1021 2483 1253 2551 Domine,
1278 2484 1510 2549 Domine,
1537 2483 1739 2538 intrabit
1761 2485 1816 2538 in

249 2596 453 2652 regnum
487 2580 765 2643 calorum;
799 2579 887 2633 sed
928 2578 1013 2649 qui
1041 2578 1161 2650 facit
1185 2576 1488 2633 voluntatem
1520 2578 1694 2633 Patris
1717 2579 1817 2633 mei

249 2673 329 2742 qui
347 2672 398 2725 in
418 2672 560 2726 catis
582 2679 675 2738 est,
698 2670 806 2741 ipse
821 2669 1026 2724 intrabit
1044 2670 1096 2723 in
1117 2686 1323 2741 regnum
1340 2670 1580 2725 caelorum
1601 2669 1810 2740 (Matth.

250 2780 340 2829 vn,
364 2762 504 2834 21)?
531 2762 694 2832 Quid,
722 2761 790 2818 ad
817 2760 1027 2818 Galatas
1049 2760 1186 2817 idem
1211 2761 1504 2831 apostolus,
1535 2776 1712 2818 nonne
1737 2772 1816 2817 ta—

254 2857 314 2911 lia
340 2871 662 2912 enumerans
689 2854 877 2911 eodem
908 2854 1013 2911 fine
1038 2853 1349 2910 concludit?
1377 2853 1650 2927 Manifesta
1675 2863 1813 2922 sunt,

254 2947 432 3017 inquit,
460 2963 616 3015 opera
641 2946 828 3013 carnis,
849 2962 961 3017 quae
986 2953 1104 3001 sunt
1130 2946 1485 3016 fornicationes
1505 2987 1518 3011 ,
1541 2946 1817 3000 immundi-

254 3039 347 3101 tite,
378 3038 624 3101 luxurias,
665 3036 915 3091 idolorum
954 3036 1194 3105 servitus,
1222 3035 1478 3106 veneﬁcia,
1500 3036 1777 3093 inimicitias
1800 3078 1816 3105 ,

252 3130 603 3193 contentiones,
635 3128 981 3184 wntulationes
1000 3170 1015 3196 ,
1045 3128 1383 3183 animositates
1402 3170 1418 3196 ,
1454 3128 1811 3196 dissensiones,

255 3223 480 3287 hereses,
497 3221 716 3292 invidiae,
736 3219 1011 3285 ebrietates,
1025 3221 1424 3285 comessationes,
1442 3229 1486 3274 et
1501 3219 1579 3275 his
1597 3218 1816 3287 similia;

255 3329 355 3382 qtae
396 3312 618 3383 prmdico
658 3310 828 3379 vobis,
858 3311 986 3366 sicut
1026 3310 1270 3381 praedixi,
1309 3313 1546 3383 quoniam
1579 3314 1665 3384 qui
1694 3314 1818 3369 talia

254 3413 421 3474 agunt,
453 3419 661 3475 regnum
690 3400 786 3456 Dei
816 3417 916 3455 non
946 3399 1263 3470 possidebunt
1295 3400 1482 3470 (Galat.
1513 3418 1567 3468 v,
1598 3401 1815 3474 19-21).

252 3492 454 3549 Judicet
482 3508 611 3563 ergo
645 3507 703 3547 se
733 3492 904 3562 ipsum
935 3492 1093 3547 homo
1128 3492 1183 3547 in
1212 3492 1326 3547 istis
1351 3492 1623 3549 voluntate
1644 3536 1659 3560 ,
1687 3494 1815 3550 dum

254 3592 459 3652 potest,
506 3592 559 3638 et
601 3597 780 3638 mores
815 3591 1089 3638 convertat
1116 3581 1169 3638 in
1197 3582 1389 3638 melius
1419 3602 1433 3637 :
1464 3600 1532 3639 ne
1559 3600 1680 3640 cum
1704 3585 1815 3655 jam

252 3690 351 3730 non
375 3677 591 3747 poterit,
618 3677 777 3731 etiam
804 3684 995 3744 praeter
1018 3674 1339 3731 voluntatem
1366 3692 1397 3730 a
1423 3675 1649 3732 Domino
1668 3677 1815 3746 judi-

252 3778 413 3823 cetur.
444 3768 511 3822 Et
545 3784 664 3823 cum
702 3767 813 3836 ipse
843 3766 897 3822 in
925 3782 983 3823 se
1013 3767 1287 3838 protulerit
1320 3769 1669 3825 severissima:
1696 3784 1814 3826 me-

252 3859 463 3924 dicinm,
490 3858 590 3916 sed
619 3866 795 3914 tamen
836 3858 1109 3913 medicina:
1146 3860 1459 3915 sententiam
1483 3900 1500 3927 ,
1542 3860 1724 3917 veniat
1747 3861 1816 3917 ad

253 3950 529 4014 antistites,
572 3964 671 4019 per
698 3964 831 4019 quos
860 3948 933 4003 illi
970 3949 1025 4004 in
1051 3950 1283 4029 Ecclesia
1311 3951 1485 4008 claves
1511 3952 1816 4009 ministran-

253 4049 333 4093 tnr
360 4058 373 4093 :
400 4051 453 4095 et
483 4049 733 4109 tanquam
759 4039 929 4094 bonus
948 4039 1057 4109 jam
1082 4038 1343 4112 incipiens
1371 4056 1489 4096 esse
1514 4041 1677 4109 ﬁlius,
1699 4058 1813 4098 ma—

254 4139 518 4185 ternorum
547 4130 903 4185 membrorum
929 4130 1115 4187 ordine
1142 4131 1428 4199 custodito,
1459 4149 1488 4187 a
1517 4134 1814 4204 przepositis

255 4222 716 4277 Saeramentorum
750 4221 975 4291 accipiat
1010 4220 1383 4277 satisfactionis
1420 4237 1530 4277 suae
1554 4221 1810 4291 modum;

255 4324 308 4365 ut
341 4314 389 4368 in
419 4311 693 4368 offerendo
723 4311 982 4367 sacrificio
1016 4312 1193 4369 cordis
1225 4314 1558 4370 contribulati
1587 4313 1808 4372 devotus

256 4416 303 4458 et
327 4405 545 4475 supplex
566 4446 582 4471 ,
624 4404 675 4458 id
708 4414 884 4459 tamen
911 4414 1029 4475 agat
1056 4404 1195 4475 quod
1224 4422 1329 4459 non
1358 4406 1528 4461 solum
1555 4406 1658 4475 ipsi
1684 4422 1811 4476 pro-

255 4498 318 4550 sit
360 4497 421 4551 ad
472 4496 832 4566 recipiendam
873 4497 1124 4562 salutem,
1168 4496 1263 4552 sed
1293 4495 1455 4552 etiam
1493 4498 1700 4553 czeteris
1740 4498 1809 4555 ad

255 4591 568 4659 exemplum.
600 4587 669 4645 Ut
695 4588 740 4643 si
768 4597 1043 4657 peccatum
1079 4586 1195 4656 ejus
1218 4628 1233 4653 ,
1263 4602 1368 4641 non
1394 4588 1565 4642 solum
1594 4589 1645 4642 in
1671 4589 1817 4659 gravi

254 4680 359 4748 ejus
388 4681 561 4745 malo,
601 4676 696 4732 sed
722 4677 879 4732 etiam
906 4676 957 4730 in
984 4683 1128 4731 tanto
1158 4675 1407 4731 seandalo
1444 4677 1667 4732 aliorum
1695 4686 1811 4745 est,

255 4784 403 4843 atque
425 4773 529 4828 hoc
554 4770 806 4841 expedire
826 4768 1036 4825 utilitati
1066 4769 1314 4825 Ecclesia)
1340 4769 1549 4826 videtur
1573 4770 1815 4837 antistiti,

257 4865 303 4918 in
345 4865 529 4919 notitia
572 4862 896 4928 multorum,
937 4861 1020 4917 vel
1058 4861 1217 4916 etiam
1254 4862 1413 4917 totius
1452 4862 1622 4931 plebis
1662 4877 1820 4933 agere

255 4956 617 5024 paenitentiam
647 4970 753 5008 non
783 4961 1014 5021 recuset,
1045 4966 1146 5007 non
1169 4954 1399 5020 resistat,
1434 4969 1537 5008 non
1564 4954 1743 5009 lethali
1766 4961 1820 5011 et

249 5047 534 5101 mortifera:
564 5046 730 5117 plaga:
754 5060 848 5114 per
870 5041 1124 5114 pudorem
1146 5042 1304 5099 addat
1329 5053 1607 5101 tumorem.
1635 5043 1818 5100 Memi-

247 5140 385 5192 nerit
421 5152 637 5208 semper
657 5177 675 5203 ,
716 5136 857 5207 quod
882 5134 1109 5207 superbis
1139 5134 1273 5191 Deus
1300 5138 1516 5203 resistit,
1546 5138 1818 5194 humilibus

245 5240 411 5283 autem
441 5230 529 5283 dat
553 5228 768 5299 gratiam
791 5224 1006 5297 (Jacobi
1030 5224 1105 5294 tv,
1125 5225 1200 5302 6).
1221 5228 1355 5297 Quid
1376 5230 1515 5285 enim
1534 5237 1614 5285 cst
1648 5229 1823 5287 infeli-

244 5320 361 5375 cius
383 5364 397 5387 ,
428 5319 557 5392 quid
586 5318 887 5390 perversius
910 5359 924 5385 ,
956 5333 1111 5390 quam
1146 5318 1214 5374 de
1243 5318 1357 5389 ipso
1387 5321 1600 5376 vulnere
1620 5362 1636 5387 ,
1674 5321 1817 5392 quod

238 5410 410 5467 latere
431 5414 536 5467 nan
568 5420 762 5482 potest,
780 5425 888 5467 non
915 5410 1248 5480 erubescere,
1280 5420 1332 5467 et
1358 5411 1425 5468 de
1454 5413 1673 5485 ligatura
1703 5413 1817 5484 ejus

235 5500 563 5558 erubescere
582 5502 607 5556 2

317 5594 403 5648 10.
435 5593 505 5648 In
540 5610 624 5648 eos
648 5592 1060 5665 quipuanitentiat
1086 5592 1394 5665 negligenda:
1430 5596 1711 5665 exemplum
1754 5612 1815 5651 ea:

230 5684 360 5739 aliis
380 5694 601 5739 sumunt.
624 5685 669 5738 Α
689 5685 1035 5740 communione
1059 5702 1157 5739 non
1184 5685 1504 5755 prohibentur
1524 5688 1618 5741 nisi
1640 5697 1814 5757 sponte

225 5778 480 5846 confusi,
502 5777 580 5832 vel
602 5777 819 5849 legitime
836 5777 1064 5832 convicti.
1086 5776 1252 5833 Nemo
1273 5779 1574 5843 arbitretur,
1603 5780 1806 5843 fratres,

222 5877 526 5943 propterea
569 5883 626 5923 se
650 5869 928 5924 consilium
968 5868 1253 5926 salutiferae
1293 5869 1447 5943 hujus
1484 5872 1809 5943 paenitentis

402 5959 629 6025 Sacr.
659 5963 934 6023 Aususr.
982 5960 1056 6025 V.

1645 444 1868 503 SERMO
1905 444 2119 501 CCCLI.

3375 454 3510 508 1.356

1942 558 2137 614 debere
2165 568 2525 626 contemnere,
2548 560 2667 630 quia
2686 560 2881 617 multos
2907 561 3045 617 forte
3073 563 3299 619 advertit
3323 575 3376 621 et
3406 583 3509 621 uo-

1936 650 2011 706 vit
2034 651 2101 705 ad
2128 650 2468 707 Sacramenta
2491 652 2674 708 altaris
2696 654 2972 719 accedere,
2997 671 3223 725 quorum
3257 658 3379 712 talia
3403 660 3510 713 cri-

1933 744 2075 798 mina
2093 759 2196 799 non
2224 746 2446 813 ignorat.
2471 744 2615 800 Multi
2644 746 2786 801 enim
2806 748 3161 817 corriguntur,
3193 749 3453 805 utPctrus
3489 766 3504 805 :

1934 835 2084 889 multi
2116 836 2436 903 tolerantur,
2468 847 2526 891 ut
2549 836 2712 892 Judas
2742 855 2755 890 2
2787 838 2936 893 multi
2965 841 3305 909 nesciuntur,
3332 842 3506 898 donec

1932 927 2111 983 veniat
2130 929 2406 995 Dominus,
2429 930 2519 999 qui
2537 930 2794 985 illuminet
2813 930 3120 987 abscondita
3137 934 3502 1001 tenebrarum,

1932 1028 1987 1074 et
2011 1019 2309 1075 manifestat
2332 1019 2679 1091 cogitationes
2698 1021 2875 1077 cordis
2900 1021 2943 1093 (ι
2968 1022 3085 1077 Cor.
3119 1040 3170 1077 IV
3191 1065 3206 1091 ,
3249 1026 3324 1093 5).
3371 1025 3503 1080 Nam

1932 1110 2170 1183 plerique
2191 1121 2469 1182 propterea
2489 1113 2677 1169 nolunt
2699 1112 2832 1168 alios
2859 1129 3110 1170 accusare
3126 1157 3140 1183 ,
3172 1116 3299 1170 dum
3326 1133 3384 1173 se
3408 1134 3503 1187 per

1932 1203 2052 1258 illos
2074 1206 2291 1273 cupiunt
2317 1219 2591 1260 excusare.
2615 1205 2860 1275 Plerique
2884 1214 3059 1260 autem
3086 1207 3209 1262 boni
3227 1206 3503 1262 christiani

1930 1302 2210 1363 propterea
2234 1301 2425 1358 tacent,
2451 1304 2505 1349 et
2523 1294 2780 1351 sufferunt
2796 1296 3016 1351 aliorum
3036 1306 3250 1365 peccata
3272 1312 3389 1366 quae
3406 1313 3503 1352 no-

1929 1393 2138 1451 verunt,
2166 1386 2288 1455 quia
2313 1385 2649 1442 documentis
2671 1402 2814 1456 saepe
2839 1387 3176 1455 deseruntur,
3204 1398 3257 1443 et
3284 1404 3345 1443 ea
3382 1405 3502 1459 qua:

1930 1478 2029 1547 ipsi
2056 1478 2260 1546 sciunt,
2288 1478 2556 1547 judicibus
2582 1479 2961 1535 ecclesiasticis
2984 1480 3208 1549 probare
3238 1495 3342 1534 non
3373 1495 3501 1549 pos-

1928 1577 2073 1624 sunt.
2108 1570 2361 1636 Quamvis
2400 1570 2542 1626 enim
2577 1586 2702 1626 vera
2739 1571 2845 1627 sint
2871 1572 3144 1642 quaedam;
3189 1587 3295 1627 non
3323 1580 3499 1627 tamen

1924 1660 2087 1729 judici
2110 1660 2266 1716 facile
2287 1662 2550 1719 credenda
2573 1672 2717 1731 sunt,
2740 1663 2841 1718 nisi
2865 1664 3026 1719 certis
3050 1662 3257 1720 indiciis
3277 1664 3498 1719 demon-

1928 1758 2181 1806 strentur.
2216 1750 2323 1808 Nos
2362 1768 2490 1807 vero
2524 1768 2555 1808 a
2597 1754 2971 1809 communione
2999 1754 3280 1824 prohibere
3308 1771 3499 1825 quem-

1926 1855 2085 1909 quam
2130 1857 2234 1896 non
2274 1855 2555 1912 possumus
2583 1843 2857 1916 (quamvis
2891 1843 3005 1900 haec
3043 1844 3331 1913 prohibitio
3360 1860 3500 1900 nou-

1925 1931 2055 1987 dum
2079 1932 2150 1987 sit
2174 1935 2414 1989 mortalis
2435 1976 2448 2000 ,
2476 1935 2570 1989 sed
2609 1936 3013 2009 medicinalis),
3040 1938 3143 1992 nisi
3178 1946 3270 1992 aut
3307 1948 3500 2008 sponte

1926 2021 2249 2089 confessum,
2276 2034 2365 2077 aut
2394 2024 2446 2079 in
2473 2024 2651 2094 aliquo
2678 2027 2789 2081 sive
2817 2027 3081 2092 saeculari,
3113 2028 3226 2083 sive
3254 2027 3501 2083 ecclesia-

1924 2114 2057 2170 stico
2072 2114 2275 2185 judicio
2303 2118 2631 2173 nominatum
2658 2128 2814 2189 atque
2851 2119 3169 2174 convictum.
3202 2120 3330 2188 Quis
3354 2121 3496 2177 enim

1925 2204 2025 2260 sibi
2051 2212 2329 2275 utrumque
2353 2205 2543 2261 audeat
2571 2222 2843 2263 assumere
2863 2250 2876 2272 ,
2906 2217 2962 2262 ut
2988 2210 3231 2279 cuiquam
3269 2210 3385 2279 ipse
3424 2209 3498 2263 sit

1924 2306 1980 2352 et
2023 2306 2299 2354 accusator
2340 2307 2395 2353 et
2436 2298 2641 2369 judex?
2686 2300 2997 2369 Cujusmodi
3045 2300 3282 2371 regulam
3329 2302 3493 2357 etiam

1924 2389 2117 2444 Paulus
2136 2390 2409 2459 apostolus
2433 2391 2484 2445 in
2505 2391 2688 2447 eadem
2709 2392 2775 2446 ad
2791 2391 3090 2448 Corinthios
3111 2392 3349 2463 Epistola
3374 2392 3497 2448 bre-

1925 2482 2058 2535 viter
2086 2481 2387 2537 insinuasse
2416 2483 2757 2553 intelligitur,
2793 2500 2912 2540 cum
2942 2484 3263 2555 quibusdam
3303 2485 3499 2541 talibus

1922 2573 2351 2628 commemoratis
2384 2573 2732 2641 criminibus,
2776 2575 3119 2630 ecclesiastici
3161 2576 3347 2646 judicii
3385 2575 3497 2632 for-

1922 2678 2063 2718 mam
2084 2663 2151 2718 ad
2172 2665 2347 2719 omnia
2369 2665 2559 2720 similia
2581 2681 2645 2721 ex
2669 2667 2981 2736 quibusdam
2999 2668 3169 2722 daret.
3194 2668 3283 2722 Ait
3308 2668 3449 2723 enim
3477 2686 3493 2722 :

1923 2752 2123 2825 Scripsi
2162 2754 2302 2808 vobis
2338 2756 2391 2808 in
2433 2756 2646 2825 epistola
2682 2772 2783 2810 non
2824 2758 3133 2812 commisceri
3157 2757 3441 2827 fornicariis
3473 2774 3493 2811 :

1922 2860 2023 2899 non
2051 2845 2219 2913 utique
2245 2846 2532 2917 fornicariis
2560 2846 2711 2917 hujus
2734 2847 2941 2912 mundi,
2971 2856 3057 2902 aut
3081 2849 3267 2913 avaris,
3295 2858 3381 2904 aut
3405 2866 3495 2903 ra-

1926 2936 2169 3006 ptoribus,
2195 2944 2285 2989 aut
2312 2935 2462 2991 idolis
2485 2937 2844 3002 servientibus;
2879 2936 3103 3008 alioquin
3126 2938 3404 2993 debueratis
3434 2940 3495 2993 de

1925 3026 2020 3081 hoc
2049 3026 2235 3081 mundo
2274 3028 2427 3081 exire.
2456 3027 2571 3082 Non
2601 3029 2741 3083 enim
2770 3037 2991 3098 possunt
3022 3028 3265 3086 homines
3301 3031 3354 3086 in
3393 3030 3498 3085 hoc

1923 3117 2122 3172 mundo
2151 3118 2389 3173 viventes
2414 3160 2430 3186 ,
2475 3119 2574 3175 nisi
2610 3136 2729 3174 cum
2777 3120 2969 3177 talibus
2996 3121 3173 3177 vivere
3205 3139 3219 3175 :
3268 3136 3368 3177 nec
3401 3137 3498 3176 eos

1923 3218 2146 3277 possunt
2190 3208 2501 3265 lucrifacere
2549 3210 2759 3265 Christo
2789 3252 2804 3276 ,
2856 3212 2901 3267 si
2942 3227 3127 3267 eorum
3168 3213 3494 3283 colloquium

1923 3299 2328 3370 convictumque
2352 3301 2651 3356 vitaverint.
2684 3300 2837 3357 Unde
2865 3310 2920 3356 et
2959 3302 3214 3359 Dominus
3237 3318 3357 3359 cum
3398 3320 3495 3373 pu-

1924 3388 2149 3445 blicanis
2188 3398 2243 3445 et
2280 3391 2646 3461 peccatoribus
2688 3391 2976 3447 comedens
3008 3411 3021 3447 :
3052 3391 3173 3447 Non
3214 3403 3286 3448 est
3329 3410 3493 3465 opus,

1923 3480 2112 3553 inquit,
2142 3484 2279 3537 sanis
2306 3485 2527 3539 medicus
2547 3526 2559 3549 ,
2592 3484 2680 3539 sed
2705 3486 2838 3539 male
2864 3485 3174 3541 habentibus.
3212 3485 3335 3541 Non
3360 3489 3498 3543 enim

1922 3572 2033 3624 veni
2050 3588 2227 3626 vocare
2243 3574 2430 3643 justas,
2453 3574 2540 3628 sed
2566 3584 2847 3645 peccatores
2876 3575 3090 3646 (Matth.
3114 3593 3188 3644 ιι,
3218 3578 3285 3633 12
3313 3587 3361 3633 et
3380 3581 3489 3651 15).

1923 3663 1993 3719 Ει
2016 3664 2136 3721 ideo
2163 3667 2403 3736 sequitur
2422 3667 2729 3738 Apostolus,
2756 3677 2810 3725 et
2834 3667 3071 3740 adjungit
3102 3688 3115 3724 :
3150 3668 3305 3725 Nunc
3329 3682 3495 3727 autem

1920 3758 2101 3829 scripsi
2131 3758 2264 3812 vobis
2294 3774 2393 3813 non
2432 3761 2759 3814 commisceri.
2791 3760 2853 3815 Si
2874 3763 2988 3833 quis
3017 3763 3175 3833 frater
3209 3764 3498 3817 nominatur

1923 3858 2009 3903 aut
2037 3849 2335 3919 fornicator,
2360 3858 2447 3903 aut
2473 3851 2623 3906 idolis
2647 3853 2863 3907 serviens
2885 3894 2898 3917 ,
2926 3861 3011 3906 aut
3036 3870 3238 3919 avarus,
3267 3861 3353 3907 aut
3379 3871 3491 3907 rna-

1924 3939 2113 3994 ledicus
2134 3981 2149 4006 ,
2175 3949 2262 3994 aut
2285 3940 2506 3996 ebriosus
2527 3983 2541 4007 ,
2576 3953 2663 3995 aut
2700 3959 2904 4013 rapax;
2942 3960 3056 3997 cum
3082 3943 3377 4014 hujusmodi
3404 3962 3495 3999 nec

1922 4034 2124 4103 quidem
2160 4036 2323 4090 cibum
2361 4054 2571 4093 sumere.
2611 4038 2721 4104 Quo
2747 4039 2877 4093 enim
2905 4038 3031 4091 ntihi
3068 4039 3129 4091 de
3152 4038 3229 4091 his
3254 4039 3337 4108 qui
3368 4037 3494 4106 foris

1926 4134 2043 4179 sunt
2055 4126 2292 4195 judicare
2316 4128 2380 4183 ίῖ
2410 4126 2593 4182 Nonne
2627 4129 2689 4181 de
2712 4129 2790 4181 his
2817 4129 2901 4198 qui
2936 4128 3071 4181 intus
3092 4136 3206 4181 sunt
3239 4145 3324 4181 vos
3343 4129 3493 4198 judi—

1924 4215 2094 4269 catis?
2120 4215 2199 4270 De
2224 4217 2300 4272 his
2328 4227 2495 4271 autem
2515 4218 2600 4287 qui
2625 4218 2748 4288 foris
2773 4227 2911 4282 sunt,
2939 4215 3078 4271 Deus
3095 4216 3363 4288 judicabit.
3389 4216 3494 4270 Au-

1925 4307 2051 4376 ferte
2070 4306 2258 4361 malum
2281 4323 2314 4360 a
2338 4308 2471 4361 vobis
2498 4308 2621 4376 ipsis
2643 4307 2685 4380 (l
2707 4306 2822 4363 Cor.
2854 4323 2908 4376 ν,
2938 4304 3112 4378 9-15).
3142 4306 3342 4373 Quibus
3370 4322 3491 4363 vcr-

1924 4394 2007 4451 bis
2030 4397 2158 4452 satis
2182 4398 2415 4454 ostendit
2439 4414 2545 4454 non
2576 4407 2775 4454 temere
2800 4408 2890 4452 aut
2926 4397 3324 4469 quomodolibet
3346 4438 3362 4465 ,
3396 4398 3491 4453 sed

1924 4504 2021 4559 per
2039 4489 2295 4559 judicium
2324 4489 2637 4546 auferendos
2660 4506 2779 4546 esse
2801 4490 2967 4544 malos
2990 4489 3055 4543 ab
3076 4487 3327 4543 Ecclesia:
3347 4505 3495 4545 com-

1923 4581 2175 4635 munione
2208 4598 2219 4633 :
2251 4589 2310 4635 ut
2354 4581 2398 4635 si
2440 4596 2534 4650 per
2564 4581 2817 4650 judicium
2856 4579 3053 4634 auferri
3091 4570 3196 4634 rion
3238 4591 3494 4649 possunt,

1928 4670 2220 4726 tolerentur
2268 4672 2460 4742 potius,
2508 4688 2574 4726 ne
2618 4688 2867 4741 perverse
2911 4672 3079 4726 malos
3127 4672 3349 4741 quisque
3383 4673 3495 4727 evi-

1926 4760 2116 4827 tando,
2148 4761 2214 4815 ab
2250 4761 2483 4816 Ecclesia
2513 4761 2622 4830 ipse
2648 4759 2927 4815 discedens
2952 4802 2966 4822 ,
3006 4776 3101 4815 eos
3137 4776 3268 4830 quos
3310 4760 3494 4833 fugere

1924 4849 2136 4906 videtur
2159 4893 2175 4917 ,
2208 4851 2400 4905 vinciat
2430 4853 2449 4883 ²
2475 4851 2541 4906 ad
2571 4851 2885 4920 gehennam.
2920 4852 3053 4920 Quia
3091 4861 3142 4906 et
3167 4852 3232 4906 ad
3264 4852 3363 4908 hoc
3391 4870 3491 4908 no-

1924 4939 2007 4996 bis
2029 4951 2153 4996 sunt
2190 4942 2243 4995 in
2270 4942 2553 5011 Scripturis
2578 4942 2775 4995 sanctis
2801 4943 3040 5011 exetupla
3070 4944 3369 5013 proposita,
3396 4958 3490 5000 ve-

1924 5031 2005 5088 lut
2029 5032 2080 5086 in
2122 5048 2297 5087 messe
2319 5074 2332 5098 ,
2365 5040 2421 5086 ut
2451 5033 2595 5102 palea
2633 5032 2912 5087 sufferatur
2939 5049 3102 5103 usque
3138 5034 3204 5087 ad
3248 5034 3490 5090 ultimum

1924 5124 2279 5178 ventilahrum
2311 5123 2520 5195 (Matth.
2565 5140 2658 5191 ιιι,
2693 5123 2818 5195 12);
2868 5125 3007 5179 velut
3037 5126 3170 5179 intra
3209 5126 3297 5180 illa
3322 5127 3454 5182 retia
3476 5166 3493 5193 ,

1926 5214 2015 5269 ubi
2055 5215 2224 5283 pisces
2256 5214 2382 5268 boni
2406 5230 2525 5268 cum
2564 5216 2717 5269 malis
2746 5231 2910 5285 usque
2946 5216 3011 5270 ad
3040 5219 3456 5287 segregationem
3478 5260 3495 5286 ,

1926 5319 2044 5375 qua:
2070 5303 2243 5360 futura
2268 5313 2349 5361 est
2377 5306 2428 5360 in
2459 5306 2662 5374 littore,
2692 5306 2741 5361 id
2769 5317 2866 5372 est,
2900 5308 2952 5362 in
2983 5309 3086 5363 fine
3112 5308 3310 5375 saeculi,
3343 5325 3495 5380 :equo

1924 5396 2101 5451 animo
2128 5397 2414 5453 tolerentur
2440 5396 2548 5469 (Id.
2578 5414 2689 5462 XIII,
2720 5398 2936 5471 47-50).
2965 5398 3079 5453 Non
3110 5400 3249 5456 enim
3276 5409 3493 5454 contra-

1923 5488 2060 5544 rium
2087 5500 2168 5544 est
2196 5488 2316 5544 huic
2341 5491 2458 5545 loco
2484 5491 2535 5545 id
2560 5491 2701 5561 quod
2736 5492 2838 5546 alio
2862 5492 2979 5547 loco
3005 5493 3134 5548 dicit
3157 5492 3442 5563 Apostolus
3472 5509 3489 5547 :

1924 5578 2003 5634 Tu
2038 5581 2147 5651 quis
2184 5598 2234 5637 es
2269 5583 2353 5653 qui
2372 5584 2577 5654 judicas
2615 5584 2837 5639 alienum
2875 5587 3109 5639 servum?
3138 5584 3245 5641 Suo
3288 5583 3495 5640 domino

1989 5759 2005 5790 ί
2027 5757 2245 5826 Apudﬁr.
2262 5759 2405 5826 Lugd.
2424 5768 2540 5810 Ven.
2563 5767 2689 5821 t.ov.,
2704 5759 2825 5823 Quid
2843 5759 2967 5812 enim
2982 5759 3099 5810 mihi
3110 5762 3170 5810 de
3187 5758 3261 5811 his
3278 5757 3363 5825 qui
3375 5757 3498 5826 foris

1923 5826 2031 5872 sunt
2058 5819 2285 5881 judicare
2304 5819 2348 5869 ἵν
2388 5829 2441 5870 Μ.

1990 5885 2008 5914 ²
2033 5890 2157 5943 Mss,
2184 5882 2355 5933 vincat.

2639 5968 2925 6048 (Quaran
2938 5970 3222 6055 te—neuf.)
