4080 6360
478 385 618 448 1547

477 520 598 574 stat.
627 516 716 566 aut
749 506 883 564 cadit
915 503 1089 578 (Rom.
1117 517 1206 558 xxv
1226 541 1240 568 ,
1281 499 1356 572 4).
1403 499 1584 554 Noluit
1611 498 1752 553 enim
1789 497 2057 551 hominem

479 605 551 660 ab
576 603 794 659 homine
819 597 1040 672 iudicari
1069 611 1136 652 ex
1162 593 1382 650 arbitrio
1407 591 1724 662 suspicionis
1742 633 1756 657 ,
1783 588 1866 643 vel
1900 589 2060 642 etiam

483 693 908 752 extraordinario
947 697 1202 760 usurpato
1219 687 1420 757 judicio
1455 711 1466 740 ι
1495 684 1590 741 sed
1637 684 1810 754 potius
1839 697 1902 736 ex
1945 682 2062 752 lege

481 787 576 842 Dei
605 783 896 841 secundum
923 780 1163 836 ordinem
1195 778 1448 834 Ecclesiae
1468 817 1481 843 ,
1527 776 1639 831 sive
1673 775 1810 828 ultro
1851 772 2061 827 confes-

481 895 622 946 sum,
645 879 758 933 sive
783 885 1088 932 accusatum
1113 881 1270 943 atque
1299 869 1622 926 convictum.
1653 866 1900 938 Alioquin
1935 863 2064 920 illud

482 987 578 1028 cur
601 971 752 1036 dixit,
778 969 838 1025 Si
859 968 973 1039 quis
1002 969 1160 1039 frater
1185 963 1476 1019 nominatur
1498 970 1585 1015 aut
1627 959 1904 1032 fornicator
1921 998 1935 1024 ,
1975 961 2064 1009 aut

483 1063 634 1116 idolis
662 1061 896 1124 serviens,
920 1068 975 1114 et
992 1066 1216 1122 caetera;
1243 1055 1342 1110 nisi
1363 1054 1486 1125 quia
1507 1067 1624 1108 eam
1649 1051 2062 1106 nominationem

484 1152 704 1224 intelligi
757 1151 922 1206 voluit
971 1163 1089 1220 quae
1135 1147 1194 1202 fit
1247 1147 1303 1201 in
1347 1157 1709 1217 quemquam,
1758 1157 1880 1197 cum
1943 1153 2066 1195 sen-

485 1245 648 1300 tentia
686 1242 872 1297 ordine
910 1239 1190 1311 judiciario
1233 1245 1390 1306 atque
1419 1235 1716 1306 integritate
1756 1229 2066 1306 profertur?

484 1334 616 1390 Nam
643 1334 688 1389 si
709 1333 1000 1388 nominatio
1022 1329 1239 1396 sufficit,
1268 1325 1421 1382 multi
1445 1325 1730 1382 damnandi
1759 1331 1884 1379 sunt
1909 1324 2067 1378 inno-

487 1437 668 1484 centes
687 1467 704 1494 ,
734 1425 858 1496 quia
895 1439 1038 1496 saepe
1065 1422 1198 1478 falso
1236 1421 1291 1476 in
1311 1434 1577 1492 quoquam
1604 1419 1826 1474 crimine
1849 1419 1866 1450 ³
1894 1417 2069 1472 nomi-

487 1536 554 1574 na
561 1537 591 1574 ll
597 1528 700 1574 ιιιιι.

560 1612 649 1666 Η.
689 1609 939 1664 Adversus
969 1622 1052 1661 eos
1079 1605 1162 1676 qui
1205 1603 1372 1676 pravis
1418 1603 1659 1674 exemptis
1701 1601 2068 1672 acquiescentcs

489 1709 810 1758 contemnunt
865 1699 1226 1770 penitentiam.
1281 1695 1556 1767 Prtepositi
1600 1695 1723 1750 mali
1788 1709 1889 1748 non
1944 1691 2064 1747 imi-

489 1797 651 1851 tandi.
685 1794 905 1866 Etegans
931 1791 1229 1848 similitudo.
1277 1791 1392 1846 Non
1410 1805 1536 1860 ergo
1557 1789 1658 1855 illi,
1701 1803 1836 1859 quos
1873 1801 2065 1842 mone-

490 1903 612 1944 mus
649 1901 807 1958 agere
861 1885 1247 1955 paenitentiam,
1304 1889 1544 1953 qumrant
1587 1879 1688 1935 sibi
1735 1879 1958 1934 comites
2001 1877 2069 1933 ad

491 1980 834 2050 supplicium;
869 1985 988 2031 'nec
1021 1973 1284 2046 gaudeant
1331 1973 1452 2044 quia
1495 1972 1676 2040 plures
1729 1969 2067 2024 inveniunt'.

489 2073 609 2128 Non
651 2071 792 2126 enim
849 2077 1127 2140 propterea
1185 2067 1357 2120 minus
1415 2063 1716 2130 ardebunt,
1782 2061 1903 2134 quia
1949 2075 2069 2116 cum

489 2163 670 2218 multis
693 2161 971 2220 ardcbunt.
1003 2159 1118 2216 Non
1147 2169 1230 2215 est
1271 2158 1412 2214 enim
1445 2157 1550 2212 hoc
1588 2155 1827 2211 sanitatis
1866 2163 2070 2209 certum

491 2254 792 2320 consilium,
819 2253 914 2308 sed
931 2251 1312 2308 malevolentia:
1329 2265 1522 2305 vanum
1549 2249 1815 2303 solatium.
1844 2247 1922 2302 An
1941 2247 2075 2301 forte

491 2343 772 2399 attendunt
797 2343 992 2398 multos
1017 2343 1178 2398 etiam
1209 2342 1262 2395 in
1293 2341 1421 2411 ipsis
1447 2339 1736 2395 honoribus
1756 2335 2076 2393 ecclesiasti-

493 2439 570 2493 cis
601 2436 1004 2508 praepositorum
1031 2443 1084 2489 ct
1110 2434 1472 2488 ministrorum
1504 2447 1608 2487 non
1631 2438 1982 2501 congruenter
1999 2427 2075 2483 vi-

493 2545 618 2587 vere
645 2527 983 2584 sermonibus
1009 2535 1063 2582 et
1085 2525 1468 2591 Sacramentis,
1496 2539 1613 2594 quae
1637 2537 1733 2593 per
1753 2537 1845 2577 eos
1869 2519 2076 2591 populis

494 2617 892 2678 ministrentur?
931 2619 976 2676 Ο
1013 2618 1240 2673 miseros
1280 2615 1542 2682 homines,
1575 2615 1664 2685 qui
1695 2614 1793 2668 hos
1821 2613 2076 2668 intuendo

494 2711 760 2768 Christum
781 2709 1193 2766 obliviscuntur!
1225 2707 1316 2778 qui
1339 2717 1394 2762 et
1419 2714 1566 2761 tanto
1593 2713 1716 2760 ante
1739 2705 1999 2776 praedixit,
2021 2711 2078 2759 ut

493 2803 598 2874 legi
621 2804 714 2858 Dei
737 2803 911 2874 potius
935 2801 1353 2868 obtemperetur,
1383 2813 1540 2868 quam
1578 2797 1818 2852 imitandi
1855 2795 2075 2851 videan-

493 2905 580 2950 tur
607 2895 702 2962 illi,
731 2894 820 2965 qui
841 2909 902 2948 ca
917 2909 1036 2963 quae
1051 2893 1234 2948 dicunt
1251 2905 1352 2946 non
1372 2890 1572 2947 faciunt
1597 2887 1806 2962 (Matth.
1823 2903 1974 2956 xxm,
1993 2887 2074 2960 3):

493 2997 544 3043 ct
573 2985 880 3042 traditorem
902 2999 1057 3040 suum
1081 2985 1313 3040 tolerans
1335 2997 1501 3053 usque
1520 2982 1572 3038 in
1605 2981 1786 3050 finem,
1816 2982 1975 3036 etiam
2011 2979 2078 3034 ad

494 3079 966 3151 evangelizandum
995 3093 1116 3133 cum
1147 3077 1354 3134 cmteris
1384 3077 1558 3131 misit.'
1589 3076 1718 3131 Tam
1747 3083 1871 3130 sunt
1898 3081 2076 3130 autem

493 3173 581 3228 isti
608 3170 822 3226 absurdi
845 3179 901 3226 et
921 3169 1230 3241 praeposteri
1251 3177 1304 3224 et
1324 3167 1524 3234 miseri,
1556 3169 1644 3239 qui
1670 3167 2076 3238 praepositorum

494 3279 709 3320 suorum
749 3263 919 3316 malos
945 3275 1124 3316 mores
1167 3260 1362 3315 imitari
1401 3259 1618 3331 eligunt,
1666 3275 1824 3331 quam
1863 3275 1960 3330 per
1984 3271 2078 3315 eos

489 3357 778 3428 prtcdicata
813 3355 1022 3412 Domini
1051 3361 1318 3427 pracepta
1357 3367 1600 3419 scrvare;
1642 3369 1800 3423 quam
1844 3355 1889 3408 si
1928 3351 2077 3423 quis-

493 3467 650 3523 quam
682 3450 849 3504 viator
878 3446 1260 3504 rcmancndum
1297 3445 1396 3500 sibi
1441 3459 1559 3500 esse
1601 3443 1868 3500 existimet
1906 3444 1955 3499 in”
1987 3443 2078 3498 iti-

495 3555 640 3605 nere,
665 3555 783 3594 cum
807 3539 998 3594 viderit
1024 3535 1266 3591 milliaria
1295 3533 1499 3604 lapidea
1523 3535 1712 3590 litteris
1744 3535 1897 3605 plena
1937 3533 2076 3588 viam

493 3633 708 3698 docere,
735 3644 789 3686 et
811 3619 914 3685 non
939 3627 1226 3684 ambulare.
1251 3627 1358 3681 Cur
1379 3625 1520 3682 enim
1549 3641 1651 3680 non
1683 3627 1877 3697 potius,
1896 3626 1938 3680 si
1957 3639 2080 3695 per-

493 3723 676 3777 venire
699 3719 982 3786 desiderat,
1020 3718 1150 3772 tales
1179 3717 1402 3772 comites
1429 3715 1662 3772 intuetur
1705 3723 1760 3772 et
1797 3713 2078 3786 consequi-

495 3827 599 3881 tur,
631 3814 719 3885 qui
747 3821 801 3869 ct
825 3813 962 3865 viam
994 3811 1127 3866 bene
1156 3809 1538 3874 demonstrant,
1571 3817 1624 3862 et
1657 3807 1708 3862 in
1745 3821 1807 3862 ea
1832 3821 2078 3877 perseve-

495 3917 674 3961 ranter
699 3917 856 3975 atque
880 3902 1128 3958 alacriter
1153 3898 1460 3956 ambulant?
1497 3897 1650 3968 Quod
1689 3899 1732 3954 si
1761 3899 1847 3953 isti
1877 3897 2075 3968 desint,

494 3999 576 4055 vel
607 3999 779 4069 potius
803 3997 982 4052 minus
1007 4003 1316 4066 appareant,
1341 4009 1461 4047 nam
1484 3993 1671 4048 deesse
1691 4007 1792 4048 non
1823 3999 2076 4062 possunt:

497 4107 602 4146 non
628 4091 769 4146 enim
795 4090 872 4143 sic
893 4093 1139 4158 quaerunt
1155 4083 1400 4139 homines
1414 4082 1668 4139 charitatc
1689 4081 1920 4138 studiosa
1939 4081 2080 4153 quod

497 4183 786 4254 praedicent
817 4179 884 4235 ad
911 4178 1282 4240 imitationem,
1319 4175 1584 4246 quomodo
1612 4183 1856 4247 quaerunt
1884 4173 2078 4264 iniqui-

497 4287 602 4332 tate
626 4274 919 4345 suspiciosa
947 4270 1084 4342 quod
1115 4267 1526 4323 murmurentad
1541 4267 1929 4338 deceptionem,
1954 4283 2079 4339 par-

499 4371 592 4426 tim
619 4383 724 4422 non
755 4363 1071 4420 inveniendo
1099 4361 1288 4426 bonos,
1328 4361 1452 4416 dum
1485 4361 1584 4430 ipsi
1613 4361 1736 4415 mali
1766 4369 1921 4428 sunt;
1954 4369 2079 4432 par-

499 4467 590 4520 tim
624 4459 856 4518 timendo
885 4457 1144 4523 invenire,
1173 4453 1298 4511 dum
1337 4453 1460 4510 mali
1488 4469 1607 4511 esse
1635 4469 1846 4524 semper
1875 4455 2076 4510 volunt.

496 4557 599 4613 Sed
634 4565 810 4610 tamen
835 4549 1190 4608 concedamus
1231 4564 1337 4603 non
1369 4562 1625 4618 apparere
1669 4562 1808 4602 nunc
1837 4547 2080 4602 homines

497 4651 683 4720 dignos
713 4643 1028 4701 imitatione.
1075 4639 1324 4711 Quisquis
1353 4639 1455 4696 hoc
1479 4647 1652 4710 putas,
1684 4647 1862 4695 mente
1895 4639 2079 4694 Domi-

499 4759 622 4797 num
653 4741 879 4803 intuere,
907 4737 994 4807 qui
1024 4735 1184 4789 homo
1211 4733 1378 4788 factus
1406 4741 1509 4799 est,
1534 4740 1592 4786 ut
1618 4730 1883 4787 hominem
1903 4731 2080 4787 vivere

495 4839 730 4892 doceret.
759 4833 816 4888 Si
847 4831 1050 4885 habitat
1085 4828 1328 4883 Christus
1365 4827 1418 4880 in
1463 4825 1714 4881 interiore
1742 4823 1957 4879 homine
1985 4839 2080 4894 per

497 4930 653 4984 Iidem
685 4931 736 4983 in
761 4925 921 4981 corde
946 4933 1055 4988 tuo,
1084 4921 1490 4993 recordarisque
1515 4919 1644 4976 illud
1681 4919 1822 4992 quod
1847 4919 2081 4976 Joannes

497 5023 590 5090 ait,
625 5019 723 5088 Qui
749 5019 869 5073 dicit
889 5034 941 5072 sc
960 5017 1014 5070 in
1039 5013 1234 5070 Christo
1255 5031 1474 5079 manere,
1503 5013 1642 5068 debet
1659 5013 2081 5086 quemadmodum

495 5115 582 5170 ille
604 5113 895 5176 ambulavit,
929 5121 973 5166 et
1003 5111 1108 5176 ipse
1132 5107 1392 5162 ambulare
1413 5105 1456 5179 (l
1478 5103 1632 5162 Joan.
1659 5123 1718 5174 ιι,
1747 5103 1800 5180 6)
1825 5126 1836 5161 :
1869 5107 1938 5162 ita
1979 5123 2081 5164 nec

495 5210 588 5265 tibi
629 5207 800 5262 deerit
823 5220 981 5278 quem
1007 5199 1264 5272 sequaris,
1293 5208 1487 5254 etcum
1523 5209 1572 5254 te
1612 5199 1744 5254 alius
1769 5200 1982 5266 viderit,
2013 5201 2081 5258 de

499 5303 760 5354 bonorum
793 5295 967 5366 inOpia
997 5291 1248 5364 conqueri
1279 5289 1504 5345 desinet.
1535 5289 1590 5346 Si
1621 5291 1764 5346 enim
1803 5307 1906 5350 non
1939 5295 2078 5350 nosti

497 5393 621 5464 quid
650 5394 719 5446 sit
749 5399 892 5446 recte
919 5389 1118 5454 vivere,
1148 5383 1322 5440 divina
1353 5393 1613 5454 prrecepta
1639 5401 1920 5456 cognosce.
1949 5389 2082 5444 For-

497 5487 654 5541 tassis
683 5483 824 5540 enim
855 5481 1006 5537 multi
1031 5489 1173 5534 recte
1203 5475 1415 5544 vivunt;
1441 5477 1534 5532 scd
1553 5486 1830 5550 prepterea
1853 5482 1946 5537 tibi
1963 5484 2080 5538 nul-

495 5579 580 5633 lus
605 5587 748 5632 recte
775 5575 950 5629 vivere
973 5570 1198 5636 videtur,
1228 5569 1476 5642 quoniam
1494 5569 1618 5643 Quid
1641 5572 1708 5628 sit
1729 5583 1870 5630 recte
1895 5577 2079 5634 vivere

560 5757 576 5788 ι
602 5753 675 5803 sic
696 5755 884 5818 suam
904 5745 1039 5818 editi,
1058 5741 1278 5818 crinitae.
1315 5803 1328 5816 .

558 5818 581 5850 ⁸
601 5821 678 5865 utr.
695 5811 844 5878 Lugd.
869 5817 924 5861 et
947 5817 1086 5870 ven.,
1116 5809 1396 5860 invenerint.
1419 5813 1550 5874 mm,
1571 5809 1829 5864 inveniant.

1705 377 1762 433 S.
1795 369 2160 433 AUGUSTINI
2201 373 2504 433 EPISCOPI

3615 385 3755 445 1548

2170 491 2400 563 ignoras.
2429 497 2484 552 Si
2509 503 2684 552 autem
2705 497 2864 565 nosti,
2895 511 2992 570 age
3019 498 3162 570 quod
3188 499 3359 570 nosti;
3379 508 3440 560 ut
3458 508 3514 556 et
3538 508 3592 558 tu
3613 503 3756 576 quod

2170 588 2363 655 quaeris
2386 587 2602 655 habeas,
2633 595 2690 644 et
2705 588 2820 644 aliis
2845 589 2986 660 quod
3013 589 3286 648 imitentur
3299 591 3572 648 ostendas.
3603 593 3756 651 Chri-

2171 689 2310 732 stum
2345 679 2521 732 animo
2549 678 2784 746 attende,
2829 680 3044 736 attende
3069 679 3377 752 Apostolos,
3405 697 3629 754 quorum
3655 700 3754 742 no-

2173 769 2418 824 vissimus
2447 779 2528 825 est
2551 769 2640 825 ille
2668 771 2756 839 qui
2791 771 2940 840 dicit,
2970 771 3257 830 Imitatores
3297 777 3395 831 mei
3424 787 3596 844 estote,
3626 779 3754 834 sicut

2173 873 2218 917 et
2247 878 2335 934 ego
2357 861 2541 918 Christi
2569 862 2613 938 (ι
2640 863 2757 920 Cor.
2795 881 2871 934 1v,
2903 867 3015 938 16).
3049 867 3276 924 Attende
3300 870 3478 926 animo
3510 879 3585 928 tot
3610 889 3754 927 mar-

2173 963 2347 1026 tyrum
2371 955 2554 1011 millia.
2583 957 2692 1013 Cur
2717 957 2858 1013 enim
2887 967 2939 1014 te
2975 959 3222 1016 Natalitia
3265 977 3452 1018 eorum
3497 967 3756 1022 conviviis

2173 1047 2414 1116 turpibus
2434 1049 2706 1105 celebrare
2730 1049 2978 1118 delectat,
3005 1060 3060 1106 et
3084 1067 3268 1108 eorum
3294 1055 3455 1110 vitam
3477 1057 3624 1128 sequi
3652 1057 3753 1113 ho-

2173 1139 2338 1195 nestis
2364 1141 2601 1196 moribus
2627 1157 2734 1198 non
2778 1143 3041 1200 delectat?
3083 1143 3158 1200 lbi
3195 1145 3400 1204 videbis
3433 1164 3540 1204 non
3581 1151 3758 1206 solum

2173 1232 2335 1298 viros,
2365 1231 2459 1288 sed
2485 1233 2642 1288 etiam
2670 1234 2913 1302 feminas,
2935 1245 3205 1305 postremo
3221 1251 3415 1308 pueros
3443 1247 3496 1294 et
3525 1241 3752 1310 puellas,

2175 1339 2273 1379 nec
2297 1325 2648 1396 imprudentia
2691 1326 2883 1399 decipi,
2925 1344 3025 1384 nec
3054 1331 3328 1402 iniquitate
3355 1334 3606 1404 perverti,
3657 1349 3759 1391 nec

2176 1415 2393 1486 periculi
2411 1416 2602 1474 timore
2618 1417 2809 1490 frangi,
2838 1435 2938 1475 nec
2963 1422 3142 1477 saeculi
3165 1437 3348 1479 amore
3372 1426 3661 1496 corrumpi.
3681 1425 3755 1482 lta

2177 1516 2230 1564 tc
2255 1524 2359 1564 non
2389 1509 2744 1566 invenientem
2772 1511 2899 1582 quid
2937 1527 3178 1578 excuses,
3207 1529 3312 1569 non
3354 1515 3526 1571 solum
3557 1533 3758 1587 praece-

2179 1609 2388 1672 ptorum
2419 1603 2736 1660 inevitabilis
2761 1605 3046 1671 rectitudo,
3075 1607 3171 1662 sed
3195 1607 3354 1662 etiam
3389 1609 3756 1681 exemplorum

2177 1693 2578 1750 innumerabilis
2603 1695 2884 1751 multitudo
2907 1697 3278 1756 circumdabit.

2245 1783 2472 1840 CAPUT
2509 1785 2574 1840 V.
2605 1813 2676 1826 -ο
2705 1785 2792 1841 12.
2835 1783 3079 1842 Peccator
3101 1789 3271 1843 nullus
3297 1789 3544 1862 desperet,
3578 1791 3666 1846 sed
3695 1791 3762 1846 ad

2179 1875 2518 1948 paenitentiam
2559 1881 2836 1951 confugiat.
2879 1879 3098 1936 Mutatio
3136 1883 3248 1936 vitae
3276 1889 3322 1936 et
3357 1883 3638 1955 satisfactio
3667 1901 3762 1956 pro

2179 1969 2472 2023 commissis.
2505 1969 2612 2025 Sed
2638 1969 2704 2026 de
2729 1971 2956 2027 utilitate
2978 1987 3040 2027 ac
3073 1973 3382 2028 salubritate
3406 1975 3756 2044 paenitentiae,

2179 2067 2238 2113 ut
2263 2059 2402 2130 quod
2432 2059 2754 2116 instituimus
2781 2063 3062 2133 aliquando
3083 2079 3428 2136 peragamus:
3456 2067 3499 2120 si
3543 2065 3652 2136 jam
3692 2067 3760 2124 de

2181 2151 2406 2208 sanitate
2433 2151 2721 2222 desperans
2759 2153 2909 2209 addis
2937 2163 3150 2224 peccata
3185 2157 3431 2225 peccatis,
3467 2157 3604 2212 sicut
3631 2157 3762 2214 scri-

2181 2255 2326 2314 ptum
2345 2251 2446 2310 est,
2473 2243 2733 2310 Peccator,
2756 2259 2870 2298 cum
2886 2245 3071 2298 venerit
3091 2246 3140 2299 in
3163 2247 3471 2318 profundum
3492 2247 3760 2318 malorum,

2182 2337 2448 2392 contemnit
2491 2337 2670 2409 (Prov.
2699 2353 2848 2404 xvm,
2880 2338 2972 2410 5):
3003 2338 3110 2392 noli
3139 2349 3501 2406 contemnere,
3533 2339 3641 2394 noli
3664 2339 3762 2395 de-

2183 2443 2428 2498 Sperare;
2455 2429 2622 2484 clama
2648 2429 2806 2484 etiam
2835 2430 2902 2485 de
2922 2429 3183 2499 profundo
3200 2429 3264 2485 ad
3289 2431 3592 2497 Dominum,
3614 2441 3664 2486 et
3681 2431 3765 2488 dic

2183 2521 2230 2576 ci
2267 2539 2279 2576 :
2311 2519 2388 2576 De
2427 2521 2690 2594 profundis
2731 2523 2946 2577 clamavi
2987 2523 3054 2577 ad
3103 2533 3186 2591 te,
3235 2521 3482 2592 Domine;
3525 2523 3762 2592 Domine,

2184 2616 2368 2670 exaudi
2393 2631 2562 2670 vocem
2590 2633 2768 2670 meam.
2797 2615 2952 2671 Fiant
2975 2633 3122 2683 aures
3144 2628 3243 2672 tua:
3265 2619 3572 2674 intendentes
3592 2619 3644 2673 in
3676 2636 3765 2674 vo-

2184 2725 2289 2762 cem
2317 2707 2668 2763 obsecrationis
2693 2725 2832 2764 mctc.
2873 2707 2935 2764 Si
2961 2709 3244 2778 iniquitates
3271 2709 3624 2778 observaveris,
3651 2711 3761 2766 Do-

2185 2801 2348 2866 mine;
2371 2799 2604 2864 Domine,
2633 2801 2744 2874 quis
2759 2801 3056 2856 sustinebit?
3085 2801 3334 2868 Quoniam
3361 2803 3500 2873 apud
3527 2813 3572 2858 te
3593 2805 3768 2876 prapi-

2185 2891 2325 2944 tiatio
2346 2901 2418 2944 est
2450 2889 2988 2966 (Psat.cxx1x,i-4).
3023 2893 3095 2948 De
3123 2892 3213 2948 tali
3235 2893 3496 2964 profundo
3521 2893 3767 2952 Ninivittc

2185 2983 2565 3049 clamaverunt,
2595 2991 2649 3038 et
2674 2985 2809 3039 hanc
2833 2985 3262 3056 prepitiationem
3308 2987 3658 3044 invenerunt:
3688 2989 3765 3044 fa-

2185 3074 2441 3143 ciliusque
2481 3083 2564 3130 est
2607 3085 2858 3131 evacuata
2903 3073 3244 3133 comminatio
3273 3079 3577 3150 PrOphetae,
3607 3097 3763 3151 quam

2187 3165 2482 3222 humiliatio
2503 3167 3016 3241 pmnitentirernte
3057 3168 3170 3242 ιιι).
3199 3171 3294 3226 llic
3330 3169 3555 3228 fortasse
3598 3173 3764 3229 dicis:

2184 3255 2289 3312 Sed
2318 3271 2415 3327 ego
2441 3257 2549 3327 jam
2573 3257 2873 3329 baptizatus
2893 3275 3010 3314 smn
3041 3261 3093 3314 in
3127 3259 3359 3328 Christo,
3388 3277 3419 3317 a
3459 3278 3563 3334 quo
3589 3261 3768 3318 omnia

2186 3347 2314 3402 mihi
2339 3359 2550 3420 peccata
2582 3351 2852 3420 prseterita
2872 3350 3086 3407 dimissa
3117 3361 3269 3419 sunt;
3309 3353 3428 3408 vilis
3459 3353 3627 3410 factus
3651 3369 3766 3410 sum

2185 3439 2345 3495 nimis
2371 3442 2569 3496 iterans
2583 3441 2698 3496 vias
2717 3457 2885 3508 meas,
2916 3451 2968 3498 et
2994 3443 3139 3498 canis
3171 3445 3439 3500 horribilis
3467 3445 3633 3500 oculis
3651 3445 3764 3512 Dei,

2185 3546 2474 3587 conversus
2490 3531 2556 3586 ad
2575 3532 2828 3588 vomitum
2855 3547 3029 3588 suum.
3053 3533 3170 3603 Quo
3187 3535 3342 3590 abibo
3359 3550 3389 3590 a
3412 3535 3598 3606 spiritu
3619 3535 3770 3606 ejus?

2187 3633 2241 3677 ct
2265 3637 2293 3676 a
2323 3621 2455 3679 facie
2479 3624 2594 3694 ejus
2631 3639 2738 3695 quo
2775 3624 3006 3696 fugiam?
3031 3627 3166 3693 Quo,
3207 3625 3389 3694 frater,
3431 3627 3530 3682 nisi
3559 3629 3625 3684 ad
3654 3629 3768 3697 ejus

2185 3713 2605 3770 misericordiam
2635 3716 2963 3786 paenitendo,
2988 3717 3136 3786 cujus
3163 3726 3474 3786 potestatem
3495 3720 3767 3789 peccando

2185 3803 2615 3878 contempseras?
2641 3805 2809 3862 Nemo
2837 3807 2978 3862 enim
3013 3817 3156 3862 recte
3181 3805 3314 3878 fugit
3338 3809 3405 3864 ab
3431 3809 3540 3877 illo,
3574 3811 3672 3864 nisi
3702 3811 3767 3868 ad

2187 3897 2357 3966 illum,
2380 3897 2448 3953 ab
2477 3897 2592 3969 ejus
2611 3897 2892 3970 severitate
2907 3897 2972 3952 ad
2994 3899 3107 3967 ejus
3127 3899 3440 3954 bonitatem.
3468 3899 3596 3969 Quis
3623 3902 3766 3956 enim

2187 3990 2337 4045 locus
2363 3999 2413 4045 te
2433 3992 2660 4060 excipiet
2685 3989 2997 4061 fugientem,
3029 3989 3116 4046 ubi
3141 3992 3257 4062 ejus
3283 3995 3564 4062 prtesentia
3591 4007 3640 4050 te
3662 4011 3768 4052 non

2189 4083 2454 4139 inveniat?
2487 4083 2543 4139 Si
2565 4083 2870 4141 ascenderis
2897 4085 2948 4140 in
2977 4085 3197 4154 coelum,
3227 4087 3299 4143 ibi
3329 4096 3442 4144 est:
3473 4091 3516 4145 si
3547 4089 3769 4146 descen-

2187 4175 2330 4231 deris
2350 4177 2416 4232 ad
2439 4157 2724 4245 infcrnum,
2753 4179 2923 4235 adest.
2957 4179 3154 4251 Recipe
3188 4197 3315 4252 ergo
3342 4198 3544 4252 pennas
3573 4193 3688 4240 tuas
3714 4185 3768 4240 iu

2187 4268 2470 4336 directum,
2499 4279 2554 4326 et
2579 4271 2752 4326 habita
2784 4271 2835 4325 in
2865 4267 2959 4342 spe
2987 4273 3039 4327 in
3067 4283 3301 4328 extrema
3321 4277 3335 4305 ί
3365 4275 3522 4344 hujus
3551 4278 3766 4332 surculi:

2186 4361 2380 4416 etenim
2411 4361 2533 4418 illuc
2557 4379 2746 4418 manus
2771 4380 2863 4418 sua
2887 4365 3112 4421 deducet
3131 4375 3200 4433 te,
3223 4367 3536 4437 etpcrdueet
3567 4377 3617 4425 te
3643 4371 3771 4426 dex-

2187 4461 2302 4508 tera
2332 4468 2424 4508 sua
2457 4449 2627 4526 (Psal.
2650 4471 2903 4520 cxxxvm,
2933 4455 3107 4529 7-l0).
3139 4457 3403 4527 Quidquid
3444 4461 3584 4514 enim
3627 4459 3765 4516 fece-

2187 4545 2281 4612 ris,
2302 4561 2646 4618 qumcumque
2669 4550 3003 4618 peccaveris;
3032 4551 3205 4606 adhuc
3227 4551 3277 4606 in
3297 4553 3396 4606 hac
3413 4553 3514 4606 vita
3533 4569 3611 4620 es,
3633 4553 3770 4609 unde

2189 4645 2240 4690 te
2273 4638 2410 4692 Deus
2438 4639 2676 4708 omnino,
2705 4641 2748 4695 si
2780 4657 2970 4698 sanare
2992 4643 3213 4712 nollet”,
3236 4643 3486 4700 auferret.
3517 4644 3624 4699 Cur
3643 4663 3769 4716 ergo

2187 4727 2401 4796 ignoras
2423 4729 2542 4800 quia
2575 4731 2828 4800 patientia
2859 4733 2950 4788 Dei
2983 4734 3047 4790 ad
3081 4736 3446 4805 paenitentiam
3479 4743 3530 4791 te
3557 4737 3772 4792 adducit

2191 4819 2364 4892 (Rom.
2389 4838 2442 4888 ιι,
2468 4821 2564 4898 4)ἳ
2593 4823 2690 4894 Qui
2724 4827 2865 4882 enim
2896 4829 3174 4884 clamando
3196 4845 3298 4884 non
3323 4830 3412 4884 tibi
3434 4832 3771 4900 persuasitut

2186 4929 2295 4967 non
2325 4915 2625 4983 recederes,
2661 4919 2926 4987 parcendo
2957 4920 3150 4975 clamat
3196 4929 3252 4974 ut
3297 4921 3505 4976 redeas.
3559 4922 3771 4976 Intuere

2187 5005 2350 5060 David
2374 5023 2551 5078 regem
2575 5027 2585 5062 :
2605 5009 2714 5080 jam
2743 5011 2922 5082 utique
2943 5021 2996 5068 ct
3019 5014 3133 5084 ipse
3153 5013 3293 5072 illius
3321 5018 3574 5084 temporis
3595 5030 3771 5070 sacra-

2187 5105 2364 5152 menta
2397 5109 2724 5170 perceperat,
2745 5101 2854 5172 jam
2883 5105 3062 5176 utique
3091 5107 3433 5164 circumcisus
3461 5121 3595 5176 erat,
3629 5109 3768 5180 quod

2187 5201 2365 5261 patres
2395 5194 2558 5247 nostri
2581 5210 2677 5264 pro
2698 5195 2767 5249 Ba
2773 5197 2968 5266 ptismo
2987 5197 3269 5256 habebant.
3289 5201 3419 5258 Nam
3437 5203 3500 5258 ad
3523 5203 3624 5264 hoc
3645 5203 3772 5258 dicit

2187 5285 2473 5353 Apostolus
2494 5297 2733 5342 sanctum
2764 5289 3030 5344 Abraham
3053 5293 3380 5364 signaculum
3399 5295 3619 5364 justitim
3647 5293 3770 5350 fidei

2187 5377 2451 5448 recepisse
2484 5377 2504 5452 (
2533 5377 2618 5432 Id.
2647 5397 2717 5447 iv,
2750 5379 2858 5454 ll).
2904 5383 3020 5438 Jam
3065 5385 3228 5442 etiam
3277 5399 3464 5442 unctus
3511 5397 3626 5444 erat
3667 5404 3772 5444 un-

2187 5469 2364 5524 etione
2393 5471 2702 5536 venerabili,
2731 5489 2832 5542 qua
2858 5478 3034 5546 regale
3061 5479 3412 5533 sacerdotium
3461 5481 3772 5552 prteﬁgura-

2186 5562 2342 5618 batur
2369 5564 2636 5620 Ecclesiae.
2665 5566 2908 5638 Repente
2937 5578 3114 5626 autem
3157 5571 3326 5627 factus
3353 5582 3406 5630 et
3429 5574 3676 5632 adulterii
3717 5585 3774 5634 et

2251 5718 2981 5804 iﬁe‘itizfrsxttsneétevn
3000 5727 3303 5804 iacemu-
3327 5737 3623 5804 ensum“
3635 5745 3774 5786 eum-

2183 5780 2303 5854 dem
2317 5782 2549 5854 Psalmum
2575 5785 2672 5854 l58_
2687 5800 2918 5854 enarratis
2937 5780 3158 5854 legebat,
3179 5789 3232 5843 in

2254 5847 2274 5875 ³
2295 5853 2418 5907 Mss,
2445 5846 2488 5897 si
2508 5848 2674 5899 sanari
2694 5851 2852 5900 ni’et.
