4080 6360
280 383 309 436 ι
320 379 423 437 549

281 493 555 551 homicidii
584 506 727 557 reus,
759 507 866 548 non
906 492 1098 547 frustra
1130 500 1302 546 tamen
1337 490 1402 546 de
1432 500 1535 546 tam
1568 492 1783 546 immani
1813 503 1868 547 et

282 587 511 654 abrupto
530 582 793 654 profundo
810 584 1028 640 sceleris
1049 584 1313 652 ptenitens
1331 583 1583 639 clamavit
1606 584 1671 638 ad
1689 585 1867 638 Domi—

282 694 433 741 num,
460 677 649 733 dicens
684 694 699 730 :
730 677 910 732 Aperte
947 677 1126 749 faciem
1152 687 1292 730 tuam
1329 692 1362 730 a
1401 676 1619 747 peccatis
1647 676 1789 741 meis,
1821 687 1869 730 et

282 786 457 824 omnes
482 770 772 840 iniquitates
793 784 929 823 meas
953 768 1082 822 dele.
1110 768 1227 835 Quo
1263 767 1475 824 tandem
1513 767 1723 833 merito,
1766 766 1868 822 nisi

279 860 405 928 quia
431 861 559 914 item
590 859 746 913 dicit:
777 857 1099 929 lniquitatem
1119 874 1279 913 nteant
1301 875 1389 928 ego
1414 874 1650 928 agnosco,
1676 866 1723 912 et
1748 874 1867 926 pec-

280 961 453 1005 catum
481 967 649 1005 nicum
681 960 797 1004 ante
825 966 905 1004 me
943 959 1015 1003 est
1039 950 1270 1020 semper?
1311 949 1446 1017 Quid
1473 957 1650 1005 autem
1681 948 1869 1004 obtulit

278 1040 513 1096 Domino
543 1042 684 1096 unde
701 1041 851 1096 illum
874 1041 1183 1110 propitiaret
1203 1041 1336 1097 sibi?
1356 1041 1607 1109 Quoniam
1627 1040 1672 1096 si
1691 1041 1869 1096 voluis-

276 1150 376 1199 ses,
402 1134 592 1201 inquit,
612 1134 939 1202 sacriﬁcium,
961 1132 1208 1188 dedissent
1231 1134 1431 1204 utique;
1447 1132 1750 1189 holocaustis
1767 1150 1867 1188 non

276 1225 627 1280 delectaber'is.
657 1224 977 1295 Sacriﬁcium
999 1224 1106 1280 Deo
1125 1226 1337 1297 spiritus
1360 1228 1757 1282 contribulatus:
1782 1243 1869 1282 cor

275 1315 554 1368 contritum
584 1325 629 1368 et
655 1316 972 1369 humiliatum
993 1314 1133 1371 Deus
1157 1333 1258 1371 non
1279 1318 1470 1388 spernit
1499 1316 1667 1389 (Psal.
1692 1334 1743 1385 ι,
1774 1319 1865 1387 Η,

274 1405 329 1468 5,
358 1405 447 1471 18,
476 1405 590 1475 l9).
620 1405 736 1460 Non
765 1406 937 1462 solum
958 1421 1086 1477 ergo
1113 1407 1302 1463 devote
1332 1408 1543 1473 obtulit,
1572 1408 1669 1464 sed
1706 1409 1865 1465 etiam

276 1496 377 1548 ista
406 1496 636 1553 dicendo
661 1498 787 1568 quid
815 1498 992 1553 oll'erri
1013 1507 1288 1568 oporteret
1311 1499 1564 1555 ostendit.
1579 1499 1698 1556 Non
1722 1503 1863 1557 enim

272 1590 476 1644 sufﬁcit
502 1606 679 1645 mores
706 1591 758 1645 in
785 1591 974 1647 melius
994 1601 1343 1658 commutare,
1374 1600 1429 1648 et
1464 1608 1495 1647 a
1528 1592 1683 1649 factis
1708 1594 1864 1650 malis

271 1684 563 1749 recedere;
597 1684 697 1738 nisi
724 1685 884 1739 etiam
915 1685 984 1740 de
1012 1684 1096 1739 bis
1133 1700 1251 1755 quae
1287 1685 1425 1741 facta
1451 1694 1594 1753 sunt,
1641 1686 1866 1742 satisﬁat

274 1774 387 1829 Deo
427 1790 526 1845 per
569 1775 896 1844 panitentiae
922 1775 1184 1842 dolorem,
1220 1791 1315 1847 per
1342 1776 1652 1833 humilitatis
1692 1778 1863 1847 gemi-

273 1874 410 1930 tum,
449 1879 548 1934 per
594 1865 806 1920 contriti
849 1865 1027 1921 cordis
1070 1866 1412 1931 sacriﬁcium,
1454 1867 1863 1938 cooperantibus

272 1959 653 2029 cleemosynis.
698 1957 845 2013 Beati
872 1959 1014 2014 enim
1042 1960 1407 2024 misericordes,
1443 1960 1681 2029 quoniam
1722 1961 1863 2029 ipso-

271 2064 389 2101 rum
418 2050 731 2103 miserebitur
754 2048 894 2105 Deus
912 2049 1127 2121 (Matth.
1151 2067 1203 2115 v,
1233 2050 1308 2121 7).
1351 2050 1466 2107 Non
1497 2052 1641 2109 enim
1666 2051 1863 2107 dictum

272 2149 379 2205 est,
406 2149 464 2193 ut
487 2149 688 2194 tantum
713 2140 1073 2196 abstineamus
1098 2156 1125 2194 a
1156 2142 1420 2210 peccatis:
1451 2140 1557 2197 Sed
1575 2151 1621 2196 et
1642 2143 1705 2196 de
1726 2158 1861 2212 prte-

274 2230 459 2293 teritis,
493 2231 682 2299 inquit,
706 2230 972 2299 deprecare
1013 2231 1305 2300 Dominum,
1342 2242 1395 2286 ut
1436 2232 1523 2287 tibi
1550 2233 1864 2288 dimittantur

275 2320 468 2391 (Eccli.
490 2338 607 2389 xu,
634 2323 706 2395 l).
738 2322 805 2378 Et
831 2323 1018 2379 Petrus
1039 2324 1148 2393 jam
1174 2333 1289 2379 erat
1305 2324 1494 2391 lidelis,
1508 2325 1617 2395 jam
1641 2325 1692 2381 in
1711 2324 1864 2381 Chri-

271 2422 359 2465 sto
386 2426 443 2467 et
468 2414 601 2468 alios
627 2414 1006 2484 baptizaverat.
1037 2412 1243 2470 lntuere
1272 2430 1399 2485 ergo
1424 2414 1638 2471 Petrum
1661 2431 1861 2485 praesu-

272 2513 513 2557 mentem
561 2514 887 2573 accusatum,
937 2505 1209 2561 timentem
1241 2506 1598 2571 vulneratum,
1647 2506 1857 2563 ﬂentem

271 2605 543 2649 sanatum.
571 2594 687 2650 .lam
717 2596 876 2650 etiam
904 2606 1019 2665 post
1051 2596 1339 2652 adventum
1365 2596 1434 2653 de
1471 2597 1610 2653 caelo
1628 2596 1861 2667 Spiritus

271 2686 470 2751 sancti,
496 2685 709 2756 quidam
740 2686 923 2742 Simon
956 2688 1178 2757 pecunia
1204 2688 1370 2743 voluit
1404 2689 1649 2746 eumdem
1686 2688 1858 2760 Spiri-

271 2785 387 2831 tum
415 2788 657 2833 sanctum
676 2795 875 2844 emere,
898 2779 1364 2836 sceleratissimum
1394 2791 1449 2839 et
1476 2783 1694 2851 impium
1714 2799 1859 2839 mer-

272 2870 569 2924 cimonium
596 2872 854 2940 cogitans,
883 2870 992 2940 jam
1021 2871 1317 2942 baptizatus
1342 2873 1399 2927 in
1423 2873 1672 2929 Christo:
1698 2884 1753 2931 et
1776 2885 1858 2930 ta-

275 2976 403 3015 men
435 2962 761 3029 pcnnitentia:
789 2963 1067 3017 consilium
1116 2964 1184 3018 ab
1229 2964 1344 3033 ipso
1388 2963 1546 3019 Petro
1580 2974 1859 3035 correptus

271 3054 482 3123 accepit
507 3053 642 3125 (Act.
676 3071 785 3121 νιιι,
834 3054 1047 3128 15-22).
1075 3056 1211 3111 Dicit
1233 3056 1392 3111 etiam
1417 3058 1687 3127 apostolus
1717 3058 1857 3115 Pau-

273 3146 378 3210 lus,
410 3147 501 3216 qui
530 3148 711 3217 utique
752 3146 998 3203 ﬁdelibus
1041 3146 1284 3203 mittebat
1320 3147 1585 3219 Epistolas
1613 3167 1627 3204 :
1651 3147 1735 3204 Ne
1761 3150 1859 3206 ite-

274 3255 391 3291 rum
415 3256 531 3292 cum
553 3254 729 3293 venero
762 3240 830 3292 ad
865 3255 971 3306 vos,
1009 3239 1236 3294 humiliet
1264 3255 1343 3294 me
1377 3238 1539 3307 Deus,
1578 3248 1626 3295 et
1661 3240 1861 3313 lugeam

273 3332 464 3386 multos
488 3348 551 3385 ea:
569 3332 649 3387 his
672 3332 756 3402 qui
785 3342 902 3386 ante
925 3340 1272 3402 peccaverunt,
1290 3340 1338 3387 et
1356 3348 1456 3386 non
1475 3341 1679 3405 egerunt
1698 3334 1862 3404 pani-

273 3425 485 3479 tcntiam
531 3440 684 3494 super
726 3423 1047 3478 immunditia
1089 3433 1138 3478 et
1179 3424 1401 3491 luxuria,
1446 3434 1491 3479 et
1531 3426 1861 3494 fornicatione

272 3531 430 3583 quam
459 3524 718 3586 gesserunt
747 3514 810 3587 (ll
833 3514 949 3571 Cor.
975 3532 1067 3579 xu,
1091 3515 1205 3586 21).
1227 3513 1586 3572 Circumstant
1612 3533 1741 3587 ergo
1760 3533 1859 3575 nos

270 3618 327 3664 et
376 3621 639 3678 pracepta
688 3618 832 3664 recte
869 3609 1117 3673 faciendi,
1163 3619 1217 3666 et
1245 3610 1485 3681 exempla
1518 3625 1623 3666 non
1653 3619 1858 3667 tantum

270 3712 420 3757 recte
446 3702 773 3767 iacientium,
800 3702 892 3757 sed
917 3703 1075 3757 etiam
1100 3704 1468 3772 ptenitentium
1498 3704 1565 3758 ad
1597 3705 1858 3775 recipien-

270 3794 399 3849 dam
446 3796 692 3859 salutem,
726 3811 843 3864 qua:
868 3794 1042 3850 fuerat
1082 3796 1275 3850 amissa
1314 3796 1603 3866 peccando.
1633 3796 1739 3852 Sed
1778 3796 1861 3855 l‘ac

270 3886 539 3942 incertum
571 3903 689 3943 esse
716 3898 895 3942 utrum
922 3889 1160 3959 ignoscat
1184 3890 1342 3945 Deus.
1361 3890 1497 3957 Quid
1520 3890 1714 3959 perdit,
1736 3906 1857 3946 cum

269 3981 540 4049 supplicat
565 3982 691 4049 Deo,
719 3982 807 4051 qui
832 3982 1056 4037 salutem
1076 3982 1297 4051 perdere
1314 3998 1420 4038 non
1440 3984 1717 4050 dubitavit,
1736 4000 1857 4041 cum

270 4072 576 4127 offenderet
607 4072 808 4127 Deum?
838 4072 968 4139 Quis
1001 4074 1143 4128 enim
1180 4082 1360 4129 certus
1398 4084 1480 4130 est
1513 4075 1655 4145 quod
1699 4076 1858 4131 etiam

270 4166 571 4235 imperator
600 4166 873 4236 ignoscat?
903 4166 969 4220 Et
996 4174 1173 4221 tamen
1202 4168 1425 4236 pecunia
1450 4166 1709 4233 funditur,
1740 4183 1857 4223 ma-

272 4256 357 4311 ria
385 4268 796 4322 transmeantur,
823 4257 1177 4327 procellarum
1212 4259 1413 4313 incerta
1452 4259 1775 4325 subeuntur;
1804 4268 1861 4316 et

272 4366 415 4421 pene
441 4360 500 4404 ut
538 4365 682 4405 mors
719 4352 969 4419 evitetur,
1001 4366 1147 4405 mors
1172 4352 1289 4421 ipsa
1314 4352 1621 4421 suscipitur.
1650 4352 1862 4423 Suppli-

271 4453 430 4499 catur
468 4444 663 4500 deinde
706 4459 802 4515 per
838 4445 1081 4501 homines
1111 4444 1345 4500 homini:
1375 4447 1491 4501 sine
1528 4446 1861 4503 dubitatione

271 4534 412 4591 ﬁunt
438 4537 559 4601 ista,
591 4550 713 4592 cum
734 4536 803 4590 sit
830 4535 1048 4592 dubium
1078 4552 1184 4607 quo
1209 4536 1313 4592 ﬁne
1337 4539 1670 4607 proveniant.
1702 4538 1771 4594 Et
1791 4547 1863 4595 ta-

270 4642 398 4682 men
412 4628 674 4683 certiores
690 4636 813 4681 sunt
826 4627 1001 4683 claves
1017 4628 1289 4693 Ecclesiar,
1311 4644 1467 4698 quam
1480 4628 1641 4685 corda
1653 4644 1857 4700 regum:

270 4722 467 4791 quibus
493 4721 731 4777 clavibus
758 4721 1129 4792 quodcumque
1159 4721 1210 4775 in
1242 4730 1382 4776 terra
1425 4721 1672 4791 solvitur,
1700 4724 1859 4777 etiam

271 4813 323 4866 in
347 4812 487 4869 ctelo
513 4813 744 4868 solutum
771 4813 1097 4884 promittitur
1123 4811 1335 4887 (Matth.
1364 4826 1471 4876 xvt,
1502 4810 1611 4885 l9).
1639 4813 1705 4867 Et
1726 4813 1863 4869 mul-

272 4914 326 4961 to
356 4915 437 4961 est
482 4905 761 4961 honestior
802 4904 1093 4971 humilitas,
1144 4920 1247 4976 qua
1278 4918 1336 4959 se
1368 4904 1593 4976 quisque
1620 4904 1862 4960 humiliat

272 4997 529 5053 Ecclesia:
560 4997 686 5053 Dei:
716 5005 771 5053 et
792 4997 940 5053 labor
964 4995 1464 5066 minorimponitur,
1480 5004 1531 5051 et
1550 4996 1696 5052 nullo
1723 5005 1861 5052 tem-

274 5090 472 5161 poralis
500 5091 688 5146 mortis
718 5090 955 5160 periculo
974 5104 1120 5145 mors
1140 5097 1338 5144 (eterna
1357 5088 1574 5147 vitatur.

738 5243 964 5302 saeuo
1008 5241 1229 5300 occur
1257 5246 1277 5269 ο
1301 5241 1401 5317 (a).

584 5379 663 5435 De
687 5382 899 5435 utilitate
922 5379 1133 5452 agenda:
1156 5378 1476 5452 paenitentia,
1504 5393 1563 5436 tt.

344 5513 571 5571 CAPUT
622 5511 903 5570 PRIMUM.
930 5541 998 5552 —
1033 5512 1085 5568 1.
1126 5510 1363 5567 Sermoni
1399 5510 1596 5567 occasio
1636 5509 1759 5565 data
1798 5524 1862 5564 ea:

276 5608 503 5664 tertioue.
550 5607 658 5663 Vox
698 5606 1005 5677 paenitentis
1030 5606 1337 5676 agnoscitur
1378 5606 1430 5662 in
1466 5605 1646 5664 verbis
1666 5604 1860 5678 quibus

341 5765 359 5787 ‘
383 5764 739 5815 Fmendatusad
767 5779 811 5815 v.
840 5771 888 5815 et
911 5764 970 5814 ad
995 5772 1097 5813 Am.
1121 5770 1195 5816 Er.
1233 5772 1333 5818 Par.
1348 5771 1458 5819 [ιον.

341 5825 412 5889 (a)
438 5826 577 5890 Alias,
602 5827 659 5877 27
680 5829 805 5879 inter
829 5826 1052 5879 ttomilias
1066 5827 1145 5879 50.

1692 369 1917 435 SEiiItiO
1954 371 2186 434 CCCLll.

1975 489 2223 562 psallenti
2251 492 2618 560 respondimus
2644 509 2656 545 :
2687 492 2861 547 .Ilverte
2889 494 3069 565 facient
3096 500 3234 547 tuam
3269 511 3303 549 a
3329 498 3557 566 peccatis

1973 581 2117 648 meis,
2143 589 2188 637 et
2210 597 2380 636 onmes
2400 583 2686 652 iniquitates
2704 600 2843 638 meas
2859 584 2968 637 dele
2985 581 3156 657 (Psal.
3183 600 3237 651 ι,
3266 584 3377 657 ll).
3398 584 3555 642 Unde

1973 688 2096 730 cum
2122 689 2429 731 sermonem
2456 675 2523 731 ad
2553 685 2781 731 vestram
2812 675 3133 732 Cbaritatem
3155 692 3260 730 non
3288 692 3553 747 praepara-

1973 780 2174 833 remus,
2196 764 2319 821 hinc
2344 766 2496 822 nobis
2516 781 2635 823 esse
2652 766 2981 822 tractandum
3011 766 3233 822 Domino
3257 767 3552 837 imperante

1973 857 2339 929 cognovimus.
2370 858 2695 915 Volebamus
2723 858 2866 914 enim
2892 857 3145 913 hodierna
3170 858 3256 914 die
3277 874 3370 913 vos
3392 859 3444 913 in
3472 876 3533 913 rt.

1971 950 2263 1005 minatione
2289 951 2617 1021 permittere,
2637 951 2870 1007 scientes
2884 967 3042 1021 quam
3069 952 3396 1008 abundantes
3422 967 3552 1022 opus

1972 1037 2051 1095 las
2079 1040 2344 1110 ceperitis.
2372 1041 2476 1097 Sed
2506 1042 2627 1113 quia
2670 1041 2956 1097 salubriter
2980 1041 3120 1111 quod
3148 1045 3428 1114 apponitur
3453 1059 3544 1101 ac-

1971 1129 2165 1199 cipitis,
2193 1131 2425 1201 quotidie
2451 1132 2676 1189 multum
2710 1134 2942 1188 esuritis.
2972 1132 3194 1190 Praestet
3224 1149 3349 1205 ergo
3372 1136 3520 1191 Domi
3546 1174 3549 1177 -

1971 1236 2074 1277 nus
2097 1221 2211 1292 ipse
2236 1223 2376 1278 Deus
2398 1234 2597 1290 noster,
2627 1234 2681 1281 et
2710 1225 2863 1297 nobis
2879 1226 3066 1280 virium
3085 1226 3475 1296 sufﬁcientiam,
3496 1240 3548 1286 et

1969 1312 2121 1367 vobis
2149 1313 2328 1370 utilem
2356 1314 2700 1372 audientiam.
2721 1314 2905 1388 Neque
2921 1317 3062 1373 enim
3081 1318 3410 1389 ignoramus,
3428 1336 3549 1378 esse

1969 1404 2307 1461 serviendum
2324 1407 2475 1463 bona:
2489 1416 2676 1463 vestra:
2703 1419 2756 1464 et
2773 1409 2885 1463 utili
2915 1409 3191 1465 voluntati.
3222 1410 3549 1481 Adjuvemur

1969 1510 2097 1566 ergo
2119 1511 2149 1552 a
2175 1496 2328 1554 vobis
2347 1508 2401 1554 et
2422 1509 2546 1555 voto
2582 1509 2636 1556 et
2662 1499 2864 1565 studio;
2894 1510 3017 1556 voto
3047 1501 3113 1555 ad
3146 1502 3330 1568 Deum,
3372 1502 3550 1560 studio

1968 1588 2036 1645 ad
2063 1590 2311 1656 verbum;
2342 1600 2479 1647 utea
2499 1591 2735 1647 dicamus
2763 1608 2880 1663 qua:
2907 1593 3056 1648 vobis
3084 1608 3204 1649 esse
3246 1594 3395 1649 utilia
3435 1594 3549 1665 ipse

1962 1677 2187 1749 iudicat,
2218 1682 2307 1753 qui
2334 1697 2428 1738 vos
2455 1684 2624 1752 pascit
2650 1699 2746 1753 per
2768 1699 2885 1739 nos.
2920 1684 3031 1739 Vos
3055 1684 3213 1755 igitur
3240 1685 3292 1740 in
3319 1684 3403 1740 bis
3428 1702 3549 1742 vero

1966 1771 2051 1828 bis
2079 1775 2384 1844 paenitentis
2412 1776 2750 1847 agnoscitur:
2779 1775 2955 1831 Averte
2981 1778 3165 1848 faciem
3191 1786 3331 1832 tuam
3364 1795 3396 1831 a
3431 1796 3550 1851 pec-

1967 1864 2092 1920 catis
2109 1866 2251 1932 meis,
2280 1874 2329 1921 et
2351 1867 2521 1921 omnia
2546 1866 2776 1936 facinora
2802 1884 2911 1921 mea
2939 1867 3067 1921 dele.
3096 1867 3327 1923 Proinde
3349 1868 3550 1939 aliquid

1966 1956 2035 2012 de
2056 1957 2363 2027 poenitentia
2406 1958 2585 2014 dicere
2623 1958 2879 2016 divinitus
2898 1959 3167 2029 jubemur.
3196 1960 3379 2031 Neque
3407 1963 3551 2016 enim

1967 2062 2065 2101 nos
2095 2048 2253 2103 istum
2282 2048 2545 2119 psalmum
2573 2049 2892 2109 cantandum
2920 2051 3105 2106 lectori
3135 2052 3547 2122 imperavimus:

1966 2141 2059 2194 sed
2077 2141 2217 2210 quod
2232 2141 2322 2197 ille
2338 2142 2545 2198 censuit
2561 2142 2710 2200 vobis
2730 2158 2850 2199 esse
2869 2144 2992 2198 utile
3007 2144 3072 2198 ad
3091 2145 3428 2212 audiendum,
3450 2146 3553 2203 hoc

1966 2231 2115 2286 cordi
2145 2234 2305 2288 etiam
2331 2234 2518 2303 puerili
2543 2235 2840 2305 imperavit.
2873 2236 3116 2291 Dicamus
3144 2239 3343 2307 aliquid
3363 2239 3430 2295 de
3456 2240 3553 2295 uti-

1965 2322 2113 2380 litate
2142 2325 2466 2394 pmnitentiaa
2489 2344 2503 2382 :
2524 2326 2843 2397 praesertim,
2868 2330 2990 2398 quia
3015 2338 3069 2384 et
3083 2329 3196 2384 dies
3206 2329 3317 2399 jam
3336 2341 3553 2387 sanctus

1963 2416 2359 2476 anniversarius
2398 2418 2663 2487 imminet,
2708 2435 2815 2490 quo
2844 2420 3234 2491 propinquante
3279 2422 3552 2480 humiliari

1963 2507 2172 2565 animas
2196 2517 2250 2563 et
2272 2509 2477 2565 domari
2504 2526 2729 2581 corpora
2758 2512 3047 2568 studiosius
3077 2513 3246 2569 decet.

2032 2599 2089 2655 Ω.
2130 2600 2435 2658 Ptenitentia
2458 2604 2663 2672 triplec.
2704 2602 2883 2658 Prima
2913 2605 3353 2675 baptizandorum.
3386 2607 3554 2665 Paeni-

1962 2691 2119 2744 tentia
2141 2700 2260 2747 ante
2281 2692 2585 2762 baptismum
2608 2694 2855 2765 imperata
2881 2694 3099 2750 .Iudteis.
3133 2697 3344 2767 Triplex
3373 2708 3551 2755 autem

1962 2781 2320 2839 consideratio
2357 2783 2577 2854 agenda:
2618 2785 2944 2855 pmnitentiae
2990 2788 3044 2841 in
3085 2802 3239 2844 sacra
3280 2788 3554 2861 Scriptura

1962 2872 2247 2929 invenitur.
2278 2873 2409 2929 Nam
2449 2890 2623 2946 neque
2648 2876 2715 2931 ad
2741 2876 3071 2947 Baptismum
3104 2877 3320 2949 Christi,
3352 2882 3406 2936 in
3444 2897 3553 2953 quo

1964 2964 2140 3019 omnia
2177 2974 2391 3036 peccata
2430 2966 2695 3035 delentur,
2724 2970 3004 3040 quisquam
3032 2971 3167 3027 bene
3193 2973 3414 3040 accedit,
3450 2975 3553 3031 nisi

1963 3058 2169 3128 agendo
2193 3059 2560 3129 paenitentiam
2589 3060 2658 3117 de
2682 3062 2787 3116 vita
2814 3062 3053 3131 pristina.
3090 3062 3260 3119 Nemo
3287 3066 3429 3121 enim
3455 3066 3552 3123 eli—
3636 3087 3649 3112 α

1962 3147 2038 3218 git
2058 3148 2218 3203 vitam
2244 3164 2459 3217 novam,
2492 3150 2595 3207 nisi
2635 3167 2794 3222 quem
2824 3153 3023 3209 veteris
3051 3154 3290 3223 poenitet.
3319 3155 3432 3213 Hoc
3459 3171 3555 3212 au-

1964 3246 2070 3295 tem
2109 3240 2269 3295 etiam
2306 3242 2618 3298 auctoritate
2660 3243 2959 3299 divinorum
2994 3244 3276 3301 Librorum
3326 3249 3552 3318 probare

1962 3330 2247 3400 debemus,
2311 3340 2491 3390 utrum
2543 3334 2843 3404 baptizandi
2892 3337 3099 3407 egerint
3156 3339 3549 3407 pmoitentiam.

1962 3418 2185 3490 Quando
2220 3422 2446 3492 Spiritus
2477 3434 2695 3479 sanctus
2736 3426 2931 3480 missus
2959 3436 3042 3480 est
3081 3436 3205 3482 ante
3228 3431 3549 3498 promissus,

1962 3523 2018 3568 et
2086 3514 2324 3585 implevit
2386 3516 2641 3573 Dominus
2704 3517 2861 3572 ﬁdem
2932 3505 3330 3589 pollicitationis
3387 3537 3549 3589 sum;

1961 3614 2180 3675 accepto
2205 3604 2403 3676 Spiritu
2434 3617 2623 3663 sancto
2660 3607 2930 3679 discipuli,
2962 3618 3022 3663 ut
3053 3612 3241 3677 nostis,
3271 3623 3552 3683 cmperunt

1962 3698 2105 3770 loqui
2131 3700 2376 3756 omnibus
2405 3701 2615 3771 linguis,
2642 3710 2697 3755 ut
2722 3701 2772 3755 in
2799 3702 2905 3757 illis
2932 3704 3021 3773 qui
3052 3703 3293 3769 aderant,
3319 3706 3551 3778 linguam

1962 3804 2111 3847 suam
2140 3791 2365 3863 quisque
2391 3802 2756 3863 cognosceret.
2800 3793 2913 3849 Hoc
2937 3804 3113 3850 autem
3144 3798 3403 3853 miraculo
3438 3807 3548 3854 ter-

1962 3884 2071 3951 riti,
2100 3884 2381 3940 consilium
2411 3886 2534 3940 vitze
2574 3884 2641 3939 ab
2667 3885 2935 3958 Apostolis
2980 3888 3263 3958 petierunt.
3297 3890 3447 3945 Tunc
3472 3892 3551 3946 eis

1963 3975 2152 4030 Petrus
2177 3976 2506 4030 annuntiavit
2524 3992 2645 4031 eum
2666 3976 2947 4032 colendum
2975 3992 3131 4047 quem
3148 3980 3547 4049 cruciﬁxerunt,

1964 4076 2020 4120 ut
2050 4064 2167 4137 ejus
2199 4066 2310 4137 jam
2335 4068 2645 4139 sanguinem
2675 4067 2916 4124 biberent
2943 4070 3245 4137 credentes,
3275 4088 3433 4143 quem
3459 4072 3550 4129 fu-

1962 4155 2152 4211 derant
2202 4158 2500 4213 saevientes.
2557 4158 2881 4213 Annuntiato
2929 4169 3106 4215 autem
3162 4162 3268 4217 illis
3323 4165 3550 4221 Domino

1964 4258 2149 4305 nostro
2179 4249 2307 4306 Jesu
2334 4250 2567 4315 Christo,
2602 4260 2655 4305 et
2683 4252 3090 4322 agnoscentibus
3116 4262 3320 4309 reatum
3351 4271 3506 4312 suum
3529 4298 3546 4325 ,

1966 4351 2024 4397 ut
2047 4343 2361 4413 impleretur
2384 4345 2437 4398 in
2473 4344 2550 4398 eis
2574 4343 2716 4415 quod
2748 4343 3005 4415 propheta
3042 4356 3166 4402 ante
3194 4348 3547 4417 praedixerat,

1967 4436 2245 4493 Conversus
2258 4454 2369 4491 sum
2388 4438 2440 4492 in
2456 4453 2734 4493 (erumnam
2748 4454 2931 4505 meam,
2946 4438 3069 4493 dum
3084 4441 3357 4513 conﬁgitur
3374 4442 3547 4515 spina;

1922 4542 1927 4548 ·
1965 4530 2266 4600 compuncti
2313 4537 2455 4585 sunt.
2502 4527 2758 4585 Conversi
2800 4530 2945 4585 enim
2989 4541 3116 4586 sunt
3161 4532 3213 4587 in
3253 4548 3547 4591 aerumnam

1966 4621 2187 4689 doloris,
2212 4636 2333 4676 cum
2363 4622 2722 4693 conﬁgeretur
2736 4622 2887 4692 spina
2914 4623 3115 4693 peccati
3140 4626 3547 4683 recordationis.

1964 4712 2103 4769 Nihil
2133 4714 2273 4768 enim
2298 4714 2422 4768 mali
2452 4728 2511 4768 se
2534 4714 2725 4769 fecisse
2758 4723 3093 4784 putaverant,
3126 4718 3360 4773 nondum
3391 4720 3548 4775 inﬁxa

1966 4813 2082 4859 erat
2107 4808 2279 4875 spina.
2321 4804 2597 4875 Loquentc
2621 4813 2797 4860 autem
2826 4806 3004 4873 Petro,
3050 4816 3109 4863 ut
3132 4824 3387 4879 agnoscas
3430 4814 3550 4867 inﬁ-

1967 4914 2088 4953 sam
2110 4899 2338 4969 spinam,
2367 4898 2639 4969 Scriptura
2662 4897 2809 4965 dixit,
2840 4898 2993 4955 Petro
3020 4902 3248 4971 loquente
3265 4907 3553 4976 compuncn'

1967 4998 2084 5045 sunt
2122 4989 2291 5044 corde.
2333 4988 2563 5044 Proinde
2605 4989 2658 5043 in
2697 4989 2885 5045 eodem
2925 4991 3150 5062 psalmo,
3182 5008 3304 5048 cum
3348 4995 3548 5050 dictum

1968 5088 2072 5146 est,
2099 5077 2378 5135 Conversus
2395 5095 2508 5133 sum
2532 5079 2583 5133 in
2616 5095 2895 5134 (erumnam
2922 5099 3102 5150 meam,
3140 5085 3260 5138 dum
3281 5088 3552 5159 conﬁgitur

1966 5172 2153 5241 spina;
2181 5171 2440 5241 sequitur,
2490 5169 2764 5225 Peccatum
2792 5174 3019 5245 cognovi,
3063 5184 3109 5229 et
3154 5178 3353 5249 facinus
3382 5196 3549 5234 meum

1968 5280 2070 5319 non
2115 5264 2311 5335 operui.
2357 5261 2511 5329 Dixi,
2561 5262 2849 5335 Pruloquar
2882 5268 3143 5323 adversum
3187 5286 3266 5325 me
3309 5272 3548 5327 delillttm

1969 5372 2136 5410 meum
2162 5354 2423 5420 Domino;
2460 5364 2509 5410 et
2542 5365 2595 5410 tu
2632 5356 2868 5411 dimisisti
2902 5358 3209 5430 impietatem
3237 5363 3405 5416 cordis
3451 5366 3551 5418 mei

1972 5446 2143 5520 (Psal.
2172 5462 2323 5514 χιιι,
2360 5448 2413 5513 4,
2444 5446 2522 5519 5).
2550 5447 2681 5503 Cum
2710 5464 2835 5519 ergo
2865 5450 3013 5520 Spina
3057 5451 3142 5506 illa
3165 5454 3550 5511 recordationis

1968 5539 2271 5611 compuncti
2310 5539 2549 5594 dicerent
2586 5541 2875 5609 Apostolis,
2929 5542 3067 5611 Quid
3109 5562 3223 5616 ergo
3266 5546 3551 5615 faciemus?

1966 5630 2043 5684 ait
2066 5630 2170 5686 illis
2194 5630 2403 5705 Petrus.
2430 5631 2575 5704 Agite
2598 5634 2955 5703 pwititentiam,
2998 5646 3045 5689 et
3082 5638 3357 5707 baptizatur
3390 5657 3549 5697 unus-r

1965 5720 2409 5794 quisquevestrum
2430 5727 2481 5779 in
2516 5726 2714 5779 nomine
2743 5727 2947 5780 Domini
2986 5730 3143 5782 nostri
3168 5728 3293 5784 Jesu
3322 5731 3550 5802 Christi;

1962 5813 2349 5890 granittentur
2376 5818 2510 5872 vobis
2540 5828 2740 5889 peccata
2774 5820 2790 5884 l
2812 5819 2919 5873 Act.
2943 5836 2996 5887 ιι,
3022 5820 3130 5889 57).
3171 5822 3307 5892 Ergo
3335 5824 3547 5884 interim
