4046 6360
460 489 482 542 1
495 483 590 542 551

462 613 624 664 nunc,
663 609 709 650 sn
737 593 827 664 qui
853 590 988 646 forte
1022 584 1216 640 adsunt
1240 592 1310 636 ex
1348 592 1415 634 eo
1451 590 1696 641 numero,
1743 573 1831 644 qui
1859 571 2032 642 bapti-

461 689 575 744 zari
626 687 912 755 disponunt
953 676 1246 749 (credimus
1309 671 1451 728 enim
1499 683 1593 725 eos
1647 666 1835 721 adesse
1891 671 2038 717 tanto

464 780 531 834 ad
558 751 776 832 verbum
807 769 1116 834 studiosius,
1163 773 1360 836 quanto
1398 761 1464 816 ad
1507 757 1885 828 indulgentiam
1913 751 2042 807 vici-

469 871 630 937 nius),
652 867 748 920 hos
766 866 990 934 primum
1011 857 1189 928 paucis
1203 853 1602 924 alloquimur,ut
1616 849 1820 918 erigant
1837 852 2042 899 mentes

470 965 522 1018 in
553 935 720 1031 spem.
768 958 962 1011 Ament
1004 951 1118 1007 ﬁeri
1161 948 1302 1020 quod
1342 962 1449 1001 non
1487 953 1629 1008 sunt,
1670 939 1879 996 oderint
1904 935 2045 1007 quod

471 1027 699 1110 fuerunt.
736 1047 941 1103 Novum
964 1042 1234 1099 hominem
1262 1038 1586 1094 nasciturum
1603 1034 1714 1103 jam
1730 1027 2047 1086 votoconci-

473 1146 616 1213 piant
641 1162 652 1195 :
678 1135 930 1210 quidquid
943 1136 1008 1190 de
1029 1134 1132 1187 vita
1151 1131 1415 1202 praeterita
1427 1124 1782 1186 remordebat,
1795 1116 2048 1192 quidquid

473 1233 698 1303 angebat
725 1226 1122 1288 conscientiam,
1167 1219 1422 1292 quidquid
1449 1217 1667 1273 omnino
1691 1214 1776 1269 vel
1801 1221 2050 1281 maguum

475 1326 558 1379 vel
611 1335 852 1393 parvum,
895 1317 981 1372 vel
1007 1311 1292 1370 dicendum
1316 1310 1400 1365 vel
1441 1323 1548 1363 non
1589 1303 1894 1367 dicendum,
1938 1313 2048 1354 non

475 1392 716 1470 dubitent
743 1424 898 1483 posse
927 1405 1150 1472 dimitti;
1197 1419 1264 1459 ne
1289 1401 1425 1458 forte
1447 1398 1588 1470 quod
1633 1397 1750 1452 vult
1786 1392 2076 1449 dimittere

479 1507 570 1562 Dei
613 1501 902 1568 miseratio,
923 1506 1106 1554 contra
1136 1510 1193 1551 se
1220 1501 1395 1550 teneat
1419 1492 1648 1546 humana
1671 1485 1946 1543 dubitatio.

549 1597 602 1651 3.
645 1591 854 1664 Figura
895 1587 1157 1643 nostrain
1195 1585 1257 1639 iis
1299 1599 1409 1653 qua
1436 1580 1685 1635 Israelitis
1721 1576 2054 1656 contigerunt.

483 1686 657 1750 Petra,
687 1653 851 1753 [ivgum
875 1678 1120 1733 Christus.
1165 1673 1434 1729 Transitus
1473 1671 1625 1724 maris
1654 1666 1831 1734 Rubri,
1873 1653 2057 1753 Bapti-

481 1778 637 1833 smus.
671 1751 865 1828 Manna
899 1769 1084 1824 Christi
1125 1767 1268 1835 panis
1310 1763 1520 1818 caelestis
1561 1761 1746 1831 ﬁgura.
1795 1751 2058 1821 Quomodo

483 1870 645 1924 cibum
670 1875 714 1920 et
744 1875 915 1934 potum
942 1859 1254 1930 spiritualem
1281 1855 1510 1910 eumdem
1535 1850 1793 1906 nobiscum
1827 1860 2059 1913 sumpse-

483 1939 602 2013 runt
625 1955 894 2011 Israelita.
928 1951 1080 2005 Petra
1119 1949 1258 2018 virga
1285 1960 1537 2016 percussa.
1570 1940 1881 2011 Exemplum
1901 1938 2060 1993 etiam

489 2051 540 2103 in
570 2048 740 2118 primo
768 2045 862 2098 illo
890 2039 1086 2113 populo
1126 2036 1420 2092 cxhibitum
1450 2031 1811 2102 unusquisque
1836 2027 2063 2082 ﬁdeliter

489 2139 818 2195 recordetur.
865 2137 954 2190 Ait
979 2133 1117 2188 enim
1160 2128 1484 2199 Apostolus:
1520 2124 1704 2178 Omnia
1745 2123 1850 2176 hac
1888 2121 2065 2190 ﬁgura

490 2243 676 2288 nostra
721 2233 920 2301 {uerunt
960 2243 978 2281 :
1019 2241 1140 2279 cum
1185 2223 1252 2277 de
1296 2221 1457 2275 rebus
1502 2218 1692 2272 talibus
1740 2215 2062 2284 loqueretur.

491 2323 628 2391 Quid
667 2322 811 2375 enim
839 2316 1080 2372 dixerat?
1124 2312 1260 2366 Nolo
1290 2311 1420 2364 enim
1456 2325 1540 2362 vos
1565 2308 1815 2378 ignorare,
1849 2303 2063 2373 fratres,

493 2414 610 2483 quia
650 2421 814 2482 patres
842 2406 1000 2461 nostri
1019 2419 1188 2458 omnes
1216 2403 1309 2456 sub
1335 2399 1464 2454 nube
1488 2400 1723 2468 fuerunt;
1753 2405 1797 2450 et
1821 2411 1988 2449 omnes
2014 2394 2068 2446 in

497 2503 672 2573 Moyse
693 2499 933 2571 baptizati
955 2504 1068 2550 sunt
1093 2495 1147 2548 in
1171 2493 1301 2548 nube
1322 2500 1367 2546 et
1391 2491 1442 2544 in
1468 2489 1634 2554 mari;
1666 2495 1712 2541 et
1737 2501 1905 2541 omnes
1931 2500 2072 2537 eum-

497 2597 609 2649 dem
638 2595 798 2648 cibum
834 2589 1146 2660 spiritualem
1169 2583 1611 2646 manducaverunt,
1643 2589 1691 2636 et
1727 2595 1895 2633 omnes
1929 2593 2068 2631 eum-

498 2679 611 2732 dem
637 2685 808 2746 potum
829 2672 1141 2743 spiritualem
1176 2669 1420 2722 biberunt.
1460 2665 1701 2720 Bibebant
1724 2663 1856 2717 enim
1883 2661 1944 2714 de
1962 2660 2071 2731 spi-

498 2768 670 2821 rituali
693 2772 924 2834 sequente
949 2769 1108 2831 petra.
1135 2758 1292 2813 Petra
1319 2766 1484 2810 autem
1503 2762 1609 2809 erat
1630 2753 1860 2809 Christus
1881 2750 1926 2822 (ι
1953 2750 2070 2805 Cor.

502 2877 562 2926 x,
619 2855 763 2928 1-4).
812 2854 915 2908 llas
967 2853 1161 2923 ﬁguras
1199 2857 1409 2904 nostras
1461 2846 1626 2900 fuisse
1662 2844 1750 2899 ille
1788 2843 1940 2907 dixit,
1988 2841 2074 2896 cui

503 2963 660 3003 nemo
689 2945 861 3000 ﬁdelis
886 2957 1114 3012 unquam
1140 2938 1476 2995 contradixit.
1510 2936 1578 2990 Et
1606 2949 1727 2991 cum
1757 2934 1919 2990 multa
1948 2947 2078 2988 enu-

504 3043 756 3098 meraret,
802 3047 961 3088 unam
1005 3046 1118 3085 rem
1165 3028 1333 3084 solam
1364 3027 1538 3091 solvit,
1579 3026 1698 3096 quia
1729 3025 1880 3090 dixit,
1921 3021 2079 3077 Petra

506 3137 670 3183 autem
695 3134 799 3180 erat
839 3121 1088 3180 Christus.
1130 3118 1398 3176 Solvendo
1425 3133 1585 3172 unum
1625 3115 1841 3186 aliquid,
1885 3122 2080 3169 caetera

507 3216 784 3288 preposuit
809 3211 1120 3284 inquirenda
1149 3229 1163 3263 :
1195 3209 1288 3265 sed
1316 3225 1383 3264 ne
1413 3207 1668 3264 recedens
1692 3222 1722 3260 a
1749 3206 1961 3261 Christo
1994 3206 2076 3260 in-

509 3309 732 3379 quisitor
756 3314 978 3374 erraret,
1002 3315 1060 3358 ut
1084 3304 1269 3358 ﬁrmus
1293 3310 1515 3372 quaerat,
1545 3300 1598 3354 in
1622 3307 1771 3368 petra
1791 3297 2078 3364 fundatus;

511 3400 689 3466 Petra,
715 3397 905 3468 inquit,
933 3403 1038 3450 erat
1063 3394 1312 3461 Christus.
1351 3391 1491 3447 Dixit
1511 3389 1631 3444 illas
1653 3388 1846 3459 ﬁguras
1875 3395 2084 3444 nostras

512 3490 698 3558 fuisse,
727 3497 782 3545 et
804 3488 1030 3544 obscura
1058 3493 1212 3540 erant
1239 3482 1439 3538 omnia.
1474 3480 1604 3548 Quis
1632 3480 1907 3535 evolveret
1930 3477 2082 3533 invo-

512 3583 656 3637 lucra
698 3581 799 3635 ista
848 3576 1173 3648 ﬁgurarum?
1215 3576 1334 3645 quis
1376 3571 1645 3644 aperiret?
1685 3571 1801 3642 quis
1821 3571 2086 3627 discutere

515 3673 772 3729 auderet?
801 3671 859 3726 lu
896 3668 1208 3741 quibusdam
1239 3667 1388 3738 quasi
1425 3665 1652 3721 dumetis
1681 3663 2011 3720 densissimis
2033 3672 2089 3718 et

516 3781 695 3823 crassa
743 3764 928 3818 umbra
971 3762 1144 3816 lumen
1188 3758 1429 3815 accendit
1472 3775 1486 3812 :
1529 3756 1704 3822 Petra,
1747 3757 1936 3826 inquit,
1980 3765 2088 3810 erat

519 3857 765 3912 Christus.
794 3855 910 3909 Jam
935 3867 1062 3922 ergo
1104 3851 1302 3905 lumine
1329 3849 1493 3913 illato,
1519 3861 1817 3918 quaramus
1837 3846 1961 3917 quid
1986 3861 2091 3902 ca:-

520 3957 631 4003 tera
648 3946 972 4016 signiﬁcent;
995 3940 1122 4012 quid
1141 3940 1241 3995 sibi
1262 3939 1445 4001 velint,
1471 3952 1638 4002 mare,
1663 3937 1850 4004 nubes,
1873 3951 2087 3991 manna.

519 4039 646 4092 llazc
672 4036 813 4092 enim
842 4049 946 4088 non
975 4031 1238 4102 exposuit,
1267 4029 1362 4086 sed
1387 4039 1537 4100 petra
1566 4028 1688 4098 quid
1727 4038 1869 4084 esset
1906 4037 2090 4083 osten-

520 4130 616 4185 dit.
643 4129 743 4183 Per
783 4141 931 4181 mare
958 4124 1227 4190 transitus,
1253 4123 1558 4192 Baptismus
1586 4129 1685 4176 est.
1718 4120 1823 4176 Sed
1851 4121 1973 4191 quia
2001 4121 2094 4175 ba-

522 4222 766 4292 ptismus,
820 4218 870 4272 id
914 4225 1015 4283 est,
1061 4216 1246 4270 salutis
1290 4230 1423 4284 aqua
1453 4230 1559 4268 non
1608 4222 1689 4268 est
1735 4213 1938 4278 salutis,
1991 4214 2095 4268 nisi

523 4309 718 4364 Christi
758 4306 972 4360 nomine
1000 4313 1327 4370 consecrata,
1359 4303 1446 4373 qui
1478 4318 1574 4372 pro
1603 4302 1753 4357 nobis
1782 4304 2092 4372 sanguinem

525 4398 677 4462 fudit,
704 4409 860 4450 cruce
887 4394 1052 4464 ipsius
1079 4409 1213 4462 aqua
1242 4397 1496 4461 signatur.
1528 4392 1640 4446 lloc
1682 4401 1738 4445 ut
1775 4393 2098 4462 signiﬁcaret

527 4491 616 4545 ille
646 4488 959 4557 baptismus,
1003 4499 1150 4538 mare
1191 4483 1423 4538 Rubrum
1454 4481 1569 4536 fuit.
1618 4482 1804 4536 Manna
1847 4481 1914 4536 de
1960 4483 2097 4538 caelo

527 4589 706 4650 aperte
746 4579 812 4632 ab
841 4580 953 4648 ipso
983 4562 1208 4630 Domino
1249 4575 1546 4644 exponitur.
1581 4573 1762 4628 Patres
1788 4576 1932 4629 vestri
1956 4593 2098 4630 man-

528 4674 852 4735 ducaverunt,
894 4668 1081 4737 inquit,
1124 4681 1309 4720 manna
1347 4666 1398 4719 in
1439 4681 1622 4731 eremo,
1667 4673 1713 4718 et
1740 4667 1924 4719 mortui
1957 4677 2095 4722 sunt.

527 4761 747 4830 Quando
773 4761 915 4814 enim
941 4759 1197 4823 viverent,
1227 4771 1345 4810 cum
1373 4754 1538 4825 figura
1566 4757 1919 4824 pranuntiare
1937 4757 2097 4813 vitam

529 4861 728 4924 posset,
759 4851 865 4904 vita
894 4863 1012 4905 esse
1039 4863 1147 4902 non
1175 4845 1391 4916 posset?
1418 4845 1866 4914 Manducaverunt,
1895 4848 2096 4918 inquit,

530 4960 735 5009 nmnna,
759 4952 804 4995 et
828 4941 1004 4995 mortui
1029 4949 1181 5004 sunt;
1211 4937 1261 4993 id
1291 4947 1390 5003 est,
1423 4952 1614 4992 manna
1643 4938 1781 5009 quod
1812 4939 2100 4995 manduca-

531 5045 721 5092 verunt
748 5049 852 5089 non
879 5033 996 5087 illos
1026 5031 1194 5102 potuit
1233 5030 1300 5086 de
1324 5039 1496 5085 morte
1537 5030 1764 5087 liberare
1794 5050 1807 5086 :
1836 5047 1942 5087 non
1980 5035 2101 5104 quia

530 5129 704 5195 ipsum
748 5139 939 5178 manna
984 5136 1128 5176 mors
1168 5122 1246 5175 eis
1291 5118 1410 5187 fuit,
1453 5121 1547 5176 sed
1593 5122 1714 5192 quia
1753 5137 1844 5178 eos
1871 5138 1900 5177 a
1932 5133 2102 5180 morte

533 5233 636 5272 non
676 5214 935 5269 liberavit.
968 5213 1059 5267 llle
1087 5212 1229 5267 enim
1250 5211 1567 5266 liberaturus
1593 5221 1707 5267 erat
1733 5227 1762 5266 a
1791 5223 1982 5280 morte,
2010 5216 2102 5286 qui

531 5324 628 5378 per
673 5320 863 5360 manna
889 5303 1229 5374 ﬁgurabatur.
1262 5302 1337 5356 De
1367 5303 1503 5358 coelo
1527 5313 1672 5358 certe
1712 5320 1902 5359 manna
1927 5307 2106 5361 venie-

530 5399 640 5464 bat,
686 5395 939 5450 attendite
965 5410 1120 5465 quem
1153 5393 1408 5465 ﬁgurabat
1440 5412 1453 5446 :
1493 5393 1604 5466 Ego
1635 5412 1766 5463 sum,
1797 5397 1983 5468 inquit,
2015 5416 2107 5469 pa-

533 5491 610 5542 nis
625 5489 808 5564 ,vivus,
853 5487 937 5556 qui
978 5486 1040 5539 de
1076 5485 1198 5539 calo
1244 5486 1476 5540 descendi
1523 5485 1710 5556 (Joan.
1737 5503 1814 5553 vr,
1845 5488 1934 5554 49,
1979 5489 2103 5561 51).

534 5581 680 5633 Sicut
709 5577 929 5632 studiosi
946 5587 1118 5632 autem
1141 5586 1193 5631 et
1213 5577 1349 5631 bene
1368 5576 1644 5646 vigilantes
1665 5579 1824 5633 verba
1841 5578 2106 5634 dominica

532 5671 807 5736 attendite,
841 5679 898 5724 ut
925 5669 1210 5740 proﬁciatis
1239 5678 1293 5725 et
1322 5670 1496 5740 legere
1533 5681 1586 5726 et
1614 5671 1798 5726 audire
1827 5673 2104 5729 noveritis.

535 5759 804 5826 Eumdem,
852 5761 1040 5832 inquit,
1086 5761 1249 5816 cibum
1295 5762 1609 5832 spiritualem
1659 5749 2109 5828 manducaverunt,

534 5851 674 5925 Quid
702 5861 803 5927 est,
851 5855 1093 5925 tumdem,
1141 5853 1242 5912 nisi
1276 5853 1397 5924 quia
1436 5868 1558 5910 eum
1587 5870 1742 5926 quem
1785 5859 1945 5916 etiam
1973 5861 2108 5918 nos?

1713 459 1770 516 S.
1811 458 1948 516 AUC
1958 451 2174 513 USTlNl
2219 445 2519 508 EPISCOPI

3579 433 3713 492 £552

2148 565 2314 622 Video
2341 564 2668 633 aliquantum
2696 571 2817 614 esse
2843 554 2910 612 ad
2938 551 3287 627 promendum
3313 546 3718 621 explicandum-

2144 674 2248 730 que
2289 656 2500 712 difﬁcile
2529 653 2669 724 quod
2697 653 2874 708 dicere
2921 647 3121 704 institui
3148 665 3160 701 :
3185 644 3278 700 sed
3305 642 3597 713 adjuvabor
3623 641 3717 698 be-

2146 748 2443 805 nevolentia
2467 754 2664 811 vestra,
2713 745 2825 798 haec
2865 740 2993 796 mihi
3020 754 3048 793 a
3080 738 3305 793 Domino
3351 735 3600 804 impetret
3637 730 3719 784 fa-

2148 841 2417 896 cultatem.
2470 835 2735 901 Eumdem,
2766 832 2954 902 inquit,
2985 830 3149 884 cibum
3168 825 3478 896 spiritualem
3506 822 3722 877 mandu-

2150 938 2402 984 caverunt.
2453 927 2745 982 Sutfecerat
2791 934 2847 977 ut
2890 923 3109 986 diceret,
3159 920 3346 974 Cibum
3393 915 3722 986 spiritualem

2152 1021 2615 1075 manducaverunt.
2636 1015 2901 1077 Eumdcm,
2923 1013 3107 1082 inquit.
3129 1009 3372 1064 Eumdem
3388 1023 3492 1061 non
3514 1006 3723 1060 invenio

2151 1111 2418 1181 quomodo
2447 1109 2756 1178 intelligam,
2800 1105 2900 1159 nisi
2929 1121 3048 1159 eum
3075 1117 3230 1174 quem
3255 1100 3636 1155 manducamus
3673 1107 3725 1153 et

2155 1219 2272 1260 nos.
2317 1202 2453 1271 Quid
2495 1216 2644 1271 ergo,
2685 1200 2757 1253 ait
2793 1197 3001 1266 aliquis,
3050 1195 3152 1249 hoc
3194 1202 3310 1247 erat
3337 1206 3530 1247 manna
3559 1189 3725 1256 illud,

2155 1294 2295 1365 quod
2339 1308 2440 1364 ego
2481 1306 2622 1347 nunc
2662 1288 2911 1360 accipio?
2947 1288 3088 1358 Ergo
3116 1285 3247 1340 nihil
3287 1284 3446 1339 modo
3488 1283 3649 1345 venit,
3683 1283 3728 1337 si

2157 1394 2279 1441 ante
2303 1385 2412 1456 jam
2439 1385 2554 1438 fuit.
2584 1384 2722 1453 Ergo
2747 1391 3056 1437 evacuatum
3093 1389 3175 1434 est
3198 1378 3502 1432 scandalum
3532 1376 3726 1431 crucis.

2159 1475 2436 1544 Quomodo
2463 1489 2592 1545 ergo
2615 1473 2862 1536 eumdem,
2891 1471 2989 1526 nisi
3011 1470 3131 1540 quia
3156 1467 3356 1523 addidit
3381 1466 3731 1538 spiritualem?

2160 1569 2289 1623 Nam
2315 1570 2404 1638 qui
2430 1581 2620 1622 manna
2651 1565 2776 1621 illud
2812 1565 2888 1618 sic
2915 1570 3252 1632 acceperunt,
3284 1569 3339 1614 ut
3367 1557 3733 1614 tantummodo

2162 1660 2463 1730 indigentia
2489 1673 2600 1714 suae
2643 1657 2904 1728 corporali
2945 1654 3189 1710 satisﬁeri
3221 1661 3484 1723 putarent,
3517 1660 3570 1706 et
3599 1667 3732 1706 ven-

2164 1762 2298 1808 trem
2336 1765 2490 1806 suum
2515 1751 2681 1822 pasci,
2717 1753 2825 1803 “non
2852 1755 3082 1803 mentem
3107 1763 3122 1812 ;
3153 1745 3278 1800 nihil
3307 1761 3552 1816 magnum
3579 1759 3735 1798 man-

2165 1842 2508 1906 ducaverunt,
2539 1839 2734 1896 factum
2759 1839 2886 1894 satis
2910 1847 2992 1894 est
3020 1852 3206 1893 eorum
3231 1837 3550 1906 indigentia.
3580 1835 3732 1890 Alios

2168 1934 2308 1990 Deus
2351 1933 2513 2003 pavit,
2564 1931 2680 1988 aliis
2721 1929 2916 2001 aliquid
2959 1929 3238 1984 nuntiavit.
3287 1928 3350 1983 Hi
3381 1928 3511 1984 tales
3555 1927 3737 1982 cibum

2165 2025 2495 2096 corporalem
2526 2022 2998 2089 manducaverunt,
3029 2036 3133 2076 non
3163 2019 3338 2076 cibum
3382 2020 3736 2090 spiritualem.

2167 2118 2310 2186 Quos
2357 2132 2484 2188 ergo
2524 2116 2651 2171 dicit
2695 2125 2875 2187 patres
2928 2124 3137 2170 nostros
3187 2114 3364 2170 cibum
3407 2113 3740 2184 Spiritualem

2169 2208 2414 2264 eumdem
2440 2205 2880 2262 manducavisse?
2921 2205 3066 2272 Quos
3093 2213 3358 2274 putamus,
3385 2203 3596 2270 fratres,
3637 2204 3744 2258 nisi

2171 2302 2408 2372 quivere
2461 2309 2638 2369 patres
2683 2299 2848 2353 nostri
2897 2297 3150 2352 fuerunt?
3203 2297 3314 2351 imo
3343 2306 3520 2366 patres
3568 2297 3748 2352 nostri

2171 2409 2277 2449 non
2321 2391 2554 2459 fuerunt,
2585 2389 2678 2446 sed
2719 2398 2860 2444 sunt.
2891 2388 3090 2445 Omnes
3117 2390 3256 2444 enim
3299 2389 3374 2443 illi
3421 2389 3621 2443 vivunt.
3655 2387 3752 2443 Sic

2173 2485 2315 2540 enim
2341 2482 2652 2554 quibusdam
2683 2481 2789 2536 illis
2833 2480 3132 2536 inﬁdelibus
3171 2480 3300 2535 dicit
3331 2481 3604 2546 Dominus,
3637 2478 3754 2533 Pa-

2175 2586 2272 2632 tres
2293 2577 2440 2632 vestri
2479 2576 2901 2629 manducaverunt
2946 2589 3132 2627 manna
3171 2574 3225 2627 in
3261 2589 3449 2642 eremo,
3491 2581 3536 2627 et
3566 2573 3755 2627 mortui

2176 2678 2310 2726 sunt.
2362 2668 2498 2736 Quid
2526 2676 2607 2722 est
2635 2666 2796 2730 enim,
2841 2665 3018 2719 Patres
3045 2666 3190 2720 vestri
3207 2683 3226 2732 ;
3255 2667 3376 2730 nisi,
3406 2680 3539 2735 quos
3565 2663 3758 2720 inﬁde-

2177 2762 2324 2817 litate
2362 2759 2661 2826 imitamini,
2707 2773 2930 2828 quorum
2961 2757 3074 2812 vias
3116 2772 3220 2812 non
3248 2755 3514 2811 credendo
3558 2764 3610 2810 et
3639 2756 3759 2812 Deo

2179 2851 2474 2910 resistendo
2513 2849 2824 2907 sectamini?
2872 2847 3171 2905 Secundum
3217 2864 3374 2918 quem
3419 2846 3755 2902 intellectum

2179 2945 2494 3017 quibusdam
2524 2944 2668 3007 dicit,
2681 2941 2784 2997 Vos
2810 2959 2839 2995 a
2861 2952 3002 3013 patre
3021 2940 3218 2995 diabolo
3240 2942 3357 2995 estis
3387 2942 3405 3011 (
3425 2940 3582 2995 Joan.
3614 2957 3712 2996 VII!
3738 2983 3754 3008 ,

2181 3036 2294 3108 44).
2326 3035 2509 3104 Neque
2534 3035 2674 3089 enim
2701 3032 2942 3087 diabolus
2975 3032 3204 3102 aliquem
3235 3031 3502 3086 hominem
3544 3032 3628 3086 vel
3655 3047 3762 3100 po-

2185 3128 2343 3184 tentia
2385 3127 2600 3193 creavit,
2632 3126 2717 3180 vel
2761 3125 3083 3195 generando
3109 3124 3406 3192 procreavit
3437 3142 3450 3177 :
3482 3136 3535 3179 et
3577 3134 3765 3183 tamen

2183 3218 2374 3274 dicitur
2402 3226 2552 3287 pater
2578 3216 2880 3284 impiorum,
2910 3229 3016 3269 non
3057 3225 3273 3284 prepter
3317 3215 3720 3285 generationem
3745 3258 3765 3286 ,

2185 3309 2280 3366 sed
2326 3317 2538 3379 propter
2579 3307 2947 3362 imitationem.
2998 3305 3146 3362 Sicut
3183 3321 3215 3362 e
3257 3315 3443 3362 contra
3486 3307 3553 3362 de
3601 3308 3768 3366 bonis

2186 3399 2394 3465 dicitur,
2418 3392 2556 3468 Ergo
2585 3413 2750 3451 semen
2774 3397 2990 3451 Abraha
3010 3398 3125 3451 estis
3149 3395 3346 3467 (Colat.
3376 3413 3453 3465 ιιι,
3480 3396 3571 3470 29)
3599 3417 3611 3453 :
3635 3415 3767 3457 cum

2186 3488 2429 3560 loquatur
2456 3487 2731 3553 Gentibus,
2782 3502 2898 3558 quae
2941 3491 3159 3558 stirpem
3200 3487 3374 3542 carnis
3417 3503 3484 3542 ex
3527 3488 3766 3547 Abrahae

2188 3594 2380 3652 genere
2401 3593 2504 3632 non
2526 3577 2806 3634 ducebant.
2838 3576 2961 3633 Filii
2981 3579 3121 3634 enim
3139 3587 3310 3645 erant,
3337 3593 3441 3632 non
3469 3574 3765 3648 nascendo,

2189 3668 2283 3724 sed
2304 3667 2575 3723 imitando.
2605 3668 2902 3738 Abrogatur
2928 3676 3103 3722 autem
3133 3674 3188 3722 et
3210 3667 3472 3723 alienatur
3492 3684 3520 3722 a
3542 3670 3770 3739 perﬁdis

2191 3771 2339 3832 pater
2380 3759 2674 3824 Abraham,
2721 3757 2931 3828 quando
2974 3759 3051 3813 eis
3095 3759 3344 3814 Dominus
3378 3760 3525 3826 dicit,
3560 3760 3621 3815 Si
3662 3762 3766 3830 ﬁlii

2191 3854 2406 3908 Abraha
2425 3855 2613 3916 essetis,
2637 3869 2789 3923 Opera
2811 3852 3028 3906 Abraha
3051 3853 3279 3924 faceretis
3299 3851 3477 3923 (Joan.
3510 3868 3620 3917 vui,
3645 3853 3766 3925 '59).

2193 3948 2259 4002 Et
2282 3955 2340 4001 ut
2364 3947 2516 4000 mala
2540 3945 2758 4000 arbores
2781 3943 2848 3998 de
2873 3943 3102 3998 Abraha:
3141 3943 3453 4013 paternitate
3477 3943 3770 4013 gloriantes

2194 4035 2604 4101 eradicarentur,
2635 4034 2726 4088 ﬁlii
2752 4033 2981 4090 Abraha:
3001 4037 3068 4088 de
3095 4033 3354 4103 lapidibus
3378 4034 3765 4103 promittuntur

2195 4127 2404 4200 (Matth.
2429 4143 2504 4192 ιιι,
2528 4124 2606 4197 9).
2636 4125 2783 4181 Sicut
2803 4139 2930 4196 ergo
2971 4124 3069 4179 hoc
3093 4123 3210 4178 loco
3230 4124 3374 4188 dicit,
3415 4122 3595 4178 Patres
3615 4125 3771 4180 vestri

2195 4219 2617 4274 manducaverunt
2648 4234 2832 4270 manna
2870 4217 2922 4270 in
2951 4233 3134 4279 eremo,
3174 4225 3222 4270 et
3263 4216 3445 4270 mortui
3473 4225 3586 4270 sunt
3613 4233 3632 4270 :
3656 4232 3771 4273 non

2196 4313 2334 4367 enim
2365 4310 2741 4365 intellexerunt
2765 4306 2903 4377 quod
2934 4305 3417 4371 manducaverunt;
3451 4306 3628 4376 itaque
3655 4321 3773 4362 non

2199 4400 2570 4470 intelligentes,
2596 4399 2770 4453 cibum
2797 4398 3006 4453 nonnisi
3050 4397 3379 4466 corporalem
3409 4404 3770 4466 acceperunt:

2199 4493 2276 4547 sic
2317 4500 2372 4547 ct
2411 4489 2696 4560 Apostolus
2744 4489 2890 4556 dicit,
2938 4497 3112 4558 patres
3159 4498 3389 4553 nostros,
3438 4503 3544 4542 non
3592 4496 3778 4557 patres

2199 4581 2521 4648 inﬁdelium,
2566 4596 2670 4636 non
2723 4590 2899 4650 patres
2945 4581 3244 4649 impiorum,
3293 4579 3672 4634 manducantes
3718 4589 3778 4634 et

2201 4673 2524 4736 morientes;
2565 4671 2656 4726 sed
2687 4681 2864 4740 patres
2892 4679 3121 4737 nostros,
3164 4678 3340 4740 patres
3370 4669 3624 4734 ﬁdelium,
3657 4669 3776 4739 spi-

2201 4763 2439 4818 ritualem
2469 4762 2641 4817 cibum
2668 4761 3034 4826 manducasse,
3065 4769 3118 4814 ct
3144 4759 3264 4814 ideo
3292 4759 3558 4815 eumdem.
3590 4757 3771 4814 Patres

2203 4854 2376 4918 nostri,
2408 4853 2594 4923 inquit,
2639 4851 2867 4904 eumdem
2903 4850 3064 4904 cibum
3093 4851 3404 4920 spiritualem
3432 4849 3766 4905 manducave-

2202 4953 2342 5010 runt,
2382 4953 2430 4998 et
2476 4942 2703 4996 eumdem
2749 4951 2917 5013 potant
2962 4940 3273 5012 spiritualem
3316 4940 3563 4995 biberunt.
3609 4939 3791 5001 Erant",

2205 5036 2346 5091 enim
2378 5035 2446 5089 ibi
2479 5033 2566 5104 qui
2597 5031 2737 5102 quod
2762 5030 3169 5095 manducabant,
3204 5031 3564 5100 intelligebant
3587 5049 3599 5085 :
3624 5034 3788 5086 erant‘;

2207 5126 2277 5181 ibi
2297 5125 2486 5196 quibus
2531 5125 2646 5194 plus
2688 5120 2929 5178 Christus
2975 5123 3026 5176 in
3074 5123 3254 5189 corde,
3286 5138 3444 5193 quam
3482 5138 3672 5177 manna
3723 5123 3786 5182 in

2209 5233 2303 5273 ore
2349 5215 2604 5286 sapiebat.
2656 5213 2790 5282 Quid
2839 5213 2905 5267 de
2951 5212 3068 5267 aliis
3120 5213 3434 5283 loquamur?
3483 5214 3608 5268 Inde
3663 5222 3787 5272 erat

2208 5309 2452 5381 primitus
2499 5308 2610 5376 ipse
2656 5305 2863 5377 Moyses
2904 5305 3132 5362 famulus
3176 5307 3305 5374 Dei,
3357 5307 3530 5363 ﬁdelis
3572 5309 3623 5360 in
3671 5315 3785 5366 tota

2207 5400 2365 5456 domo
2391 5398 2504 5468 ejus
2532 5395 2713 5468 (Hebr.
2752 5413 2832 5463 ιιι,
2857 5397 2939 5470 2),
2986 5399 3161 5455 sciens
3189 5399 3314 5469 quid
3345 5398 3696 5469 dispensaret,
3724 5406 3786 5455 et

2209 5493 2330 5565 quia
2360 5492 2450 5547 illo
2475 5499 2714 5560 tempore
2740 5489 2810 5544 ita
2835 5489 3126 5560 dispensari
3153 5491 3408 5546 deberent
3433 5492 3608 5546 clausa
3639 5505 3782 5560 pne-

2210 5583 2456 5650 sentium,
2505 5590 2686 5650 aperta
2733 5579 3047 5636 futurorum.
3091 5581 3325 5634 Breviter
3366 5596 3492 5652 ergo
3516 5581 3738 5636 dixerim
3765 5597 3784 5636 :

2211 5675 2529 5745 quicumque
2554 5674 2605 5726 in
2626 5687 2815 5726 manna
2836 5671 3105 5726 Christum
3123 5670 3516 5739 intellexerunt,
3534 5672 3784 5728 eumdem

2212 5781 2368 5837 quem
2395 5780 2492 5819 nos
2536 5763 2712 5818 cibum
2759 5762 3085 5832 spiritualem
3133 5761 3618 5828 manducaverunt;
3664 5763 3792 5832 qui-

2212 5872 2438 5932 cumque
2463 5866 2639 5914 autem
2672 5856 2738 5914 de
2765 5870 2956 5914 manna
2982 5857 3148 5914 solam
3186 5858 3512 5916 saturitatem
3553 5856 3785 5933 quaesie-
