4080 6360
329 353 471 415 1558

320 483 479 542 runt,
523 480 703 545 patres
746 468 1035 527 inﬁdelium
1075 466 1558 535 manducaverunt,
1604 473 1660 521 et
1701 464 1894 521 mortui

318 580 464 627 sunt.
495 567 585 623 Sic
626 566 784 620 etiam
830 562 1076 619 eumdem
1125 571 1305 633 potum
1340 559 1538 617 :Petra
1575 559 1706 613 enim
1750 555 1897 611 Chric

316 672 445 715 stus.
492 656 754 712 Eumdem
795 671 921 725 ergo
959 664 1140 724 potum
1169 668 1331 723 quem
1359 667 1476 718 nos,
1508 650 1601 706 sed
1642 648 1891 719 spiritua-

318 751 466 814 lem;
496 749 548 803 id
577 756 678 814 est,
728 747 817 817 qui
866 746 969 801 ﬁde
1012 746 1336 815 capiebatur,
1382 757 1490 798 non
1539 741 1630 812 qui
1670 753 1893 809 corpore

320 841 680 896 hauriebatur.
731 838 967 893 Audistis
1016 836 1263 892 eumdem
1314 843 1517 907 potum,
1572 831 1731 886 Petra
1789 839 1895 885 erat

317 934 547 987 Christus
576 947 596 986 :
622 947 727 985 non
773 930 913 983 enim
960 930 1093 983 alter
1112 927 1355 986 Christus
1379 936 1524 991 tunc,
1570 924 1705 979 alter
1731 930 1890 977 nunc.

317 1025 497 1081 Altera
524 1022 737 1093 quidem
776 1022 861 1076 illa
901 1029 1047 1090 petra
1075 1017 1269 1092 (Exod.
1298 1033 1433 1085 xvn,
1459 1017 1536 1087 6),
1581 1016 1719 1071 alter
1746 1015 1891 1084 lapis

316 1134 473 1186 quem
502 1117 601 1171 sibi
630 1115 805 1186 posuit
841 1113 907 1168 ad
938 1110 1279 1182 caputlacob
1316 1108 1467 1182 (Gen.
1517 1123 1711 1171 xxvm,
1758 1105 1847 1178 11)
1876 1121 1892 1169 ς

315 1211 452 1263 alter
476 1223 645 1278 agnus
682 1207 889 1261 occisus
917 1213 975 1259 ut
1020 1204 1429 1259 manducaretur
1467 1201 1668 1256 Pascha
1694 1198 1889 1269 (Exod.

316 1305 442 1373 xu),
498 1304 633 1358 alter
679 1302 819 1358 aries
856 1301 1066 1357 haereus
1106 1301 1157 1353 iu
1205 1299 1454 1369 vepribus
1493 1294 1848 1351 immolandus
1873 1336 1889 1362 ,

314 1393 529 1462 quando
570 1393 677 1448 ﬁlio
729 1408 826 1448 suo
877 1391 1113 1463 pepercit
1162 1389 1430 1446 Abraham
1474 1388 1695 1458 jussus,
1734 1401 1891 1456 quem

312 1489 495 1554 jussus
533 1484 797 1540 obtulerat
832 1485 852 1553 (
874 1482 1000 1549 Gen,
1040 1498 1152 1537 nu
1182 1524 1197 1549 ,
1238 1479 1353 1552 15)
1396 1498 1411 1539 :
1450 1479 1623 1534 altera
1685 1478 1799 1533 ovis
1838 1485 1894 1532 et

313 1580 486 1632 altera
513 1578 656 1641 ovis,
705 1576 840 1631 alter
878 1575 1014 1645 lapis
1057 1584 1111 1630 et
1151 1574 1283 1629 alter
1327 1570 1479 1641 lapis,
1530 1569 1673 1625 idem
1714 1579 1892 1624 tamen

313 1669 589 1732 Christus;
620 1667 740 1722 ideo
765 1665 1010 1720 eumdem
1036 1664 1235 1729 cibum,
1260 1662 1381 1717 ideo
1408 1660 1655 1716 eumdem
1681 1667 1888 1729 potum.

314 1762 557 1829 Denique
606 1772 857 1829 percussa
919 1764 1000 1812 est
1058 1748 1169 1825 ipsa
1211 1762 1359 1824 petra
1409 1752 1591 1822 ligno,
1639 1758 1699 1805 ut
1753 1763 1889 1819 aqua

312 1851 605 1906 deﬂueret:
624 1850 767 1919 virga
787 1848 925 1903 enim
950 1860 1195 1917 percussa
1217 1852 1298 1900 est
1315 1842 1506 1915 (Exod.
1529 1857 1656 1909 xvn,
1686 1841 1721 1897 5
1745 1848 1790 1896 et
1808 1838 1891 1911 6).

312 1946 491 2013 Quare
519 1944 683 2013 ligno,
724 1958 828 1997 non
858 1940 1020 2006 ferro,
1070 1939 1171 1995 nisi
1198 1937 1320 2009 quia
1371 1953 1500 1993 crux
1524 1934 1593 1991 ad
1624 1934 1893 1991 Christum

313 2035 564 2100 accessit,
590 2044 647 2086 ut
675 2031 829 2087 nobis
844 2030 1065 2102 gratiam
1099 2026 1439 2098 propinaret?
1463 2024 1722 2081 Eumdem
1764 2038 1894 2092 ergo

312 2129 516 2191 cibum,
551 2126 795 2181 eumdem
821 2133 1023 2195 potum,
1048 2122 1139 2179 sed
1170 2122 1580 2192 intelligentibus
1599 2129 1651 2176 et
1675 2119 1895 2176 creden-

311 2221 474 2275 tibus.
492 2219 607 2274 Non
623 2216 1235 2289 intelligentibusautem,
1250 2214 1377 2269 illud
1390 2215 1561 2270 solum
1580 2228 1790 2279 manna,
1807 2212 1894 2267 illa

312 2316 427 2370 sola
455 2329 621 2383 aqua;
652 2313 740 2367 ille
765 2311 917 2367 cibus
946 2309 1223 2375 esurienti,
1246 2316 1401 2379 potus
1428 2308 1528 2362 iste
1552 2307 1766 2371 sitienti;
1795 2320 1895 2362 nec

310 2405 426 2471 ille,
454 2420 554 2460 nec
583 2405 682 2459 iste
711 2402 947 2459 credenti
972 2420 984 2455 :
1008 2400 1245 2456 credenti
1258 2409 1431 2455 autem
1456 2399 1593 2454 idem
1621 2403 1709 2469 qui
1732 2413 1890 2455 nunc.

311 2496 465 2551 Tunc
480 2497 621 2551 enim
637 2493 876 2550 Christus
889 2501 1162 2559 venturus,
1180 2490 1336 2546 modo
1347 2490 1583 2546 Christus
1596 2490 1712 2544 veni
1722 2490 1902 2547 [Νοτιε-

312 2596 466 2642 turus
495 2596 549 2641 et
580 2587 743 2651 venit,
774 2585 981 2639 diversa
1004 2583 1165 2637 verba
1191 2591 1332 2647 sunt,
1351 2582 1443 2636 sed
1466 2581 1604 2637 idem
1632 2580 1893 2637 Christus.

383 2680 438 2732 4.
475 2677 644 2748 Moysi
689 2676 931 2730 dubitatio
966 2675 1251 2747 ﬁgurativa.
1283 2673 1493 2744 Aliquid
1538 2673 1730 2738 etiam,
1759 2688 1893 2743 quo-

311 2770 459 2825 niam
507 2785 596 2825 res
636 2769 783 2825 venit
824 2770 876 2823 in
905 2767 1172 2832 medium,
1221 2766 1288 2823 de
1333 2766 1660 2822 dubitatione
1710 2766 1894 2821 famuli

310 2862 412 2918 Dei
453 2863 620 2935 Moysi
672 2863 793 2917 volo
840 2862 1039 2917 dicere.
1076 2860 1270 2931 Figura
1310 2861 1451 2915 enim
1502 2867 1618 2915 erat
1659 2868 1895 2915 veterum

312 2957 477 3011 etiam
504 2957 604 3010 ista
648 2963 970 3010 sanctorum.
1007 2952 1273 3008 Dubitavit
1302 2951 1370 3007 ad
1411 2966 1599 3022 aquam
1645 2951 1892 3022 Moyses;

311 3048 530 3117 quando
559 3056 760 3117 petram
783 3047 926 3117 virga
957 3045 1220 3115 percussit
1252 3052 1309 3099 ut
1332 3059 1465 3114 aqua
1490 3043 1713 3111 ﬂueret,
1741 3044 1894 3100 dubi-

310 3142 465 3196 tavit.
504 3141 895 3195 Dubitationem
927 3146 1101 3193 autem
1139 3136 1256 3207 ejus
1298 3136 1479 3207 legens
1503 3134 1727 3207 quisque
1756 3136 1896 3191 forte

311 3234 597 3300 transiret,
625 3247 723 3287 nec
750 3230 1089 3302 intelligeret,
1120 3230 1239 3300 quia
1268 3244 1366 3285 nec
1386 3245 1627 3301 qumrcre
1652 3230 1889 3286 auderet.

309 3325 544 3381 Domino
583 3332 758 3379 autem
803 3323 913 3378 Deo
954 3321 1211 3377 dubitatio
1243 3321 1327 3376 illa
1356 3321 1641 3392 displicuit,
1687 3330 1741 3377 et
1776 3338 1895 3378 eam

309 3417 548 3483 notavit,
578 3431 681 3471 non
709 3416 878 3471 solum
906 3413 1203 3484 arguendo,
1250 3413 1343 3469 sed
1370 3414 1527 3470 etiam
1554 3414 1888 3470 vindicando.

309 3508 447 3564 Nam
480 3517 696 3577 propter
735 3507 871 3561 hanc
897 3504 1278 3561 dubitationem
1309 3503 1502 3559 dicitur
1522 3505 1717 3578 Moysi,
1768 3506 1889 3562 Non

307 3598 601 3653 introducas
646 3606 699 3651 tu
742 3596 986 3667 populum
1025 3596 1079 3650 in
1118 3605 1306 3651 terram
1335 3596 1678 3667 promissionis
1704 3597 1889 3667 (Num.

311 3689 562 3760 ιχ,12).
586 3689 809 3742 Ascende
830 3689 883 3741 in
904 3696 1153 3754 montem,
1197 3697 1244 3741 et
1268 3703 1461 3742 morere
1489 3687 1663 3759 (Deut.
1704 3705 1850 3744 χχχιι
1875 3732 1890 3757 ,
1932 3696 1945 3706 ⁸

310 3780 430 3849 49).
456 3780 598 3835 Deus
626 3779 712 3835 hic
758 3781 941 3850 utique
986 3787 1203 3850 apparet
1249 3778 1435 3834 iratus.
1482 3779 1615 3846 Quid
1675 3797 1799 3851 ergo
1828 3781 1895 3838 de

308 3872 523 3943 Moyse,
548 3870 736 3926 fratres
762 3871 903 3926 mei?
930 3868 1117 3926 Omnis
1141 3869 1230 3925 ille
1250 3869 1400 3926 labor
1423 3871 1535 3941 ejus
1556 3914 1569 3937 ,
1597 3874 1770 3927 omnis
1797 3888 1893 3943 pro

311 3965 514 4035 populo
540 3971 702 4018 testus
724 3963 839 4033 ejus
860 4006 875 4031 ,
906 3971 961 4019 et
988 3963 1076 4019 illa
1096 3963 1328 4019 Charitas
1348 4005 1363 4031 ,
1395 3964 1577 4019 dicens
1597 4006 1612 4031 ,
1643 3964 1704 4021 Si
1724 3966 1895 4021 dimit-

311 4063 377 4115 tis
406 4062 515 4115 illis
542 4070 797 4131 peccatum
820 4102 833 4127 ,
861 4061 1196 4133 dimitte;rsin
1218 4070 1415 4127 autem,
1439 4060 1551 4115 dele
1574 4077 1652 4114 me
1677 4061 1740 4116 de
1765 4061 1892 4115 libro

311 4164 399 4206 tuo
444 4151 637 4223 (Exod.
668 4167 849 4217 χχχιι,
896 4150 998 4218 51,
1029 4151 1156 4223 52),
1188 4152 1287 4206 hac
1324 4151 1494 4207 subita
1534 4159 1589 4206 et
1616 4151 1892 4220 repentina

311 4245 647 4299 dubitatione
672 4243 915 4299 damnata
951 4243 1065 4299 est?
1090 4242 1157 4298 Et
1191 4242 1316 4313 quid
1348 4251 1431 4299 est
1468 4241 1609 4314 quod
1636 4243 1895 4298 conclusit

312 4338 489 4392 lector
510 4351 633 4390 cum
658 4336 966 4405 Apostolum
999 4335 1232 4405 legeret,
1259 4336 1491 4390 Charitas
1529 4352 1781 4405 nunquam
1808 4352 1895 4389 ca-

310 4428 387 4482 dit
410 4426 455 4497 (ι
498 4425 615 4480 Cor.
646 4441 771 4489 xm,
804 4426 895 4497 8)?
920 4425 1052 4480 Cum
1078 4425 1317 4496 quazdam
1348 4426 1599 4481 solvenda
1626 4440 1893 4495 propone-

309 4535 461 4585 rem,
486 4518 714 4573 studium
737 4527 970 4574 vestrum
1011 4533 1097 4571 me
1140 4517 1263 4571 fecit
1290 4526 1343 4571 ct
1380 4517 1519 4571 aliud
1561 4532 1890 4588 proponere,

314 4608 464 4680 quod
496 4607 631 4663 forte
660 4623 765 4663 non
796 4608 1122 4679 qumreretis.
1150 4607 1433 4663 Videamus
1458 4622 1584 4677 ergo
1602 4650 1615 4673 ,
1639 4617 1691 4661 et
1720 4607 1895 4662 adhuc

312 4709 576 4771 quantum
620 4715 900 4770 possumus
942 4714 1197 4755 conemur
1238 4707 1519 4769 penetrare
1558 4699 1890 4769 mysterium.

311 4795 571 4851 irascitur
594 4795 762 4861 Deus,
792 4795 920 4850 dicit
964 4809 1086 4850 eum
1128 4809 1234 4848 non
1271 4793 1691 4848 introducturum
1723 4806 1894 4861 popu-

312 4888 423 4942 lum
475 4886 529 4940 in
562 4893 752 4941 terram
804 4883 1201 4954 promissionis;
1238 4883 1392 4957 jubet
1431 4891 1491 4937 ut
1536 4882 1785 4938 ascendat
1838 4883 1892 4937 in

314 4985 558 5032 montem
586 4984 637 5031 et
659 4975 934 5029 moriatur.
958 4974 1023 5028 Et
1050 4982 1222 5028 tamen
1244 4973 1409 5027 multa
1434 4972 1661 5042 injungit
1692 4972 1894 5042 agenda

312 5069 494 5124 eidem
538 5066 704 5139 Moysi
743 5084 756 5121 :
783 5066 932 5136 jubet
985 5063 1108 5134 quid
1137 5071 1284 5134 agat,
1335 5063 1600 5133 quomodo
1642 5063 1894 5134 populum

314 5160 598 5231 disponat,
625 5158 891 5229 quomodo
911 5172 1014 5212 non
1036 5156 1299 5225 relinquat
1323 5156 1519 5225 passim
1550 5165 1603 5211 et
1630 5156 1895 5226 negligen-

316 5260 419 5308 ter.
476 5252 752 5321 Nunquam
796 5250 896 5303 ista
948 5246 1198 5302 damnato
1244 5246 1522 5316 injungere
1567 5245 1890 5317 dignaretur.

314 5342 480 5399 Aliud
502 5342 724 5411 accipite
748 5338 1061 5394 mirabilius.
1094 5338 1355 5404 Quoniam
1393 5338 1595 5393 dictum
1625 5347 1707 5395 est
1728 5324 1895 5412 Moysi

316 5434 447 5507 (hoc
471 5434 611 5489 enim
640 5430 837 5501 placuit
880 5430 991 5484 Deo
1015 5432 1146 5484 certi
1192 5429 1431 5501 mysterii
1460 5430 1896 5501 dispensationis-

313 5541 425 5597 que
443 5523 637 5595 gratia)
667 5522 806 5593 quod
842 5521 1029 5591 ipsein
1059 5529 1253 5574 terram
1277 5520 1648 5590 promissionis
1676 5537 1783 5581 non
1812 5523 1894 5577 in-

316 5617 625 5672 troduceret
670 5613 951 5684 populum,
981 5610 1189 5681 eligitur
1230 5610 1366 5666 alius
1414 5610 1567 5666 Jesus
1614 5611 1795 5679 Nave;
1841 5622 1896 5669 et

316 5712 423 5768 iste
446 5710 607 5765 homo
627 5722 733 5765 non
762 5707 862 5761 hoc
888 5703 1100 5760 nomine
1130 5704 1415 5759 vocabatur
1434 5745 1447 5767 ,
1476 5704 1763 5760 vocabatur
1786 5706 1895 5761 Au-

319 5816 411 5859 ses
439 5800 622 5876 (Num.
648 5814 740 5856 xm
759 5840 775 5866 ,
803 5795 915 5868 17).
944 5794 1155 5852 Etcum
1184 5794 1231 5851 ci
1260 5794 1695 5853 introduccndum
1728 5810 1894 5868 popu-

1741 341 1965 398 Slil‘tllU
2004 343 2237 402 (ICtiLll.

3432 362 3572 427 1551

2002 461 2107 520 1ιιιη
2149 469 2354 540 Moyses
2382 460 2801 541 commendaret,
2835 476 3042 535 vocavit
3065 494 3187 537 eum
3209 522 3224 548 ,
3269 489 3322 538 et
3348 485 3572 540 mutavit

2001 561 2049 615 ei
2088 578 2314 630 nomen,
2371 572 2423 617 et
2474 567 2753 633 appellavit
2801 584 2923 624 eum
2970 570 3150 627 Jesum
3184 589 3197 625 ε
3226 582 3283 627 ut
3322 588 3429 629 non
3464 591 3571 645 .per

2000 654 2213 726 Moysen
2239 697 2251 718 ,
2284 656 2375 710 sed
2409 672 2501 724 per
2528 658 2704 713 Jesum
2731 702 2744 726 ,
2789 660 2839 715 id
2867 669 2949 717 est
2971 679 3073 717 non
3104 679 3199 733 per
3223 664 3389 733 legem
3412 706 3426 730 ,
3474 666 3567 721 sed

2000 761 2096 815 per
2131 748 2351 814 gratiam
2404 749 2629 817 pepultts
2691 751 2780 804 Dei
2843 752 2893 805 in
2956 763 3146 809 terram
3206 756 3571 825 promissionis

2000 840 2239 896 intraret.
2283 842 2430 897 Sicut
2470 852 2645 899 autem
2707 844 2860 901 Jesus
2920 848 3009 903 ille
3073 865 3177 903 non
3237 866 3413 919 verus,
3473 851 3567 907 sed

2000 933 2280 1004 ﬁguratus;
2328 935 2398 989 ita
2433 937 2588 991 etiam
2632 946 2769 993 terra
2797 940 3156 1008 promissionis
3204 942 3288 996 illa
3317 958 3420 997 non
3473 959 3568 998 ven

1998 1039 2091 1091 ra,
2128 1026 2219 1080 sed
2267 1027 2503 1095 ﬁgurata.
2546 1028 2637 1085 llla
2664 1029 2804 1084 enim
2842 1029 3037 1099 p0pulo
3087 1031 3258 1101 primo
3299 1042 3568 1103 tempora-

1999 1116 2064 1171 lis
2090 1117 2186 1172 fuit
2218 1137 2229 1171 :
2258 1120 2409 1199 nobis
2436 1137 2554 1191 qua:
2582 1123 2834 1192 promissa
2854 1134 2963 1190 est,
2991 1132 3186 1179 mterna
3217 1127 3335 1179 erit.
3369 1128 3472 1183 Sed
3502 1128 3565 1181 ﬁ-

1997 1210 2139 1277 guris
2170 1210 2545 1279 temporalibus
2573 1214 3015 1282 promittebantur
3039 1223 3093 1269 ct
3134 1218 3561 1285 prmnuntiahau-

1998 1308 2086 1355 tur
2108 1311 2322 1357 :eterna.
2365 1303 2513 1359 Sicut
2549 1320 2676 1375 ergo
2698 1305 2785 1361 ille
2812 1321 2913 1361 non
2944 1321 3098 1361 verus
3124 1306 3278 1363 Jesus
3298 1349 3313 1374 ,
3351 1296 3453 1363 nec
3478 1310 3562 1364 illa

1996 1400 2137 1449 terra
2159 1396 2524 1464 promissionis
2549 1413 2670 1453 vera
2689 1442 2703 1466 ,
2731 1398 2823 1454 sed
2848 1398 3067 1469 ﬁgurata
3094 1415 3110 1453 :
3138 1400 3210 1455 ita
3239 1415 3429 1455 manna
3455 1417 3561 1455 non

1996 1487 2144 1543 cibus
2187 1505 2311 1544 vere
2362 1491 2626 1559 ccelestis,
2673 1493 2766 1549 sed
2819 1493 3109 1564 ﬁguratus;
3157 1494 3226 1550 ita
3283 1504 3429 1565 petra
3480 1497 3564 1550 illa

1950 1614 1957 1621 υ
1997 1593 2100 1634 non
2157 1597 2283 1637 vere
2325 1583 2598 1649 Christus,
2661 1586 2755 1641 sed
2796 1585 3077 1656 ﬁguratus,
3116 1596 3170 1643 et
3227 1587 3305 1643 sic
3368 1589 3564 1642 omnia.

1996 1671 2162 1737 Quam
2211 1690 2337 1743 ergo
2388 1676 2487 1730 sibi
2555 1677 2716 1747 exigit
2770 1678 3243 1735 considerationem
3309 1679 3564 1736 dubitatio

1968 1784 1971 1787 ·
1996 1760 2206 1834 Moysi?
2233 1764 2309 1819 Ne
2338 1764 2475 1821 forte
2507 1774 2560 1821 et
2596 1767 2667 1822 ibi
2693 1767 2866 1839 aliqua
2905 1769 3070 1840 ﬁgura
3100 1786 3349 1840 expressa
3379 1773 3479 1838 sit,
3513 1783 3567 1827 et

1996 1851 2229 1908 innuerit
2257 1854 2597 1926 intelligenti,
2625 1866 2679 1912 et
2704 1859 2768 1912 ad
2806 1860 3174 1930 inquirendum
3214 1863 3566 1917 commoverit

1996 1952 2050 1999 et
2080 1947 2439 2013 provocaverit
2464 1947 2717 2004 animum.
2738 1948 2907 2004 Video
2933 1951 3072 2005 enim
3089 1960 3141 2007 et
3160 1961 3277 2021 post
3306 1952 3444 2006 illam
3471 1953 3569 2007 du«

1995 2033 2301 2091 bitationem
2324 2078 2338 2100 ,
2371 2046 2425 2092 et
2452 2046 2573 2108 post
2608 2040 2738 2094 iram
2770 2040 2895 2108 Dei,
2926 2050 2979 2096 et
3009 2050 3127 2112 post
3155 2044 3327 2099 minas
3354 2045 3561 2111 mortis,

1997 2133 2051 2180 et
2080 2136 2197 2195 post
2243 2128 2591 2184 remotionem
2620 2131 2689 2187 ab
2729 2131 3117 2188 introductione
3160 2134 3336 2204 populi
3364 2136 3416 2189 in
3452 2143 3564 2191 ter-

1996 2232 2112 2273 ram
2135 2219 2519 2288 promissionis,
2548 2222 2713 2276 multa
2738 2223 2905 2278 Deum
2935 2224 3011 2280 sic
3035 2224 3212 2280 dicere
3232 2226 3298 2279 ad
3324 2225 3562 2298 Moysen,

1997 2317 2248 2381 tanquam
2278 2310 2342 2365 ad
2366 2314 2624 2377 amicum,
2647 2314 2914 2384 quomodo
2939 2323 2993 2371 et
3018 2325 3171 2371 antea
3208 2316 3517 2387 loquebatur
3549 2334 3563 2371 :

1997 2416 2166 2470 usque
2204 2401 2337 2457 adeo
2363 2411 2420 2456 ut
2446 2402 2546 2473 ipsi
2578 2403 2704 2461 Jesu
2731 2404 2876 2461 Nave
2912 2405 3225 2461 obedientim
3267 2407 3565 2477 exemplum

1998 2491 2065 2547 de
2090 2492 2269 2565 Moyse
2297 2500 2655 2564 proponatur,
2686 2502 2740 2551 et
2775 2496 2878 2553 hoc
2915 2512 3035 2552 eum
3067 2507 3279 2554 moneat
3308 2499 3447 2553 Deus
3467 2540 3480 2565 ,
3511 2513 3569 2550 υ.-

1998 2582 2075 2638 sic
2121 2584 2170 2638 ei
2200 2588 2430 2652 serviat,
2460 2587 2725 2657 quomodo
2761 2588 2975 2643 servivit
3009 2588 3249 2663 Moyses;
3294 2599 3347 2644 et
3392 2590 3469 2643 sic
3506 2606 3564 2645 se

1997 2676 2277 2745 pollicetur
2319 2693 2439 2732 cum
2479 2693 2545 2734 eo
2586 2678 2856 2745 futurum,
2900 2681 3165 2751 quomodo
3206 2696 3324 2735 cum
3365 2680 3565 2751 Moyse.

1998 2769 2311 2834 Evidenter,
2357 2771 2689 2840 charissimi,
2731 2772 3042 2842 constringit
3086 2787 3185 2827 nos
3229 2774 3342 2841 ipse
3386 2772 3564 2838 Deus,

1998 2876 2103 2916 non
2133 2862 2328 2931 passim
2372 2862 2763 2932 reprehendere
2784 2906 2797 2929 ,
2829 2863 2922 2919 sed
2963 2862 3257 2935 intelligere
3283 2863 3567 2919 dubitatio-

1998 2971 2119 3011 nem
2145 2955 2329 3027 Moysi.
2359 2957 2550 3027 Figura
2589 2966 2737 3027 petra
2757 2957 2960 3027 jacens,
3002 2957 3166 3027 ﬁgura
3197 2958 3340 3027 virga
3377 2971 3569 3027 percu‘

2000 3048 2166 3113 tiens,
2196 3047 2359 3118 ﬁgura
2405 3064 2535 3118 aqua
2562 3047 2734 3103 ﬂuens
2753 3090 2768 3116 ,
2799 3048 2962 3119 ﬁgura
2984 3055 3039 3104 et
3064 3049 3272 3119 Moyses
3300 3047 3567 3103 dubitans.

1998 3138 2065 3193 Et
2104 3139 2175 3193 ibi
2196 3138 2486 3203 dubitavit,
2519 3139 2604 3193 ubi
2635 3139 2910 3208 percussit.
2934 3138 3068 3195 Hinc
3093 3137 3229 3194 facta
3254 3145 3336 3193 est
3363 3137 3571 3193 dubita-

1998 3232 2074 3287 tio
2107 3231 2307 3303 Moysi,
2357 3231 2567 3301 quando
2595 3231 2791 3300 lignum
2821 3231 3046 3286 accessit
3090 3230 3157 3285 ad
3196 3238 3417 3299 petram.
3451 3226 3567 3284 Jam

2000 3325 2216 3380 veloces
2256 3325 2570 3394 praevolant,
2614 3324 2721 3379 imo
2757 3323 2937 3378 tardos
2964 3321 3221 3392 patienter
3239 3327 3568 3392 exspectent.

1996 3417 2268 3472 Dubitavit
2295 3417 2506 3488 Moyses
2531 3416 2742 3485 quando
2768 3415 2964 3486 lignum
2988 3414 3211 3470 accessit
3236 3413 3300 3467 ad
3328 3420 3566 3482 petram:

1998 3510 2372 3566 dubitaverunt
2422 3509 2663 3579 discipuli
2715 3507 2925 3578 quando
2984 3506 3227 3563 viderunt
3278 3504 3565 3560 Dominum

1998 3600 2326 3655 cruciﬁxum.
2375 3601 2571 3655 llorum
2616 3600 2833 3669 ﬁguram
2880 3598 3096 3669 gerebat
3121 3596 3346 3668 Moyses.
3376 3593 3568 3665 Figura

1997 3702 2114 3749 erat
2143 3694 2286 3748 Petri
2329 3694 2470 3748 illius
2500 3702 2580 3747 ter
2606 3692 2864 3762 negantis.
2911 3690 3085 3760 Quare
3125 3689 3317 3744 Petrus
3353 3686 3567 3743 dubita-

1998 3786 2114 3841 vit?
2134 3786 2265 3855 Quia
2284 3786 2478 3856 lignum
2500 3796 2660 3856 petrte
2687 3783 3075 3856 pr0pinquavit.
3100 3781 3233 3836 Cum
3252 3780 3434 3836 mortis
3458 3793 3569 3835 suae

1996 3894 2163 3950 genus
2180 3920 2195 3947 ,
2224 3878 2276 3932 id
2297 3887 2411 3944 est,
2442 3892 2652 3933 crucem
2679 3876 2848 3945 ipsam
2875 3873 3255 3946 praenuntiaret
3279 3869 3566 3937 Dominus,

1998 3972 2113 4042 ipse
2140 3972 2328 4027 Petrus
2354 3970 2563 4039 expavit
2594 3987 2607 4022 :
2636 3967 2776 4021 Absit
2796 3984 2826 4020 a
2847 3975 2925 4034 te,
2952 3964 3196 4032 Domine,
3225 3980 3325 4018 non
3348 3961 3441 4016 erit
3471 3961 3566 4016 hoc

1999 4063 2208 4136 (Matth.
2237 4080 2325 4119 xvr
2348 4107 2362 4131 ,
2385 4062 2499 4134 22).
2534 4060 2750 4116 Dubitas
2770 4101 2784 4127 ,
2813 4060 2933 4130 quia
2964 4066 3127 4127 petrae
3152 4055 3430 4111 imminere
3456 4054 3567 4108 vir-

1997 4170 2115 4226 gam
2142 4155 2310 4209 vides.
2354 4152 2477 4208 ldeo
2505 4166 2652 4221 spem
2683 4165 2830 4205 suam
2847 4190 2862 4215 ,
2904 4164 3063 4218 quam
3088 4145 3339 4217 gerebant
3362 4144 3430 4199 de
3457 4144 3565 4199 Do-

1996 4246 2142 4300 mino
2166 4244 2436 4314 discipuli,
2465 4250 2590 4296 tunc
2618 4238 2960 4311 perdiderunt
2991 4256 3005 4289 :
3034 4235 3263 4308 quodam
3291 4233 3449 4289 modo
3477 4233 3565 4288 in-

1997 4344 2228 4405 tercepta
2242 4344 2341 4401 est,
2360 4332 2569 4404 quando
2586 4331 2893 4387 cruciﬁxum
2924 4328 3190 4393 viderunt,
3204 4324 3411 4395 quando
3425 4324 3571 4394 plan-

1996 4435 2188 4483 xerunt
2200 4426 2448 4482 occisum.
2463 4423 2662 4478 Invenit
2673 4436 2766 4477 eos
2778 4429 2896 4491 post
2905 4418 3343 4474 resurrectionem
3357 4415 3572 4487 loquen-

2000 4527 2077 4574 tes
2099 4519 2237 4573 inter
2252 4532 2309 4572 se
2328 4515 2395 4570 de
2415 4515 2514 4569 hac
2538 4528 2618 4581 re,
2642 4512 2776 4567 tristi
2793 4510 3084 4580 colloquio;
3112 4517 3167 4563 et
3185 4515 3370 4563 tenens
3385 4505 3571 4561 oculos

1998 4627 2180 4667 eorum
2204 4626 2269 4665 ne
2289 4609 2353 4663 ab
2373 4609 2451 4663 eis
2469 4614 2861 4678 agnosceretur,
2886 4619 2987 4658 non
3007 4618 3066 4657 se
3084 4600 3327 4656 auferens
3346 4598 3570 4655 creden-

1999 4704 2160 4769 tibus,
2175 4701 2271 4756 sed
2285 4699 2537 4754 diﬂ‘erens
2565 4697 2885 4757 dubitantes,
2902 4708 2963 4749 se
2977 4700 3222 4758 tanquam
3241 4689 3453 4745 tertium
3469 4687 3571 4743 col-

1998 4793 2289 4847 locutorem
2316 4787 2550 4844 sermoni
2574 4784 2923 4849 commiscuit,
2946 4791 3000 4838 et
3025 4780 3267 4851 quaesivit
3290 4779 3358 4834 ab
3383 4779 3459 4833 eis
3479 4794 3569 4832 uu-

1999 4883 2066 4940 de
2090 4883 2452 4953 loquerentur.
2484 4878 2735 4933 Mirantur
2762 4875 2869 4940 illi,
2892 4875 3011 4943 quia
3037 4873 3180 4928 solus
3206 4873 3410 4942 ignorat
3428 4870 3571 4941 quod

1998 4975 2053 5029 in
2078 4988 2143 5028 eo
2169 4973 2358 5027 factum
2390 4969 2559 5023 fuerat
2585 4967 2673 5036 qui
2697 4964 2985 5036 qumrcbat.
3013 4962 3093 5017 Tu
3116 4961 3276 5030 solus,
3306 4960 3569 5031 inquiunt,

1999 5061 2332 5135 peregrinaris
2351 5061 2403 5114 in
2416 5057 2737 5114 Jerusalem?
2762 5057 2827 5110 Et
2847 5059 3264 5110 commemorant
3286 5067 3404 5122 quas
3426 5060 3572 5122 gesta

2000 5155 2106 5210 sint
2120 5154 2186 5209 de
2205 5153 2348 5208 Jesu.
2373 5152 2438 5205 Et
2455 5149 2705 5205 continuo
2710 5148 2819 5218 jam
2840 5145 3224 5216 desperationis
3242 5159 3353 5199 sua:
3367 5143 3575 5199 medul-

2001 5246 2079 5300 las
2098 5245 2363 5314 aperiunt,
2404 5251 2457 5297 et
2481 5240 2672 5295 vulnus
2694 5240 2900 5294 medico
2925 5238 3050 5293 licet
3077 5237 3373 5293 nescientes
3394 5244 3575 5291 osten-

2000 5336 2133 5399 dunt
2154 5353 2168 5390 :
2189 5335 2301 5390 Nos
2317 5345 2502 5401 autem,
2522 5333 2783 5404 inquiunt,
2806 5329 3128 5402 sperabamus
3153 5327 3288 5400 quod
3311 5329 3365 5381 in
3379 5326 3469 5382 illo
3494 5342 3575 5381 re-
3612 5388 3613 5391 η

2002 5431 2221 5501 demptio
2260 5437 2382 5484 esset
2407 5427 2574 5483 Israel
2592 5425 2739 5497 (Luc.
2765 5416 2918 5487 xm,
2943 5420 3154 5493 13-21).
3180 5422 3318 5476 Ecce
3338 5420 3469 5473 facta
3494 5426 3574 5473 est

2003 5523 2281 5589 dubitatio,
2326 5522 2449 5593 quia
2485 5522 2683 5591 lignum
2730 5516 2954 5573 accessit
2993 5514 3060 5570 ad
3090 5522 3292 5585 petram
3321 5528 3335 5565 :
3360 5510 3571 5581 impleta

2003 5622 2086 5670 est
2122 5614 2286 5683 ﬁgura
2315 5612 2501 5683 Moysi.
2936 5684 2939 5685 ν

2074 5708 2128 5762 5.
2152 5704 2356 5776 Moyses
2393 5706 2447 5758 in
2493 5711 2657 5758 monte
2683 5701 2932 5769 moriens,
2968 5698 3089 5771 quid
3118 5696 3449 5753 adumbravit.
3478 5696 3544 5751 Vi
3566 5724 3579 5738 '-

2004 5799 2224 5857 deamus
2250 5805 2305 5854 et
2338 5796 2473 5851 hanc
2503 5810 2517 5849 :
2545 5794 2771 5849 Ascende
2797 5795 2849 5849 in
2879 5802 3094 5849 montem
3114 5833 3129 5859 ,
3160 5801 3205 5846 et
3236 5806 3446 5846 morere.
3474 5790 3571 5847 Per
