4080 6360
492 414 633 473 1555

488 543 720 590 mortem
750 533 1084 606 corporalem
1135 531 1305 606 Moysi
1339 533 1561 605 ﬁgurata
1603 543 1684 588 est
1723 546 1869 589 mors
1914 530 2078 601 ipsius

485 625 866 692 dubitationis;
897 625 992 681 sed
1033 626 1086 680 in
1134 633 1336 701 monte.
1383 625 1428 682 Ο
1470 627 1606 682 mira
1647 626 1933 698 mysteria!
1966 624 2079 679 Hoc

485 729 636 776 certe
663 720 960 790 expositum
989 727 1042 774 et
1062 719 1389 775 intellectum
1411 761 1428 788 ,
1459 729 1658 792 quanto
1682 719 1888 776 dulcius
1916 733 2077 790 quam

482 813 721 871 manna?
763 812 846 868 Ad
892 823 1096 884 petram
1155 825 1278 868 nata
1328 822 1412 868 est
1456 813 1749 877 dubitatio,
1800 813 1855 869 in
1893 820 2076 868 monte

481 915 692 962 mortua
720 913 824 961 est.
865 905 1089 975 Quando
1115 905 1214 960 fuit
1242 905 1460 960 humilis
1485 904 1729 960 Christus
1772 905 1824 960 in
1870 903 2075 976 passio-

481 938 593 962 ιιιυι
610 938 692 960 sua
720 938 824 961 can.
865 938 1089 975 uuuuuv
1115 938 1214 960 ιυιι
1243 938 1460 960 uuuuua
1485 938 1584 960 υιιι
1597 938 1729 960 ιδιυδ
1772 938 1824 960 Ill
1871 938 2073 976 γαωιυ-

442 938 584 1094 ΞΜ,
613 995 762 1065 quasi
801 1004 951 1066 petra
989 995 1203 1065 jacebat
1241 1005 1362 1051 ante
1387 996 1613 1052 oculos:
1647 997 1836 1052 merito
1879 995 1932 1051 in
1982 996 2073 1051 illo

447 1073 854 1166 ":dubitabatur,
883 1086 1155 1142 humilitas
1206 1087 1294 1140 illa
1323 1086 1454 1142 nihil
1491 1085 1740 1158 magnum
1771 1088 2072 1157 praetende-

466 1165 592 1232 bat.
619 1176 805 1234 Merito
842 1179 955 1252 ipsa
995 1179 1292 1236 humilitate
1323 1180 1494 1236 factus
1541 1189 1626 1236 est
1660 1180 1793 1250 lapis
1819 1180 2072 1236 oil‘ensio-

481 1271 564 1326 nis
597 1288 610 1325 :
639 1274 1031 1330 resurrectione
1058 1281 1238 1330 autem
1281 1273 1602 1329 clarificatus
1643 1289 1870 1345 magnus
1908 1289 2071 1344 appa-

478 1367 614 1434 ruit,
664 1367 776 1437 jam
828 1383 984 1424 mons
1037 1376 1142 1424 est.
1186 1367 1306 1423 Jam
1358 1382 1487 1439 ergo
1512 1367 1600 1423 illa
1636 1367 1919 1434 dubitatio,
1950 1383 2070 1437 quae

478 1472 604 1518 nata
632 1471 749 1519 erat
773 1462 840 1518 ad
868 1471 1069 1533 petram
1091 1503 1107 1530 ,
1138 1462 1194 1518 in
1240 1471 1421 1518 monte
1457 1463 1734 1518 moriatur.
1764 1463 2070 1532 Agnoscunt

480 1553 725 1624 discipuli
749 1554 972 1610 salutem
998 1570 1149 1611 suam
1171 1597 1186 1622 ,
1214 1563 1468 1610 revocent
1497 1569 1648 1626 spem
1674 1569 1846 1609 suam.
1877 1555 2068 1609 Atten-

476 1645 548 1701 de
577 1645 1029 1716 quemadmodum
1069 1646 1332 1704 moriatur
1373 1646 1462 1702 illa
1508 1647 1798 1712 dubitatio,
1851 1645 2067 1702 attende

476 1739 932 1812 quemadmodum
969 1741 1230 1797 moriatur
1252 1741 1462 1812 Moyses
1506 1740 1562 1795 in
1601 1747 1802 1795 monte.
1835 1737 1951 1794 Non
1987 1738 2068 1792 in-

475 1843 584 1890 tret
612 1836 666 1890 in
711 1844 910 1892 terram
935 1835 1305 1906 promissionis
1349 1852 1364 1889 :
1395 1834 1645 1890 nolumus
1669 1832 1746 1888 ibi
1773 1832 2064 1888 dubitatio-

459 1943 634 1994 ,nem;
681 1927 960 1983 moriatur.
1000 1927 1260 1983 Ostendat
1303 1926 1460 1982 nobis
1482 1940 1601 1981 eam
1623 1923 1868 1978 Christus
1903 1923 2063 1978 mori.

471 2019 782 2091 Trepidavit
822 2019 1015 2076 Petrus
1047 2038 1060 2074 :
1094 2029 1149 2076 et
1188 2020 1402 2091 negavit
1444 2028 1546 2075 ter.
1596 2016 1753 2072 Petra
1785 2017 1918 2072 enim
1958 2023 2066 2072 erat

484 2111 734 2170 Christus.
763 2113 1107 2180 Resurrexit,
1149 2129 1308 2170 mons
1352 2115 1523 2170 factus
1551 2122 1636 2169 est
1681 2129 1696 2167 :
1745 2111 1976 2167 firmavit
2010 2119 2068 2168 et

469 2204 710 2262 Petrum.
756 2205 866 2262 Sed
896 2205 1125 2261 moritur
1161 2205 1446 2262 dubitatio.
1487 2203 1768 2272 Quomodo
1793 2202 2064 2258 moritur?

469 2295 660 2364 Petra,
692 2314 844 2354 amas
882 2299 999 2354 me?
1037 2296 1227 2354 Cordis
1266 2297 1568 2368 inspector,
1600 2295 1782 2352 cordis
1819 2295 2065 2367 cognitor

469 2385 802 2457 interrogat;
833 2398 888 2443 et
915 2388 1030 2444 vult
1058 2387 1242 2443 audire
1265 2388 1407 2458 quod
1433 2395 1670 2453 ametur,
1699 2394 1755 2442 et
1773 2401 1959 2456 parum
1982 2394 2065 2440 est

470 2477 665 2532 semel.
697 2477 995 2550 lnterrogat
1024 2479 1126 2536 hoc
1145 2520 1159 2546 ,
1191 2479 1340 2535 audit
1361 2494 1528 2550 prope
1553 2493 1675 2536 cum
1709 2478 1868 2534 taedio
1896 2477 2064 2550 ipsius

469 2569 617 2627 Petri
666 2587 682 2626 :
730 2572 955 2628 miratur
982 2573 1126 2628 enim
1167 2572 1483 2643 interrogari
1521 2587 1581 2628 se
1627 2587 1655 2626 a
1692 2571 1936 2642 praescio,
1967 2571 2062 2626 sed

471 2661 634 2718 etiam
682 2662 840 2718 toties
891 2662 1204 2734 interrogari
1247 2679 1368 2718 cum
1407 2661 1577 2719 semel
1637 2660 1909 2718 sufﬁceret
1970 2675 2062 2717 re-

466 2753 736 2823 spondere
776 2755 936 2810 etiam
976 2754 1256 2810 nescienti.
1285 2753 1392 2811 Sed
1432 2760 1682 2824 tanquam
1735 2752 1833 2808 tibi
1860 2751 2063 2808 diceret

467 2842 726 2900 Dominus
753 2886 770 2914 ,
833 2844 1100 2915 Exspecto
1126 2886 1143 2912 ,
1206 2860 1460 2901 numerus
1517 2843 1784 2914 legitimus
1840 2843 2066 2914 implea-

467 2943 560 2990 tur
589 2955 601 2990 :
632 2937 788 2992 tertio
848 2936 1164 2992 confiteatur
1209 2952 1306 3007 per
1333 2949 1569 2991 amorem
1597 2932 1775 3006 (Joan.
1809 2949 1932 3000 ut,
1963 2934 2061 2990 15-

471 3028 598 3100 17),
627 3029 750 3100 quia
801 3038 883 3085 ter
930 3036 1214 3100 negaverat
1245 3043 1340 3099 per
1379 3029 1625 3084 timorem
1645 3025 1863 3099 (Matth.
1890 3042 2015 3082 xxvr
2040 3067 2059 3095 ,

471 3120 678 3195 69-74).
703 3121 858 3190 Quod
886 3138 1013 3195 ergo
1055 3122 1314 3179 Dominus
1346 3122 1506 3178 toties
1529 3119 1927 3192 interrogabat,
1954 3119 2058 3176 du-

476 3213 794 3270 bitationem
823 3213 969 3270 illam
997 3216 1050 3270 in
1077 3222 1261 3270 monte
1288 3212 1584 3270 occidebat.

541 3307 595 3363 6.
629 3308 711 3362 Ad
727 3306 1048 3378 Baptismum
1072 3307 1270 3362 invitat.
1296 3305 1484 3360 Manus
1513 3305 1684 3377 Moysi
1701 3313 1878 3361 contra
1904 3302 2062 3359 Ama-

469 3399 580 3456 lech
604 3416 738 3454 nunc
763 3408 1004 3465 extentaz,
1043 3416 1176 3453 nunc
1201 3399 1453 3454 demissio.
1485 3396 1623 3466 Quid
1662 3411 1821 3468 ergo,
1849 3395 2059 3452 charis-

465 3492 627 3558 simi,
660 3493 704 3548 si
728 3502 910 3562 patent
939 3491 1230 3547 hme?Non
1255 3492 1319 3546 ad
1349 3490 1593 3547 fraudem
1611 3533 1625 3555 ,
1661 3489 1755 3546 sed
1781 3489 1848 3544 ad
1866 3488 2060 3559 jucun-

467 3585 689 3640 ditatem
717 3585 896 3640 clausa
925 3593 1099 3640 erant.
1130 3584 1315 3653 Neque
1341 3585 1482 3640 enim
1516 3592 1624 3639 tam
1653 3582 1879 3638 dulciter
1896 3596 2057 3652 cape-

465 3685 684 3746 rentur,
713 3678 759 3732 si
803 3687 1048 3749 prompta
1079 3679 1416 3734 vilescerent.
1445 3678 1712 3748 Respiciat
1735 3691 1866 3747 ergo
1893 3691 2060 3746 nego-

464 3770 599 3826 tium
645 3785 800 3826 suum
837 3770 1222 3840 competiturus
1260 3770 1621 3842 Baptismum,
1647 3783 1806 3840 quem
1854 3767 2057 3837 alloqui

465 3877 756 3934 coeperam.
801 3863 947 3918 Mare
990 3862 1228 3918 Rubrum
1277 3862 1581 3933 Baptismus
1623 3871 1774 3927 erat,
1824 3859 2055 3930 populus

465 3957 735 4011 transiens
785 3954 1155 4025 baptisabatur
1206 3970 1220 4007 :
1278 3955 1532 4009 transitus
1588 3953 1703 4023 ipse
1751 3951 2056 4022 Baptismus

465 4057 616 4115 erat,
665 4048 760 4103 sed
805 4048 859 4102 in
907 4047 1069 4103 nube.
1110 4047 1300 4102 Adhuc
1341 4047 1485 4102 enim
1526 4043 1865 4101 nubilabatur
1909 4041 2053 4114 quod

462 4140 958 4212 prmnuntiabatur:
987 4138 1161 4196 adhuc
1201 4139 1570 4195 occultabatur
1607 4137 1748 4208 quod
1778 4138 2056 4208 promitte-

464 4235 641 4291 batur.
671 4235 787 4291 Jam
829 4235 990 4291 modo
1014 4234 1237 4290 recessit
1265 4233 1466 4301 nubes,
1499 4232 1794 4286 manifestae
1812 4229 2056 4286 veritatis

464 4327 729 4384 serenitas
756 4325 892 4382 facta
921 4334 1003 4382 est
1030 4341 1045 4379 :
1079 4325 1201 4396 quia
1227 4323 1449 4380 recessit
1468 4331 1524 4378 et
1547 4323 1720 4377 velum
1739 4362 1754 4387 ,
1790 4336 1886 4391 per
1913 4317 2055 4390 quod

463 4417 783 4488 loquebatur
810 4417 1039 4489 Moyses.
1084 4415 1198 4471 Hoc
1239 4415 1417 4472 velum
1443 4422 1498 4470 et
1546 4413 1603 4468 in
1632 4412 1828 4481 templo
1855 4410 2056 4481 pende-

462 4509 556 4566 bat
574 4551 589 4578 ,
620 4526 688 4567 nc
713 4519 919 4566 secreta
939 4508 1126 4580 templi
1163 4507 1509 4564 viderentur:
1541 4505 1635 4561 sed
1665 4505 1719 4560 in
1763 4517 1920 4560 cruce
1950 4503 2057 4559 Do-

461 4604 594 4659 mini
619 4603 797 4658 velum
825 4603 1154 4658 conscissum
1197 4610 1311 4668 est,
1354 4608 1411 4654 ut
1449 4606 1709 4669 paterent.
1740 4595 1876 4652 Veni
1924 4610 2054 4667 ergo

462 4696 531 4752 ad
556 4696 882 4766 Baptismum
913 4709 928 4748 :
959 4693 1241 4765 ingredere
1269 4689 1568 4760 intrepidus
1596 4690 1735 4744 viam
1783 4701 1882 4758 per
1906 4699 2055 4742 mare

460 4789 742 4854 Rubrum;
773 4787 881 4842 noli
909 4799 1030 4842 esse
1063 4785 1130 4841 de
1159 4793 1379 4856 peccato
1407 4782 1681 4852 praeterito
1709 4789 1959 4850 tanquam
1985 4777 2054 4835 de

462 4879 718 4954 Egyptio
765 4885 1026 4950 sequente
1073 4877 1349 4932 sollicitus.
1397 4874 1717 4930 Premebant
1753 4881 1806 4928 te
1834 4879 2054 4943 peccata

461 4983 554 5030 tua
579 4972 714 5028 duro
755 4985 920 5028 onere
945 4969 1244 5033 servitutis,
1278 4967 1373 5024 sed
1401 4968 1452 5022 in
1487 4965 1747 5037 Bgypto,
1791 4965 1844 5019 in
1870 4978 2054 5020 amore

461 5067 622 5139 hujus
647 5065 860 5132 saeculi,
889 5063 945 5120 in
972 5062 1399 5136 peregrinatione
1436 5060 1754 5131 longinqua;
1795 5057 2056 5129 cogebant

462 5171 521 5218 te
542 5159 735 5217 sectari
758 5171 920 5228 opera
941 5164 1175 5224 terrena,
1203 5162 1458 5224 tanquam
1478 5151 1675 5206 lateres
1699 5150 1896 5217 facere,
1920 5162 2053 5219 ope-

459 5270 526 5314 ra
555 5255 696 5309 lutea
739 5251 1070 5323 operabaris.
1097 5248 1352 5304 Premunt
1391 5254 1442 5300 te
1489 5251 1738 5315 peccata,
1769 5243 1890 5298 veni
1917 5243 1935 5275 ²
1962 5256 2052 5298 se-

463 5361 627 5405 curus
671 5344 737 5401 ad
762 5343 1095 5415 Baptismuni
1135 5357 1148 5394 :
1182 5353 1350 5410 usque
1385 5337 1451 5393 ad
1479 5353 1673 5408 aquam
1703 5336 1873 5392 hostis
1901 5336 2054 5407 sequi

465 5437 698 5513 poterit,
730 5437 802 5492 ibi
827 5433 1107 5491 morietur.
1136 5431 1288 5487 Time
1313 5429 1513 5501 aliquid
1535 5430 1604 5485 de
1625 5429 1732 5485 vita
1756 5429 2048 5501 praeterita,

463 5528 627 5585 crede
671 5525 870 5598 aliquid
912 5537 1286 5581 remansurum
1328 5529 1540 5576 tuorum
1588 5530 1932 5592 peccatorum
1958 5563 1974 5589 ,
2005 5521 2053 5577 si

463 5619 657 5691 aliquis
698 5617 956 5674 remansit
995 5613 1389 5686 Egyptiorum.
1439 5613 1614 5669 Audio
1654 5629 1837 5668 vocem
1877 5613 2054 5685 pigro~

461 5727 586 5772 rum
619 5729 633 5768 :
665 5711 812 5782 Ego,
839 5709 1038 5780 inquit,
1067 5707 1135 5763 de
1162 5707 1443 5778 praeteritis
1463 5707 1698 5778 peccatis
1725 5723 1834 5764 non
1863 5708 2046 5776 timeo,

465 5805 648 5865 omnia
677 5802 805 5858 mihi
832 5801 886 5857 in
915 5816 1051 5872 aqua
1077 5811 1257 5856 sancta
1287 5817 1383 5872 per
1403 5800 1659 5856 Ecclesia:
1687 5802 1849 5856 etiam
1869 5799 2050 5857 chari-

530 5921 553 5954 ⁸
573 5915 736 5971 Codex
756 5929 806 5970 ν.
817 5951 834 5981 ,
859 5915 1140 5984 aperabzris
1159 5923 1404 5982 prenente
1434 5923 1645 5983 peccato.
1671 5917 1802 5970 Veni.

1727 416 1784 474 S.
1824 412 2189 471 AUGUSTlNl
2228 413 2536 474 El’lSCOPl

3631 440 3772 500 I556

2188 543 2348 591 tatem
2369 535 2560 595 dimitti
2605 555 2712 598 non
2747 542 2964 612 dubito;
3005 548 3098 602 sed
3127 549 3290 606 timeo
3327 551 3499 610 futura
3524 566 3766 626 peccata.

2185 629 2364 686 Placet
2397 647 2526 704 ergo
2567 634 2620 690 in
2664 637 2898 711 Egypto
2936 645 3253 700 remanere?
3289 645 3506 702 Interim
3555 650 3762 709 hostem

2185 735 2502 817 praesentem
2528 730 2692 786 evade
2708 772 2724 799 ,
2750 734 2838 802 qui
2860 735 2970 803 jam
2994 743 3046 791 te
3068 738 3290 807 pressit,
3313 750 3367 796 et
3383 739 3490 811 jam
3514 744 3764 817 subjuga-

2182 815 2276 870 vit.
2317 816 2395 873 De
2423 817 2613 876 futuris
2650 822 2776 892 quid
2812 825 2902 879 tibi
2935 826 3117 883 hostes
3142 829 3455 887 meditaris?
3481 834 3633 903 Quod
3655 815 3765 906 jam

2182 908 2382 979 feclsti,
2423 914 2523 969 etsi
2575 915 2810 972 nolueris
2834 920 2936 975 erit
2969 938 2981 973 :
3013 923 3155 992 quod
3181 923 3442 982 facturum
3482 937 3535 983 te
3563 940 3714 1000 putas
3739 975 3755 997 ,

2179 1001 2226 1056 si
2253 1001 2486 1059 volueris
2534 1020 2642 1061 non
2686 1009 2806 1063 erit.
2833 1009 2937 1066 Sed
2978 1013 3276 1080 periculosa
3316 1023 3398 1071 est
3433 1019 3516 1074 via
3546 1037 3559 1072 :
3589 1037 3762 1093 neque

2179 1096 2320 1149 enim
2351 1111 2470 1152 cum
2497 1098 2735 1155 Rubrum
2775 1117 2922 1159 mare
2951 1106 3244 1174 transiero,
3275 1108 3386 1179 jam
3412 1127 3505 1166 ero
3531 1113 3582 1168 in
3621 1124 3760 1170 terra

2179 1187 2550 1256 promissionis
2583 1209 2596 1244 :
2629 1192 2820 1249 ductus
2865 1205 2949 1252 est
2995 1198 3084 1254 ille
3113 1201 3337 1270 populus
3366 1217 3463 1272 per
3486 1205 3639 1277 longa
3666 1207 3760 1263 de-

2177 1286 2339 1333 serta.
2367 1280 2581 1336 Interim
2609 1283 2676 1339 ab
2699 1283 2932 1358 Egypto
2956 1288 3199 1346 liberare.
3231 1293 3367 1359 Quid
3407 1310 3536 1367 ergo
3556 1339 3568 1356 ,
3606 1308 3757 1367 putas

2176 1369 2480 1428 defuturum
2510 1375 2602 1430 tibi
2632 1378 3002 1435 auxiliatorem
3034 1383 3086 1436 in
3125 1384 3208 1438 via
3233 1427 3248 1451 ,
3279 1399 3399 1440 eum
3431 1388 3518 1457 qui
3547 1395 3596 1443 te
3625 1391 3762 1444 eruit

2175 1463 2243 1520 de
2268 1474 2474 1520 vetusta
2499 1469 2838 1538 captivitate?
2862 1472 3044 1529 Novos
3071 1483 3190 1530 tuos
3211 1475 3452 1533 inimicos
3485 1495 3588 1534 non
3609 1496 3759 1536 com-

2176 1556 2379 1626 pescit,
2411 1559 2500 1628 qui
2539 1569 2592 1615 te
2631 1575 2661 1614 a
2690 1564 2912 1620 vetustis
2940 1564 3180 1622 hostibus
3223 1568 3502 1625 liberavit?
3529 1570 3758 1629 Tantum

2173 1651 2470 1722 intrepidus
2498 1655 2698 1721 transi,
2726 1656 3019 1728 intrepidus
3043 1660 3255 1716 ambula
3275 1702 3289 1728 ,
3319 1661 3576 1719 obediens
3601 1674 3755 1720 esto:

2173 1745 2283 1800 noli
2329 1746 2620 1803 amaricare
2663 1748 2831 1821 Moysi
2863 1750 2968 1820 illi,
3007 1753 3158 1822 cujus
3191 1765 3368 1826 typum
3396 1755 3487 1811 ille
3514 1757 3759 1827 portabat

2173 1835 2226 1890 in
2266 1834 2368 1890 hac
2393 1837 2717 1895 obedientia.
2747 1840 2969 1911 Fateor,
2998 1859 3104 1899 non
3134 1844 3326 1901 desunt
3371 1846 3570 1904 hostes.
3604 1847 3752 1906 Sicut

2173 1928 2315 1982 enim
2347 1943 2453 1985 non
2482 1930 2704 1988 deerant
2739 1935 2829 2005 qui
2855 1946 3207 2006 sequerentur
3227 1937 3516 2010 fugientes,
3551 1943 3622 1996 ita
3648 1957 3756 1998 non

2171 2019 2394 2078 deerant
2417 2024 2506 2094 qui
2537 2025 2856 2096 impedirent
2880 2030 3232 2088 ambulantes.
3265 2033 3518 2101 Prorsus,
3549 2034 3756 2092 charis-

2171 2113 2324 2183 simi,
2376 2115 2559 2186 figurae
2598 2127 2796 2176 nostra:
2835 2121 3063 2178 fuerunt.
3114 2123 3331 2180 interim
3375 2125 3428 2179 in
3477 2132 3528 2181 te
3557 2140 3660 2182 non
3686 2126 3758 2184 sit

2171 2206 2316 2276 quod
2335 2210 2614 2266 contristet
2642 2211 2856 2284 Moysen
2882 2233 2896 2268 :
2926 2217 3035 2271 noli
3059 2231 3181 2273 esse
3202 2233 3338 2289 aqua
3368 2233 3568 2284 amara,
3596 2235 3754 2290 quam

2170 2307 2291 2368 post
2339 2315 2487 2356 mare
2539 2302 2776 2360 Rubrum
2827 2321 2933 2362 non
2963 2309 3134 2379 potuit
3161 2309 3249 2365 ille
3290 2313 3515 2382 populus
3551 2312 3752 2372 bibere.

2172 2389 2301 2446 Erat
2325 2392 2468 2448 enim
2497 2402 2553 2450 et
2596 2396 2666 2452 ibi
2695 2384 2933 2454 tentatio.
2968 2400 3033 2455 Et
3065 2412 3241 2458 tamen
3271 2403 3367 2458 ista
3397 2405 3608 2476 quando
3633 2423 3754 2466 eve-

2171 2481 2351 2549 niunt,
2398 2485 2611 2554 quando
2672 2490 2928 2546 amaricat
2972 2493 3235 2563 populus,
3301 2497 3633 2556 ostendimus
3678 2502 3755 2558 eis

2170 2571 2471 2645 Christum,
2520 2593 2639 2650 quae
2688 2596 2786 2652 pro
2813 2582 2919 2639 illis
2973 2585 3188 2655 tulerit,
3220 2590 3488 2659 quomodo
3541 2608 3637 2664 pro
3677 2595 3756 2652 eis

2169 2671 2483 2741 sanguinem
2508 2671 2704 2730 fuderit
2743 2693 2757 2731 :
2796 2686 2850 2732 et
2886 2680 3207 2748 mitescunt,
3239 2690 3486 2753 tanquam
3513 2686 3667 2742 nobis
3694 2689 3756 2744 li-

2169 2775 2331 2831 gnum
2365 2762 2418 2818 in
2446 2778 2636 2835 aquam
2669 2767 3021 2826 mittentibus.
3045 2769 3210 2829 Plane
3236 2773 3441 2830 hostem
3471 2773 3757 2836 adversan-

2171 2860 2278 2908 tem
2306 2853 2485 2910 itineri
2534 2864 2624 2911 tuo
2650 2857 2905 2914 Amalech
2951 2860 3190 2917 habebis.
3223 2863 3370 2919 Tunc
3395 2866 3581 2922 orabat
3618 2868 3755 2943 Moy-

2167 2960 2278 3015 ses,
2309 2957 2432 3005 tunc
2475 2951 2796 3008 extendebat
2836 2969 3024 3011 manus
3063 2974 3074 3010 :
3110 2967 3162 3011 et
3189 2957 3277 3012 ubi
3309 2957 3607 3030 deponcbat
3637 2979 3752 3019 ma-

2167 3056 2305 3110 nus,
2337 3043 2714 3101 convalesebat
2739 3047 3028 3116 Amalech;
3063 3049 3152 3105 ubi
3175 3049 3496 3108 extendebat
3530 3069 3750 3126 manus,

2168 3133 2453 3191 deficiebat
2478 3138 2754 3194 Amalech.
2787 3139 2857 3195 Et
2899 3148 3003 3196 tua:
3028 3157 3214 3197 manus
3241 3153 3469 3201 extentae
3495 3147 3628 3213 sint,
3662 3147 3755 3205 de-

2165 3226 2310 3284 liciat
2345 3231 2598 3286 Amalech
2642 3241 2876 3289 tentator
2910 3243 2964 3290 et
2992 3235 3148 3306 hujus
3184 3237 3391 3294 itineris
3421 3239 3706 3308 impeditor
3734 3259 3750 3298 :

2167 3328 2283 3376 esto
2309 3321 2432 3392 vigil
2461 3333 2516 3377 et
2561 3325 2770 3379 sobrius
2809 3326 2861 3379 in
2893 3327 3223 3383 orationibus
3244 3369 3259 3395 ,
3293 3329 3346 3383 in
3375 3329 3625 3399 operibus
3653 3331 3752 3386 bo-

2165 3413 2280 3478 nis,
2310 3428 2415 3468 non
2443 3421 2621 3471 tamen
2658 3424 2852 3486 prmter
2893 3414 3163 3472 Christum
3185 3459 3199 3485 ,
3229 3419 3352 3488 quia
3400 3421 3639 3475 extensio
3665 3421 3752 3476 illa

2164 3519 2452 3572 manuum,
2491 3504 2689 3561 Christi
2717 3521 2846 3562 crux
2889 3505 3008 3562 fuit.
3041 3509 3097 3562 ln
3128 3507 3215 3563 illa
3256 3510 3563 3565 extenditur
3605 3511 3752 3582 Apo-

2164 3595 2371 3662 stolus,
2401 3611 2521 3651 cum
2549 3595 2677 3651 dicit
2711 3615 2722 3650 :
2754 3595 2980 3652 Mundus
3010 3598 3136 3652 mihi
3159 3599 3431 3667 crucifixus
3466 3609 3554 3667 est,
3577 3610 3623 3654 et
3661 3618 3752 3671 ego

2165 3689 2354 3742 mundo
2388 3689 2582 3762 (Galat.
2608 3706 2690 3757 vr,
2724 3691 2836 3761 Η).
2869 3692 3008 3761 Ergo
3053 3690 3266 3746 deficiat
3309 3692 3600 3758 Amalech,
3630 3696 3750 3750 vin-

2165 3790 2344 3848 catur,
2375 3791 2430 3837 et
2467 3797 2573 3837 non
2619 3783 2872 3852 impediat
2902 3769 3386 3854 transitum‘populi
3419 3783 3530 3840 Dei.
3565 3786 3620 3841 Si
3663 3786 3751 3842 di-

2165 3873 2334 3928 mittis
2365 3889 2554 3928 manus
2575 3889 2602 3927 a
2631 3874 2773 3928 bono
2798 3888 2995 3945 opere,
3028 3889 3056 3928 a
3080 3890 3240 3930 cruce
3270 3876 3496 3943 Christi;
3545 3893 3750 3949 prmva-

2164 3965 2296 4021 lebit
2319 3965 2592 4022 Amalech.
2622 3965 2823 4022 Tamen
2857 3965 2966 4022 noli
2993 3967 3137 4023 omni
3179 3965 3340 4024 modo
3370 3979 3461 4025 aut
3497 3973 3751 4030 continuo

2165 4064 2220 4113 te
2269 4057 2458 4113 fortem
2488 4059 2720 4112 futurum
2755 4065 2982 4129 putare,
3030 4069 3120 4114 aut
3168 4061 3380 4132 penitus
3414 4062 3749 4133 desperando

2165 4147 2417 4206 deficere.
2447 4148 2746 4206 Alternatio
2776 4150 2920 4207 enim
2963 4152 3051 4208 illa
3080 4151 3319 4208 defectus
3345 4161 3398 4208 ct
3427 4156 3749 4213 fortitudinis

2165 4241 2218 4296 in
2242 4241 2492 4298 manibus
2519 4243 2659 4298 servi
2695 4243 2789 4297 Dei
2812 4243 3013 4316 Moysi,
3044 4242 3181 4299 forte
3212 4245 3495 4300 alternatio
3521 4256 3606 4300 tua
3632 4247 3746 4303 fuit.

2165 4333 2466 4403 Aliquando
2492 4333 2634 4389 enim
2658 4334 2711 4389 in
2742 4335 3121 4389 tentationibus
3142 4334 3347 4400 deﬁcis,
3375 4335 3469 4391 sed
3502 4353 3606 4391 non
3633 4353 3746 4393 suc-

2165 4425 2393 4482 cumbis.
2437 4425 2749 4496 Deponebat
2776 4426 2869 4482 ille
2899 4427 3113 4498 paulum
3145 4442 3333 4482 manus
3354 4471 3367 4492 ,
3398 4444 3502 4482 non
3534 4431 3750 4485 omnino

2164 4518 2373 4573 ruebat.
2404 4517 2468 4574 Si
2494 4517 2759 4583 dicebam,
2795 4518 2967 4573 Motus
2997 4528 3066 4572 est
3106 4536 3191 4588 pes
3233 4535 3409 4584 meus;
3434 4537 3545 4574 ecce
3565 4522 3752 4576 miseri-

2164 4609 2341 4665 cordia
2363 4618 2469 4675 tua,
2490 4608 2724 4677 Domine,
2748 4610 3018 4682 adjuvabat
3034 4628 3110 4666 me
3129 4610 3297 4680 (Psal.
3323 4628 3468 4681 xcnt,
3504 4611 3612 4683 18).
3633 4613 3748 4670 Noli

2166 4717 2294 4775 ergo
2311 4703 2502 4760 timere
2522 4722 2536 4758 :
2556 4705 2707 4760 adest
2721 4704 2774 4760 in
2800 4705 2992 4761 itinere
3013 4704 3312 4771 auxiliator,
3337 4706 3427 4776 qui
3449 4707 3498 4760 in
3522 4701 3750 4778 Algypto

2165 4811 2274 4852 non
2295 4793 2465 4852 defuit
2479 4795 2752 4853 liberator.
2767 4797 2889 4853 Noli
2908 4798 3117 4864 timere,
3135 4798 3423 4869 aggredere
3440 4799 3596 4864 viam,
3619 4817 3752 4870 prm-

2164 4901 2318 4944 sume
2353 4903 2595 4944 securus.
2639 4887 2938 4960 Aliquando
2965 4889 3052 4944 ille
3072 4887 3605 4957 deponebatmanus,
3649 4889 3748 4943 ali-

2163 4981 2379 5052 quando
2419 4981 2690 5053 erigebat;
2745 4991 2923 5038 tamen
2950 4982 3122 5037 victus
3157 4991 3238 5036 est
3265 4980 3521 5036 Amalech
3553 4970 3746 5054 (Exod.

2163 5090 2307 5140 xvn,
2341 5073 2554 5146 H45).
2581 5073 2867 5129 Rebellare
2891 5073 3085 5144 potuit,
3119 5087 3374 5143 superare
3403 5088 3509 5127 non
3559 5073 3746 5142 potuit.

2235 5165 2460 5222 CAPUT
2500 5165 2636 5221 ll.-—
2657 5166 2710 5221 7.
2752 5167 2924 5220 Altera
2942 5165 3254 5238 paenitentia,
3277 5181 3391 5240 qua:
3409 5157 3631 5221 omnium
3656 5175 3743 5227 est,

2163 5275 2226 5313 ac
2254 5259 2568 5329 quotidiana.
2592 5257 2848 5312 Medicina
2873 5267 2917 5310 st
2941 5268 3145 5329 pactum
3170 5258 3222 5312 in
3246 5259 3500 5313 dominica
3523 5259 3751 5311 oratione

2165 5351 2228 5406 de
2255 5350 2564 5406 remittendis
2594 5350 2790 5404 debitis.
2833 5348 3210 5421 Ignoscendum
3254 5352 3420 5422 fratri.
3449 5349 3629 5419 Itaque
3655 5349 3749 5403 ad-

2164 5457 2447 5498 monemur
2469 5440 2578 5512 jam
2621 5440 2688 5496 de
2717 5440 2882 5495 altera
2917 5441 3060 5512 loqui
3101 5441 3431 5511 poenitentia.
3462 5439 3748 5510 Triplicem

2163 5535 2359 5605 quippe
2383 5534 2499 5604 ejus
2523 5523 3006 5588 considerationem
3039 5533 3091 5587 in
3122 5540 3299 5586 sancta
3327 5532 3597 5602 Scriptura
3630 5547 3749 5587 esse

2163 5626 2438 5699 proposui.
2482 5625 2570 5680 Illa
2607 5626 2776 5695 prima
2806 5624 3222 5696 competentium
3251 5632 3334 5678 est
3371 5633 3423 5678 et
3461 5624 3525 5679 ad
3564 5623 3747 5693 Bapti-

2163 5737 2336 5777 smnm
2366 5721 2547 5775 venire
2577 5719 2869 5775 sitientium
2899 5737 2911 5772 :
2941 5717 3079 5772 hanc
3110 5715 3178 5772 de
3216 5717 3507 5788 Scripturis
3551 5714 3749 5774 sanctis

2163 5813 2394 5869 ostendi.
2443 5813 2537 5868 Est
2581 5812 2682 5866 alia
2732 5813 2928 5882 quippe
2975 5809 3305 5882 quotidiana.
3348 5812 3415 5868 Et
3459 5812 3547 5866 ubi
3598 5812 3742 5867 illam

2165 5904 2496 5964 ostendimus
2540 5900 2909 5974 paenitentiam
2953 5901 3358 5974 quotidianam?
3399 5900 3518 5958 Non
3570 5901 3744 5959 habeo
