4080 6360
362 440 503 503 1857

360 558 447 615 ubi
483 554 676 613 melius
699 553 998 621 ostendam,
1038 568 1198 627 quam
1227 553 1282 611 in
1320 554 1562 612 oratione
1606 552 1935 625 quotidiana,

359 650 447 705 ubi
471 649 731 722 Dominus
760 662 914 703 orare
943 662 1040 703 nos
1070 646 1273 715 docuit,
1300 645 1426 721 quid
1454 645 1521 701 ad
1550 646 1758 701 Patrem
1790 645 1941 700 dica-

357 760 480 800 mus
508 742 764 810 ostendit,
811 751 863 797 et
892 742 943 796 in
980 741 1062 797 his
1090 741 1266 797 verbis
1308 741 1482 811 posuit
1511 757 1524 793 :
1556 739 1767 794 Dimitte
1801 740 1943 795 nobis

359 836 525 890 debita
551 844 743 899 nostra,
763 835 888 888 sicut
913 842 958 889 et
987 850 1078 888 nos
1109 832 1404 888 dimittimus
1421 830 1725 887 debitoribus
1754 833 1943 887 nostris

359 926 574 997 (Matth.
602 942 675 989 vt,
714 926 822 996 12).
852 926 981 994 Quae
1012 925 1215 990 debita,
1248 924 1475 981 fratres?
1501 924 1941 994 Quandoquidem

358 1021 535 1075 debita
560 1020 647 1075 hic
672 1018 892 1088 intelligi
923 1034 1027 1073 non
1057 1025 1275 1087 possunt
1303 1017 1403 1073 nisi
1431 1024 1680 1086 peccata;
1704 1032 1823 1086 qua:
1850 1016 1946 1071 de-

359 1114 466 1167 bita
491 1112 695 1167 dimisit
721 1112 773 1165 in
804 1112 1093 1180 Daptismo,
1122 1110 1314 1165 iterum
1344 1118 1402 1165 ut
1423 1108 1655 1165 dimittat
1691 1109 1943 1163 oramus?

359 1206 517 1259 Certe
556 1214 799 1259 mortuus
833 1214 914 1259 est
951 1205 1125 1259 omnis
1166 1203 1447 1274 {Egyptius
1477 1202 1564 1273 qui
1597 1200 1941 1272 sequebatur.

358 1298 411 1350 Si
443 1296 570 1351 nihil
595 1297 661 1351 de
681 1296 1028 1366 sequentibus
1052 1296 1290 1350 hostibus
1314 1295 1585 1351 residuum
1615 1294 1811 1348 factum
1838 1302 1940 1359 est,

356 1390 483 1458 quid
516 1405 731 1443 oramus
760 1398 819 1442 ut
861 1388 1173 1451 dimittatur,
1213 1386 1315 1443 nisi
1356 1396 1571 1457 propter
1596 1400 1785 1440 manus
1814 1383 1948 1439 defi-

356 1483 560 1534 cientes
588 1490 772 1535 eontra
797 1479 1087 1536 Amalech?
1112 1478 1317 1533 Dimitte
1342 1479 1502 1544 nobis,
1528 1478 1656 1531 sicut
1685 1486 1733 1532 et
1754 1493 1842 1531 nos
1865 1476 1948 1529 di-

356 1574 618 1626 mittimus.
648 1571 931 1625 Constituit
960 1570 1302 1634 medicinam,
1338 1567 1565 1622 firmavit
1585 1574 1815 1638 paetum.
1846 1566 1943 1621 ilic

359 1680 546 1733 preces
572 1663 754 1730 dictat,
788 1664 856 1719 ibi
886 1663 1121 1733 precanti
1162 1660 1490 1732 respondet:
1525 1661 1671 1715 novit
1699 1674 1805 1731 quo
1822 1660 1943 1729 jure

358 1770 445 1810 res
473 1764 659 1825 agatur
700 1756 751 1809 in
784 1754 942 1818 etelo,
970 1753 1238 1824 quomodo
1276 1751 1546 1822 impetrari
1578 1750 1782 1820 possint
1809 1750 1945 1807 desi-

355 1848 562 1902 derata.
614 1847 816 1902 Dimitti
862 1846 975 1901 vis?
1014 1845 1239 1909 dimitte,
1282 1844 1375 1899 ait.
1416 1843 1551 1910 Quid
1592 1843 1732 1897 enim
1780 1842 1942 1897 habes

355 1940 497 2009 quod
525 1940 639 1994 Deo
665 1947 906 2008 praestes,
938 1953 967 1991 a
998 1953 1101 2009 quo
1128 1937 1207 1992 vis
1234 1944 1290 1990 ut
1318 1943 1598 2005 praestetur
1627 1934 1759 1989 tibi?
1780 1933 1945 1989 Num-

354 2031 481 2102 quid
502 2031 614 2103 jam
644 2028 888 2085 Christus
930 2030 1162 2086 salvator
1198 2030 1252 2083 in
1294 2037 1431 2083 terra
1460 2026 1739 2081 ambulat?
1778 2024 1943 2079 Num-

354 2124 477 2193 quid
524 2123 747 2192 suscipit
786 2123 930 2177 illum
981 2122 1138 2176 modo
1178 2121 1230 2176 in
1274 2120 1490 2174 domum
1536 2118 1772 2189 gaudens
1806 2118 1939 2173 Zac-

355 2217 540 2272 chtcus
566 2216 716 2288 (Luc.
744 2232 852 2280 χιι,
880 2215 935 2287 6)
950 2216 973 2269 Ἰ
1000 2214 1264 2285 Numquid
1286 2213 1335 2268 ei
1368 2212 1651 2282 hospitium
1678 2219 1734 2267 et
1756 2211 1940 2281 epulas

362 2317 631 2378 praeparat
676 2307 878 2362 Martha
909 2306 1017 2380 (Id.
1050 2324 1102 2373 ι,
1150 2306 1284 2375 40)?
1312 2304 1452 2360 Nihil
1496 2304 1683 2359 horum
1716 2303 1935 2374 indiget,

351 2399 417 2454 ad
447 2401 724 2455 dexteram
756 2400 926 2454 Patris
951 2398 1121 2453 sedet.
1152 2396 1255 2453 Sed
1278 2396 1479 2466 quando
1512 2395 1604 2449 uni
1632 2411 1695 2449 ex
1717 2395 1939 2449 minimis

350 2495 477 2547 meis
502 2494 707 2564 fecistis,
756 2493 879 2546 mihi
907 2492 1094 2563 fecistis
1128 2489 1338 2563 (Matth.
1380 2504 1515 2553 xxv,
1548 2488 1662 2558 ιο).
1703 2488 1827 2542 Ητρο
1854 2496 1939 2544 est

351 2584 602 2639 extensio
628 2598 899 2649 manuum,
939 2582 1036 2637 sub
1061 2597 1162 2652 qua
1198 2579 1685 2636 defecitAmalech.
1716 2578 1783 2633 Et
1809 2594 1936 2634 ero-

348 2692 444 2747 gas
479 2677 691 2747 quidem
737 2677 975 2748 pauperi,
1007 2675 1219 2747 quando
1253 2675 1449 2744 aliquid
1487 2674 1581 2728 das
1626 2674 1884 2729 esurienti
1919 2692 1934 2730 :

350 2772 487 2827 forte
521 2772 570 2825 id
610 2770 750 2841 quod
783 2770 996 2825 dederis
1041 2771 1217 2825 minus
1244 2770 1481 2833 habebis,
1527 2769 1619 2824 sed
1658 2769 1709 2823 in
1750 2768 1931 2834 domo,

1791 432 2022 493 SEBMO
2056 432 2292 492 CCCL“.

2052 557 2156 642 tur,
2188 551 2277 609 Sic
2317 551 2529 610 dimitto
2553 557 2820 627 quomodo
2860 566 2915 618 et
2952 566 3009 618 tu
3047 561 3276 623 dimittis
3304 580 3320 621 :
3345 562 3475 640 ergo
3501 571 3629 642 quia

2050 641 2154 698 hoc
2175 659 2280 700 non
2308 654 2456 716 potes
2482 647 2678 716 dicere,
2712 658 2768 706 et
2796 666 2901 708 non
2943 654 3024 710 vis
3055 654 3347 730 dimittere,
3387 641 3626 721 deviabis

2050 736 2118 791 ab
2155 736 2259 794 hoc
2288 753 2464 809 versu,
2497 750 2549 797 et
2576 746 2966 813 prtetcrmittes,
2999 758 3053 805 et
3092 750 3237 809 dices
3274 755 3415 826 quod
3445 760 3628 831 sequi-

2054 840 2157 899 tur,
2193 832 2275 887 Ne
2298 849 2389 890 nos
2428 836 2639 905 patiaris
2666 836 2839 891 induci
2875 840 2927 894 in
2965 844 3281 901 tentatienem
3302 863 3323 902 :
3348 848 3417 904 ibi
3450 858 3500 905 te
3537 866 3632 907 ca-

2054 926 2163 996 piet
2192 928 2425 984 creditor
2450 938 2590 997 tuus,
2614 933 2762 1002 cujus
2788 936 2935 1005 quasi
2962 936 3146 993 faciem
3172 941 3464 1001 devitabas.
3489 947 3635 1016 Que—

2052 1018 2213 1073 modo
2242 1020 2466 1090 quisque
2508 1022 2558 1076 in
2589 1023 2706 1078 vico
2744 1040 2865 1081 cum
2909 1032 3200 1087 occurrerit
3239 1036 3287 1089 ei
3319 1037 3401 1091 cui
3432 1038 3630 1110 aliquid

2050 1107 2229 1177 debet,
2270 1112 2313 1165 si
2353 1112 2417 1166 ad
2464 1128 2679 1169 manum
2718 1125 2798 1171 est
2841 1117 3232 1187 diverticulum,
3274 1124 3492 1183 dimittit
3523 1107 3631 1199 quo

2053 1201 2194 1269 ibat;
2228 1213 2281 1257 et
2312 1204 2350 1259 it
2382 1221 2475 1275 per
2506 1208 2660 1261 aliam
2692 1218 2917 1278 partem,
2944 1227 3010 1266 ne
3038 1210 3227 1269 faciem
3256 1217 3429 1274 videat
3457 1224 3604 1277 credi

2053 1294 2203 1348 toris.
2228 1294 2338 1350 l-loc
2359 1304 2411 1351 tu
2436 1297 2484 1351 in
2507 1298 2607 1352 isto
2635 1315 2790 1355 versu
2819 1309 2869 1356 te
2895 1300 3085 1358 fecisse
3107 1305 3391 1364 arbitratus
3413 1326 3470 1366 es
3497 1330 3510 1367 :
3533 1314 3629 1368 de...

2051 1385 2225 1449 vitasti
2256 1386 2456 1455 dicere,
2486 1389 2719 1452 Dimitte.
2762 1392 2900 1447 sicut
2928 1409 3026 1464 ego
3060 1394 3304 1464 dimitto;
3350 1416 3418 1456 ne
3447 1404 3522 1457 sic
3552 1405 3627 1458 di-

2052 1478 2305 1543 mitteret,
2340 1480 2389 1535 id
2418 1490 2499 1536 est
2526 1498 2629 1536 non
2662 1483 2971 1553 dimitteret,
3006 1487 3126 1557 quia
3155 1504 3261 1544 non
3292 1490 3543 1559 dimittis;
3579 1506 3633 1549 et

2050 1571 2264 1627 noluisti
2288 1573 2485 1640 dicere,
2514 1574 2756 1630 devitans
2790 1577 2974 1631 faciem
3006 1580 3305 1636 creditoris.
3341 1582 3507 1653 Quem
3535 1586 3631 1641 de-

2050 1663 2225 1720 vitas?
2262 1667 2379 1735 quis
2410 1668 2653 1723 devitas?
2682 1670 2798 1737 Quo
2839 1671 2960 1738 ibis,
3005 1671 3093 1727 ubi
3138 1682 3192 1729 tu
3220 1690 3341 1731 esse
3370 1678 3540 1747 possis
3580 1693 3632 1734 ct

2052 1752 2141 1813 ille
2165 1773 2270 1813 non
2300 1760 2456 1815 esse?
2488 1760 2733 1816 Dicturus
2774 1778 2852 1828 es,
2891 1764 3001 1830 Quo
3030 1764 3173 1821 abibo
3219 1784 3250 1820 a
3292 1767 3473 1838 spiritu
3502 1780 3586 1825 tuo
3609 1773 3635 1825 ρ’
3697 1776 3705 1785 ⁸

2049 1860 2096 1904 et
2123 1866 2154 1903 a
2183 1852 2312 1923 facie
2335 1861 2421 1905 tua
2441 1869 2537 1919 quo
2565 1854 2798 1925 fugiam?
2823 1857 2883 1911 Si
2907 1858 3177 1911 ascendere
3198 1859 3248 1913 in
3270 1861 3468 1928 caelum,
3494 1870 3547 1916 tu
3568 1863 3633 1917 il-

2049 1943 2115 1997 lic
2143 1959 2229 2009 es;
2258 1944 2301 1999 si
2335 1945 2632 2000 descendere
2663 1948 2714 2001 in
2745 1948 3020 2019 infernum,
3062 1951 3203 2006 ades.
3230 1952 3496 2021 Quantum
3539 1970 3633 2025 po-

2049 2043 2207 2092 testa
2232 2036 2444 2093 Christo
2488 2038 2696 2094 debitor
2733 2039 2934 2110 fugere,
2966 2057 3122 2111 quam
3165 2052 3222 2098 ut
3264 2054 3346 2100 eat
3378 2046 3427 2100 in
3459 2047 3628 2102 infcr-

2048 2130 2216 2185 num?
2242 2130 2409 2185 Adest
2457 2131 2555 2185 iste
2598 2131 2831 2186 creditor
2873 2142 2927 2187 et
2972 2134 3062 2188 ibi.
3096 2134 3231 2202 Quid
3266 2134 3499 2193 facturus
3545 2154 3624 2206 es,

2047 2222 2148 2277 nisi
2174 2222 2315 2293 quod
2345 2223 2618 2293 sequitur?
2646 2224 2707 2278 Si
2732 2241 3050 2292 assumpsere
3080 2243 3271 2295 pennas
3305 2244 3440 2283 meas
3468 2230 3517 2282 itt
3541 2230 3625 2283 di-

2046 2326 2255 2381 rectum,
2298 2326 2342 2372 et
2366 2315 2596 2371 velavere
2630 2318 2682 2371 in
2723 2327 2939 2371 extrema
2977 2318 3133 2372 maris
3174 2319 3343 2389 (Psal.
3371 2336 3623 2387 cxxxvm,

2046 2410 2170 2481 7-9)
2198 2428 2209 2463 :
2238 2410 2290 2465 id
2334 2418 2435 2477 est,
2489 2424 2582 2479 spe
2622 2424 2739 2463 mea
2792 2409 2947 2463 finem
2992 2410 3169 2464 s:rculi
3213 2410 3529 2479 meditabor,
3576 2413 3627 2468 in

2046 2502 2322 2573 praeceptis
2350 2501 2453 2556 tuis
2486 2501 2679 2566 vivam,
2729 2500 2933 2555 duabus
2966 2500 3063 2556 alis
3089 2501 3363 2557 eharitatis
3394 2504 3627 2559 attollar.

2044 2595 2213 2666 imple
2253 2609 2381 2665 ergo
2429 2593 2560 2649 duas
2608 2594 2721 2649 alas
2767 2594 3059 2649 eharitatis.
3105 2595 3272 2667 Dilige
3325 2596 3625 2667 proximqu

2045 2686 2181 2741 sicut
2226 2693 2276 2740 te
2319 2685 2524 2755 ipsom;
2566 2694 2619 2740 et
2662 2698 2766 2740 non
2816 2693 2997 2739 teneas
3037 2684 3238 2752 odium,
3272 2685 3411 2741 unde
3452 2684 3622 2757 fugias

2044 2776 2385 2833 creditorem.

350 2880 457 2918 non
509 2864 559 2916 in
601 2863 760 2918 cmlo.
804 2862 906 2917 Sed
938 2863 1024 2916 hic
1052 2877 1262 2932 quoque
1306 2861 1358 2914 in
1386 2868 1545 2925 terra,
1583 2874 1689 2930 quo
1714 2860 1937 2929 jubente

2114 2869 2341 2927 CAPUT
2396 2868 2479 2925 Ill.
2515 2900 2585 2910 ——-
2619 2869 2672 2925 8.
2718 2868 2940 2923 Tertium
2994 2887 3147 2942 genus
3192 2872 3494 2943 paenitentia:
3540 2874 3626 2927 lu-

351 2957 665 3026 przeslitisti,
698 2958 812 3027 ipse
837 2958 1045 3029 supplet
1082 2957 1219 3026 quod
1249 2954 1462 3009 dedisti.
1494 2954 1568 3007 De
1604 2954 1702 3008 hac
1728 2968 1787 3009 re
1811 2968 1933 3008 cum
1981 2948 2252 3029 σιαοεω,
2308 2977 2400 3033 pro
2448 2960 2722 3032 mortiferis
2778 2961 3012 3031 peccatis.
3069 2962 3428 3033 Desperatione
3470 2965 3628 3019 venia:

351 3048 661 3118 loqueretur
685 3049 993 3119 Apostolus,
1024 3048 1095 3103 ait
1129 3066 1142 3102 :
1174 3047 1272 3115 Qui
1302 3046 1623 3100 administrat
1648 3061 1817 3099 semen
1845 3060 1964 3122 se-;.
2004 3040 2217 3116 fam'ma
2254 3050 2557 3119 suffocatur.
2590 3053 2774 3107 Restat
2818 3052 3142 3123 pmnitenlite
3185 3054 3396 3109 tertium
3437 3070 3623 3125 genus,

350 3141 584 3207 minanti,
628 3150 673 3193 et
706 3156 885 3209 panem
924 3140 977 3194 in
1005 3156 1169 3194 escam
1197 3135 1593 3193 subministrabit
1623 3135 1688 3209 (ll
1715 3134 1830 3191 Cor.
1858 3152 1932 3204 ιι,
1998 3134 2183 3213 funde
2225 3144 2423 3216 aliquid
2467 3144 2699 3200 breviter
2743 3144 2936 3213 dicam,
2978 3153 3034 3199 ut
3072 3144 3354 3219 adjuvante
3401 3146 3627 3201 Domino

350 3233 459 3303 iO).
491 3233 780 3304 Operarius
811 3233 951 3289 enim
983 3232 1074 3287 Dei
1110 3247 1187 3298 es,
1224 3230 1437 3301 quando
1478 3229 1574 3284 das
1600 3229 1774 3299 egenti
1802 3247 1813 3282 :
1843 3243 1933 3283 sc-
1996 3218 2004 3247 '

350 3329 518 3383 minas
541 3328 737 3392 hieme,
768 3327 909 3397 quod
951 3336 1120 3382 metas
1156 3335 1360 3382 :rstate.
1392 3324 1527 3391 Quid
1563 3339 1692 3395 ergo
1719 3324 1931 3388 metuis,

349 3420 602 3485 infidelis,
634 3436 701 3476 ne
731 3421 782 3474 in
810 3420 907 3475 hac
938 3434 1125 3489 magna
1162 3418 1321 3473 domo
1350 3426 1525 3472 tantus
1555 3414 1935 3485 paterfamilias

348 3527 454 3566 non
497 3521 682 3583 pascat
725 3511 1025 3582 operarium
1072 3511 1263 3566 suum?
1298 3510 1409 3564 Erit
1441 3518 1496 3564 et
1534 3508 1625 3574 ibi,
1668 3508 1761 3563 sed
1791 3506 1933 3578 quod

346 3602 573 3658 sufficiat
602 3603 715 3657 tibi.
742 3602 897 3657 Dabit
924 3602 1065 3657 Deus
1105 3600 1408 3656 necessitati
1441 3608 1627 3665 totum,
1644 3613 1752 3653 non
1777 3597 1931 3669 cupi-

347 3698 517 3753 ditati.
560 3698 796 3769 Operare
826 3712 954 3767 ergo
992 3695 1307 3766 intrepidus,
1336 3694 1564 3751 extende
1594 3707 1803 3758 manus,
1839 3691 1937 3747 de-

347 3791 490 3845 ficiat
521 3790 797 3846 Amalech.
826 3789 930 3846 Sed
954 3788 1096 3854 hinc,
1124 3796 1180 3842 ut
1200 3786 1331 3854 dixi,
1358 3786 1555 3856 aliquid
1582 3786 1632 3840 in
1662 3785 1824 3839 demo
1845 3792 1932 3840 tua

347 3899 466 3937 cum
491 3882 727 3948 dederis,
760 3882 842 3937 vel
882 3882 1059 3935 minus
1097 3879 1245 3935 vides
1272 3879 1411 3949 quod
1441 3878 1513 3933 ibi
1544 3877 1795 3934 videbas:
1823 3892 1931 3932 non

346 3977 415 4031 ibi
445 3976 592 4031 vides
619 3991 743 4032 cum
782 3975 1018 4039 dederis,
1063 3972 1235 4029 donec
1279 3974 1472 4027 iterum
1510 3971 1601 4027 det
1645 3972 1803 4027 Deus.
1838 3970 1932 4026 Dic

345 4068 497 4131 mihi,
525 4084 646 4124 cum
671 4070 899 4137 ignoscis
928 4068 997 4123 de
1021 4067 1203 4132 corde,
1230 4066 1358 4137 quid
1387 4066 1601 4135 perdis?
1631 4065 1761 4120 Cum
1786 4064 1934 4135 igno-

345 4163 452 4217 scis
490 4163 539 4217 ei
563 4166 652 4233 qui
687 4171 871 4231 peccat
902 4161 953 4215 in
983 4170 1051 4225 te,
1088 4159 1213 4230 quid
1240 4159 1416 4213 minus
1438 4156 1661 4213 habebis
1691 4158 1741 4212 in
1769 4156 1931 4212 corde

347 4256 473 4310 tuo?
502 4255 631 4310 Inde
658 4256 801 4309 enim
830 4253 1075 4319 dimittis,
1109 4251 1203 4307 sed
1234 4251 1363 4306 nihil
1400 4250 1618 4305 amittis.
1651 4248 1763 4304 lmo
1801 4263 1929 4305 vero

345 4348 485 4402 unda
528 4346 772 4417 qutedam
820 4345 1095 4401 eharitatis
1127 4344 1237 4400 ibat
1278 4344 1331 4399 in
1370 4343 1531 4399 corde
1562 4352 1672 4407 tuo,
1713 4350 1768 4399 et
1806 4350 1927 4398 tau-

344 4455 504 4509 quam
527 4438 593 4493 de
610 4453 743 4493 vena
772 4438 1023 4493 interiore
1050 4436 1299 4491 manabat
1327 4454 1338 4488 ε
1367 4443 1515 4489 tenes
1536 4433 1716 4489 odium
1743 4441 1928 4491 contra

344 4529 588 4596 fratrem,
613 4530 870 4585 obturasti
902 4528 1119 4583 fontem.
1152 4527 1268 4583 Non
1295 4528 1465 4581 solum
1494 4542 1619 4597 ergo
1644 4526 1776 4581 nihil
1802 4540 1927 4595 per-

345 4623 449 4684 dis,
475 4639 595 4678 cum
619 4623 882 4693 ignoscis;
906 4622 998 4677 sed
1022 4620 1377 4677 abundantius
1407 4621 1664 4691 irrigaris.
1688 4620 1931 4677 Charitas

343 4730 451 4769 non
485 4724 815 4786 angustatur.
850 4714 1090 4770 Ponisibi
1105 4714 1332 4784 lapidem
1349 4713 1818 4779 offensionis,ettu
1835 4715 1931 4769 tibi

342 4806 475 4861 facis
512 4808 801 4878 angustias.
836 4806 1126 4862 Vindicabo
1173 4822 1278 4870 me.
1310 4807 1535 4862 ulciscar
1562 4822 1681 4874 me,
1723 4823 1823 4878 ego
1860 4807 1935 4863 illi

344 4900 646 4967 ostendam,
663 4904 763 4970 ego
786 4899 971 4954 faciam
1008 4918 1020 4954 :
1046 4910 1260 4966 aestuas,
1276 4900 1505 4964 laboras,
1520 4900 1605 4956 cui
1632 4900 1757 4956 licet
1779 4901 1929 4971 igno-

343 4992 545 5047 scendo
568 5008 687 5049 esse
708 5008 974 5061 securum,
997 5008 1241 5050 securum
1263 4994 1460 5063 vivere,
1485 5010 1729 5051 securum
1754 5011 1929 5052 orare.

344 5084 473 5139 Nam
499 5101 624 5140 ecce
651 5086 775 5157 quid
806 5095 1020 5140 acturus
1052 5087 1148 5141 es?
1177 5084 1434 5142 Oraturus
1460 5102 1539 5142 es.
1581 5086 1716 5154 Quid
1758 5088 1930 5143 dicam

344 5177 594 5247 quando?
612 5176 778 5231 Hodie
804 5184 1048 5231 oraturus
1074 5192 1150 5232 es.
1174 5178 1255 5232 An
1279 5193 1383 5232 non
1401 5193 1458 5233 cs
1473 5178 1758 5233 oraturus?
1780 5178 1859 5234 ira
1880 5187 1934 5235 et

342 5276 466 5329 odio
480 5275 747 5345 impletus,
764 5275 1047 5331 vindictam
1064 5275 1281 5331 minaris
1296 5293 1308 5329 :
1325 5291 1429 5331 non
1442 5274 1662 5331 dimittis
1674 5292 1737 5332 ex
1751 5276 1931 5333 corde.

345 5366 484 5421 Ecce
520 5382 665 5432 oras,
698 5382 822 5423 ecce
856 5367 1001 5423 venit
1028 5367 1211 5422 orandi
1254 5367 1404 5433 hora,
1436 5368 1625 5439 incipis
1652 5370 1812 5424 verba
1839 5369 1930 5424 illa

345 5458 424 5511 vel
458 5458 642 5512 audire
668 5458 753 5513 vel
780 5458 981 5513 dicere.
1024 5459 1187 5513 Dictis
1215 5466 1269 5515 et
1306 5458 1500 5514 auditis
1543 5460 1927 5530 superioribus,

345 5559 604 5603 venturus
652 5565 711 5605 es
753 5549 819 5605 ad
850 5550 992 5605 hunc
1023 5566 1257 5605 versum.
1289 5551 1398 5606 Aut
1440 5552 1483 5606 si
1512 5568 1616 5607 non
1655 5561 1930 5620 venturus,

347 5657 450 5712 quo
482 5642 692 5696 iturus?
711 5641 788 5697 Nc
815 5643 1061 5713 ignoscas
1088 5644 1322 5711 inimico,
1355 5644 1590 5700 deviabis
1616 5660 1644 5700 a
1682 5644 1932 5700 Christo?

348 5732 510 5789 Plane
537 5735 579 5789 si
611 5736 660 5789 in
693 5737 933 5790 oratione
961 5736 1219 5799 deviabis,
1244 5745 1300 5790 ut
1327 5738 1463 5791 nolis
1485 5737 1684 5801 dicere,
1718 5737 1923 5791 Dimitte

351 5829 488 5901 nobis
510 5828 677 5882 debita
700 5839 900 5893 nostra;
930 5829 1051 5899 quia
1076 5845 1179 5883 non
1209 5838 1357 5899 potes
1382 5829 1581 5896 dicere,
1614 5830 1743 5883 sicut
1770 5840 1815 5885 et
1838 5847 1955 5901 nes_

355 5918 648 5975 dimittimus
678 5920 982 5977 debitoribus
1008 5922 1225 5989 nostris;
1259 5937 1325 5979 nc
1356 5922 1449 5978 tibi
1478 5922 1584 5979 cito
1613 5923 1934 5995 res;ioadca-

2044 3238 2315 3308 proposita
2372 3246 2426 3293 et
2483 3238 2741 3308 promissa
2794 3237 3113 3307 persolvant.
3166 3239 3263 3295 Est
3314 3240 3626 3309 poenitentia

2043 3330 2256 3400 gravior
2284 3338 2442 3399 atque
2481 3328 2794 3393 luctuosier,
2837 3328 2888 3384 in
2921 3345 3020 3400 qua
3046 3328 3261 3400 proprie
3286 3340 3545 3386 vocantur
3574 3348 3625 3387 ιιι

2045 3422 2280 3477 Ecclesia
2304 3422 2645 3490 praenitentes,
2672 3422 2861 3476 remoti
2889 3421 3048 3476 etiam
3070 3436 3097 3475 a
3124 3420 3467 3477 Sacramenta
3494 3424 3629 3479 alta-

2042 3515 2119 3571 ris
2148 3514 2517 3585 participandi,
2548 3531 2614 3569 ne
2644 3498 2953 3585 accipiendo
2981 3513 3214 3585 indigne,
3240 3515 3496 3586 judicium
3525 3517 3626 3574 sibi

2043 3605 2367 3661 manducent
2404 3614 2460 3660 et
2502 3605 2703 3661 bibant.
2739 3604 2829 3659 illa
2873 3620 2999 3676 ergo
3029 3605 3340 3676 peanitentia
3386 3606 3625 3662 luctuosa

2043 3708 2145 3756 est.
2174 3699 2345 3756 Grave
2373 3699 2564 3755 vulnus
2602 3706 2685 3754 est
2708 3715 2720 3751 :
2747 3698 3070 3754 adulterium
3106 3698 3245 3755 forte
3278 3700 3597 3757 commissus

2044 3801 2147 3858 est,
2208 3790 2345 3846 forte
2389 3788 2752 3855 homicidium,
2810 3789 2946 3844 forte
2992 3789 3206 3861 aliquod
3255 3791 3624 3863 sacrilegium;

2044 3884 2218 3956 gravis
2262 3897 2369 3948 res,
2415 3896 2576 3953 grave
2612 3881 2828 3949 vulnus,
2870 3879 3086 3947 lethale,
3129 3882 3496 3937 mortifermn:
3530 3882 3626 3939 sed

2042 3978 2380 4047 omnipotens
2405 3976 2658 4031 medicus.
2686 3973 2803 4031 Jam
2828 3982 2950 4045 post
2989 3976 3385 4047 suggestionem
3423 3975 3544 4034 facti
3571 3985 3627 4034 et

2043 4068 2448 4125 delectationem
2497 4076 2553 4123 et
2598 4068 3006 4121 consensionem
3051 4074 3106 4122 et
3150 4067 3622 4139 perpetratienem,

2042 4161 2193 4231 quasi
2240 4158 2620 4231 quatriduanus
2660 4166 2903 4213 mortuus
2942 4165 3088 4228 putet
3115 4174 3128 4210 :
3157 4157 3253 4213 sed
3298 4173 3399 4214 nec
3451 4160 3628 4231 ipsum

2043 4252 2301 4307 Dominus
2326 4249 2582 4318 deseruit,
2613 4249 2707 4305 sed
2734 4248 3000 4317 clamavit,
3039 4240 3253 4323 Lazare,
3292 4251 3441 4317 prodi
3466 4251 3626 4323 feras.

2043 4346 2216 4403 Cessit
2267 4343 2388 4399 voci
2434 4343 2817 4400 misericordias
2877 4342 3048 4399 moles
3103 4344 3390 4415 sepultura:
3421 4364 3434 4401 :
3466 4346 3630 4402 cessit

2043 4456 2189 4495 mers
2214 4439 2358 4506 vitm,
2389 4437 2551 4494 cessit
2590 4438 2829 4494 infernus
2858 4452 3109 4509 superne.
3141 4438 3390 4495 Elevatus
3416 4447 3497 4495 est
3522 4438 3628 4496 La-

2042 4546 2219 4597 zarus,
2268 4531 2529 4601 processit
2574 4529 2641 4586 de
2686 4530 2933 4585 tumulo:
2966 4539 3017 4587 et
3066 4530 3259 4602 ligatus
3301 4538 3437 4599 erat,
3490 4530 3631 4589 sicut

2045 4633 2171 4679 sunt
2200 4623 2445 4678 homines
2491 4624 2543 4678 in
2582 4623 2918 4679 confessione
2955 4623 3156 4693 peccati
3206 4632 3426 4699 agentes
3454 4624 3630 4695 poeni-

2044 4716 2283 4771 tentiam.
2316 4713 2431 4770 Jam
2460 4723 2833 4786 processerunt
2856 4730 2885 4769 a
2922 4723 3093 4770 morte
3124 4731 3138 4770 :
3166 4730 3289 4771 nam
3323 4731 3425 4771 non
3458 4716 3630 4772 confi-

2045 4818 2305 4877 terentur,
2338 4808 2439 4864 nisi
2483 4808 2854 4879 procederent.
2901 4807 3078 4879 ipsum
3114 4808 3378 4876 confiteri,
3425 4811 3494 4866 ab
3535 4824 3631 4865 ec-

2045 4902 2187 4957 cullo
2206 4910 2259 4956 et
2284 4914 2312 4956 a
2344 4899 2629 4957 tenebroso
2649 4901 2937 4971 procedere
2961 4910 3061 4959 est.
3090 4898 3194 4957 Sed
3220 4900 3344 4972 quid
3376 4902 3634 4957 Dominus

2049 4993 2305 5051 Ecclesia:
2344 4991 2493 5047 suae?
2523 4992 2647 5059 Qua:
2670 4992 2937 5059 solveritis,
2968 4991 3159 5064 inquit,
3186 4994 3241 5048 in
3267 5002 3427 5062 terra,
3467 4994 3631 5051 soluta

2047 5094 2189 5141 erunt
2225 5094 2270 5139 et
2310 5085 2362 5139 in
2404 5085 2530 5139 certe
2561 5083 2773 5155 (Matth.
2824 5100 2973 5150 xvm,
3018 5083 3128 5158 18).
3162 5084 3393 5143 Proinde
3429 5086 3634 5143 Lazaro

2046 5179 2387 5251 procedente,
2416 5177 2537 5248 quia
2567 5177 2807 5249 implevit
2829 5178 3086 5234 Dominus
3116 5178 3498 5237 misericordia:
3523 5198 3633 5237 suae

2046 5272 2267 5336 bonum,
2302 5270 2593 5342 perducere
2630 5270 2698 5327 ad
2736 5271 3123 5328 confessionem
3158 5283 3425 5330 mortuum
3467 5275 3639 5330 laten-

2048 5372 2178 5430 tem,
2206 5372 2517 5435 putentem;
2546 5362 2654 5435 jam
2682 5373 2871 5420 caetera
2902 5365 3086 5436 implet
3114 5365 3369 5424 Ecclesia:
3396 5367 3638 5423 ministe-

2049 5456 2185 5511 rium
2218 5474 2229 5510 :
2260 5455 2453 5512 Solvite
2490 5454 2657 5519 illum,
2683 5465 2727 5509 et
2759 5456 2909 5510 sinite
2933 5456 3074 5513 abire
3102 5456 3282 5526 (Jean.
3310 5474 3385 5520 Il,
3406 5457 3629 5527 '59-“).

2048 5549 2174 5615 Sed,
2221 5548 2543 5617 charissimi,
2587 5549 2688 5603 hoc
2726 5563 2897 5619 genus
2944 5548 3271 5619 poenitentia:
3325 5563 3483 5604 nemo
3530 5550 3633 5606 sibi

2048 5650 2330 5713 proponat,
2354 5641 2419 5697 ad
2446 5642 2547 5696 hoc
2572 5656 2739 5712 genus
2767 5657 2925 5697 nemo
2951 5657 3011 5699 se
3053 5649 3315 5712 praeparet
3341 5658 3353 5696 :
3379 5649 3554 5697 tamen
3585 5642 3633 5697 si

2046 5734 2183 5790 forte
2227 5734 2526 5803 contigerit,
2578 5748 2736 5788 nemo
2780 5733 3048 5804 deSperet.
3080 5731 3269 5787 .iudam
3320 5731 3631 5789 traditorem

2046 5844 2153 5884 non
2196 5839 2299 5881 tam
2339 5828 2511 5881 scelus
2558 5827 2699 5897 quod
2747 5827 3031 5893 commisit,
3088 5840 3246 5897 quam
3290 5826 3633 5898 indulgentia:

2049 5922 2355 5994 desperatio
2377 5920 2499 5978 fecit
2522 5920 2732 5990 penitus
2757 5920 2991 5978 interire.
3024 5920 3139 5979 Non
3164 5928 3279 5980 crat
3306 5918 3498 5994 dignus
3522 5916 3633 5987 Itis
