4046 6360
553 311 696 371 1559

551 425 860 494 sericordia,
901 423 1022 482 ideo
1046 424 1095 480 ei
1124 438 1228 479 non
1255 422 1401 479 fulsit
1437 422 1614 478 lumen
1663 422 1716 477 in
1754 419 1936 487 corde,
1967 427 2027 474 ut
2054 415 2123 472 ad

551 519 670 590 eius
693 519 1070 590 indulgentiam
1104 526 1446 573 concurreret
1465 532 1622 587 quem
1650 503 1958 578 tradiderat,
1988 513 2126 566 sicut

553 611 630 668 illi
659 612 749 682 qui
775 627 894 668 eum
919 608 1323 675 cruciﬁxerant;
1355 608 1448 663 sed
1469 607 1802 678 desperando
1829 621 1888 662 se
1908 604 2120 668 occidit,

552 715 607 762 et
635 707 823 778 laqueo
863 704 1139 774 suspendit
1175 719 1254 771 se,
1298 703 1573 758 suil‘ocavit
1610 719 1686 759 se.
1718 702 1869 770 Quod
1909 702 2033 757 fecit
2070 702 2122 756 in

552 813 776 869 corpore
800 813 918 862 suo,
949 797 1052 853 hoc
1077 796 1272 853 factum
1295 805 1378 853 est
1402 797 1454 852 in
1476 796 1653 852 anima
1679 797 1863 866 ipsius.
1895 794 2123 865 Spiritus

550 891 691 944 enim
718 889 910 944 dicitur
931 889 1088 944 etiam
1118 889 1218 944 iste
1247 897 1436 943 ventus
1476 887 1614 944 aeris
1638 888 1814 959 hujus.
1845 885 2122 956 Quomodo
2142 889 2178 910 ’δ

552 997 679 1052 ergo
705 982 793 1052 qui
837 981 936 1035 sibi
975 981 1166 1035 collum
1211 980 1394 1050 ligant,
1434 979 1558 1036 inde
1603 995 1660 1036 sc
1701 981 1968 1048 occidunt,
1998 979 2122 1050 quia

548 1090 656 1128 non
684 1073 751 1128 ad
775 1089 870 1128 eos
897 1074 1056 1127 intrat
1083 1072 1300 1142 spiritus
1321 1073 1458 1130 acris
1480 1072 1635 1142 huius
1661 1090 1674 1126 :
1706 1074 1784 1128 sic
1809 1073 1885 1127 illi
1913 1073 2002 1142 qui
2028 1071 2121 1127 de-

506 1211 510 1215 .
548 1175 766 1237 sperant
785 1166 852 1220 de
879 1165 1200 1236 indulgentia
1230 1165 1343 1229 Dei,
1367 1165 1478 1235 ipsa
1504 1165 1870 1235 desperatione
1897 1165 2038 1220 intus
2061 1179 2121 1220 se

507 1255 514 1320 Ῐ
549 1257 830 1320 suﬂ'ocant,
865 1266 923 1311 ut
949 1271 1043 1311 eos
1066 1257 1293 1325 Spiritus
1319 1266 1532 1310 sanctus
1559 1256 1772 1311 visitare
1797 1271 1902 1311 non
1931 1255 2117 1326 possit.

618 1353 672 1404 9.
713 1347 899 1404 Contra
939 1347 1177 1419 Paganos
1206 1349 1505 1419 poenitentia:
1528 1349 1850 1432 permissione
1885 1349 2122 1418 peccandi

546 1442 799 1496 licentiam
824 1440 936 1494 dari
961 1441 1304 1511 suggillantes.
1335 1439 1520 1496 Solent
1537 1441 1660 1496 inde
1685 1439 1999 1496 Christianis
2019 1440 2120 1495 Pa-

544 1535 666 1604 gani
694 1533 946 1589 insultare
975 1533 1042 1588 de
1069 1533 1376 1603 pcenitentia
1403 1549 1522 1603 qua:
1551 1533 1788 1588 instituta
1817 1542 1899 1590 est
1928 1534 1980 1588 in
2016 1533 2118 1588 Ec-

548 1629 711 1684 clesia
748 1645 760 1683 :
789 1637 843 1683 et
871 1636 1056 1682 contra
1100 1625 1378 1681 nonnullas
1413 1626 1647 1681 hmreses
1683 1626 1850 1682 tenuit
1879 1624 2118 1680 Ecclesia

546 1717 803 1775 catholica
826 1720 980 1774 istam
1005 1718 1280 1774 veritatem
1307 1718 1373 1773 de
1394 1718 1703 1788 pmnitentia
1733 1717 1954 1789 agenda.
1979 1715 2118 1773 Fue-

546 1820 673 1866 runt
696 1811 837 1866 enim
871 1811 958 1880 qui
981 1811 1257 1876 dicerent,
1277 1809 1591 1879 quibusdam
1615 1809 1842 1878 peccatis
1865 1825 1969 1863 non
1999 1822 2120 1863 esse

546 1901 775 1958 dandam
801 1901 1200 1973 paenitentiam;
1229 1910 1283 1957 et
1308 1901 1511 1957 exclusi
1539 1909 1663 1956 sunt
1685 1901 1752 1956 de
1781 1901 2035 1961 Ecclesia,
2066 1907 2120 1954 et

545 1991 782 2047 haeretici
827 1993 948 2046 lacti
997 2000 1140 2047 sunt.
1183 1990 1239 2046 ln
1282 1993 1698 2062 quibuscumque
1743 1992 1973 2061 peccatis
2012 2007 2115 2046 non

545 2083 724 2154 perdit
751 2084 955 2140 viscera
989 2085 1074 2154 pia
1117 2093 1288 2140 mater
1325 2084 1579 2140 Ecclesia.
1611 2084 1753 2154 Ergo
1791 2085 1964 2139 solent
1993 2085 2116 2140 inde

543 2175 705 2230 etiam
735 2174 932 2246 Pagani
963 2176 1112 2246 quasi
1156 2175 1408 2230 insultare
1449 2177 1622 2239 nobis,
1654 2177 1953 2230 nescientes
1991 2176 2115 2245 quid

541 2265 857 2336 loquantur;
882 2266 1003 2336 quia
1033 2266 1100 2320 ad
1126 2266 1344 2321 verbum
1374 2266 1490 2331 Dei,
1520 2267 1659 2336 quod
1703 2267 1909 2337 linguas
1940 2267 2116 2322 infan-

543 2357 673 2411 tium
713 2356 838 2411 facit
877 2357 1126 2420 disertus,
1159 2357 1393 2411 nondum
1435 2367 1806 2426 pervenerunt.
1855 2358 1981 2425 Vos,
2029 2359 2114 2412 in-

541 2447 748 2518 quiunt,
781 2447 956 2502 facitis
981 2457 1038 2502 ut
1063 2457 1284 2517 peccent
1311 2448 1572 2515 homines,
1603 2464 1724 2504 cum
1754 2449 1858 2503 illis
1887 2450 2112 2519 promit-

541 2538 654 2594 titis
683 2539 914 2607 veniam,
961 2540 1004 2594 si
1049 2540 1254 2610 egerint
1301 2540 1686 2609 paenitentiam.
1721 2540 2005 2596 Dissolutio
2034 2549 2117 2596 est

540 2631 660 2694 ista,
697 2645 802 2686 non
830 2631 1140 2686 admonitio.
1183 2631 1239 2685 In
1270 2631 1408 2688 banc
1442 2632 1756 2694 sententiam
1797 2643 2116 2702 exaggerant

539 2725 725 2794 verba,
759 2734 954 2795 quanta
980 2726 1203 2796 quisque
1236 2734 1445 2796 potest;
1476 2725 1651 2796 lingua
1672 2725 1753 2780 vel
1777 2725 2004 2790 sonanti,
2031 2725 2115 2780 vel

539 2818 810 2886 titubanti,
843 2833 948 2874 non
975 2826 1151 2874 tacent
1174 2837 1188 2874 :
1211 2827 1386 2874 tamen
1417 2827 1470 2874 et
1488 2818 1699 2888 quando
1729 2819 1805 2875 eis
1830 2819 2111 2889 loquimur,

544 2914 646 2969 etsi
695 2913 992 2978 vincantur,
1039 2927 1146 2967 non
1183 2913 1542 2968 consentiunt.
1591 2912 1791 2968 Tamen
1848 2911 2116 2982 quomodo

544 3005 842 3068 vincantur,
870 3002 1102 3058 breviter
1122 3003 1344 3073 accipiat
1368 3002 1612 3058 Charitas
1637 3012 1834 3068 vestra,
1860 3004 1980 3072 quia
2005 3003 2113 3056 Do-

543 3097 674 3151 mini
699 3095 1060 3151 misericordia
1085 3105 1248 3151 totum
1273 3096 1474 3166 optime
1497 3097 1773 3151 constituit
1800 3098 1853 3151 in
1875 3096 2114 3152 Ecclesia

544 3203 662 3244 sua.
707 3189 898 3244 Dicunt
939 3203 1037 3244 nos
1063 3188 1192 3244 dare
1232 3189 1467 3259 peccatis
1509 3189 1796 3256 licentiam,
1843 3191 1963 3260 quia
1992 3205 2117 3261 por-

542 3289 654 3336 tum
678 3279 1004 3350 poenitentiae
1028 3279 1358 3350 pollicemur.
1379 3278 1436 3335 Si
1459 3279 1792 3335 clauderetur
1809 3279 1982 3336 aditus
2004 3295 2118 3348 pm-

545 3372 804 3440 nitentiae,
862 3386 1038 3426 nonne
1073 3369 1164 3426 ille
1207 3379 1452 3441 peccator
1495 3379 1643 3426 tanto
1689 3371 1858 3441 magis
1897 3370 2118 3425 adderet

543 3472 758 3534 peccata
784 3464 1037 3532 peccatis,
1077 3471 1272 3532 quanto
1301 3461 1468 3532 magis
1494 3460 1594 3515 sibi
1627 3460 1936 3531 desperaret
1963 3461 2116 3530 igno-

545 3555 654 3609 sci?
682 3553 890 3610 Diceret
916 3554 1056 3610 enim
1082 3553 1182 3610 sibi
1207 3570 1222 3609 :
1246 3552 1385 3609 Ecce
1409 3553 1642 3624 peccavi,
1675 3567 1802 3608 ecce
1827 3552 2002 3607 scelus
2025 3553 2119 3607 ad-

545 3646 690 3712 misi,
709 3646 818 3715 jam
840 3644 970 3700 mihi
993 3644 1160 3700 veniae
1179 3645 1355 3699 nullus
1377 3651 1460 3699 est
1479 3644 1661 3709 locus;
1693 3643 2005 3714 pcenitentia
2033 3643 2116 3697 in-

543 3737 815 3799 fructuosa
854 3745 955 3802 est,
992 3734 1324 3790 damnandus
1349 3749 1464 3789 sum
1493 3735 1819 3804 :quarejam
1866 3748 1970 3788 non
1999 3733 2117 3788 vivo

543 3837 604 3884 ut
629 3827 784 3882 volo?
810 3827 940 3895 Quia
973 3827 1042 3882 ibi
1073 3840 1177 3880 non
1205 3826 1414 3880 invenio
1439 3825 1770 3889 charitatem,
1806 3824 1891 3879 hic
1927 3825 2118 3880 saltem

543 3936 758 3992 pascam
786 3920 1147 3990 cupiditatem.
1176 3918 1352 3986 Quare
1380 3918 1524 3974 enim
1563 3933 1649 3972 me
1677 3917 2011 3972 abstineam?
2042 3916 2118 3971 lbi

543 4011 677 4069 milii
716 4013 862 4068 locus
900 4011 1074 4066 omnis
1117 4010 1328 4066 clausus
1367 4017 1470 4076 est,
1504 4007 1590 4065 hic
1624 4007 1877 4078 quidquid
1905 4022 2012 4061 non
2037 4008 2117 4062 fe-

546 4121 694 4173 cero,
722 4105 920 4174 perdo;
947 4103 1070 4174 quia
1095 4102 1201 4158 vita
1229 4117 1350 4173 quae
1377 4110 1496 4172 post
1528 4102 1663 4156 hanc
1683 4100 1858 4155 futura
1886 4108 1988 4168 est,
2011 4115 2119 4156 non

542 4196 678 4254 mihi
701 4196 933 4252 dabitur.
955 4195 1130 4262 Quare
1151 4209 1279 4264 ergo
1304 4209 1408 4249 non
1431 4194 1605 4249 servio
1626 4192 1930 4248 libidinibus
1960 4192 2116 4259 meis,

543 4297 604 4345 ut
629 4303 721 4345 eas
750 4289 998 4359 impleam
1028 4294 1084 4342 et
1120 4295 1372 4352 saturem,
1415 4295 1469 4341 et
1507 4285 1694 4341 faciam
1733 4285 1986 4356 quidquid
2013 4300 2120 4340 non

543 4379 688 4442 licet,
713 4377 807 4433 sed
831 4377 993 4432 libet?
1012 4377 1285 4430 Diceretur
1314 4376 1361 4430 ei
1391 4375 1633 4430 fortassis
1663 4393 1676 4430 :
1701 4374 1806 4430 Sed
1831 4376 1994 4429 miser
2029 4389 2118 4428 ca-

545 4468 729 4538 pieris,
755 4466 1116 4532 accusaberis,
1147 4464 1499 4534 torqueberis,
1533 4465 1787 4535 punieris.
1817 4464 2002 4520 Sciunt
2023 4465 2119 4519 ista

546 4559 791 4614 homines
818 4557 944 4611 mali
987 4555 1054 4610 ab
1097 4554 1398 4610 hominibus
1438 4554 1563 4618 dici,
1611 4563 1665 4610 et
1701 4554 1840 4608 inter
1878 4555 2120 4610 homines

547 4651 780 4716 servari;
811 4649 1091 4705 attendunt
1125 4648 1321 4703 multos
1346 4646 1485 4701 male
1509 4656 1563 4702 et
1602 4647 1858 4702 scelerate
1881 4648 2121 4702 viventes

544 4743 804 4814 impunita
846 4742 1043 4797 habere
1084 4749 1298 4811 peccata
1329 4757 1345 4796 :
1372 4739 1639 4796 occultare
1681 4747 1924 4810 possunt,
1976 4740 2121 4795 redi-

542 4852 690 4893 mere
719 4850 838 4905 qute
867 4833 1134 4889 occultare
1171 4849 1277 4887 non
1303 4841 1554 4902 possunt;
1585 4832 1848 4888 redimere
1874 4848 2039 4903 usque
2068 4834 2122 4888 in

544 4935 873 4984 senectutem
923 4925 1085 4978 vitam
1137 4924 1409 4990 lascivum,
1460 4923 1846 4993 blaSpliemam,
1903 4925 2125 4982 sacrile-

543 5034 686 5089 gam,
714 5017 996 5088 perditam.
1022 5015 1350 5071 Enumerant
1374 5015 1474 5070 sibi
1503 5033 1515 5068 :
1545 5014 1720 5081 Quid?
1751 5015 1841 5071 ille
1863 5017 1952 5087 qui
1974 5024 2120 5072 tanta

546 5109 691 5172 fecit,
738 5122 844 5162 non
882 5120 1046 5161 senex
1101 5113 1341 5160 mortuus
1385 5104 1540 5160 est‘?
1587 5105 1851 5177 Numquid
1891 5107 2124 5163 attendis

548 5200 667 5255 ideo
685 5199 832 5252 illum
853 5205 1187 5267 peccatorem
1203 5204 1256 5250 et
1280 5195 1595 5252 sceleratum
1618 5211 1800 5252 senem
1827 5205 2120 5263 mortuum,

548 5300 607 5345 ut
633 5289 940 5343 ostenderet
965 5288 1018 5342 in
1047 5288 1136 5342 illo
1157 5287 1298 5342 Deus
1325 5287 1652 5358 patientiam,
1676 5296 1992 5359 exspectans
2013 5305 2127 5358 pte-

548 5378 867 5435 nitentiam?
892 5376 1043 5433 Unde
1064 5376 1346 5447 Apostolus
1372 5375 1526 5431 dicit:
1547 5374 1762 5448 Ignoras
1788 5379 1906 5449 quia
1933 5380 2128 5448 patien-

613 5519 630 5549 ¹
655 5518 726 5583 sic
749 5514 1014 5564 Victorinus
1030 5519 1110 5563 Ms.
1133 5519 1188 5583 At.
1209 5521 1310 5583 Am:
1333 5517 1384 5561 et
1404 5510 1762 5583 Er.,_occultare
1785 5519 1978 5583 possunt
1994 5525 2131 5583 μυιω

552 5578 867 5639 occultavere,
882 5588 976 5639 non
992 5579 1185 5639 possum
1203 5571 1370 5639 redigi.
1385 5585 1456 5639 re.
1477 5581 1629 5639 Usque
1643 5571 1693 5622 in
1704 5571 1986 5624 senectutem
1994 5571 2129 5639 'vitte,

552 5638 789 5698 lascivias,
825 5631 1157 5700 blasphemas,
1189 5631 1442 5698 sacrilegia
1476 5631 1665 5700 perdita
1701 5642 1977 5700 enumerant
2008 5631 2128 5700 sibi,

554 5715 641 5786 cur
663 5700 744 5752 ille
766 5694 850 5766 qui
871 5694 1000 5751 tanta
1019 5695 1131 5762 fecit
1147 5707 1294 5786 senex
1315 5694 1526 5746 mortuus
1548 5694 1657 5748 est?
1677 5705 1772 5747 Nec
1793 5697 1942 5748 multo
1959 5694 2133 5750 melius

551 5769 661 5814 ιον.

1783 302 1840 358 S.
1880 293 2241 355 AUGUSTINI
2279 297 2574 356 EPISCOl‘l

3657 318 3785 374 £560

2239 417 2309 472 tia
2340 417 2437 472 Dei
2464 420 2532 472 ad
2559 422 2894 492 paenitentiam
2931 434 2978 480 te
3004 426 3250 483 adducit?
3278 427 3378 485 Ille
3417 442 3578 489 autem
3615 454 3784 494 secun-

2229 512 2350 566 dum
2373 515 2613 570 duritiam
2641 519 2806 572 cordis
2831 520 2912 574 sui
2938 530 2985 574 et
3014 537 3101 574 cor
3122 524 3451 592 impaenitens,
3482 528 3779 585 thesauriza-

2229 607 2297 661 vit
2322 608 2413 662 sibi
2439 610 2568 664 iram
2606 615 2659 665 in
2689 613 2770 667 die
2795 615 2886 668 ira:
2907 625 2955 668 et
2989 616 3300 671 reuelationis
3318 619 3449 688 justi
3467 622 3649 692 judicii
3672 625 3778 692 Dei,

2228 703 2314 771 qui
2351 704 2524 758 reddet
2563 707 2829 776 unicuique
2869 708 3144 763 secundum
3189 727 3342 781 Opera
3385 729 3476 766 sua
3513 714 3683 785 (Rom.
3726 735 3778 784 ιι,

2231 793 2375 865 4-6).
2402 794 2547 865 Opus
2585 805 2669 852 est
2709 814 2836 869 ergo
2873 809 2932 854 ut
2960 800 3044 855 hic
3088 802 3244 856 timor
3272 811 3479 859 mentes
3504 809 3775 876 possideat.

2229 901 2362 956 Opus
2399 897 2481 944 est
2523 898 2579 944 ut
2620 890 2710 946 ille
2751 892 2839 962 qui
2879 907 3100 964 peccare
3150 908 3254 949 non
3305 895 3428 962 vult,
3477 909 3779 966 prmsentem

2228 980 2392 1035 Deum
2429 982 2528 1037 sibi
2555 986 2768 1054 cogitet,
2800 999 2906 1040 non
2953 986 3004 1040 in
3030 986 3241 1056 publico
3270 987 3463 1054 solum,
3509 991 3598 1044 sed
3629 993 3776 1048 etiam

2226 1071 2280 1126 in
2301 1071 2496 1138 domo;
2528 1088 2632 1127 non
2657 1074 2708 1128 in
2736 1074 2896 1130 domo
2924 1076 3114 1140 solum,
3146 1077 3240 1131 sed
3267 1086 3322 1132 et
3359 1079 3410 1133 in
3438 1078 3694 1147 cubiculo,
3728 1084 3774 1138 in

2226 1175 2400 1229 nocte,
2425 1166 2476 1220 in
2526 1166 2664 1222 lecto
2703 1183 2819 1234 suo,
2869 1169 2920 1222 in
2967 1168 3126 1224 corde
3165 1185 3280 1224 suo.
3325 1171 3465 1241 Ergo
3513 1173 3554 1226 si
3609 1173 3780 1229 tuleris

2225 1265 2435 1326 portum
2497 1259 2860 1328 poenitentiae,
2906 1259 3272 1329 desperatione
3340 1262 3607 1331 augebunt
3669 1280 3820 1333 pec-g

2225 1355 2363 1403 cata.
2409 1348 2545 1404 Ecce
2578 1349 2708 1402 nihil
2740 1348 2812 1420 (a)
2873 1349 3058 1406 dicunt
3095 1350 3190 1417 illi,
3222 1351 3311 1422 qui
3340 1360 3526 1420 putant
3552 1353 3667 1406 ideo
3692 1369 3780 1407 au-

2223 1441 2334 1510 geri
2375 1451 2610 1510 peccata,
2659 1443 2779 1512 quia
2825 1451 3006 1510 portus
3047 1443 3373 1511 paenitentiae
3409 1443 3466 1497 in
3509 1443 3782 1498 christiana

2225 1531 2328 1588 fide
2347 1533 2674 1601 proponitur.
2707 1531 2844 1599 Quid
2869 1534 3036 1602 ergo?
3060 1533 3220 1598 Deus,
3252 1548 3317 1588 ne
3345 1548 3444 1602 per
3474 1534 3616 1588 illam
3641 1548 3781 1604 Spem

2224 1624 2559 1696 indulgentiae
2604 1640 2789 1680 rursus
2827 1633 3146 1695 augerentur
3171 1635 3408 1694 peccata,
3457 1640 3561 1680 non
3602 1625 3783 1681 dehinc

2223 1717 2499 1787 providere
2527 1717 2740 1771 debuit?
2764 1716 3042 1784 Quomodo
3066 1717 3208 1772 enim
3245 1716 3480 1786 providit
3515 1732 3581 1772 ne
3606 1717 3798 1787 despe-.

2224 1810 2390 1864 rando
2427 1817 2734 1881 augeantur,
2777 1811 2853 1864 sic
2886 1808 3166 1879 providere
3202 1808 3383 1864 debuit
3417 1824 3493 1864 ne
3535 1811 3787 1879 sperando

2221 1910 2531 1971 augeantur.
2558 1900 2836 1967 Quomodo
2863 1900 3005 1955 enim
3035 1915 3220 1956 revera
3265 1910 3420 1970 auget
3465 1911 3677 1970 peccata
3703 1903 3784 1972 qui

2222 1991 2604 2062 desperaverit,
2633 1992 2712 2048 sic
2739 2001 2912 2062 potest
2936 2006 3131 2063 augere
3153 2001 3367 2062 peccata
3393 2000 3456 2047 el:
3477 1993 3564 2062 qui
3593 1993 3786 2047 veniam

2223 2085 2514 2154 speraverit
2546 2101 2559 2139 :
2592 2091 2652 2139 ut
2689 2084 2829 2138 dicat
2867 2083 2987 2149 sibi,
3035 2083 3246 2143 Faciam
3283 2083 3424 2153 quod
3472 2084 3612 2149 volo,
3655 2084 3785 2140 Deus

2221 2175 2392 2230 bonus
2417 2183 2517 2240 est,
2549 2173 2760 2245 quando
2787 2189 2874 2229 me
2897 2183 3232 2241 convertero,
3262 2174 3510 2245 ignoscet
3537 2174 3683 2229 mihi.
3719 2174 3785 2228 Ita

2223 2269 2377 2338 plane
2400 2267 2485 2323 dic
2513 2269 2624 2334 tibi,
2651 2266 2874 2334 Quando
2905 2283 2990 2322 me
3013 2275 3346 2334 convertero,
3374 2268 3618 2337 ignoscet
3636 2267 3787 2331 mihi;

2221 2361 2265 2416 si
2293 2359 2556 2415 craStiuus
2594 2359 2712 2414 dies
2735 2371 2912 2414 certus
2939 2358 3156 2414 esttibi.
3184 2357 3372 2413 Nonne
3399 2359 3474 2412 ad
3501 2358 3601 2414 hoc
3629 2367 3677 2414 te
3702 2359 3789 2413 ad-

2220 2459 2400 2506 monet
2421 2450 2719 2520 Scriptura,
2762 2449 2943 2505 dicens
2972 2467 2985 2503 :
3011 2448 3094 2504 Ne
3121 2449 3288 2504 tardes
3325 2451 3548 2504 converti
3576 2451 3644 2503 ad
3671 2449 3776 2503 Do-

2218 2545 2430 2608 minum,
2463 2559 2621 2613 neque
2644 2541 2854 2609 differas
2880 2544 2942 2596 de
2976 2543 3056 2595 die
3083 2543 3136 2596 in
3165 2543 3296 2595 diem
3314 2560 3334 2608 ;
3354 2541 3520 2596 subito
3543 2543 3673 2596 enim
3700 2558 3780 2595 ve-

2220 2637 2326 2690 niet
2362 2635 2441 2689 ira
2467 2636 2594 2705 ejus,
2637 2643 2682 2688 et
2709 2636 2761 2688 in
2789 2643 3010 2704 tempore
3033 2634 3266 2688 vindich
3302 2633 3555 2704 disperdet
3580 2643 3626 2689 tc
3665 2633 3784 2705 (Ec-

2218 2727 2304 2783 cli.
2332 2743 2384 2794 v,
2412 2726 2447 2783 8
2471 2734 2518 2780 et
2539 2723 2634 2798 9)?
2673 2725 2811 2782 Ecce
2837 2725 2903 2780 ad
2938 2733 3223 2795 utrumque
3244 2725 3480 2794 vigilavit
3505 2742 3600 2796 pro
3640 2726 3786 2780 nobis

2218 2819 2552 2890 providentia
2595 2819 2708 2874 Dei.
2752 2819 2828 2874 Ne
2856 2819 3188 2889 desperando
3224 2833 3511 2889 augeamus
3553 2827 3782 2890 peccata,

2218 2910 2522 2982 pr0positus
2567 2919 2650 2965 est
2695 2909 3021 2980 poenitentiae
3069 2917 3252 2978 portus
3281 2927 3295 2963 :
3323 2924 3509 2965 rursus
3555 2925 3624 2965 ne
3667 2925 3787 2980 spe-

2221 3002 2388 3058 rando
2407 3017 2712 3074 augeamus.
2737 3002 2891 3057 datus
2919 3008 3001 3057 est
3024 3001 3139 3057 dies
3160 3001 3348 3056 mortis
3375 3001 3630 3058 incertus.

2666 3111 2894 3168 SERMO
2929 3111 3164 3167 cccuu
3197 3113 3218 3135 ο
3244 3110 3340 3183 (b).

2221 3205 2290 3260 In
2333 3203 2418 3260 die
2461 3214 2748 3258 octavarum
2799 3202 3083 3274 Infantiam
3107 3218 3127 3257 :
3150 3219 3273 3273 quos
3302 3201 3597 3256 exhortatur
3635 3203 3793 3259 verbis

2257 3296 2401 3352 Petri
2425 3296 2658 3367 apostoli,
2679 3295 2927 3365 Deposita
2957 3309 3085 3364 ergo
3126 3294 3270 3348 omni
3297 3285 3518 3358 malitia,
3549 3303 3644 3348 etc.
3666 3293 3757 3366 (c).

2293 3389 2516 3446 CAPUT
2553 3387 2834 3444 PRIMUM.
2869 3419 2935 3428 —
2958 3388 3009 3442 1.
3040 3385 3330 3455 Baptizatos
3358 3386 3670 3439 exhortatur.
3705 3385 3794 3440 1n-

2221 3484 2449 3538 nocentia
2477 3498 2672 3535 morum
2689 3480 2965 3533 retinenda.
2989 3477 3264 3532 Humilitas
3279 3476 3791 3532 sectanda.0mnium

2221 3577 2433 3649 quidem
2459 3591 2614 3630 aures
2643 3582 2699 3630 et
2725 3583 2950 3636 mentes,
2980 3587 3111 3641 quos
3137 3585 3260 3625 cura
3288 3578 3465 3626 nostra
3489 3571 3793 3639 complecti-

2224 3678 2328 3735 tur,
2359 3667 2568 3722 solliciti
2596 3665 2824 3735 pastoris
2851 3680 3030 3720 sermo
3071 3662 3356 3732 compellat
3389 3680 3401 3715 :
3429 3673 3792 3717 verumtamen

2224 3761 2290 3816 ad
2313 3775 2408 3814 vos
2437 3759 2648 3829 proprie
2680 3774 2818 3812 nunc
2843 3757 3343 3827 dirigitur,qnorum
3367 3771 3556 3811 recens
3579 3755 3789 3810 infantia

2223 3851 2512 3922 spiritualis
2538 3848 2896 3921 generationis
2925 3849 3387 3903 Sacramentorum
3413 3847 3690 3902 cunabulis
3716 3847 3795 3900 iu-

2225 3943 2467 4012 signitur.
2490 3940 2656 3996 Vobis
2681 3940 2821 3994 enim
2851 3939 3081 3993 maxime
3121 3953 3215 4007 per
3256 3938 3554 4007 apostolum
3578 3938 3791 3993 Petrum

2224 4037 2302 4091 sic
2315 4035 2552 4090 divinum
2570 4031 2838 4089 blanditur
2857 4032 3122 4100 eloquium
3149 4047 3162 4083 :
3188 4029 3427 4100 Deposita
3449 4047 3585 4101 ergo,
3606 4029 3790 4099 inquit,

2226 4129 2362 4184 omni
2390 4126 2585 4181 malitia
2619 4134 2667 4181 et
2703 4125 2840 4179 omni
2868 4124 2986 4179 dolo
3020 4133 3066 4177 et
3097 4123 3389 4177 adulatione
3435 4131 3484 4176 et
3525 4121 3712 4176 invidia
3752 4125 3794 4173 et

2227 4221 2551 4286 detractione,
2585 4228 2823 4289 tanquam
2867 4216 3016 4271 modo
3052 4216 3155 4269 nati
3182 4215 3400 4284 infantes
3428 4212 3726 4268 rationabile
3749 4220 3796 4264 et

2224 4316 2461 4370 innocens
2505 4314 2583 4367 lac
2624 4310 2991 4379 concupiscite;
3015 4317 3070 4361 ut
3096 4308 3151 4361 in
3176 4307 3264 4360 illo
3293 4307 3526 4360 crcscatis
3569 4307 3620 4359 in
3659 4303 3794 4359 salu-

2227 4415 2345 4470 tem,
2361 4406 2405 4458 si
2418 4404 2653 4474 gustastis
2670 4402 2904 4470 quoniam
2925 4399 3087 4453 dulcis
3106 4409 3179 4454 est
3209 4398 3455 4452 Dominus
3482 4399 3501 4469 (
3526 4398 3544 4451 1
3576 4397 3712 4453 Petr.
3736 4411 3790 4454 tt.

2228 4497 2368 4567 1-5).
2407 4493 2636 4549 Proinde
2675 4493 2794 4562 quia
2829 4490 3107 4560 gustastis,
3140 4504 3237 4543 nos
3265 4497 3428 4543 testes
3457 4505 3677 4543 sumus:
3704 4500 3797 4548 nos

2226 4586 2379 4642 vobis
2404 4585 2541 4640 lianc
2566 4584 2877 4640 suavitatem
2907 4581 3123 4635 nutricis
3161 4581 3336 4634 ofﬁcio
3361 4581 3793 4635 ministravimus.

2227 4677 2380 4747 Agite
2413 4677 2588 4745 itaque
2632 4673 2883 4728 admoniti
2911 4680 3107 4727 sanctae
3136 4672 3304 4726 instar
3330 4669 3600 4735 infantiae,
3641 4671 3798 4740 depo-

2229 4770 2339 4824 nite
2389 4768 2673 4831 malitiam,
2716 4766 2927 4831 dolnm,
2968 4764 3325 4820 adulationem
3367 4772 3421 4820 et
3456 4765 3702 4819 invidiam
3748 4771 3799 4817 et

2229 4860 2628 4916 detractionem.
2658 4857 2806 4911 Hanc
2849 4855 3204 4911 innocentiam
3244 4855 3323 4909 sic
3349 4864 3532 4910 tenere
3557 4855 3758 4909 debetis
3780 4894 3794 4920 ,

2228 4962 2288 5008 ut
2312 4967 2430 5008 eam
2469 4949 2762 5008 crescendo
2801 4963 2909 5005 non
2951 4948 3223 5004 amittatis.
3263 4947 3400 5014 Quid
3441 4958 3525 5003 est
3564 4947 3796 5014 malitia,

2290 5088 2310 5109 ‘
2334 5085 2621 5148 neeogaitus
2633 5083 2693 5134 ad
2712 5082 2833 5133 duos
2852 5080 2914 5132 cl.
2933 5088 2985 5134 et
2995 5081 3115 5133 duos
3135 5096 3177 5134 r.
3193 5084 3253 5135 ad
3273 5095 3348 5148 gr.
3368 5095 3460 5133 rm.
3481 5087 3584 5133 Am.
3606 5088 3680 5132 Er.
3697 5087 3798 5129 Par.

2315 5211 2365 5269 α)
2388 5214 2545 5269 Forte,

2317 5268 2366 5328 ὁ)
2391 5268 2537 5328 Alias,
2552 5271 2612 5319 9.0
2638 5272 2764 5318 inter
2787 5268 3009 5318 Homilias
3029 5269 3108 5319 50.
3763 5326 3765 5328 η

2317 5329 2366 5393 c)
2388 5339 2438 5380 lu
2460 5331 2651 5380 Possidii
2695 5329 2919 5393 Indiculo,
2952 5344 3055 5393 cap.
3097 5331 3146 5391 8,
3170 5337 3396 5382 notantur
3416 5342 3669 5393 sermones
3696 5343 3719 5373 α
3739 5329 3799 5393 de

2240 5387 2360 5464 «die
2381 5400 2654 5464 octavarum
2677 5391 2923 5464 Infantiam
2945 5387 3041 5464 duo
3063 5406 3074 5442 :
3100 5387 3203 5444 {ac
3235 5406 3572 5464 rtusum,‘cnp.
3600 5391 3676 5462 iQ.
3703 5387 3802 5464 «de

2243 5472 2266 5501 ι
2287 5455 2469 5520 octavis
2491 5451 2738 5520 [uiantium
2757 5461 2983 5520 tractatus
3003 5454 3114 5520 duo.
3135 5471 3158 5500 ι
3184 5463 3318 5520 Hunc
3338 5455 3417 5504 isti
3439 5451 3539 5502 diei
3560 5453 3804 5520 assignant

2233 5515 2542 5578 manuscripti
2578 5517 3018 5578 omnes.7Pcrtiuet
3054 5516 3114 5564 ad
3156 5519 3344 5578 priores
3366 5527 3521 5578 annos
3539 5515 3805 5578 Augustini,

2235 5586 2291 5642 ut
2316 5591 2379 5626 ex
2397 5572 2508 5642 stilo
2532 5583 2683 5638 patet,
2708 5577 2788 5638 qui
2812 5576 2954 5639 plane
2975 5577 3103 5642 idem
3129 5572 3203 5626 est
3226 5590 3282 5626 ac
3317 5576 3554 5642 sermonis
3589 5572 3696 5630 2‘16,
3720 5572 3803 5642 lia:

2236 5640 2324 5701 biti
2355 5637 2496 5700 paulo
2535 5637 2641 5701 post
2677 5637 2953 5701 susceptum
2990 5640 3052 5687 ab
3083 5639 3186 5699 ipso
3215 5639 3628 5701 presbyteratum.
3665 5637 3802 5692 ηρ]ἰεί

2234 5698 2495 5750 voluerunt
2516 5698 2734 5764 \ferlinus
2756 5707 2807 5750 et
2823 5698 3126 5764 'vindingus’,
3151 5698 3247 5751 stili
3275 5698 3643 5762 discrepantiam
3665 5705 3791 5756 οι·ψο

2239 5772 2436 5823 nentes,
2461 5762 2546 5813 sed
2572 5763 2826 5811 immerito.
