4080 6360
291 341 421 402 labi

287 452 386 508 nisi
419 450 646 505 nocendi
676 450 858 506 amor?
893 448 1029 519 Quid
1070 456 1153 505 est
1178 447 1332 504 dolus
1354 486 1369 513 ,
1404 446 1505 501 nisi
1532 443 1672 500 aliud
1701 457 1856 512 agerc

283 556 337 598 et
363 543 505 597 aliud
533 541 821 599 simulare?
840 541 974 609 Quid
999 550 1081 596 est
1103 540 1353 604 adulatio,
1380 538 1480 593 nisi
1502 536 1678 591 fallaci
1705 536 1859 592 laude

284 637 561 692 seductio?
612 636 748 703 Quid
799 645 883 691 est
930 635 1120 690 invidia
1149 676 1164 698 ,
1216 634 1317 689 nisi
1362 634 1544 687 odium
1592 632 1856 687 felicitatis

280 728 511 783 ιιιίθειωῖ
536 728 671 797 Quid
706 738 788 784 est
806 728 1083 793 detractio,
1108 727 1207 781 nisi
1230 726 1547 787 mordacior,
1574 739 1729 793 quam
1758 739 1853 777 ve-

280 821 456 875 racior
485 820 860 890 reprehensio?
888 820 1082 873 Malitia
1122 818 1260 872 malo
1297 818 1589 871 delectatur
1636 815 1807 869 alieno
1836 832 1850 868 :

279 915 571 971 invidentia
600 923 656 970 et
690 916 831 970 bono
871 915 1134 968 cruciatur
1172 912 1344 965 alieno
1386 909 1579 964 :dolus
1622 908 1854 977 duplicat

276 1023 373 1063 cor
398 1025 412 1060 :
440 1006 678 1061 adulatio
705 1004 938 1075 duplicat
984 1005 1213 1073 linguam
1258 1020 1269 1054 :
1312 1001 1567 1056 detractio
1607 999 1853 1054 vulnerat

276 1097 499 1155 famam.
544 1097 712 1167 Hujus
737 1105 912 1151 autem
938 1105 1128 1150 vestra:
1172 1094 1467 1149 innocentia
1518 1091 1847 1158 sanctitatis,

275 1192 529 1262 quoniam
556 1190 659 1244 lilia
689 1198 771 1244 est
808 1188 1099 1251 cbaritatis,
1130 1203 1229 1241 non
1259 1186 1443 1257 gaudet
1478 1202 1630 1255 super
1668 1184 1852 1251 iniqui—

272 1291 394 1345 tate,
422 1280 707 1353 congaudet
732 1289 900 1333 autem
923 1279 1118 1333 veritati
1148 1278 1166 1348 (
1183 1279 1197 1329 l
1221 1277 1338 1332 Cor.
1367 1293 1479 1341 xm,
1508 1277 1582 1345 6).
1614 1273 1849 1343 Simplex

273 1382 331 1426 ut
370 1370 621 1426 columba
647 1413 663 1438 ,
694 1378 748 1424 et
773 1369 849 1423 sic
870 1378 1043 1424 astuta
1073 1376 1128 1422 ut
1154 1382 1371 1438 serpens
1400 1366 1687 1437 (Matt/1.x,
1717 1364 1805 1435 16)
1830 1405 1846 1430 ,

272 1478 375 1515 non
409 1462 591 1516 studio
624 1461 869 1527 nocendi,
899 1461 993 1515 sed
1020 1468 1297 1515 nocentem
1325 1458 1564 1513 cavendi.

342 1553 571 1610 CAPUT
592 1553 811 1608 ll.—Ad
833 1552 970 1607 hanc
989 1566 1083 1606 vos
1104 1551 1372 1606 exhortor.
1402 1549 1599 1603 Talium
1625 1557 1695 1601 est
1716 1546 1847 1601 enim

268 1661 484 1713 regnum
504 1641 742 1699 caelorum
783 1641 989 1714 (Matth.
1019 1657 1131 1704 Xlx,
1169 1640 1279 1710 14),
1307 1640 1581 1694 humilium
1623 1639 1844 1703 scilicet,

269 1734 373 1789 hoc
400 1742 505 1800 est,
548 1735 891 1803 Spiritualiter
920 1734 1276 1802 parvulorum.
1312 1732 1427 1786 Non
1453 1730 1801 1785 contemnatis
1823 1770 1842 1804 ,

270 1843 375 1881 non
400 1826 757 1883 abborreatis.
785 1824 1091 1895 Magnorum
1117 1833 1198 1878 est
1224 1824 1318 1877 ista
1343 1822 1620 1893 pusillitas.
1651 1820 1821 1891 Super

270 1919 357 1973 bia
387 1934 516 1973 vero
548 1918 704 1973 fallax
742 1916 1065 1971 inﬁrmorum
1107 1926 1189 1971 est
1221 1915 1561 1985 magnitudo;
1602 1928 1721 1983 qua:
1755 1911 1846 1967 ubi

267 2020 507 2066 mentem
549 2008 877 2081 possederit,
910 2006 1161 2078 erigendo
1201 2007 1407 2075 dejicit,
1451 2004 1681 2060 inflando
1718 2019 1844 2058 eva-

266 2112 391 2159 cuat
412 2143 431 2171 ,
478 2099 833 2157 distendendo
876 2100 1113 2170 dissipat.
1142 2100 1367 2154 Humilis
1397 2114 1514 2153 esse
1539 2113 1645 2153 non
1673 2105 1847 2168 potest

267 2209 509 2259 nocens,
537 2193 798 2262 superbus
834 2206 952 2247 esse
990 2208 1093 2246 non
1135 2199 1311 2261 potest
1337 2191 1610 2245 innocens.
1657 2189 1843 2243 Humi-

267 2285 471 2338 litatem
502 2284 646 2338 illam
679 2283 892 2353 loquor,
935 2297 1053 2353 qute
1097 2297 1201 2337 non
1244 2281 1357 2337 vult
1401 2281 1648 2351 perituris
1686 2279 1845 2335 rebus

265 2376 530 2431 excellere
550 2418 565 2443 ,
595 2376 689 2431 sed
715 2385 968 2431 :eternum
995 2375 1191 2445 aliquid
1216 2376 1474 2431 veraciter
1498 2376 1712 2445 cogitat,
1739 2390 1845 2445 quo

263 2483 373 2522 non
407 2468 521 2523 suis
550 2469 770 2535 viribus,
812 2468 904 2523 sed
931 2468 1104 2536 adjuta
1134 2468 1403 2538 perveniat
1432 2469 1469 2520 ί.
1495 2467 1621 2523 Hinc
1648 2468 1843 2521 malum

262 2562 583 2629 cujusquam
608 2560 745 2615 velle
774 2576 877 2614 non
899 2569 1101 2629 potest,
1142 2576 1247 2630 quo
1274 2575 1601 2631 nequaquam
1646 2560 1843 2614 bonum

264 2654 385 2723 ejus
411 2662 653 2724 augetur.
700 2653 868 2708 Porro
908 2661 1085 2707 autem
1126 2652 1371 2722 superbia
1416 2653 1670 2707 continuo
1707 2652 1846 2721 parit

262 2747 543 2801 invidiam.
576 2746 703 2814 Quis
732 2760 857 2802 vero
899 2746 967 2800 sit
1009 2745 1239 2811 invidus,
1268 2746 1355 2816 qui
1404 2760 1509 2800 non
1556 2746 1603 2799 ei
1644 2746 1842 2799 malum

261 2840 412 2904 velit,
444 2838 595 2907 cujus
618 2839 758 2893 bono
782 2837 1085 2893 cruciatur?
1106 2838 1245 2907 Ergo
1264 2846 1319 2893 et
1343 2837 1536 2892 invidia
1559 2837 1694 2906 parit
1714 2853 1841 2892 con-

263 2940 555 3001 sequenter
581 2926 833 2986 malitiam
866 2946 880 2982 :
907 2929 1046 2984 unde
1077 2929 1316 2998 procedit
1344 2938 1399 2983 et
1426 2929 1581 2984 dolus
1619 2938 1673 2983 et
1710 2929 1842 2984 adu-

263 3022 393 3077 latio
430 3030 483 3077 et
511 3020 808 3089 detractio,
848 3028 903 3075 et
945 3036 1104 3075 omne
1147 3036 1281 3091 opus
1329 3021 1545 3085 malum,
1572 3021 1711 3089 quod
1739 3021 1842 3088 pati

261 3113 403 3167 nolis
428 3112 497 3165 ab
526 3112 650 3166 alio.
684 3112 776 3166 Pia
802 3112 979 3181 itaque
1021 3112 1318 3167 humilitate
1363 3120 1593 3177 servata,
1634 3126 1751 3181 quae
1789 3111 1841 3164 in

264 3204 556 3274 Scripturis
606 3204 801 3257 sanctis
838 3211 1020 3257 sancta
1066 3203 1319 3272 probatur
1367 3202 1623 3269 infantia,
1668 3203 1841 3257 securi

260 3294 415 3349 eritis
442 3294 509 3349 de
538 3293 932 3349 immortalitate
973 3293 1248 3349 beatorum
1279 3296 1299 3325 ²
1338 3312 1351 3349 :
1384 3293 1587 3347 Talium
1614 3302 1686 3348 est
1712 3293 1842 3347 enim

261 3402 476 3456 regnum
500 3386 762 3441 cazlorum.

260 3571 329 3624 In
386 3569 639 3625 Israelitis
679 3571 801 3624 data
853 3571 1118 3640 baptizatis
1163 3572 1328 3642 ﬁgura
1376 3572 1487 3624 vita:
1533 3571 1835 3625 Christianae.

260 3663 432 3717 Porro
452 3664 542 3733 qui
562 3664 825 3734 superbus
839 3664 890 3718 in
910 3662 1154 3719 homines
1182 3678 1285 3718 non
1304 3672 1402 3729 est,
1425 3663 1589 3717 multo
1610 3663 1840 3718 maxime

1942 3689 2153 3760 quidam
2184 3691 2393 3747 illorum
2417 3701 2772 3750 tentaverunt.
2798 3694 2853 3751 Si
2874 3697 3023 3751 vobis
3047 3697 3204 3753 fidem
3222 3662 3509 3755 Geniilium

258 3755 518 3810 adversus
542 3756 707 3812 Deum
737 3767 1020 3812 contumax
1048 3771 1167 3811 esse
1194 3771 1297 3810 non
1325 3756 1483 3811 debet
1529 3774 1542 3810 :
1588 3756 1836 3825 quoniam

258 3848 300 3901 si
336 3863 443 3902 non
470 3857 553 3902 est
574 3847 728 3902 alicui
759 3847 1057 3903 faciendum
1084 3847 1225 3918 quod
1247 3848 1471 3918 quisque
1490 3849 1570 3919 ab
1598 3848 1703 3903 alio
1730 3849 1836 3918 pati
1902 3868 1905 3871 ·

259 3952 368 3993 non
397 3938 529 4003 vult,
562 3946 615 3993 et
640 3937 816 3993 nullus
849 3938 1125 3992 hominum
1154 3939 1267 3992 vult
1306 3937 1697 3994 inobedientem
1729 3940 1836 4007 pati
1896 3956 1927 3967 '-

259 4044 384 4083 eum
424 4030 514 4098 qui
558 4044 655 4084 suo
682 4029 787 4099 juri
813 4029 1053 4084 subditus
1091 4028 1291 4093 fuerit;
1323 4039 1522 4099 quanto
1549 4030 1716 4100 magis
1743 4045 1834 4085 ca-
1882 4050 1885 4055 ί

258 4120 492 4175 vendum
518 4129 619 4186 est,
646 4135 714 4175 ne
739 4120 793 4175 in
818 4120 983 4176 Deum
1008 4120 1285 4191 quisquam
1310 4121 1426 4175 talis
1449 4120 1671 4187 existat,
1702 4136 1834 4191 qua-

257 4215 364 4269 lem
391 4216 447 4269 in
476 4229 538 4271 se
560 4216 790 4272 existere
815 4216 1081 4271 hominem
1107 4232 1222 4272 non-
1236 4217 1383 4272 vult?

328 4308 560 4364 CAPUT
592 4309 681 4364 Ill.
726 4337 800 4350 -—
826 4309 1037 4364 Fallunt
1076 4310 1298 4380 proinde
1344 4312 1546 4367 animas
1586 4326 1708 4367 suas
1746 4312 1835 4382 qui

258 4399 511 4455 sufﬁcere
536 4400 873 4467 existimant,
904 4401 948 4456 si
977 4400 1118 4471 quod
1153 4401 1251 4456 sibi
1297 4402 1411 4458 fieri
1452 4403 1659 4469 nolunt,
1704 4403 1833 4458 nulli

259 4491 541 4547 hominum
568 4491 778 4560 faciant,
805 4507 1031 4562 seseque
1063 4494 1169 4547 vita
1199 4492 1467 4549 luxuriosa
1495 4496 1565 4549 ita
1592 4510 1834 4551 corrum-

259 4592 412 4653 punt,
456 4590 515 4636 ut
549 4582 657 4637 Deo
694 4582 868 4638 facere
896 4591 1156 4639 conentur
1190 4584 1331 4654 quod
1370 4585 1468 4640 sibi
1512 4586 1579 4640 ab
1623 4586 1835 4641 homine

260 4674 371 4729 ticri
400 4674 609 4728 nolunt.
641 4673 820 4744 Neque
848 4674 990 4729 enim
1019 4674 1201 4729 volunt
1242 4690 1273 4729 a
1309 4691 1573 4747 quoquam
1606 4678 1834 4746 perverti

259 4767 479 4819 domum
507 4779 679 4831 suam,
703 4765 792 4835 qui
822 4765 877 4820 in
911 4780 969 4821 se
998 4767 1126 4835 ipsis
1164 4766 1378 4821 domum
1420 4768 1511 4823 Dei
1549 4768 1833 4823 miserabili

260 4859 500 4913 czecitate
544 4866 886 4927 pervertunt,
916 4859 1063 4914 surdi
1108 4859 1361 4915 adversus
1398 4860 1706 4931 Apostolum
1728 4860 1835 4915 cla-

260 4961 516 5016 mantem,
549 4948 768 5004 Nescitis
797 4951 916 5017 quia
949 4951 1188 5021 templum
1218 4951 1309 5005 Dei
1345 4952 1496 5018 estis,
1529 4962 1573 5005 et
1610 4952 1835 5021 Spiritus

261 5041 355 5095 Dei
401 5042 596 5095 habitat
631 5043 685 5095 in
720 5041 897 5096 vobis?
923 5041 986 5097 Si
1010 5043 1119 5111 quis
1144 5051 1308 5097 autem
1336 5044 1576 5111 templum
1605 5043 1699 5097 Dei
1726 5060 1838 5096 cor-

261 5136 486 5203 rumpit,
533 5143 817 5203 corrumpet
858 5134 1002 5187 illum
1052 5132 1210 5187 Deus.
1267 5133 1529 5203 Templum
1573 5136 1703 5188 enim
1741 5134 1837 5189 Dei

264 5236 492 5279 sanctum
516 5234 608 5289 est,
635 5225 768 5295 quod
792 5225 907 5278 estis
933 5240 1018 5278 vos
1046 5222 1101 5295 (Ι
1126 5224 1243 5278 Cor.
1269 5240 1347 5290 ιιι,
1377 5225 1441 5280 16
1460 5237 1508 5279 et
1532 5227 1638 5297 Π).
1669 5225 1836 5281 Nemo

266 5335 322 5372 se
363 5319 529 5373 fallat.
560 5316 696 5384 Quid
726 5332 852 5387 ergo
878 5332 936 5371 se
961 5326 1148 5387 putant
1171 5332 1384 5372 servare
1409 5319 1547 5372 circa
1575 5319 1708 5373 alios
1741 5318 1837 5373 ho-

267 5412 437 5464 mines
475 5410 828 5464 innocentiam
871 5425 1052 5475 suam,
1082 5425 1203 5464 cum
1249 5409 1349 5464 sibi
1393 5411 1461 5464 ita
1489 5420 1749 5475 noceant,
1779 5422 1837 5466 ut

269 5510 374 5563 Deo
413 5516 631 5564 careant
662 5508 976 5575 habitatore,
1026 5516 1082 5564 et
1125 5510 1408 5579 puniantur
1451 5511 1659 5567 ultore?
1703 5512 1838 5569 Hine

332 5663 511 5733 Iwiti,
550 5664 635 5713 sed
669 5661 837 5717 alienis
868 5664 934 5715 ad
957 5664 1101 5716 vitam
1130 5668 1387 5732 perveniat.
1423 5670 1739 5720 mnendantur
1777 5671 1835 5721 ad

265 5733 622 5787 manuscriptos.
902 5752 909 5757 -

329 5789 349 5817 ¹
371 5793 505 5850 ηδε..
528 5787 769 5840 bonorum.

1718 321 1944 376 SERMU
1982 322 2235 382 CCULIH.

3397 349 3529 407 156?.

1962 443 2121 498 etiam
2156 446 2213 501 lit
2256 460 2310 506 ut
2353 468 2450 524 per
2485 454 2669 513 noxias
2711 463 3007 532 voluptates
3045 462 3177 536 lapsi
3229 473 3285 522 et
3329 467 3479 524 ell‘usi
3506 511 3525 538 ,

1961 554 2065 595 non
2107 543 2276 598 solum
2317 550 2507 619 templa
2553 551 2646 606 Dei
2691 568 2811 611 esse
2852 556 3113 625 desinant,
3147 575 3326 616 verum
3365 564 3525 618 etiam

1960 635 2126 689 ruina:
2183 636 2349 701 fiant,
2408 642 2460 694 in
2505 643 2693 712 quibus
2738 645 2973 702 habitant
3018 652 3154 705 mala
3212 653 3513 724 daemonia,

1958 726 2148 795 quibus
2188 732 2485 799 supplicare
2507 775 2523 801 ,
2552 744 2605 789 et
2629 752 2746 805 qua:
2770 738 2944 793 colere
2970 740 3225 812 incipiunt
3254 762 3266 798 :
3292 747 3518 816 ﬁuntque

1957 819 2080 913 illis,
2101 829 2160 913 ut
2185 822 2379 878 dictum
2400 835 2501 891 est,
2528 830 2803 896 posteriora
2822 823 3066 889 deteriora
3092 838 3339 905 prioribus
3367 842 3515 913 (Luc.

1955 926 2028 976 χι,
2053 911 2166 984 9.6).
2194 913 2341 970 Unde
2363 932 2455 973 vos
2477 921 2681 975 semine
2702 922 2983 979 immortali
3006 911 3521 999 regeneratos,sicut

1954 1006 2197 1098 superius
2232 1018 2447 1078 propter
2485 1012 2773 1069 malitiosos
2797 1019 3020 1074 nocendi
3044 1022 3375 1093 cupiditates,
3403 1030 3519 1098 qui-

1953 1092 2051 1148 bus
2095 1096 2153 1150 fit
2196 1098 2493 1157 hominibus
2534 1106 2673 1174 quod
2704 1106 2948 1173 oderunt,
2992 1110 3063 1167 ita
3093 1124 3273 1181 postea
3302 1092 3518 1187 propter

1955 1199 2133 1261 turpes
2160 1208 2212 1251 et
2237 1197 2446 1254 illicitas
2474 1202 2647 1257 carnis
2675 1203 3051 1261 delectationes
3090 1218 3143 1263 et
3181 1210 3377 1267 nefaria
3430 1232 3485 1269 sa

1952 1285 2164 1354 crilegia
2184 1328 2201 1355 ,
2243 1290 2431 1359 quibus
2476 1291 2719 1350 homines
2756 1313 2947 1353 nocere
2972 1300 3274 1357 hominibus
3302 1321 3404 1359 non
3436 1308 3507 1360 vi-

1952 1376 2174 1445 dentur,
2208 1395 2312 1436 non
2353 1382 2432 1437 eis
2470 1382 2711 1441 faciendo
2738 1390 2875 1458 quod
2907 1391 3119 1457 nolunt,
3152 1394 3245 1450 sed
3282 1395 3386 1450 Deo
3415 1413 3516 1452 non

1950 1471 2245 1528 obediendo
2276 1476 2359 1531 cui
2398 1488 2583 1534 cuncta
2617 1489 2741 1538 sunt
2776 1484 3013 1552 subdita,
3059 1489 3155 1558 ipsi
3185 1491 3515 1550 dominormn

1950 1564 2176 1618 Domino
2196 1564 2393 1622 faciunt
2417 1571 2557 1639 quod
2584 1572 2683 1627 sibi
2713 1589 2744 1628 a
2772 1577 2996 1632 servulis
3033 1580 3143 1634 suis
3168 1581 3278 1638 fieri
3310 1585 3513 1651 nolunt.

1950 1652 2088 1708 idem
2120 1656 2232 1724 ipse
2256 1660 2528 1728 apostolus
2557 1662 2744 1719 Petrus
2778 1666 3090 1737 alloquitur,
3117 1670 3298 1727 dicens
3327 1691 3340 1726 :
3371 1675 3519 1728 Chri-

1948 1754 2025 1797 sto
2071 1762 2186 1816 ergo
2229 1766 2376 1819 passo
2418 1768 2509 1822 per
2544 1769 2772 1824 carnem,
2821 1766 2869 1813 et
2908 1775 2994 1816 vos
3021 1763 3194 1818 eadem
3220 1767 3520 1837 cogitatione

1948 1842 2232 1893 armamini.

2018 1928 2243 1987 CAPUT
2279 1933 2368 1989 IV.
2396 1964 2467 1977 —
2501 1936 2633 2002 Quia
2655 1941 2741 2010 qui
2765 1952 2990 1999 mortuus
3026 1956 3099 2001 est
3138 1964 3288 2003 carne
3312 1990 3329 2017 ,
3367 1947 3512 2005 desiit

1949 2038 2175 2091 peccare,
2204 2033 2257 2077 ut
2274 2026 2389 2095 jam
2414 2043 2515 2082 non
2551 2029 2809 2086 hominum
2835 2036 3112 2104 desideriis,
3146 2038 3234 2092 sed
3257 2040 3513 2094 voluntate

1947 2113 2044 2169 Dei
2068 2117 2313 2186 reliquum
2345 2120 2396 2173 in
2432 2137 2583 2175 carne
2613 2127 2761 2179 vivat.
2796 2124 2989 2197 Sufﬁcit
3036 2129 3168 2183 enim
3207 2133 3510 2201 prteteritum

1950 2216 2143 2277 tempus
2180 2209 2457 2265 voluntates
2481 2216 2703 2283 gentium
2741 2233 3107 2275 consummasse
3127 2222 3180 2275 in
3201 2223 3505 2290 libidinibus,

1947 2306 1995 2351 et
2026 2299 2377 2369 voluptatibus,
2406 2312 2452 2356 et
2470 2308 2922 2378 comessationibus,
2940 2316 3190 2382 potatione
3209 2324 3255 2370 et
3282 2319 3511 2387 nefandis

1946 2390 2197 2445 idolorum
2234 2396 2550 2452 servitutibus
2588 2399 2641 2470 (Ι
2668 2400 2808 2456 Petr.
2848 2418 2921 2471 tv,
2971 2404 3113 2477 1-5).
3144 2407 3346 2465 Sufficit
3372 2416 3511 2467 enim

1947 2484 2271 2551 prieteritum
2304 2497 2508 2557 tempus
2539 2491 2691 2547 luteis
2719 2494 2965 2562 operibus
2994 2508 3328 2567 peccatorum
3348 2544 3362 2569 ,
3390 2512 3510 2558 tan-

1948 2589 2101 2644 quam
2133 2576 2501 2647 }Egyptiorum
2537 2582 2879 2640 dominationi
2918 2592 3164 2646 servisse.
3210 2593 3325 2649 Jam
3368 2611 3513 2652 mare

1947 2664 2208 2734 Rubrum,
2238 2669 2503 2738 Baptisma
2551 2675 2751 2731 scilicet
2793 2677 2987 2735 Christi
3026 2685 3283 2753 sanguine
3327 2702 3515 2743 conse-

1947 2767 2169 2823 cratum,
2205 2776 2386 2815 verum
2429 2764 2618 2834 dejccit
2638 2766 2995 2838 Pharaonem,
3026 2773 3302 2845 Egyptios
3350 2778 3515 2835 inter-
3550 2767 3558 2773 ’

1948 2852 2078 2905 emit
2100 2852 2148 2904 ¹;
2178 2853 2305 2908 nihil
2346 2856 2412 2911 de
2443 2859 2671 2926 peccatis
2697 2863 2973 2929 praeteritis
3005 2871 3253 2936 tanquam
3280 2867 3347 2923 de
3373 2870 3515 2925 insc—

1947 2943 2227 3011 quentibus
2251 2961 2281 2999 a
2313 2955 2459 3016 tergo
2486 2948 2726 3006 hostibus
2755 2951 3065 3008 formidetis.
3096 2957 3169 3010 De
3197 2968 3390 3015 caetero
3417 2976 3512 3015 co-

1946 3032 2108 3102 gitale
2148 3035 2269 3090 vita:
2314 3037 2470 3107 hujus
2500 3055 2736 3096 eremum
2777 3059 3069 3112 permeare,
3118 3056 3170 3102 et
3212 3049 3277 3103 ad
3319 3057 3514 3106 terram

1946 3128 2333 3196 promissionis,
2366 3145 2648 3200 supernam
2666 3134 3193 3203 Jerusalem,terram
3222 3141 3514 3198 viventium

1892 3270 1903 3285 δ
1946 3222 2221 3287 pervenire
2250 3240 2262 3276 :
2292 3239 2359 3278 ne
2399 3225 2542 3279 verbi
2574 3226 2665 3282 Dei
2696 3237 2998 3301 contemptu
3033 3242 3279 3304 tanquam
3310 3252 3516 3293 manna:

1886 3363 1896 3395 Α
1946 3311 2173 3378 fastidio,
2218 3316 2376 3370 corda
2407 3327 2580 3373 vestra
2620 3321 2759 3375 velut
2795 3338 2888 3397 ora
2926 3324 3178 3381 interiora
3216 3327 3513 3399 desipiant;

1943 3426 2011 3466 ne
2055 3412 2199 3468 cibos
2243 3418 2676 3485 concupiscentes
2715 3394 2996 3491 {Egyptios
3020 3422 3087 3477 de
3111 3394 3375 3479 alimentis
3402 3394 3514 3481 cce;

262 3506 265 3511 ·
334 3478 392 3532 2.
426 3478 568 3549 Erga
605 3478 766 3532 Deum
804 3478 962 3533 multo
1003 3480 1222 3533 maxime
1265 3479 1507 3534 servanda
1534 3480 1835 3534 innocentia.

1943 3503 2161 3560 lestibus
2208 3509 2551 3564 murmuretis
2581 3528 2594 3563 :
2623 3524 2690 3565 ne
2730 3510 3094 3581 fornicemini,
3143 3514 3279 3570 sicut
3301 3516 3511 3586 quidam

1943 3597 2152 3651 illorum
2193 3599 2433 3654 fornicati
2463 3609 2619 3667 sunt;
2646 3610 2700 3657 et
2724 3618 2791 3658 ne
2812 3606 3028 3660 tentetis
3064 3604 3354 3674 Christum,
3379 3608 3514 3663 sicut

1943 3784 2240 3839 sitientibus
2265 3786 2561 3842 amaritudo
2581 3785 2754 3857 aliqua
2777 3789 3157 3857 resistentium,
3178 3792 3320 3847 velut
3342 3808 3509 3863 aqua-

1942 3894 2058 3932 rum
2108 3879 2316 3933 illarum
2360 3894 2490 3949 quas
2536 3879 2700 3936 Israel
2728 3896 2833 3937 non
2865 3882 3035 3953 potuit
3070 3883 3282 3953 bibere,
3326 3900 3511 3941 occur-

1939 3974 2096 4038 rerit;
2134 3973 2334 4027 imitata
2384 3974 2589 4028 Domini
2627 3974 2896 4045 patientia,
2938 3977 3081 4032 velut
3118 3976 3313 4048 injecto
3336 3980 3507 4034 crucis

1940 4064 2081 4133 ligno
2129 4063 2452 4121 dulceseant.
2500 4065 2559 4122 Si
2604 4068 2822 4122 tentatio
2868 4070 3168 4139 serpentina
3211 4071 3508 4127 momorde-

1938 4158 2035 4222 rit;
2078 4165 2363 4226 conspecta
2416 4157 2557 4212 illius
2604 4159 2921 4216 exaltatione
2945 4160 3222 4229 serpentis,
3256 4172 3504 4232 tanquam

1844 4246 1847 4247 ⁷
1938 4248 2124 4303 mortis
2170 4248 2226 4302 in
2269 4263 2428 4303 carne
2470 4248 2678 4303 Domini
2723 4251 2875 4305 victa:
2918 4260 3075 4321 atque
3126 4251 3498 4321 triumphatae,

1938 4339 2127 4396 eodem
2170 4340 2342 4394 crucis
2376 4338 2764 4395 medicamento
2801 4350 3035 4397 sanetur.
3075 4341 3131 4396 Si
3171 4341 3502 4397 adversarius

1939 4433 2266 4489 Amalechita
2288 4433 2390 4488 iter
2414 4432 2768 4489 intercludere
2806 4442 2963 4504 atque
3004 4434 3259 4504 impedire
3291 4434 3509 4489 conabi-

1940 4535 2027 4579 tur
2050 4568 2062 4590 ,
2100 4526 2629 4595 perseverantissima
2655 4527 2966 4581 extensione
2994 4526 3329 4581 brachiorum
3357 4528 3501 4597 ejus-

1937 4616 2056 4671 dem
2085 4616 2259 4670 crucis
2283 4616 2479 4671 indicio
2509 4628 2804 4687 superetur.
2837 4617 2958 4671 Veri
2995 4626 3047 4673 et
3072 4619 3307 4687 germani
3338 4628 3507 4675 estote

1939 4706 2211 4761 christiani
2245 4707 2451 4761 :nolite
2494 4707 2685 4761 imitari
2724 4707 2938 4762 nomine
2981 4707 3315 4773 christianos,
3343 4724 3509 4779 opere

1938 4812 2133 4851 vacuos
2158 4799 2199 4851 ¹.
2234 4797 2423 4852 lterum
2447 4797 2585 4864 dico,
2618 4808 2671 4852 et
2696 4813 2838 4867 scepe
2872 4797 3151 4852 dicendum
3174 4806 3255 4853 est
3278 4817 3292 4853 :
3317 4800 3511 4870 Sufﬁcit

1940 4888 2245 4958 praeteritum
2289 4898 2481 4960 tempus
2519 4892 2798 4944 voluntates
2851 4891 3070 4961 gentium
3117 4908 3504 4946 consummasse.

1943 4983 2284 5038 Detestamini
2329 4992 2382 5039 et
2410 4984 2726 5039 aversamini
2752 4998 2911 5038 canes
2939 4998 3225 5040 conversos
3250 4984 3318 5040 ad
3337 4985 3509 5039 vomi-

1940 5091 2048 5136 tum
2092 5096 2245 5136 suum
2279 5098 2291 5134 :
2324 5081 2657 5136 detestamini
2687 5089 2740 5135 et
2768 5079 3082 5135 avet-semini
3110 5079 3412 5135 mundatam
3455 5089 3511 5134 et

1908 5192 1909 5195 η
1940 5183 2211 5228 vacantem
2235 5174 2469 5238 domum,
2495 5189 2601 5244 quo
2648 5173 2930 5243 nequiores
2959 5173 3044 5228 alii
3067 5172 3281 5242 spiritus
3308 5183 3509 5242 septem

1939 5266 2290 5332 adducuntur,
2315 5274 2373 5319 ut
2401 5266 2507 5320 sint
2530 5265 2817 5320 novissima
2857 5266 3084 5320 hominis
3124 5265 3322 5335 pejora,
3352 5280 3507 5335 quam

1940 5366 2093 5412 erant
2129 5358 2316 5426 prima.
2350 5358 2457 5413 Vos
2492 5366 2726 5413 vestrum
2763 5357 3128 5413 mundatorem
3159 5364 3335 5411 tenete
3362 5355 3511 5409 habi-

1942 5460 2183 5505 tatorem.
2228 5450 2585 5519 Praecipientes
2629 5452 2770 5506 enim
2816 5466 3051 5521 rogamus
3101 5466 3164 5504 ne
3202 5451 3255 5503 in
3297 5465 3509 5503 vacuum

1940 5545 2153 5614 gratiam
2178 5544 2274 5599 Dei
2294 5545 2545 5613 recipiatis
2568 5544 2587 5615 (
2602 5542 2644 5597 Il
2669 5543 2786 5600 Cor.
2808 5561 2879 5609 vr,
2905 5545 2981 5615 l).
3008 5544 3203 5615 Sufﬁcit
3222 5543 3351 5597 enim
3376 5557 3509 5613 prte-

2005 5679 2119 5741 SSic
2159 5684 2263 5727 Mss.
2306 5683 2362 5727 At
2408 5676 2562 5737 editi,
2602 5681 2925 5728 consecratum
2981 5690 3059 5729 vos
3095 5674 3286 5738 trajecit
3307 5709 3324 5738 ,
3370 5683 3512 5741 159g-

1938 5739 2077 5805 ptios,
2094 5748 2196 5805 etc.

2001 5805 2021 5835 ²
2044 5802 2180 5857 mliti.
2205 5814 2362 5853 vanos.
2389 5808 2444 5852 Αι
2460 5809 2584 5857 Mss.
2602 5813 2789 5853 vacuos.
