  <div class='ocr_page' id='page_1' title='image "/cluster/home/n/w/nwhite01/storage/ocr_20150623/39/hvd.32044015471485/045.png"; bbox 0 0 4080 6360; ppageno 0'>
   <div class='ocr_carea' id='block_1_1' title="bbox 518 438 659 497">
    <p class='ocr_par' dir='ltr' id='par_1_1' title="bbox 518 438 659 497">
     <span class='ocr_line' id='line_1_1' title="bbox 518 438 659 497; baseline -0.014 0"><span class='ocrx_word' id='word_1_1' title='bbox 518 438 659 497; x_wconf 72' lang='grc'><strong><em>1665</em></strong></span> 
     </span>
    </p>
   </div>
   <div class='ocr_carea' id='block_1_2' title="bbox 518 519 2098 622">
    <p class='ocr_par' dir='ltr' id='par_1_2' title="bbox 518 519 2098 622">
     <span class='ocr_line' id='line_1_2' title="bbox 518 519 2098 622; baseline -0.027 -7"><span class='ocrx_word' id='word_1_2' title='bbox 518 558 721 616; x_wconf 83' lang='lat' dir='ltr'><strong><em>teritum</em></strong></span> <span class='ocrx_word' id='word_1_3' title='bbox 761 559 957 622; x_wconf 79' lang='lat' dir='ltr'><strong><em>ternpus</em></strong></span> <span class='ocrx_word' id='word_1_4' title='bbox 989 543 1270 602; x_wconf 75' lang='lat' dir='ltr'><strong><em>voluntates</em></strong></span> <span class='ocrx_word' id='word_1_5' title='bbox 1297 534 1519 611; x_wconf 82' lang='lat' dir='ltr'><strong><em>gentium</em></strong></span> <span class='ocrx_word' id='word_1_6' title='bbox 1559 539 1952 622; x_wconf 65' lang='lat' dir='ltr'><strong><em>consummasse.</em></strong></span> <span class='ocrx_word' id='word_1_7' title='bbox 1984 519 2098 622; x_wconf 74' lang='lat' dir='ltr'><strong><em>Au-</em></strong></span> 
     </span>
    </p>
   </div>
   <div class='ocr_carea' id='block_1_3' title="bbox 517 612 2103 715">
    <p class='ocr_par' dir='ltr' id='par_1_3' title="bbox 517 612 2103 715">
     <span class='ocr_line' id='line_1_3' title="bbox 517 612 2103 715; baseline -0.027 -8"><span class='ocrx_word' id='word_1_8' title='bbox 517 612 628 706; x_wconf 71' lang='lat' dir='ltr'><strong><em>dite</em></strong></span> <span class='ocrx_word' id='word_1_9' title='bbox 646 655 701 704; x_wconf 87' lang='lat' dir='ltr'><strong><em>et</em></strong></span> <span class='ocrx_word' id='word_1_10' title='bbox 723 612 1020 715; x_wconf 68' lang='lat' dir='ltr'><strong><em>aposiolum</em></strong></span> <span class='ocrx_word' id='word_1_11' title='bbox 1059 635 1278 692; x_wconf 89' lang='lat' dir='ltr'><strong><em>Paulum</em></strong></span> <span class='ocrx_word' id='word_1_12' title='bbox 1303 647 1319 686; x_wconf 90' lang='lat'><strong>:</strong></span> <span class='ocrx_word' id='word_1_13' title='bbox 1345 627 1639 684; x_wconf 85' lang='lat' dir='ltr'><strong><em>Humanum</em></strong></span> <span class='ocrx_word' id='word_1_14' title='bbox 1655 621 1770 674; x_wconf 90' lang='lat' dir='ltr'><strong><em>dico</em></strong></span> <span class='ocrx_word' id='word_1_15' title='bbox 1793 624 1996 688; x_wconf 89' lang='lat' dir='ltr'><strong><em>propter</em></strong></span> <span class='ocrx_word' id='word_1_16' title='bbox 2019 612 2103 715; x_wconf 75' lang='lat' dir='ltr'><strong><em>in-</em></strong></span> 
     </span>
    </p>
   </div>
   <div class='ocr_carea' id='block_1_4' title="bbox 521 706 2106 814">
    <p class='ocr_par' dir='ltr' id='par_1_4' title="bbox 521 706 2106 814">
     <span class='ocr_line' id='line_1_4' title="bbox 521 706 2106 814; baseline -0.025 -17"><span class='ocrx_word' id='word_1_17' title='bbox 521 706 810 814; x_wconf 75' lang='lat' dir='ltr'><strong><em>ﬁrmitatem</em></strong></span> <span class='ocrx_word' id='word_1_18' title='bbox 844 733 1011 788; x_wconf 81' lang='lat' dir='ltr'><strong><em>carnis</em></strong></span> <span class='ocrx_word' id='word_1_19' title='bbox 1045 737 1239 786; x_wconf 72' lang='lat' dir='ltr'><strong><em>vestra.</em></strong></span> <span class='ocrx_word' id='word_1_20' title='bbox 1263 724 1408 780; x_wconf 90' lang='lat' dir='ltr'><strong><em>Sicut</em></strong></span> <span class='ocrx_word' id='word_1_21' title='bbox 1429 721 1561 775; x_wconf 91' lang='lat' dir='ltr'><strong><em>enim</em></strong></span> <span class='ocrx_word' id='word_1_22' title='bbox 1581 712 1872 772; x_wconf 72' lang='lat' dir='ltr'><strong><em>exhibuistis</em></strong></span> <span class='ocrx_word' id='word_1_23' title='bbox 1885 706 2106 763; x_wconf 88' lang='lat' dir='ltr'><strong><em>membra</em></strong></span> 
     </span>
    </p>
   </div>
   <div class='ocr_carea' id='block_1_5' title="bbox 520 803 2105 893">
    <p class='ocr_par' dir='ltr' id='par_1_5' title="bbox 520 803 2105 893">
     <span class='ocr_line' id='line_1_5' title="bbox 520 803 2105 893; baseline -0.026 -1"><span class='ocrx_word' id='word_1_24' title='bbox 520 803 686 893; x_wconf 71' lang='lat' dir='ltr'><strong><em>vestra</em></strong></span> <span class='ocrx_word' id='word_1_25' title='bbox 727 829 914 886; x_wconf 94' lang='lat' dir='ltr'><strong><em>servire</em></strong></span> <span class='ocrx_word' id='word_1_26' title='bbox 940 820 1275 881; x_wconf 66' lang='lat' dir='ltr'><strong><em>immunditiis</em></strong></span> <span class='ocrx_word' id='word_1_27' title='bbox 1301 827 1346 872; x_wconf 86' lang='lat' dir='ltr'><strong><em>et</em></strong></span> <span class='ocrx_word' id='word_1_28' title='bbox 1375 809 1629 884; x_wconf 73' lang='lat' dir='ltr'><strong><em>iniquitati</em></strong></span> <span class='ocrx_word' id='word_1_29' title='bbox 1656 807 1722 861; x_wconf 90' lang='lat' dir='ltr'><strong><em>ad</em></strong></span> <span class='ocrx_word' id='word_1_30' title='bbox 1751 803 2055 874; x_wconf 84' lang='lat' dir='ltr'><strong><em>iniustitiam</em></strong></span> <span class='ocrx_word' id='word_1_31' title='bbox 2085 813 2105 853; x_wconf 71' lang='lat'><strong><em>.-</em></strong></span> 
     </span>
    </p>
   </div>
   <div class='ocr_carea' id='block_1_6' title="bbox 518 897 2108 986">
    <p class='ocr_par' dir='ltr' id='par_1_6' title="bbox 518 897 2108 986">
     <span class='ocr_line' id='line_1_6' title="bbox 518 897 2108 986; baseline -0.025 0"><span class='ocrx_word' id='word_1_32' title='bbox 518 928 595 986; x_wconf 84' lang='lat' dir='ltr'><strong><em>sio</em></strong></span> <span class='ocrx_word' id='word_1_33' title='bbox 615 941 749 982; x_wconf 81' lang='lat' dir='ltr'><strong><em>nunc</em></strong></span> <span class='ocrx_word' id='word_1_34' title='bbox 773 921 997 978; x_wconf 77' lang='lat' dir='ltr'><strong><em>exhibete</em></strong></span> <span class='ocrx_word' id='word_1_35' title='bbox 1021 915 1242 973; x_wconf 88' lang='lat' dir='ltr'><strong><em>membra</em></strong></span> <span class='ocrx_word' id='word_1_36' title='bbox 1265 921 1426 967; x_wconf 87' lang='lat' dir='ltr'><strong><em>vestra</em></strong></span> <span class='ocrx_word' id='word_1_37' title='bbox 1452 905 1636 963; x_wconf 82' lang='lat' dir='ltr'><strong><em>servire</em></strong></span> <span class='ocrx_word' id='word_1_38' title='bbox 1651 901 1868 974; x_wconf 75' lang='lat' dir='ltr'><strong><em>justitia:</em></strong></span> <span class='ocrx_word' id='word_1_39' title='bbox 1895 897 1948 951; x_wconf 90' lang='lat' dir='ltr'><strong><em>in</em></strong></span> <span class='ocrx_word' id='word_1_40' title='bbox 1988 910 2108 950; x_wconf 88' lang='lat' dir='ltr'><strong><em>san-</em></strong></span> 
     </span>
    </p>
   </div>
   <div class='ocr_carea' id='block_1_7' title="bbox 521 1006 1322 1092">
    <p class='ocr_par' dir='ltr' id='par_1_7' title="bbox 521 1006 1322 1092">
     <span class='ocr_line' id='line_1_7' title="bbox 521 1006 1322 1092; baseline -0.021 -15"><span class='ocrx_word' id='word_1_41' title='bbox 521 1019 876 1092; x_wconf 71' lang='lat' dir='ltr'><strong><em>ctiﬁcationem</em></strong></span> <span class='ocrx_word' id='word_1_42' title='bbox 904 1013 1082 1087; x_wconf 87' lang='lat' dir='ltr'><strong><em>(Rom.</em></strong></span> <span class='ocrx_word' id='word_1_43' title='bbox 1113 1025 1184 1072; x_wconf 73' lang='grc' dir='ltr'><strong><em>γι,</em></strong></span> <span class='ocrx_word' id='word_1_44' title='bbox 1207 1006 1322 1076; x_wconf 75' lang='grc'><strong>19).</strong></span> 
     </span>
    </p>
   </div>
   <div class='ocr_carea' id='block_1_8' title="bbox 1000 1099 1628 1206">
    <p class='ocr_par' dir='ltr' id='par_1_8' title="bbox 1000 1099 1628 1206">
     <span class='ocr_line' id='line_1_8' title="bbox 1000 1099 1628 1206; baseline -0.03 -3"><span class='ocrx_word' id='word_1_45' title='bbox 1000 1142 1227 1203; x_wconf 77' lang='lat' dir='ltr'><strong><em>senuo</em></strong></span> <span class='ocrx_word' id='word_1_46' title='bbox 1263 1135 1503 1195; x_wconf 80' lang='lat' dir='ltr'><strong><em>cccuv</em></strong></span> <span class='ocrx_word' id='word_1_47' title='bbox 1529 1099 1628 1206; x_wconf 70' lang='grc' dir='ltr'><strong><em>(ά).</em></strong></span> 
     </span>
    </p>
   </div>
   <div class='ocr_carea' id='block_1_9' title="bbox 520 1211 2109 1304">
    <p class='ocr_par' dir='ltr' id='par_1_9' title="bbox 520 1211 2109 1304">
     <span class='ocr_line' id='line_1_9' title="bbox 520 1211 2109 1304; baseline -0.025 0"><span class='ocrx_word' id='word_1_48' title='bbox 520 1247 604 1304; x_wconf 79' lang='lat' dir='ltr'><strong><em>Ad</em></strong></span> <span class='ocrx_word' id='word_1_49' title='bbox 631 1243 951 1303; x_wconf 86' lang='lat' dir='ltr'><strong><em>Continentes</em></strong></span> <span class='ocrx_word' id='word_1_50' title='bbox 975 1237 1172 1292; x_wconf 88' lang='lat' dir='ltr'><strong><em>habitus</em></strong></span> <span class='ocrx_word' id='word_1_51' title='bbox 1202 1250 1219 1288; x_wconf 93' lang='lat'><strong><em>:</em></strong></span> <span class='ocrx_word' id='word_1_52' title='bbox 1245 1249 1340 1303; x_wconf 91' lang='lat' dir='ltr'><strong><em>quo</em></strong></span> <span class='ocrx_word' id='word_1_53' title='bbox 1377 1245 1458 1282; x_wconf 88' lang='lat' dir='ltr'><strong><em>eos</em></strong></span> <span class='ocrx_word' id='word_1_54' title='bbox 1485 1225 1701 1298; x_wconf 89' lang='lat' dir='ltr'><strong><em>primum</em></strong></span> <span class='ocrx_word' id='word_1_55' title='bbox 1741 1218 1980 1273; x_wconf 87' lang='lat' dir='ltr'><strong><em>adversus</em></strong></span> <span class='ocrx_word' id='word_1_56' title='bbox 2017 1211 2109 1266; x_wconf 90' lang='lat' dir='ltr'><strong><em>ob-</em></strong></span> 
     </span>
    </p>
   </div>
   <div class='ocr_carea' id='block_1_10' title="bbox 596 1307 2110 1399">
    <p class='ocr_par' dir='ltr' id='par_1_10' title="bbox 596 1307 2110 1399">
     <span class='ocr_line' id='line_1_10' title="bbox 596 1307 2110 1399; baseline -0.028 1"><span class='ocrx_word' id='word_1_57' title='bbox 596 1347 882 1399; x_wconf 81' lang='lat' dir='ltr'><strong><em>trectatores</em></strong></span> <span class='ocrx_word' id='word_1_58' title='bbox 901 1344 947 1389; x_wconf 88' lang='lat' dir='ltr'><strong><em>et</em></strong></span> <span class='ocrx_word' id='word_1_59' title='bbox 966 1332 1160 1387; x_wconf 81' lang='lat' dir='ltr'><strong><em>invidos</em></strong></span> <span class='ocrx_word' id='word_1_60' title='bbox 1180 1326 1612 1390; x_wconf 71' lang='lat' dir='ltr'><strong><em>corroborat,tum</em></strong></span> <span class='ocrx_word' id='word_1_61' title='bbox 1631 1313 1809 1371; x_wconf 85' lang='lat' dir='ltr'><strong><em>deinde</em></strong></span> <span class='ocrx_word' id='word_1_62' title='bbox 1826 1307 2110 1382; x_wconf 86' lang='lat' dir='ltr'><strong><em>superbiam</em></strong></span> 
     </span>
    </p>
   </div>
   <div class='ocr_carea' id='block_1_11' title="bbox 597 1425 1043 1502">
    <p class='ocr_par' dir='ltr' id='par_1_11' title="bbox 597 1425 1043 1502">
     <span class='ocr_line' id='line_1_11' title="bbox 597 1425 1043 1502; baseline -0.025 -13"><span class='ocrx_word' id='word_1_63' title='bbox 597 1448 770 1489; x_wconf 87' lang='lat' dir='ltr'><strong><em>cavere</em></strong></span> <span class='ocrx_word' id='word_1_64' title='bbox 778 1429 922 1502; x_wconf 88' lang='lat' dir='ltr'><strong><em>jubet</em></strong></span> <span class='ocrx_word' id='word_1_65' title='bbox 948 1425 1043 1499; x_wconf 89' lang='lat' dir='ltr'><strong><em>(b).</em></strong></span> 
     </span>
    </p>
   </div>
   <div class='ocr_carea' id='block_1_12' title="bbox 597 1511 2110 1605">
    <p class='ocr_par' dir='ltr' id='par_1_12' title="bbox 597 1511 2110 1605">
     <span class='ocr_line' id='line_1_12' title="bbox 597 1511 2110 1605; baseline -0.026 0"><span class='ocrx_word' id='word_1_66' title='bbox 597 1543 823 1605; x_wconf 81' lang='lat' dir='ltr'><strong><em>CAPUT</em></strong></span> <span class='ocrx_word' id='word_1_67' title='bbox 853 1537 1140 1598; x_wconf 79' lang='lat' dir='ltr'><strong><em>PRIMUM.</em></strong></span> <span class='ocrx_word' id='word_1_68' title='bbox 1173 1564 1243 1576; x_wconf 94' lang='lat'><strong>——</strong></span> <span class='ocrx_word' id='word_1_69' title='bbox 1269 1533 1320 1590; x_wconf 80' lang='lat' dir='ltr'><strong><em>l.</em></strong></span> <span class='ocrx_word' id='word_1_70' title='bbox 1350 1527 1532 1584; x_wconf 82' lang='lat' dir='ltr'><strong><em>Christi</em></strong></span> <span class='ocrx_word' id='word_1_71' title='bbox 1568 1521 1788 1579; x_wconf 89' lang='lat' dir='ltr'><strong><em>membra</em></strong></span> <span class='ocrx_word' id='word_1_72' title='bbox 1831 1518 1885 1572; x_wconf 90' lang='lat' dir='ltr'><strong><em>in</em></strong></span> <span class='ocrx_word' id='word_1_73' title='bbox 1932 1511 2110 1569; x_wconf 89' lang='lat' dir='ltr'><strong><em>mundi</em></strong></span> 
     </span>
    </p>
   </div>
   <div class='ocr_carea' id='block_1_13' title="bbox 528 1606 2112 1704">
    <p class='ocr_par' dir='ltr' id='par_1_13' title="bbox 528 1606 2112 1704">
     <span class='ocr_line' id='line_1_13' title="bbox 528 1606 2112 1704; baseline -0.023 -8"><span class='ocrx_word' id='word_1_74' title='bbox 528 1639 738 1704; x_wconf 88' lang='lat' dir='ltr'><strong><em>odium,</em></strong></span> <span class='ocrx_word' id='word_1_75' title='bbox 782 1636 854 1690; x_wconf 92' lang='lat' dir='ltr'><strong><em>uti</em></strong></span> <span class='ocrx_word' id='word_1_76' title='bbox 902 1630 1134 1704; x_wconf 66' lang='lat' dir='ltr'><strong><em>praedixit</em></strong></span> <span class='ocrx_word' id='word_1_77' title='bbox 1163 1627 1304 1699; x_wconf 82' lang='lat' dir='ltr'><strong><em>ipse,</em></strong></span> <span class='ocrx_word' id='word_1_78' title='bbox 1333 1635 1528 1679; x_wconf 84' lang='lat' dir='ltr'><strong><em>necesse</em></strong></span> <span class='ocrx_word' id='word_1_79' title='bbox 1570 1626 1642 1673; x_wconf 89' lang='lat' dir='ltr'><strong><em>est</em></strong></span> <span class='ocrx_word' id='word_1_80' title='bbox 1669 1616 1945 1668; x_wconf 80' lang='lat' dir='ltr'><strong><em>incurrant.</em></strong></span> <span class='ocrx_word' id='word_1_81' title='bbox 1998 1606 2112 1661; x_wconf 88' lang='lat' dir='ltr'><strong><em>lloc</em></strong></span> 
     </span>
    </p>
   </div>
   <div class='ocr_carea' id='block_1_14' title="bbox 531 1704 2107 1790">
    <p class='ocr_par' dir='ltr' id='par_1_14' title="bbox 531 1704 2107 1790">
     <span class='ocr_line' id='line_1_14' title="bbox 531 1704 2107 1790; baseline -0.024 -1"><span class='ocrx_word' id='word_1_82' title='bbox 531 1729 808 1788; x_wconf 82' lang='lat' dir='ltr'><strong><em>admonuit</em></strong></span> <span class='ocrx_word' id='word_1_83' title='bbox 866 1725 1160 1790; x_wconf 84' lang='lat' dir='ltr'><strong><em>Dominus,</em></strong></span> <span class='ocrx_word' id='word_1_84' title='bbox 1231 1732 1352 1773; x_wconf 87' lang='lat' dir='ltr'><strong><em>cum</em></strong></span> <span class='ocrx_word' id='word_1_85' title='bbox 1405 1709 1751 1782; x_wconf 78' lang='lat' dir='ltr'><strong><em>Evangelium</em></strong></span> <span class='ocrx_word' id='word_1_86' title='bbox 1804 1704 2107 1774; x_wconf 82' lang='lat' dir='ltr'><strong><em>legeretur,</em></strong></span> 
     </span>
    </p>
   </div>
   <div class='ocr_carea' id='block_1_15' title="bbox 529 1795 2108 1897">
    <p class='ocr_par' dir='ltr' id='par_1_15' title="bbox 529 1795 2108 1897">
     <span class='ocr_line' id='line_1_15' title="bbox 529 1795 2108 1897; baseline -0.025 -15"><span class='ocrx_word' id='word_1_87' title='bbox 529 1825 777 1897; x_wconf 88' lang='lat' dir='ltr'><strong><em>quoniam</em></strong></span> <span class='ocrx_word' id='word_1_88' title='bbox 805 1821 892 1891; x_wconf 85' lang='lat' dir='ltr'><strong><em>qui</em></strong></span> <span class='ocrx_word' id='word_1_89' title='bbox 918 1817 1086 1874; x_wconf 86' lang='lat' dir='ltr'><strong><em>credit</em></strong></span> <span class='ocrx_word' id='word_1_90' title='bbox 1129 1815 1180 1869; x_wconf 89' lang='lat' dir='ltr'><strong><em>in</em></strong></span> <span class='ocrx_word' id='word_1_91' title='bbox 1207 1827 1326 1868; x_wconf 90' lang='lat' dir='ltr'><strong><em>cum</em></strong></span> <span class='ocrx_word' id='word_1_92' title='bbox 1347 1851 1364 1875; x_wconf 96' lang='lat'><strong><em>,</em></strong></span> <span class='ocrx_word' id='word_1_93' title='bbox 1391 1805 1559 1862; x_wconf 92' lang='lat' dir='ltr'><strong><em>credit</em></strong></span> <span class='ocrx_word' id='word_1_94' title='bbox 1589 1803 1640 1856; x_wconf 93' lang='lat' dir='ltr'><strong><em>in</em></strong></span> <span class='ocrx_word' id='word_1_95' title='bbox 1679 1800 1824 1854; x_wconf 92' lang='lat' dir='ltr'><strong><em>illum</em></strong></span> <span class='ocrx_word' id='word_1_96' title='bbox 1869 1795 1956 1865; x_wconf 89' lang='lat' dir='ltr'><strong><em>qui</em></strong></span> <span class='ocrx_word' id='word_1_97' title='bbox 1986 1805 2108 1846; x_wconf 90' lang='lat' dir='ltr'><strong><em>eum</em></strong></span> 
     </span>
    </p>
   </div>
   <div class='ocr_carea' id='block_1_16' title="bbox 529 1890 2112 1985">
    <p class='ocr_par' dir='ltr' id='par_1_16' title="bbox 529 1890 2112 1985">
     <span class='ocr_line' id='line_1_16' title="bbox 529 1890 2112 1985; baseline -0.023 -11"><span class='ocrx_word' id='word_1_98' title='bbox 529 1890 675 1974; x_wconf 75' lang='lat' dir='ltr'><strong><em>misit</em></strong></span> <span class='ocrx_word' id='word_1_99' title='bbox 703 1890 878 1985; x_wconf 79' lang='lat' dir='ltr'><strong><em>(Joan.</em></strong></span> <span class='ocrx_word' id='word_1_100' title='bbox 905 1927 975 1966; x_wconf 82' lang='lat' dir='ltr'><strong><em>xu</em></strong></span> <span class='ocrx_word' id='word_1_101' title='bbox 1000 1952 1016 1978; x_wconf 94' lang='lat'><strong><em>,</em></strong></span> <span class='ocrx_word' id='word_1_102' title='bbox 1042 1909 1155 1978; x_wconf 69' lang='grc'><strong><em>44).</em></strong></span> <span class='ocrx_word' id='word_1_103' title='bbox 1180 1905 1394 1960; x_wconf 88' lang='lat' dir='ltr'><strong><em>Missum</em></strong></span> <span class='ocrx_word' id='word_1_104' title='bbox 1426 1913 1544 1955; x_wconf 87' lang='lat' dir='ltr'><strong><em>esse</em></strong></span> <span class='ocrx_word' id='word_1_105' title='bbox 1571 1895 1636 1949; x_wconf 91' lang='lat' dir='ltr'><strong><em>ad</em></strong></span> <span class='ocrx_word' id='word_1_106' title='bbox 1659 1908 1756 1947; x_wconf 85' lang='lat' dir='ltr'><strong><em>nos</em></strong></span> <span class='ocrx_word' id='word_1_107' title='bbox 1780 1890 2112 1945; x_wconf 90' lang='lat' dir='ltr'><strong><em>Salvatorem</em></strong></span> 
     </span>
    </p>
   </div>
   <div class='ocr_carea' id='block_1_17' title="bbox 530 1977 2114 2074">
    <p class='ocr_par' dir='ltr' id='par_1_17' title="bbox 530 1977 2114 2074">
     <span class='ocr_line' id='line_1_17' title="bbox 530 1977 2114 2074; baseline -0.021 -8"><span class='ocrx_word' id='word_1_108' title='bbox 530 1977 733 2074; x_wconf 80' lang='lat' dir='ltr'><strong><em>mundi,</em></strong></span> <span class='ocrx_word' id='word_1_109' title='bbox 764 2005 894 2062; x_wconf 84' lang='lat' dir='ltr'><strong><em>ﬁdes</em></strong></span> <span class='ocrx_word' id='word_1_110' title='bbox 921 1977 1196 2058; x_wconf 86' lang='lat' dir='ltr'><strong><em>verissima</em></strong></span> <span class='ocrx_word' id='word_1_111' title='bbox 1221 2004 1363 2050; x_wconf 86' lang='lat' dir='ltr'><strong><em>tenet</em></strong></span> <span class='ocrx_word' id='word_1_112' title='bbox 1391 2011 1404 2048; x_wconf 94' lang='lat'>:</span> <span class='ocrx_word' id='word_1_113' title='bbox 1433 1987 1681 2061; x_wconf 90' lang='lat' dir='ltr'><strong><em>quoniam</em></strong></span> <span class='ocrx_word' id='word_1_114' title='bbox 1709 1982 1977 2038; x_wconf 89' lang='lat' dir='ltr'><strong><em>Christum</em></strong></span> <span class='ocrx_word' id='word_1_115' title='bbox 1999 1977 2114 2046; x_wconf 84' lang='lat' dir='ltr'><strong><em>ipse</em></strong></span> 
     </span>
    </p>
   </div>
   <div class='ocr_carea' id='block_1_18' title="bbox 532 2067 2115 2171">
    <p class='ocr_par' dir='ltr' id='par_1_18' title="bbox 532 2067 2115 2171">
     <span class='ocr_line' id='line_1_18' title="bbox 532 2067 2115 2171; baseline -0.023 -15"><span class='ocrx_word' id='word_1_116' title='bbox 532 2067 784 2171; x_wconf 68' lang='lat' dir='ltr'><strong><em>praedicat</em></strong></span> <span class='ocrx_word' id='word_1_117' title='bbox 825 2094 1098 2156; x_wconf 81' lang='lat' dir='ltr'><strong><em>Christus,</em></strong></span> <span class='ocrx_word' id='word_1_118' title='bbox 1133 2089 1233 2143; x_wconf 91' lang='lat' dir='ltr'><strong><em>hoc</em></strong></span> <span class='ocrx_word' id='word_1_119' title='bbox 1273 2093 1355 2140; x_wconf 86' lang='lat' dir='ltr'><strong><em>est</em></strong></span> <span class='ocrx_word' id='word_1_120' title='bbox 1401 2095 1595 2152; x_wconf 90' lang='lat' dir='ltr'><strong><em>corpus</em></strong></span> <span class='ocrx_word' id='word_1_121' title='bbox 1622 2073 1819 2132; x_wconf 85' lang='lat' dir='ltr'><strong><em>Christi</em></strong></span> <span class='ocrx_word' id='word_1_122' title='bbox 1847 2078 1958 2126; x_wconf 90' lang='lat' dir='ltr'><strong><em>toto</em></strong></span> <span class='ocrx_word' id='word_1_123' title='bbox 1985 2067 2115 2123; x_wconf 87' lang='lat' dir='ltr'><strong><em>orbe</em></strong></span> 
     </span>
    </p>
   </div>
   <div class='ocr_carea' id='block_1_19' title="bbox 532 2163 2116 2247">
    <p class='ocr_par' dir='ltr' id='par_1_19' title="bbox 532 2163 2116 2247">
     <span class='ocr_line' id='line_1_19' title="bbox 532 2163 2116 2247; baseline -0.021 0"><span class='ocrx_word' id='word_1_124' title='bbox 532 2191 803 2247; x_wconf 71' lang='lat' dir='ltr'><strong><em>diffusum.</em></strong></span> <span class='ocrx_word' id='word_1_125' title='bbox 833 2187 888 2242; x_wconf 90' lang='lat' dir='ltr'><strong><em>lu</em></strong></span> <span class='ocrx_word' id='word_1_126' title='bbox 916 2184 1064 2240; x_wconf 60' lang='lat' dir='ltr'><strong><em>caelis</em></strong></span> <span class='ocrx_word' id='word_1_127' title='bbox 1094 2182 1233 2238; x_wconf 89' lang='lat' dir='ltr'><strong><em>enim</em></strong></span> <span class='ocrx_word' id='word_1_128' title='bbox 1264 2179 1350 2234; x_wconf 89' lang='lat' dir='ltr'><strong><em>ille</em></strong></span> <span class='ocrx_word' id='word_1_129' title='bbox 1375 2183 1492 2232; x_wconf 89' lang='lat' dir='ltr'><strong><em>erat</em></strong></span> <span class='ocrx_word' id='word_1_130' title='bbox 1514 2215 1530 2242; x_wconf 93' lang='lat'><strong><em>,</em></strong></span> <span class='ocrx_word' id='word_1_131' title='bbox 1562 2180 1614 2228; x_wconf 86' lang='lat' dir='ltr'><strong><em>et</em></strong></span> <span class='ocrx_word' id='word_1_132' title='bbox 1641 2165 1877 2223; x_wconf 80' lang='lat' dir='ltr'><strong><em>saevienti</em></strong></span> <span class='ocrx_word' id='word_1_133' title='bbox 1900 2163 1953 2218; x_wconf 91' lang='lat' dir='ltr'><strong><em>in</em></strong></span> <span class='ocrx_word' id='word_1_134' title='bbox 1977 2169 2116 2216; x_wconf 89' lang='lat' dir='ltr'><strong><em>terra</em></strong></span> 
     </span>
    </p>
   </div>
   <div class='ocr_carea' id='block_1_20' title="bbox 534 2251 2118 2359">
    <p class='ocr_par' dir='ltr' id='par_1_20' title="bbox 534 2251 2118 2359">
     <span class='ocr_line' id='line_1_20' title="bbox 534 2251 2118 2359; baseline -0.023 -16"><span class='ocrx_word' id='word_1_135' title='bbox 534 2281 857 2359; x_wconf 79' lang='lat' dir='ltr'><strong><em>persecutori</em></strong></span> <span class='ocrx_word' id='word_1_136' title='bbox 879 2279 1105 2342; x_wconf 85' lang='lat' dir='ltr'><strong><em>dicebat,</em></strong></span> <span class='ocrx_word' id='word_1_137' title='bbox 1138 2273 1272 2344; x_wconf 82' lang='lat' dir='ltr'><strong><em>Quid</em></strong></span> <span class='ocrx_word' id='word_1_138' title='bbox 1299 2287 1374 2325; x_wconf 86' lang='lat' dir='ltr'><strong><em>me</em></strong></span> <span class='ocrx_word' id='word_1_139' title='bbox 1395 2263 1700 2342; x_wconf 83' lang='lat' dir='ltr'><strong><em>persequeris</em></strong></span> <span class='ocrx_word' id='word_1_140' title='bbox 1729 2259 1864 2333; x_wconf 78' lang='lat' dir='ltr'><strong><em>(Act.</em></strong></span> <span class='ocrx_word' id='word_1_141' title='bbox 1897 2271 1956 2359; x_wconf 41' lang='lat' dir='ltr'><strong><em>1.x.</em></strong></span> <span class='ocrx_word' id='word_1_142' title='bbox 1975 2296 1990 2323; x_wconf 96' lang='lat'><strong><em>,</em></strong></span> <span class='ocrx_word' id='word_1_143' title='bbox 2021 2251 2118 2359; x_wconf 40' lang='lat'><strong><em>11).?</em></strong></span> 
     </span>
    </p>
   </div>
   <div class='ocr_carea' id='block_1_21' title="bbox 535 2344 2121 2438">
    <p class='ocr_par' dir='ltr' id='par_1_21' title="bbox 535 2344 2121 2438">
     <span class='ocr_line' id='line_1_21' title="bbox 535 2344 2121 2438; baseline -0.023 -4"><span class='ocrx_word' id='word_1_144' title='bbox 535 2344 634 2434; x_wconf 79' lang='lat' dir='ltr'><strong><em>Ubi</em></strong></span> <span class='ocrx_word' id='word_1_145' title='bbox 667 2374 922 2431; x_wconf 81' lang='lat' dir='ltr'><strong><em>Dominus</em></strong></span> <span class='ocrx_word' id='word_1_146' title='bbox 946 2371 1023 2425; x_wconf 89' lang='lat' dir='ltr'><strong><em>sic</em></strong></span> <span class='ocrx_word' id='word_1_147' title='bbox 1043 2366 1305 2438; x_wconf 83' lang='lat' dir='ltr'><strong><em>expressit</em></strong></span> <span class='ocrx_word' id='word_1_148' title='bbox 1330 2372 1383 2416; x_wconf 83' lang='lat' dir='ltr'><strong><em>et</em></strong></span> <span class='ocrx_word' id='word_1_149' title='bbox 1404 2361 1490 2415; x_wconf 91' lang='lat' dir='ltr'><strong><em>hic</em></strong></span> <span class='ocrx_word' id='word_1_150' title='bbox 1517 2373 1577 2414; x_wconf 90' lang='lat' dir='ltr'><strong><em>se</em></strong></span> <span class='ocrx_word' id='word_1_151' title='bbox 1605 2369 1724 2411; x_wconf 86' lang='lat' dir='ltr'><strong><em>esse</em></strong></span> <span class='ocrx_word' id='word_1_152' title='bbox 1755 2353 1805 2406; x_wconf 92' lang='lat' dir='ltr'><strong><em>in</em></strong></span> <span class='ocrx_word' id='word_1_153' title='bbox 1836 2347 2009 2404; x_wconf 90' lang='lat' dir='ltr'><strong><em>nobis.</em></strong></span> <span class='ocrx_word' id='word_1_154' title='bbox 2031 2344 2121 2400; x_wconf 85' lang='lat' dir='ltr'><strong><em>Sic</em></strong></span> 
     </span>
    </p>
   </div>
   <div class='ocr_carea' id='block_1_22' title="bbox 537 2445 2122 2533">
    <p class='ocr_par' dir='ltr' id='par_1_22' title="bbox 537 2445 2122 2533">
     <span class='ocr_line' id='line_1_22' title="bbox 537 2445 2122 2533; baseline -0.018 -7"><span class='ocrx_word' id='word_1_155' title='bbox 537 2478 679 2526; x_wconf 89' lang='lat' dir='ltr'><strong><em>totus</em></strong></span> <span class='ocrx_word' id='word_1_156' title='bbox 708 2466 941 2523; x_wconf 89' lang='lat' dir='ltr'><strong><em>crescit:</em></strong></span> <span class='ocrx_word' id='word_1_157' title='bbox 981 2463 1103 2533; x_wconf 83' lang='lat' dir='ltr'><strong><em>quia</em></strong></span> <span class='ocrx_word' id='word_1_158' title='bbox 1131 2452 1575 2530; x_wconf 79' lang='lat' dir='ltr'><strong><em>quemadmodum</em></strong></span> <span class='ocrx_word' id='word_1_159' title='bbox 1623 2448 1712 2504; x_wconf 90' lang='lat' dir='ltr'><strong><em>ille</em></strong></span> <span class='ocrx_word' id='word_1_160' title='bbox 1751 2446 1804 2501; x_wconf 92' lang='lat' dir='ltr'><strong><em>in</em></strong></span> <span class='ocrx_word' id='word_1_161' title='bbox 1848 2445 2000 2500; x_wconf 88' lang='lat' dir='ltr'><strong><em>nobis</em></strong></span> <span class='ocrx_word' id='word_1_162' title='bbox 2039 2449 2122 2500; x_wconf 87' lang='lat' dir='ltr'><strong><em>est</em></strong></span> 
     </span>
    </p>
   </div>
   <div class='ocr_carea' id='block_1_23' title="bbox 538 2538 2122 2625">
    <p class='ocr_par' dir='ltr' id='par_1_23' title="bbox 538 2538 2122 2625">
     <span class='ocr_line' id='line_1_23' title="bbox 538 2538 2122 2625; baseline -0.017 -10"><span class='ocrx_word' id='word_1_163' title='bbox 538 2560 659 2625; x_wconf 91' lang='lat' dir='ltr'><strong><em>hic,</em></strong></span> <span class='ocrx_word' id='word_1_164' title='bbox 693 2559 770 2614; x_wconf 90' lang='lat' dir='ltr'><strong><em>sic</em></strong></span> <span class='ocrx_word' id='word_1_165' title='bbox 793 2565 849 2612; x_wconf 91' lang='lat' dir='ltr'><strong><em>et</em></strong></span> <span class='ocrx_word' id='word_1_166' title='bbox 885 2570 982 2610; x_wconf 90' lang='lat' dir='ltr'><strong><em>nos</em></strong></span> <span class='ocrx_word' id='word_1_167' title='bbox 1011 2554 1079 2608; x_wconf 88' lang='lat' dir='ltr'><strong><em>ibi</em></strong></span> <span class='ocrx_word' id='word_1_168' title='bbox 1120 2553 1172 2606; x_wconf 91' lang='lat' dir='ltr'><strong><em>in</em></strong></span> <span class='ocrx_word' id='word_1_169' title='bbox 1199 2549 1287 2604; x_wconf 90' lang='lat' dir='ltr'><strong><em>illo</em></strong></span> <span class='ocrx_word' id='word_1_170' title='bbox 1319 2558 1519 2602; x_wconf 90' lang='lat' dir='ltr'><strong><em>sumus.</em></strong></span> <span class='ocrx_word' id='word_1_171' title='bbox 1549 2541 1661 2596; x_wconf 86' lang='lat' dir='ltr'><strong><em>Hoc</em></strong></span> <span class='ocrx_word' id='word_1_172' title='bbox 1702 2538 1826 2593; x_wconf 85' lang='lat' dir='ltr'><strong><em>facit</em></strong></span> <span class='ocrx_word' id='word_1_173' title='bbox 1865 2549 2122 2606; x_wconf 80' lang='lat' dir='ltr'><strong><em>compago</em></strong></span> 
     </span>
    </p>
   </div>
   <div class='ocr_carea' id='block_1_24' title="bbox 540 2631 2121 2719">
    <p class='ocr_par' dir='ltr' id='par_1_24' title="bbox 540 2631 2121 2719">
     <span class='ocr_line' id='line_1_24' title="bbox 540 2631 2121 2719; baseline -0.019 -9"><span class='ocrx_word' id='word_1_174' title='bbox 540 2651 832 2710; x_wconf 90' lang='lat' dir='ltr'><strong><em>charitatis.</em></strong></span> <span class='ocrx_word' id='word_1_175' title='bbox 862 2648 977 2719; x_wconf 87' lang='lat' dir='ltr'><strong><em>Ipse</em></strong></span> <span class='ocrx_word' id='word_1_176' title='bbox 1007 2646 1094 2717; x_wconf 90' lang='lat' dir='ltr'><strong><em>qui</em></strong></span> <span class='ocrx_word' id='word_1_177' title='bbox 1117 2649 1280 2714; x_wconf 4' lang='lat' dir='ltr'><strong><em>(caput</em></strong></span> <span class='ocrx_word' id='word_1_178' title='bbox 1307 2647 1576 2700; x_wconf 89' lang='lat' dir='ltr'><strong><em>nostrum,</em></strong></span> <span class='ocrx_word' id='word_1_179' title='bbox 1622 2631 1863 2688; x_wconf 85' lang='lat' dir='ltr'><strong><em>Salvator</em></strong></span> <span class='ocrx_word' id='word_1_180' title='bbox 1890 2636 1972 2684; x_wconf 90' lang='lat' dir='ltr'><strong><em>est</em></strong></span> <span class='ocrx_word' id='word_1_181' title='bbox 1999 2641 2121 2682; x_wconf 88' lang='lat' dir='ltr'><strong><em>cor-</em></strong></span> 
     </span>
    </p>
   </div>
   <div class='ocr_carea' id='block_1_25' title="bbox 539 2718 2127 2816">
    <p class='ocr_par' dir='ltr' id='par_1_25' title="bbox 539 2718 2127 2816">
     <span class='ocr_line' id='line_1_25' title="bbox 539 2718 2127 2816; baseline -0.018 -16"><span class='ocrx_word' id='word_1_182' title='bbox 539 2745 685 2816; x_wconf 82' lang='lat' dir='ltr'><strong><em>poris</em></strong></span> <span class='ocrx_word' id='word_1_183' title='bbox 711 2741 812 2797; x_wconf 91' lang='lat' dir='ltr'><strong><em>sui.</em></strong></span> <span class='ocrx_word' id='word_1_184' title='bbox 843 2718 1104 2795; x_wconf 75' lang='lat' dir='ltr'><strong><em>Prmdicat</em></strong></span> <span class='ocrx_word' id='word_1_185' title='bbox 1123 2749 1250 2805; x_wconf 84' lang='lat' dir='ltr'><strong><em>ergo</em></strong></span> <span class='ocrx_word' id='word_1_186' title='bbox 1275 2730 1516 2785; x_wconf 78' lang='lat' dir='ltr'><strong><em>Christus</em></strong></span> <span class='ocrx_word' id='word_1_187' title='bbox 1540 2725 1840 2786; x_wconf 86' lang='lat' dir='ltr'><strong><em>Christum,</em></strong></span> <span class='ocrx_word' id='word_1_188' title='bbox 1871 2718 2127 2792; x_wconf 72' lang='lat' dir='ltr'><strong><em>prtedicat</em></strong></span> 
     </span>
    </p>
   </div>
   <div class='ocr_carea' id='block_1_26' title="bbox 544 2810 2127 2906">
    <p class='ocr_par' dir='ltr' id='par_1_26' title="bbox 544 2810 2127 2906">
     <span class='ocr_line' id='line_1_26' title="bbox 544 2810 2127 2906; baseline -0.017 -15"><span class='ocrx_word' id='word_1_189' title='bbox 544 2810 919 2906; x_wconf 70' lang='lat' dir='ltr'><strong><em>corpuscaput</em></strong></span> <span class='ocrx_word' id='word_1_190' title='bbox 942 2843 1096 2884; x_wconf 92' lang='lat' dir='ltr'><strong><em>suum</em></strong></span> <span class='ocrx_word' id='word_1_191' title='bbox 1120 2870 1135 2894; x_wconf 95' lang='lat'><strong><em>,</em></strong></span> <span class='ocrx_word' id='word_1_192' title='bbox 1168 2833 1221 2882; x_wconf 90' lang='lat' dir='ltr'><strong><em>et</em></strong></span> <span class='ocrx_word' id='word_1_193' title='bbox 1251 2831 1426 2878; x_wconf 89' lang='lat' dir='ltr'><strong><em>tuetur</em></strong></span> <span class='ocrx_word' id='word_1_194' title='bbox 1451 2823 1610 2888; x_wconf 89' lang='lat' dir='ltr'><strong><em>caput</em></strong></span> <span class='ocrx_word' id='word_1_195' title='bbox 1631 2829 1826 2884; x_wconf 90' lang='lat' dir='ltr'><strong><em>corpus</em></strong></span> <span class='ocrx_word' id='word_1_196' title='bbox 1852 2827 2027 2868; x_wconf 85' lang='lat' dir='ltr'><strong><em>suum.</em></strong></span> <span class='ocrx_word' id='word_1_197' title='bbox 2059 2810 2127 2865; x_wconf 88' lang='lat' dir='ltr'><strong><em>Et</em></strong></span> 
     </span>
    </p>
   </div>
   <div class='ocr_carea' id='block_1_27' title="bbox 546 2900 2126 2982">
    <p class='ocr_par' dir='ltr' id='par_1_27' title="bbox 546 2900 2126 2982">
     <span class='ocr_line' id='line_1_27' title="bbox 546 2900 2126 2982; baseline -0.018 0"><span class='ocrx_word' id='word_1_198' title='bbox 546 2900 667 2982; x_wconf 78' lang='lat' dir='ltr'><strong><em>ideo</em></strong></span> <span class='ocrx_word' id='word_1_199' title='bbox 692 2901 790 2979; x_wconf 87' lang='lat' dir='ltr'><strong><em>nos</em></strong></span> <span class='ocrx_word' id='word_1_200' title='bbox 819 2900 1044 2976; x_wconf 84' lang='lat' dir='ltr'><strong><em>mundus</em></strong></span> <span class='ocrx_word' id='word_1_201' title='bbox 1071 2917 1180 2972; x_wconf 85' lang='lat' dir='ltr'><strong><em>odit</em></strong></span> <span class='ocrx_word' id='word_1_202' title='bbox 1201 2956 1219 2982; x_wconf 93' lang='lat'><strong><em>,</em></strong></span> <span class='ocrx_word' id='word_1_203' title='bbox 1259 2915 1394 2970; x_wconf 90' lang='lat' dir='ltr'><strong><em>sicut</em></strong></span> <span class='ocrx_word' id='word_1_204' title='bbox 1421 2911 1485 2964; x_wconf 86' lang='lat' dir='ltr'><strong><em>ab</em></strong></span> <span class='ocrx_word' id='word_1_205' title='bbox 1511 2909 1626 2979; x_wconf 90' lang='lat' dir='ltr'><strong><em>ipso</em></strong></span> <span class='ocrx_word' id='word_1_206' title='bbox 1667 2905 1889 2960; x_wconf 90' lang='lat' dir='ltr'><strong><em>Domino</em></strong></span> <span class='ocrx_word' id='word_1_207' title='bbox 1917 2900 2126 2957; x_wconf 89' lang='lat' dir='ltr'><strong><em>audivi-</em></strong></span> 
     </span>
    </p>
   </div>
   <div class='ocr_carea' id='block_1_28' title="bbox 545 2994 2130 3087">
    <p class='ocr_par' dir='ltr' id='par_1_28' title="bbox 545 2994 2130 3087">
     <span class='ocr_line' id='line_1_28' title="bbox 545 2994 2130 3087; baseline -0.016 -15"><span class='ocrx_word' id='word_1_208' title='bbox 545 3031 663 3072; x_wconf 90' lang='lat' dir='ltr'><strong><em>mus</em></strong></span> <span class='ocrx_word' id='word_1_209' title='bbox 685 3013 860 3087; x_wconf 82' lang='lat' dir='ltr'><strong><em>(Joan.</em></strong></span> <span class='ocrx_word' id='word_1_210' title='bbox 894 3027 958 3065; x_wconf 85' lang='lat' dir='ltr'><strong><em>xv</em></strong></span> <span class='ocrx_word' id='word_1_211' title='bbox 980 3052 994 3076; x_wconf 96' lang='lat'><strong><em>,</em></strong></span> <span class='ocrx_word' id='word_1_212' title='bbox 1024 3007 1224 3078; x_wconf 74' lang='lat'><strong><em>18-21).</em></strong></span> <span class='ocrx_word' id='word_1_213' title='bbox 1255 3005 1370 3060; x_wconf 87' lang='lat' dir='ltr'><strong><em>Non</em></strong></span> <span class='ocrx_word' id='word_1_214' title='bbox 1398 3003 1536 3058; x_wconf 88' lang='lat' dir='ltr'><strong><em>enim</em></strong></span> <span class='ocrx_word' id='word_1_215' title='bbox 1574 2997 1836 3070; x_wconf 75' lang='lat' dir='ltr'><strong><em>Apostolis</em></strong></span> <span class='ocrx_word' id='word_1_216' title='bbox 1859 2995 1961 3050; x_wconf 91' lang='lat' dir='ltr'><strong><em>hoc</em></strong></span> <span class='ocrx_word' id='word_1_217' title='bbox 1985 2994 2130 3049; x_wconf 90' lang='lat' dir='ltr'><strong><em>dice-</em></strong></span> 
     </span>
    </p>
   </div>
   <div class='ocr_carea' id='block_1_29' title="bbox 548 3085 2130 3178">
    <p class='ocr_par' dir='ltr' id='par_1_29' title="bbox 548 3085 2130 3178">
     <span class='ocr_line' id='line_1_29' title="bbox 548 3085 2130 3178; baseline -0.016 -13"><span class='ocrx_word' id='word_1_218' title='bbox 548 3109 637 3165; x_wconf 89' lang='lat' dir='ltr'><strong><em>bat</em></strong></span> <span class='ocrx_word' id='word_1_219' title='bbox 657 3085 858 3178; x_wconf 83' lang='lat' dir='ltr'><strong><em>paucis,</em></strong></span> <span class='ocrx_word' id='word_1_220' title='bbox 881 3102 1021 3175; x_wconf 90' lang='lat' dir='ltr'><strong><em>quod</em></strong></span> <span class='ocrx_word' id='word_1_221' title='bbox 1052 3101 1251 3156; x_wconf 88' lang='lat' dir='ltr'><strong><em>odisset</em></strong></span> <span class='ocrx_word' id='word_1_222' title='bbox 1275 3112 1368 3153; x_wconf 87' lang='lat' dir='ltr'><strong><em>eos</em></strong></span> <span class='ocrx_word' id='word_1_223' title='bbox 1398 3093 1646 3157; x_wconf 88' lang='lat' dir='ltr'><strong><em>mundus;</em></strong></span> <span class='ocrx_word' id='word_1_224' title='bbox 1674 3098 1728 3146; x_wconf 90' lang='lat' dir='ltr'><strong><em>et</em></strong></span> <span class='ocrx_word' id='word_1_225' title='bbox 1754 3089 1876 3161; x_wconf 88' lang='lat' dir='ltr'><strong><em>quia</em></strong></span> <span class='ocrx_word' id='word_1_226' title='bbox 1896 3085 2130 3159; x_wconf 84' lang='lat' dir='ltr'><strong><em>gaudere</em></strong></span> 
     </span>
    </p>
   </div>
   <div class='ocr_carea' id='block_1_30' title="bbox 549 3177 2134 3264">
    <p class='ocr_par' dir='ltr' id='par_1_30' title="bbox 549 3177 2134 3264">
     <span class='ocr_line' id='line_1_30' title="bbox 549 3177 2134 3264; baseline -0.015 -10"><span class='ocrx_word' id='word_1_227' title='bbox 549 3177 842 3264; x_wconf 87' lang='lat' dir='ltr'><strong><em>deberent,</em></strong></span> <span class='ocrx_word' id='word_1_228' title='bbox 883 3209 1002 3248; x_wconf 89' lang='lat' dir='ltr'><strong><em>cum</em></strong></span> <span class='ocrx_word' id='word_1_229' title='bbox 1043 3191 1122 3246; x_wconf 91' lang='lat' dir='ltr'><strong><em>eis</em></strong></span> <span class='ocrx_word' id='word_1_230' title='bbox 1157 3187 1498 3245; x_wconf 82' lang='lat' dir='ltr'><strong><em>detraherent</em></strong></span> <span class='ocrx_word' id='word_1_231' title='bbox 1537 3181 1778 3237; x_wconf 88' lang='lat' dir='ltr'><strong><em>homines</em></strong></span> <span class='ocrx_word' id='word_1_232' title='bbox 1817 3185 1872 3235; x_wconf 87' lang='lat' dir='ltr'><strong><em>et</em></strong></span> <span class='ocrx_word' id='word_1_233' title='bbox 1894 3177 2134 3233; x_wconf 86' lang='lat' dir='ltr'><strong><em>dicerent</em></strong></span> 
     </span>
    </p>
   </div>
   <div class='ocr_carea' id='block_1_31' title="bbox 552 3273 2134 3350">
    <p class='ocr_par' dir='ltr' id='par_1_31' title="bbox 552 3273 2134 3350">
     <span class='ocr_line' id='line_1_31' title="bbox 552 3273 2134 3350; baseline -0.015 -2"><span class='ocrx_word' id='word_1_234' title='bbox 552 3291 729 3348; x_wconf 88' lang='lat' dir='ltr'><strong><em>omnia</em></strong></span> <span class='ocrx_word' id='word_1_235' title='bbox 758 3289 893 3344; x_wconf 89' lang='lat' dir='ltr'><strong><em>mala</em></strong></span> <span class='ocrx_word' id='word_1_236' title='bbox 914 3287 1194 3342; x_wconf 86' lang='lat' dir='ltr'><strong><em>adversum</em></strong></span> <span class='ocrx_word' id='word_1_237' title='bbox 1221 3296 1314 3338; x_wconf 90' lang='lat' dir='ltr'><strong><em>cos</em></strong></span> <span class='ocrx_word' id='word_1_238' title='bbox 1337 3323 1352 3347; x_wconf 95' lang='lat'><strong><em>,</em></strong></span> <span class='ocrx_word' id='word_1_239' title='bbox 1383 3279 1502 3350; x_wconf 85' lang='lat' dir='ltr'><strong><em>quia</em></strong></span> <span class='ocrx_word' id='word_1_240' title='bbox 1533 3283 1747 3348; x_wconf 89' lang='lat' dir='ltr'><strong><em>propter</em></strong></span> <span class='ocrx_word' id='word_1_241' title='bbox 1776 3273 1890 3328; x_wconf 72' lang='lat' dir='ltr'><strong><em>haec</em></strong></span> <span class='ocrx_word' id='word_1_242' title='bbox 1927 3284 2134 3326; x_wconf 83' lang='lat' dir='ltr'><strong><em>merces</em></strong></span> 
     </span>
    </p>
   </div>
   <div class='ocr_carea' id='block_1_32' title="bbox 554 3362 2134 3450">
    <p class='ocr_par' dir='ltr' id='par_1_32' title="bbox 554 3362 2134 3450">
     <span class='ocr_line' id='line_1_32' title="bbox 554 3362 2134 3450; baseline -0.015 -12"><span class='ocrx_word' id='word_1_243' title='bbox 554 3397 738 3438; x_wconf 90' lang='lat' dir='ltr'><strong><em>eorum</em></strong></span> <span class='ocrx_word' id='word_1_244' title='bbox 765 3379 935 3450; x_wconf 86' lang='lat' dir='ltr'><strong><em>major</em></strong></span> <span class='ocrx_word' id='word_1_245' title='bbox 963 3384 1104 3434; x_wconf 89' lang='lat' dir='ltr'><strong><em>esset</em></strong></span> <span class='ocrx_word' id='word_1_246' title='bbox 1133 3376 1186 3430; x_wconf 94' lang='lat' dir='ltr'><strong><em>in</em></strong></span> <span class='ocrx_word' id='word_1_247' title='bbox 1213 3372 1364 3429; x_wconf 76' lang='lat' dir='ltr'><strong><em>cmlis</em></strong></span> <span class='ocrx_word' id='word_1_248' title='bbox 1385 3369 1594 3445; x_wconf 80' lang='lat' dir='ltr'><strong><em>(Matth.</em></strong></span> <span class='ocrx_word' id='word_1_249' title='bbox 1625 3383 1691 3434; x_wconf 82' lang='grc' dir='ltr'><strong><em>ν,</em></strong></span> <span class='ocrx_word' id='word_1_250' title='bbox 1725 3367 1784 3421; x_wconf 83' lang='lat' dir='ltr'><strong><em>ll</em></strong></span> <span class='ocrx_word' id='word_1_251' title='bbox 1810 3408 1825 3434; x_wconf 91' lang='lat'><strong><em>,</em></strong></span> <span class='ocrx_word' id='word_1_252' title='bbox 1856 3362 1948 3435; x_wconf 78' lang='grc'><strong><em>12)</em></strong></span> <span class='ocrx_word' id='word_1_253' title='bbox 1975 3381 1990 3430; x_wconf 84' lang='grc'>;</span> <span class='ocrx_word' id='word_1_254' title='bbox 2027 3376 2134 3416; x_wconf 90' lang='lat' dir='ltr'><strong><em>non</em></strong></span> 
     </span>
    </p>
   </div>
   <div class='ocr_carea' id='block_1_33' title="bbox 553 3454 2138 3535">
    <p class='ocr_par' dir='ltr' id='par_1_33' title="bbox 553 3454 2138 3535">
     <span class='ocr_line' id='line_1_33' title="bbox 553 3454 2138 3535; baseline -0.015 -2"><span class='ocrx_word' id='word_1_255' title='bbox 553 3476 631 3533; x_wconf 88' lang='lat' dir='ltr'><strong><em>eis</em></strong></span> <span class='ocrx_word' id='word_1_256' title='bbox 661 3475 787 3532; x_wconf 91' lang='lat' dir='ltr'><strong><em>solis</em></strong></span> <span class='ocrx_word' id='word_1_257' title='bbox 807 3473 940 3530; x_wconf 84' lang='lat' dir='ltr'><strong><em>dixit</em></strong></span> <span class='ocrx_word' id='word_1_258' title='bbox 966 3470 1239 3535; x_wconf 91' lang='lat' dir='ltr'><strong><em>Dominus,</em></strong></span> <span class='ocrx_word' id='word_1_259' title='bbox 1263 3482 1382 3524; x_wconf 93' lang='lat' dir='ltr'><strong><em>cum</em></strong></span> <span class='ocrx_word' id='word_1_260' title='bbox 1412 3464 1528 3519; x_wconf 61' lang='lat' dir='ltr'><strong><em>haec</em></strong></span> <span class='ocrx_word' id='word_1_261' title='bbox 1553 3463 1722 3518; x_wconf 87' lang='lat' dir='ltr'><strong><em>dixit:</em></strong></span> <span class='ocrx_word' id='word_1_262' title='bbox 1751 3460 1844 3516; x_wconf 91' lang='lat' dir='ltr'><strong><em>sed</em></strong></span> <span class='ocrx_word' id='word_1_263' title='bbox 1867 3458 2001 3514; x_wconf 80' lang='lat' dir='ltr'><strong><em>dixit</em></strong></span> <span class='ocrx_word' id='word_1_264' title='bbox 2021 3454 2138 3511; x_wconf 88' lang='lat' dir='ltr'><strong><em>uni-</em></strong></span> 
     </span>
    </p>
   </div>
   <div class='ocr_carea' id='block_1_34' title="bbox 551 3549 2138 3638">
    <p class='ocr_par' dir='ltr' id='par_1_34' title="bbox 551 3549 2138 3638">
     <span class='ocr_line' id='line_1_34' title="bbox 551 3549 2138 3638; baseline -0.011 -13"><span class='ocrx_word' id='word_1_265' title='bbox 551 3584 708 3625; x_wconf 85' lang='lat' dir='ltr'><strong><em>verso</em></strong></span> <span class='ocrx_word' id='word_1_266' title='bbox 728 3566 936 3638; x_wconf 89' lang='lat' dir='ltr'><strong><em>corpori</em></strong></span> <span class='ocrx_word' id='word_1_267' title='bbox 965 3580 1094 3630; x_wconf 91' lang='lat' dir='ltr'><strong><em>suo,</em></strong></span> <span class='ocrx_word' id='word_1_268' title='bbox 1131 3562 1264 3618; x_wconf 82' lang='lat' dir='ltr'><strong><em>dixit</em></strong></span> <span class='ocrx_word' id='word_1_269' title='bbox 1292 3559 1537 3616; x_wconf 90' lang='lat' dir='ltr'><strong><em>omnibus</em></strong></span> <span class='ocrx_word' id='word_1_270' title='bbox 1569 3553 1822 3612; x_wconf 87' lang='lat' dir='ltr'><strong><em>membris</em></strong></span> <span class='ocrx_word' id='word_1_271' title='bbox 1846 3551 1977 3608; x_wconf 90' lang='lat' dir='ltr'><strong><em>suis.</em></strong></span> <span class='ocrx_word' id='word_1_272' title='bbox 2011 3549 2138 3618; x_wconf 85' lang='lat' dir='ltr'><strong><em>Qui-</em></strong></span> 
     </span>
    </p>
   </div>
   <div class='ocr_carea' id='block_1_35' title="bbox 555 3644 2140 3732">
    <p class='ocr_par' dir='ltr' id='par_1_35' title="bbox 555 3644 2140 3732">
     <span class='ocr_line' id='line_1_35' title="bbox 555 3644 2140 3732; baseline -0.011 -14"><span class='ocrx_word' id='word_1_273' title='bbox 555 3675 781 3732; x_wconf 88' lang='lat' dir='ltr'><strong><em>cumque</em></strong></span> <span class='ocrx_word' id='word_1_274' title='bbox 808 3659 860 3714; x_wconf 92' lang='lat' dir='ltr'><strong><em>in</em></strong></span> <span class='ocrx_word' id='word_1_275' title='bbox 885 3671 1110 3728; x_wconf 90' lang='lat' dir='ltr'><strong><em>corpore</em></strong></span> <span class='ocrx_word' id='word_1_276' title='bbox 1135 3655 1250 3725; x_wconf 87' lang='lat' dir='ltr'><strong><em>ejus</em></strong></span> <span class='ocrx_word' id='word_1_277' title='bbox 1279 3661 1333 3709; x_wconf 89' lang='lat' dir='ltr'><strong><em>et</em></strong></span> <span class='ocrx_word' id='word_1_278' title='bbox 1361 3650 1656 3708; x_wconf 85' lang='lat' dir='ltr'><strong><em>membrum</em></strong></span> <span class='ocrx_word' id='word_1_279' title='bbox 1679 3648 1796 3718; x_wconf 86' lang='lat' dir='ltr'><strong><em>ejus</em></strong></span> <span class='ocrx_word' id='word_1_280' title='bbox 1820 3661 1939 3703; x_wconf 87' lang='lat' dir='ltr'><strong><em>esse</em></strong></span> <span class='ocrx_word' id='word_1_281' title='bbox 1962 3644 2140 3700; x_wconf 84' lang='lat' dir='ltr'><strong><em>volue-</em></strong></span> 
     </span>
    </p>
   </div>
   <div class='ocr_carea' id='block_1_36' title="bbox 556 3741 1747 3819">
    <p class='ocr_par' dir='ltr' id='par_1_36' title="bbox 556 3741 1747 3819">
     <span class='ocr_line' id='line_1_36' title="bbox 556 3741 1747 3819; baseline -0.011 -10"><span class='ocrx_word' id='word_1_282' title='bbox 556 3753 660 3819; x_wconf 87' lang='lat' dir='ltr'><strong><em>rit,</em></strong></span> <span class='ocrx_word' id='word_1_283' title='bbox 691 3767 796 3808; x_wconf 91' lang='lat' dir='ltr'><strong><em>non</em></strong></span> <span class='ocrx_word' id='word_1_284' title='bbox 824 3750 1045 3806; x_wconf 91' lang='lat' dir='ltr'><strong><em>miretur</em></strong></span> <span class='ocrx_word' id='word_1_285' title='bbox 1071 3748 1191 3819; x_wconf 88' lang='lat' dir='ltr'><strong><em>quia</em></strong></span> <span class='ocrx_word' id='word_1_286' title='bbox 1220 3745 1331 3801; x_wconf 91' lang='lat' dir='ltr'><strong><em>odit</em></strong></span> <span class='ocrx_word' id='word_1_287' title='bbox 1354 3759 1474 3800; x_wconf 91' lang='lat' dir='ltr'><strong><em>eum</em></strong></span> <span class='ocrx_word' id='word_1_288' title='bbox 1499 3741 1747 3798; x_wconf 90' lang='lat' dir='ltr'><strong><em>mundus.</em></strong></span> 
     </span>
    </p>
   </div>
   <div class='ocr_carea' id='block_1_37' title="bbox 628 3831 2141 3907">
    <p class='ocr_par' dir='ltr' id='par_1_37' title="bbox 628 3831 2141 3907">
     <span class='ocr_line' id='line_1_37' title="bbox 628 3831 2141 3907; baseline -0.012 -6"><span class='ocrx_word' id='word_1_289' title='bbox 628 3845 684 3902; x_wconf 74' lang='lat'><strong><em>2.</em></strong></span> <span class='ocrx_word' id='word_1_290' title='bbox 715 3842 941 3900; x_wconf 79' lang='lat' dir='ltr'><strong><em>Membra</em></strong></span> <span class='ocrx_word' id='word_1_291' title='bbox 964 3841 1149 3898; x_wconf 85' lang='lat' dir='ltr'><strong><em>Christi</em></strong></span> <span class='ocrx_word' id='word_1_292' title='bbox 1184 3857 1284 3894; x_wconf 91' lang='lat' dir='ltr'><strong><em>non</em></strong></span> <span class='ocrx_word' id='word_1_293' title='bbox 1311 3838 1470 3893; x_wconf 88' lang='lat' dir='ltr'><strong><em>solum</em></strong></span> <span class='ocrx_word' id='word_1_294' title='bbox 1495 3853 1578 3890; x_wconf 85' lang='lat' dir='ltr'><strong><em>eos</em></strong></span> <span class='ocrx_word' id='word_1_295' title='bbox 1603 3836 1686 3907; x_wconf 87' lang='lat' dir='ltr'><strong><em>qui</em></strong></span> <span class='ocrx_word' id='word_1_296' title='bbox 1711 3833 1853 3906; x_wconf 77' lang='lat' dir='ltr'><strong><em>foris,</em></strong></span> <span class='ocrx_word' id='word_1_297' title='bbox 1874 3831 1961 3887; x_wconf 87' lang='lat' dir='ltr'><strong><em>sed</em></strong></span> <span class='ocrx_word' id='word_1_298' title='bbox 1989 3845 2141 3900; x_wconf 82' lang='lat' dir='ltr'><strong><em>quos-</em></strong></span> 
     </span>
    </p>
   </div>
   <div class='ocr_carea' id='block_1_38' title="bbox 559 3926 2141 4006">
    <p class='ocr_par' dir='ltr' id='par_1_38' title="bbox 559 3926 2141 4006">
     <span class='ocr_line' id='line_1_38' title="bbox 559 3926 2141 4006; baseline -0.01 -14"><span class='ocrx_word' id='word_1_299' title='bbox 559 3938 692 3993; x_wconf 79' lang='lat' dir='ltr'><strong><em>dam&#39;</em></strong></span> <span class='ocrx_word' id='word_1_300' title='bbox 728 3936 878 3991; x_wconf 89' lang='lat' dir='ltr'><strong><em>etiam</em></strong></span> <span class='ocrx_word' id='word_1_301' title='bbox 921 3935 1057 3989; x_wconf 89' lang='lat' dir='ltr'><strong><em>intus</em></strong></span> <span class='ocrx_word' id='word_1_302' title='bbox 1098 3933 1355 4006; x_wconf 86' lang='lat' dir='ltr'><strong><em>patiuntur</em></strong></span> <span class='ocrx_word' id='word_1_303' title='bbox 1393 3929 1642 3984; x_wconf 86' lang='lat' dir='ltr'><strong><em>inimicos.</em></strong></span> <span class='ocrx_word' id='word_1_304' title='bbox 1673 3926 1923 3995; x_wconf 88' lang='lat' dir='ltr'><strong><em>Corporis</em></strong></span> <span class='ocrx_word' id='word_1_305' title='bbox 1966 3934 2141 3980; x_wconf 82' lang='lat' dir='ltr'><strong><em>autem</em></strong></span> 
     </span>
    </p>
   </div>
   <div class='ocr_carea' id='block_1_39' title="bbox 562 4016 2144 4100">
    <p class='ocr_par' dir='ltr' id='par_1_39' title="bbox 562 4016 2144 4100">
     <span class='ocr_line' id='line_1_39' title="bbox 562 4016 2144 4100; baseline -0.011 -14"><span class='ocrx_word' id='word_1_306' title='bbox 562 4029 678 4100; x_wconf 85' lang='lat' dir='ltr'><strong><em>ejus</em></strong></span> <span class='ocrx_word' id='word_1_307' title='bbox 719 4034 1114 4084; x_wconf 86' lang='lat' dir='ltr'><strong><em>sacramentum</em></strong></span> <span class='ocrx_word' id='word_1_308' title='bbox 1155 4022 1306 4078; x_wconf 90' lang='lat' dir='ltr'><strong><em>multi</em></strong></span> <span class='ocrx_word' id='word_1_309' title='bbox 1347 4021 1612 4089; x_wconf 88' lang='lat' dir='ltr'><strong><em>accipiunt</em></strong></span> <span class='ocrx_word' id='word_1_310' title='bbox 1639 4037 1654 4074; x_wconf 89' lang='lat'><strong>:</strong></span> <span class='ocrx_word' id='word_1_311' title='bbox 1681 4016 1774 4073; x_wconf 89' lang='lat' dir='ltr'><strong><em>sed</em></strong></span> <span class='ocrx_word' id='word_1_312' title='bbox 1813 4031 1918 4071; x_wconf 91' lang='lat' dir='ltr'><strong><em>non</em></strong></span> <span class='ocrx_word' id='word_1_313' title='bbox 1957 4029 2144 4070; x_wconf 88' lang='lat' dir='ltr'><strong><em>omnes</em></strong></span> 
     </span>
    </p>
   </div>
   <div class='ocr_carea' id='block_1_40' title="bbox 559 4107 2146 4196">
    <p class='ocr_par' dir='ltr' id='par_1_40' title="bbox 559 4107 2146 4196">
     <span class='ocr_line' id='line_1_40' title="bbox 559 4107 2146 4196; baseline -0.008 -19"><span class='ocrx_word' id='word_1_314' title='bbox 559 4123 652 4196; x_wconf 90' lang='lat' dir='ltr'><strong><em>qui</em></strong></span> <span class='ocrx_word' id='word_1_315' title='bbox 677 4121 942 4190; x_wconf 88' lang='lat' dir='ltr'><strong><em>accipiunt</em></strong></span> <span class='ocrx_word' id='word_1_316' title='bbox 967 4125 1352 4174; x_wconf 87' lang='lat' dir='ltr'><strong><em>sacramentum</em></strong></span> <span class='ocrx_word' id='word_1_317' title='bbox 1377 4157 1391 4181; x_wconf 89' lang='lat'><strong><em>,</em></strong></span> <span class='ocrx_word' id='word_1_318' title='bbox 1419 4113 1647 4168; x_wconf 89' lang='lat' dir='ltr'><strong><em>habituri</em></strong></span> <span class='ocrx_word' id='word_1_319' title='bbox 1691 4119 1814 4167; x_wconf 90' lang='lat' dir='ltr'><strong><em>sunt</em></strong></span> <span class='ocrx_word' id='word_1_320' title='bbox 1843 4107 1982 4180; x_wconf 87' lang='lat' dir='ltr'><strong><em>apud</em></strong></span> <span class='ocrx_word' id='word_1_321' title='bbox 2025 4122 2146 4164; x_wconf 88' lang='lat' dir='ltr'><strong><em>eum</em></strong></span> 
     </span>
    </p>
   </div>
   <div class='ocr_carea' id='block_1_41' title="bbox 563 4200 2149 4282">
    <p class='ocr_par' dir='ltr' id='par_1_41' title="bbox 563 4200 2149 4282">
     <span class='ocr_line' id='line_1_41' title="bbox 563 4200 2149 4282; baseline -0.011 -10"><span class='ocrx_word' id='word_1_322' title='bbox 563 4217 723 4272; x_wconf 90' lang='lat' dir='ltr'><strong><em>etiam</em></strong></span> <span class='ocrx_word' id='word_1_323' title='bbox 751 4214 926 4269; x_wconf 90' lang='lat' dir='ltr'><strong><em>locum</em></strong></span> <span class='ocrx_word' id='word_1_324' title='bbox 969 4210 1287 4282; x_wconf 90' lang='lat' dir='ltr'><strong><em>promissum</em></strong></span> <span class='ocrx_word' id='word_1_325' title='bbox 1316 4207 1567 4264; x_wconf 84' lang='lat' dir='ltr'><strong><em>membris</em></strong></span> <span class='ocrx_word' id='word_1_326' title='bbox 1593 4205 1723 4276; x_wconf 89' lang='lat' dir='ltr'><strong><em>ejus.</em></strong></span> <span class='ocrx_word' id='word_1_327' title='bbox 1753 4204 1898 4260; x_wconf 89' lang='lat' dir='ltr'><strong><em>Pene</em></strong></span> <span class='ocrx_word' id='word_1_328' title='bbox 1933 4200 2149 4274; x_wconf 89' lang='lat' dir='ltr'><strong><em>quidem</em></strong></span> 
     </span>
    </p>
   </div>
   <div class='ocr_carea' id='block_1_42' title="bbox 563 4296 2150 4372">
    <p class='ocr_par' dir='ltr' id='par_1_42' title="bbox 563 4296 2150 4372">
     <span class='ocr_line' id='line_1_42' title="bbox 563 4296 2150 4372; baseline -0.009 -9"><span class='ocrx_word' id='word_1_329' title='bbox 563 4313 954 4364; x_wconf 88' lang='lat' dir='ltr'><strong><em>sacramentum</em></strong></span> <span class='ocrx_word' id='word_1_330' title='bbox 983 4317 1169 4358; x_wconf 90' lang='lat' dir='ltr'><strong><em>omnes</em></strong></span> <span class='ocrx_word' id='word_1_331' title='bbox 1197 4315 1392 4372; x_wconf 89' lang='lat' dir='ltr'><strong><em>corpus</em></strong></span> <span class='ocrx_word' id='word_1_332' title='bbox 1416 4301 1528 4370; x_wconf 84' lang='lat' dir='ltr'><strong><em>ejus</em></strong></span> <span class='ocrx_word' id='word_1_333' title='bbox 1549 4297 1732 4356; x_wconf 90' lang='lat' dir='ltr'><strong><em>dicunt</em></strong></span> <span class='ocrx_word' id='word_1_334' title='bbox 1753 4296 1793 4363; x_wconf 79' lang='grc' dir='ltr'><strong><em>ί,</em></strong></span> <span class='ocrx_word' id='word_1_335' title='bbox 1815 4297 1938 4367; x_wconf 90' lang='lat' dir='ltr'><strong><em>quia</em></strong></span> <span class='ocrx_word' id='word_1_336' title='bbox 1965 4307 2150 4350; x_wconf 90' lang='lat' dir='ltr'><strong><em>omnes</em></strong></span> 
     </span>
    </p>
   </div>
   <div class='ocr_carea' id='block_1_43' title="bbox 563 4387 2150 4471">
    <p class='ocr_par' dir='ltr' id='par_1_43' title="bbox 563 4387 2150 4471">
     <span class='ocr_line' id='line_1_43' title="bbox 563 4387 2150 4471; baseline -0.011 -13"><span class='ocrx_word' id='word_1_337' title='bbox 563 4403 616 4458; x_wconf 91' lang='lat' dir='ltr'><strong><em>in</em></strong></span> <span class='ocrx_word' id='word_1_338' title='bbox 651 4400 858 4471; x_wconf 89' lang='lat' dir='ltr'><strong><em>pascuis</em></strong></span> <span class='ocrx_word' id='word_1_339' title='bbox 896 4400 1012 4468; x_wconf 89' lang='lat' dir='ltr'><strong><em>ejus</em></strong></span> <span class='ocrx_word' id='word_1_340' title='bbox 1041 4397 1196 4452; x_wconf 89' lang='lat' dir='ltr'><strong><em>simul</em></strong></span> <span class='ocrx_word' id='word_1_341' title='bbox 1229 4403 1449 4466; x_wconf 86' lang='lat' dir='ltr'><strong><em>pascunt</em></strong></span> <span class='ocrx_word' id='word_1_342' title='bbox 1481 4411 1493 4446; x_wconf 95' lang='lat'>:</span> <span class='ocrx_word' id='word_1_343' title='bbox 1523 4392 1616 4447; x_wconf 90' lang='lat' dir='ltr'><strong><em>sed</em></strong></span> <span class='ocrx_word' id='word_1_344' title='bbox 1643 4399 1900 4447; x_wconf 87' lang='lat' dir='ltr'><strong><em>venturus</em></strong></span> <span class='ocrx_word' id='word_1_345' title='bbox 1939 4397 2023 4445; x_wconf 88' lang='lat' dir='ltr'><strong><em>est</em></strong></span> <span class='ocrx_word' id='word_1_346' title='bbox 2063 4387 2150 4458; x_wconf 90' lang='lat' dir='ltr'><strong><em>qui</em></strong></span> 
     </span>
    </p>
   </div>
   <div class='ocr_carea' id='block_1_44' title="bbox 563 4479 2156 4560">
    <p class='ocr_par' dir='ltr' id='par_1_44' title="bbox 563 4479 2156 4560">
     <span class='ocr_line' id='line_1_44' title="bbox 563 4479 2156 4560; baseline -0.011 -10"><span class='ocrx_word' id='word_1_347' title='bbox 563 4494 799 4560; x_wconf 88' lang='lat' dir='ltr'><strong><em>dividat,</em></strong></span> <span class='ocrx_word' id='word_1_348' title='bbox 849 4500 903 4547; x_wconf 91' lang='lat' dir='ltr'><strong><em>et</em></strong></span> <span class='ocrx_word' id='word_1_349' title='bbox 946 4491 1078 4546; x_wconf 91' lang='lat' dir='ltr'><strong><em>alios</em></strong></span> <span class='ocrx_word' id='word_1_350' title='bbox 1119 4497 1279 4560; x_wconf 87' lang='lat' dir='ltr'><strong><em>ponat</em></strong></span> <span class='ocrx_word' id='word_1_351' title='bbox 1305 4487 1370 4542; x_wconf 92' lang='lat' dir='ltr'><strong><em>ad</em></strong></span> <span class='ocrx_word' id='word_1_352' title='bbox 1404 4487 1676 4542; x_wconf 75' lang='lat' dir='ltr'><strong><em>dexteram</em></strong></span> <span class='ocrx_word' id='word_1_353' title='bbox 1702 4524 1718 4550; x_wconf 96' lang='lat'><strong><em>,</em></strong></span> <span class='ocrx_word' id='word_1_354' title='bbox 1748 4483 1879 4537; x_wconf 89' lang='lat' dir='ltr'><strong><em>alios</em></strong></span> <span class='ocrx_word' id='word_1_355' title='bbox 1907 4481 1973 4536; x_wconf 88' lang='lat' dir='ltr'><strong><em>ad</em></strong></span> <span class='ocrx_word' id='word_1_356' title='bbox 2027 4479 2156 4534; x_wconf 89' lang='lat' dir='ltr'><strong><em>sini-</em></strong></span> 
     </span>
    </p>
   </div>
   <div class='ocr_carea' id='block_1_45' title="bbox 565 4571 2151 4654">
    <p class='ocr_par' dir='ltr' id='par_1_45' title="bbox 565 4571 2151 4654">
     <span class='ocr_line' id='line_1_45' title="bbox 565 4571 2151 4654; baseline -0.012 -11"><span class='ocrx_word' id='word_1_357' title='bbox 565 4596 752 4643; x_wconf 88' lang='lat' dir='ltr'><strong><em>stram.</em></strong></span> <span class='ocrx_word' id='word_1_358' title='bbox 785 4584 854 4640; x_wconf 90' lang='lat' dir='ltr'><strong><em>Et</em></strong></span> <span class='ocrx_word' id='word_1_359' title='bbox 882 4592 1100 4654; x_wconf 90' lang='lat' dir='ltr'><strong><em>utraque</em></strong></span> <span class='ocrx_word' id='word_1_360' title='bbox 1127 4596 1248 4652; x_wconf 86' lang='lat' dir='ltr'><strong><em>pars</em></strong></span> <span class='ocrx_word' id='word_1_361' title='bbox 1277 4579 1478 4636; x_wconf 91' lang='lat' dir='ltr'><strong><em>dictura</em></strong></span> <span class='ocrx_word' id='word_1_362' title='bbox 1501 4585 1616 4642; x_wconf 89' lang='lat' dir='ltr'><strong><em>est,</em></strong></span> <span class='ocrx_word' id='word_1_363' title='bbox 1649 4574 1884 4640; x_wconf 87' lang='lat' dir='ltr'><strong><em>Domine,</em></strong></span> <span class='ocrx_word' id='word_1_364' title='bbox 1917 4571 2151 4637; x_wconf 86' lang='lat' dir='ltr'><strong><em>Domine,</em></strong></span> 
     </span>
    </p>
   </div>
   <div class='ocr_carea' id='block_1_46' title="bbox 566 4662 2154 4750">
    <p class='ocr_par' dir='ltr' id='par_1_46' title="bbox 566 4662 2154 4750">
     <span class='ocr_line' id='line_1_46' title="bbox 566 4662 2154 4750; baseline -0.01 -19"><span class='ocrx_word' id='word_1_365' title='bbox 566 4677 770 4750; x_wconf 80' lang='lat' dir='ltr'><strong><em>quando</em></strong></span> <span class='ocrx_word' id='word_1_366' title='bbox 793 4687 840 4731; x_wconf 88' lang='lat' dir='ltr'><strong><em>te</em></strong></span> <span class='ocrx_word' id='word_1_367' title='bbox 866 4674 1099 4739; x_wconf 85' lang='lat' dir='ltr'><strong><em>vidimus,</em></strong></span> <span class='ocrx_word' id='word_1_368' title='bbox 1129 4681 1174 4727; x_wconf 89' lang='lat' dir='ltr'><strong><em>et</em></strong></span> <span class='ocrx_word' id='word_1_369' title='bbox 1195 4670 1580 4726; x_wconf 87' lang='lat' dir='ltr'><strong><em>ministravimus</em></strong></span> <span class='ocrx_word' id='word_1_370' title='bbox 1597 4664 1727 4721; x_wconf 81' lang='lat' dir='ltr'><strong><em>tibi?</em></strong></span> <span class='ocrx_word' id='word_1_371' title='bbox 1751 4665 1836 4721; x_wconf 88' lang='lat' dir='ltr'><strong><em>vel</em></strong></span> <span class='ocrx_word' id='word_1_372' title='bbox 1859 4707 1874 4730; x_wconf 88' lang='lat'><strong><em>,</em></strong></span> <span class='ocrx_word' id='word_1_373' title='bbox 1903 4662 2120 4718; x_wconf 87' lang='lat' dir='ltr'><strong><em>Domine</em></strong></span> <span class='ocrx_word' id='word_1_374' title='bbox 2137 4701 2154 4727; x_wconf 96' lang='lat'><strong><em>,</em></strong></span> 
     </span>
    </p>
   </div>
   <div class='ocr_carea' id='block_1_47' title="bbox 569 4755 2159 4839">
    <p class='ocr_par' dir='ltr' id='par_1_47' title="bbox 569 4755 2159 4839">
     <span class='ocr_line' id='line_1_47' title="bbox 569 4755 2159 4839; baseline -0.011 -16"><span class='ocrx_word' id='word_1_375' title='bbox 569 4769 770 4839; x_wconf 84' lang='lat' dir='ltr'><strong><em>quando</em></strong></span> <span class='ocrx_word' id='word_1_376' title='bbox 792 4777 837 4822; x_wconf 91' lang='lat' dir='ltr'><strong><em>te</em></strong></span> <span class='ocrx_word' id='word_1_377' title='bbox 860 4767 1092 4833; x_wconf 84' lang='lat' dir='ltr'><strong><em>vidimus,</em></strong></span> <span class='ocrx_word' id='word_1_378' title='bbox 1115 4772 1161 4819; x_wconf 91' lang='lat' dir='ltr'><strong><em>et</em></strong></span> <span class='ocrx_word' id='word_1_379' title='bbox 1181 4780 1282 4818; x_wconf 89' lang='lat' dir='ltr'><strong><em>non</em></strong></span> <span class='ocrx_word' id='word_1_380' title='bbox 1305 4760 1696 4816; x_wconf 86' lang='lat' dir='ltr'><strong><em>ministravimus</em></strong></span> <span class='ocrx_word' id='word_1_381' title='bbox 1719 4755 1844 4812; x_wconf 83' lang='lat' dir='ltr'><strong><em>tibi?</em></strong></span> <span class='ocrx_word' id='word_1_382' title='bbox 1868 4755 1996 4810; x_wconf 88' lang='lat' dir='ltr'><strong><em>Pars</em></strong></span> <span class='ocrx_word' id='word_1_383' title='bbox 2023 4762 2159 4808; x_wconf 88' lang='lat' dir='ltr'><strong><em>utra-</em></strong></span> 
     </span>
    </p>
   </div>
   <div class='ocr_carea' id='block_1_48' title="bbox 569 4845 2160 4934">
    <p class='ocr_par' dir='ltr' id='par_1_48' title="bbox 569 4845 2160 4934">
     <span class='ocr_line' id='line_1_48' title="bbox 569 4845 2160 4934; baseline -0.013 -16"><span class='ocrx_word' id='word_1_384' title='bbox 569 4879 672 4934; x_wconf 89' lang='lat' dir='ltr'><strong><em>que</em></strong></span> <span class='ocrx_word' id='word_1_385' title='bbox 699 4862 904 4917; x_wconf 84' lang='lat' dir='ltr'><strong><em>dictura</em></strong></span> <span class='ocrx_word' id='word_1_386' title='bbox 951 4871 1033 4915; x_wconf 87' lang='lat' dir='ltr'><strong><em>est</em></strong></span> <span class='ocrx_word' id='word_1_387' title='bbox 1061 4877 1073 4913; x_wconf 91' lang='lat'><strong>:</strong></span> <span class='ocrx_word' id='word_1_388' title='bbox 1103 4857 1190 4912; x_wconf 92' lang='lat' dir='ltr'><strong><em>uni</em></strong></span> <span class='ocrx_word' id='word_1_389' title='bbox 1228 4865 1406 4911; x_wconf 89' lang='lat' dir='ltr'><strong><em>tamen</em></strong></span> <span class='ocrx_word' id='word_1_390' title='bbox 1451 4853 1624 4919; x_wconf 86' lang='lat' dir='ltr'><strong><em>dicet,</em></strong></span> <span class='ocrx_word' id='word_1_391' title='bbox 1672 4849 1878 4916; x_wconf 84' lang='lat' dir='ltr'><strong><em>Venite,</em></strong></span> <span class='ocrx_word' id='word_1_392' title='bbox 1919 4845 2160 4903; x_wconf 87' lang='lat' dir='ltr'><strong><em>benedicti</em></strong></span> 
     </span>
    </p>
   </div>
   <div class='ocr_carea' id='block_1_49' title="bbox 573 4943 2162 5026">
    <p class='ocr_par' dir='ltr' id='par_1_49' title="bbox 573 4943 2162 5026">
     <span class='ocr_line' id='line_1_49' title="bbox 573 4943 2162 5026; baseline -0.011 -16"><span class='ocrx_word' id='word_1_393' title='bbox 573 4957 746 5022; x_wconf 71' lang='lat' dir='ltr'><strong><em>Patris</em></strong></span> <span class='ocrx_word' id='word_1_394' title='bbox 775 4957 892 5022; x_wconf 89' lang='lat' dir='ltr'><strong><em>mei,</em></strong></span> <span class='ocrx_word' id='word_1_395' title='bbox 921 4953 1159 5026; x_wconf 88' lang='lat' dir='ltr'><strong><em>percipite</em></strong></span> <span class='ocrx_word' id='word_1_396' title='bbox 1182 4965 1426 5022; x_wconf 85' lang='lat' dir='ltr'><strong><em>regnum;</em></strong></span> <span class='ocrx_word' id='word_1_397' title='bbox 1453 4945 1625 5010; x_wconf 86' lang='lat' dir='ltr'><strong><em>alteri,</em></strong></span> <span class='ocrx_word' id='word_1_398' title='bbox 1651 4943 1732 4999; x_wconf 88' lang='lat' dir='ltr'><strong><em>Ite</em></strong></span> <span class='ocrx_word' id='word_1_399' title='bbox 1755 4945 1808 4998; x_wconf 89' lang='lat' dir='ltr'><strong><em>in</em></strong></span> <span class='ocrx_word' id='word_1_400' title='bbox 1833 4943 1998 5014; x_wconf 86' lang='lat' dir='ltr'><strong><em>ignem</em></strong></span> <span class='ocrx_word' id='word_1_401' title='bbox 2017 4949 2162 4995; x_wconf 74' lang='lat' dir='ltr'><strong><em>aeter-</em></strong></span> 
     </span>
    </p>
   </div>
   <div class='ocr_carea' id='block_1_50' title="bbox 575 5032 2158 5122">
    <p class='ocr_par' dir='ltr' id='par_1_50' title="bbox 575 5032 2158 5122">
     <span class='ocr_line' id='line_1_50' title="bbox 575 5032 2158 5122; baseline -0.011 -18"><span class='ocrx_word' id='word_1_402' title='bbox 575 5068 692 5105; x_wconf 89' lang='lat' dir='ltr'><strong><em>num</em></strong></span> <span class='ocrx_word' id='word_1_403' title='bbox 709 5091 723 5116; x_wconf 95' lang='lat'><strong><em>,</em></strong></span> <span class='ocrx_word' id='word_1_404' title='bbox 753 5050 838 5122; x_wconf 87' lang='lat' dir='ltr'><strong><em>qui</em></strong></span> <span class='ocrx_word' id='word_1_405' title='bbox 859 5055 1170 5119; x_wconf 66' lang='lat' dir='ltr'><strong><em>praeparatus</em></strong></span> <span class='ocrx_word' id='word_1_406' title='bbox 1195 5052 1266 5099; x_wconf 85' lang='lat' dir='ltr'><strong><em>est</em></strong></span> <span class='ocrx_word' id='word_1_407' title='bbox 1289 5041 1490 5098; x_wconf 84' lang='lat' dir='ltr'><strong><em>diabolo</em></strong></span> <span class='ocrx_word' id='word_1_408' title='bbox 1517 5049 1563 5094; x_wconf 93' lang='lat' dir='ltr'><strong><em>et</em></strong></span> <span class='ocrx_word' id='word_1_409' title='bbox 1590 5035 1784 5110; x_wconf 85' lang='lat' dir='ltr'><strong><em>angelis</em></strong></span> <span class='ocrx_word' id='word_1_410' title='bbox 1816 5036 1926 5108; x_wconf 84' lang='lat' dir='ltr'><strong><em>ejus</em></strong></span> <span class='ocrx_word' id='word_1_411' title='bbox 1947 5032 2158 5108; x_wconf 80' lang='lat' dir='ltr'><strong><em>(Matth.</em></strong></span> 
     </span>
    </p>
   </div>
   <div class='ocr_carea' id='block_1_51' title="bbox 575 5140 959 5210">
    <p class='ocr_par' dir='ltr' id='par_1_51' title="bbox 575 5140 959 5210">
     <span class='ocr_line' id='line_1_51' title="bbox 575 5140 959 5210; baseline -0.016 -11"><span class='ocrx_word' id='word_1_412' title='bbox 575 5161 676 5199; x_wconf 82' lang='lat' dir='ltr'><strong><em>xxv</em></strong></span> <span class='ocrx_word' id='word_1_413' title='bbox 698 5183 712 5206; x_wconf 94' lang='lat'><strong><em>,</em></strong></span> <span class='ocrx_word' id='word_1_414' title='bbox 743 5140 959 5210; x_wconf 70' lang='lat'><strong><em>31-“).</em></strong></span> 
     </span>
    </p>
   </div>
   <div class='ocr_carea' id='block_1_52' title="bbox 644 5213 2165 5296">
    <p class='ocr_par' dir='ltr' id='par_1_52' title="bbox 644 5213 2165 5296">
     <span class='ocr_line' id='line_1_52' title="bbox 644 5213 2165 5296; baseline -0.014 -6"><span class='ocrx_word' id='word_1_415' title='bbox 644 5231 871 5290; x_wconf 83' lang='lat' dir='ltr'><strong><em>CAPUT</em></strong></span> <span class='ocrx_word' id='word_1_416' title='bbox 898 5229 961 5286; x_wconf 90' lang='lat' dir='ltr'><strong><em>ll.</em></strong></span> <span class='ocrx_word' id='word_1_417' title='bbox 988 5259 1061 5271; x_wconf 90' lang='lat'><strong><em>—-</em></strong></span> <span class='ocrx_word' id='word_1_418' title='bbox 1082 5226 1200 5284; x_wconf 85' lang='lat' dir='ltr'><strong><em>Non</em></strong></span> <span class='ocrx_word' id='word_1_419' title='bbox 1235 5239 1361 5296; x_wconf 76' lang='lat' dir='ltr'><strong><em>ergo</em></strong></span> <span class='ocrx_word' id='word_1_420' title='bbox 1391 5221 1533 5279; x_wconf 90' lang='lat' dir='ltr'><strong><em>solos</em></strong></span> <span class='ocrx_word' id='word_1_421' title='bbox 1561 5219 1805 5277; x_wconf 89' lang='lat' dir='ltr'><strong><em>inimicos</em></strong></span> <span class='ocrx_word' id='word_1_422' title='bbox 1831 5224 2042 5272; x_wconf 89' lang='lat' dir='ltr'><strong><em>nostros</em></strong></span> <span class='ocrx_word' id='word_1_423' title='bbox 2067 5213 2165 5270; x_wconf 89' lang='lat' dir='ltr'><strong><em>de-</em></strong></span> 
     </span>
    </p>
   </div>
   <div class='ocr_carea' id='block_1_53' title="bbox 640 5351 2164 5421">
    <p class='ocr_par' dir='ltr' id='par_1_53' title="bbox 640 5351 2164 5421">
     <span class='ocr_line' id='line_1_53' title="bbox 640 5351 2164 5421; baseline -0.014 1"><span class='ocrx_word' id='word_1_424' title='bbox 640 5374 655 5404; x_wconf 81' lang='grc'>¹</span> <span class='ocrx_word' id='word_1_425' title='bbox 684 5369 978 5421; x_wconf 80' lang='lat' dir='ltr'><strong><em>Fossatensls</em></strong></span> <span class='ocrx_word' id='word_1_426' title='bbox 1017 5372 1160 5418; x_wconf 84' lang='lat' dir='ltr'><strong><em>vetus</em></strong></span> <span class='ocrx_word' id='word_1_427' title='bbox 1191 5363 1376 5421; x_wconf 85' lang='lat' dir='ltr'><strong><em>codex,</em></strong></span> <span class='ocrx_word' id='word_1_428' title='bbox 1411 5361 1774 5421; x_wconf 76' lang='lat' dir='ltr'><strong><em>Sacramentum</em></strong></span> <span class='ocrx_word' id='word_1_429' title='bbox 1791 5351 2009 5421; x_wconf 79' lang='lat' dir='ltr'><strong><em>quidem</em></strong></span> <span class='ocrx_word' id='word_1_430' title='bbox 2043 5363 2164 5421; x_wconf 80' lang='lat' dir='ltr'><strong><em>pene</em></strong></span> 
     </span>
    </p>
   </div>
   <div class='ocr_carea' id='block_1_54' title="bbox 576 5414 2169 5497">
    <p class='ocr_par' dir='ltr' id='par_1_54' title="bbox 576 5414 2169 5497">
     <span class='ocr_line' id='line_1_54' title="bbox 576 5414 2169 5497; baseline -0.015 -12"><span class='ocrx_word' id='word_1_431' title='bbox 576 5414 1096 5497; x_wconf 39' lang='lat' dir='ltr'><strong><em>onmesqent&#39;es‘d-ieunt</em></strong></span> <span class='ocrx_word' id='word_1_432' title='bbox 1111 5439 1283 5497; x_wconf 72' lang='lat' dir='ltr'><strong><em>corpus</em></strong></span> <span class='ocrx_word' id='word_1_433' title='bbox 1299 5414 1420 5497; x_wconf 68' lang='lat' dir='ltr'><strong><em>ejus.</em></strong></span> <span class='ocrx_word' id='word_1_434' title='bbox 1432 5423 1504 5494; x_wconf 80' lang='lat' dir='ltr'><strong><em>sic</em></strong></span> <span class='ocrx_word' id='word_1_435' title='bbox 1521 5421 1668 5497; x_wconf 61' lang='lat' dir='ltr'><strong><em>etiam</em></strong></span> <span class='ocrx_word' id='word_1_436' title='bbox 1683 5414 2169 5497; x_wconf 53' lang='lat' dir='ltr'><strong><em>Floriacensis,L0mi‘s-</em></strong></span> 
     </span>
    </p>
   </div>
   <div class='ocr_carea' id='block_1_55' title="bbox 575 5476 2171 5554">
    <p class='ocr_par' dir='ltr' id='par_1_55' title="bbox 575 5476 2171 5554">
     <span class='ocr_line' id='line_1_55' title="bbox 575 5476 2171 5554; baseline 0.011 -7"><span class='ocrx_word' id='word_1_437' title='bbox 575 5476 1502 5554; x_wconf 51' lang='grc' dir='ltr'><strong><em>ξδ’ίςιῑιτίίιῆῶδίιὶόέσεῐιιεεῖσφμενί</em></strong></span> <span class='ocrx_word' id='word_1_438' title='bbox 1525 5479 1957 5554; x_wconf 59' lang='grc' dir='ltr'><strong><em>τενθῑυυξιυεοξίνιί</em></strong></span> <span class='ocrx_word' id='word_1_439' title='bbox 1980 5479 2042 5525; x_wconf 63' lang='grc' dir='ltr'>δυ</span> <span class='ocrx_word' id='word_1_440' title='bbox 2067 5476 2171 5554; x_wconf 64' lang='lat' dir='ltr'><strong><em>2d“</em></strong></span> 
     </span>
    </p>
   </div>
   <div class='ocr_carea' id='block_1_56' title="bbox 580 5537 2164 5611">
    <p class='ocr_par' dir='ltr' id='par_1_56' title="bbox 580 5537 2164 5611">
     <span class='ocr_line' id='line_1_56' title="bbox 580 5537 2164 5611; baseline -0.013 -3"><span class='ocrx_word' id='word_1_441' title='bbox 580 5537 1006 5608; x_wconf 52' lang='lat' dir='ltr'><strong><em>ia&#39;ﬁiiiiiiieiﬁh?</em></strong></span> <span class='ocrx_word' id='word_1_442' title='bbox 1021 5537 1113 5601; x_wconf 68' lang='lat' dir='ltr'><strong><em>nisi</em></strong></span> <span class='ocrx_word' id='word_1_443' title='bbox 1137 5537 1518 5611; x_wconf 47' lang='lat' dir='ltr'><strong><em>{ransmsitione</em></strong></span> <span class='ocrx_word' id='word_1_444' title='bbox 1549 5542 1823 5611; x_wconf 77' lang='lat' dir='ltr'><strong><em>particulae,</em></strong></span> <span class='ocrx_word' id='word_1_445' title='bbox 1853 5537 1949 5611; x_wconf 72' lang='lat' dir='ltr'><strong><em>hoc</em></strong></span> <span class='ocrx_word' id='word_1_446' title='bbox 1982 5537 2164 5611; x_wconf 79' lang='lat' dir='ltr'><strong><em>modo:</em></strong></span> 
     </span>
    </p>
   </div>
   <div class='ocr_carea' id='block_1_57' title="bbox 513 5602 2013 5684">
    <p class='ocr_par' dir='ltr' id='par_1_57' title="bbox 513 5602 2013 5684">
     <span class='ocr_line' id='line_1_57' title="bbox 513 5602 2013 5684; baseline -0.014 -13"><span class='ocrx_word' id='word_1_447' title='bbox 513 5681 517 5684; x_wconf 93' lang='lat'>_</span> <span class='ocrx_word' id='word_1_448' title='bbox 582 5602 1301 5684; x_wconf 38' lang='lat' dir='ltr'><strong><em>Ferie‘sacramentumquidem</em></strong></span> <span class='ocrx_word' id='word_1_449' title='bbox 1323 5621 1484 5684; x_wconf 79' lang='lat' dir='ltr'><strong><em>omnes</em></strong></span> <span class='ocrx_word' id='word_1_450' title='bbox 1506 5602 1803 5684; x_wconf 48' lang='lat' dir='ltr'><strong><em>eq&#39;rpus‘ejujs</em></strong></span> <span class='ocrx_word' id='word_1_451' title='bbox 1831 5602 2013 5684; x_wconf 48' lang='lat' dir='ltr'><strong><em>diclunt&#39;.</em></strong></span> 
     </span>
    </p>
   </div>
   <div class='ocr_carea' id='block_1_58' title="bbox 646 5661 2167 5741">
    <p class='ocr_par' dir='ltr' id='par_1_58' title="bbox 646 5661 2167 5741">
     <span class='ocr_line' id='line_1_58' title="bbox 646 5661 2167 5741; baseline -0.012 -12"><span class='ocrx_word' id='word_1_452' title='bbox 646 5661 1065 5741; x_wconf 56' lang='lat' dir='ltr'><strong><em>i&#39;iiéébg&#39;iiiiiis&#39;ae</em></strong></span> <span class='ocrx_word' id='word_1_453' title='bbox 1088 5661 1189 5723; x_wconf 70' lang='lat' dir='ltr'><strong><em>tres</em></strong></span> <span class='ocrx_word' id='word_1_454' title='bbox 1208 5674 1292 5741; x_wconf 80' lang='lat' dir='ltr'><strong><em>bu.</em></strong></span> <span class='ocrx_word' id='word_1_455' title='bbox 1325 5671 1384 5719; x_wconf 87' lang='lat' dir='ltr'><strong><em>ad</em></strong></span> <span class='ocrx_word' id='word_1_456' title='bbox 1400 5677 1524 5741; x_wconf 73' lang='lat' dir='ltr'><strong><em>quat</em></strong></span> <span class='ocrx_word' id='word_1_457' title='bbox 1535 5661 1792 5741; x_wconf 57' lang='lat' dir='ltr'><strong><em>nor_cl.&#39;ad</em></strong></span> <span class='ocrx_word' id='word_1_458' title='bbox 1817 5677 1861 5714; x_wconf 91' lang='lat' dir='ltr'><strong><em>a.</em></strong></span> <span class='ocrx_word' id='word_1_459' title='bbox 1878 5665 1954 5714; x_wconf 82' lang='lat' dir='ltr'><strong><em>ob.</em></strong></span> <span class='ocrx_word' id='word_1_460' title='bbox 1979 5662 2003 5711; x_wconf 86' lang='lat' dir='ltr'><strong><em>f</em></strong></span> <span class='ocrx_word' id='word_1_461' title='bbox 2040 5661 2095 5711; x_wconf 86' lang='lat' dir='ltr'><strong><em>fs.</em></strong></span> <span class='ocrx_word' id='word_1_462' title='bbox 2116 5675 2167 5726; x_wconf 71' lang='grc' dir='ltr'><strong>ς.</strong></span> 
     </span>
    </p>
   </div>
   <div class='ocr_carea' id='block_1_59' title="bbox 583 5735 1736 5803">
    <p class='ocr_par' dir='ltr' id='par_1_59' title="bbox 583 5735 1736 5803">
     <span class='ocr_line' id='line_1_59' title="bbox 583 5735 1736 5803; baseline -0.016 -8"><span class='ocrx_word' id='word_1_463' title='bbox 583 5750 643 5795; x_wconf 76' lang='lat' dir='ltr'><strong><em>lt.</em></strong></span> <span class='ocrx_word' id='word_1_464' title='bbox 671 5757 738 5793; x_wconf 90' lang='lat' dir='ltr'><strong><em>m.</em></strong></span> <span class='ocrx_word' id='word_1_465' title='bbox 772 5735 846 5803; x_wconf 58' lang='lat' dir='ltr'><strong><em>pf.</em></strong></span> <span class='ocrx_word' id='word_1_466' title='bbox 871 5752 965 5803; x_wconf 81' lang='lat' dir='ltr'><strong><em>rm.</em></strong></span> <span class='ocrx_word' id='word_1_467' title='bbox 1007 5736 1162 5803; x_wconf 77' lang='lat' dir='ltr'><strong><em>vd._e_t</em></strong></span> <span class='ocrx_word' id='word_1_468' title='bbox 1184 5735 1241 5784; x_wconf 86' lang='lat' dir='ltr'><strong><em>ad</em></strong></span> <span class='ocrx_word' id='word_1_469' title='bbox 1268 5744 1367 5803; x_wconf 55' lang='lat' dir='ltr'><strong><em>Arn.</em></strong></span> <span class='ocrx_word' id='word_1_470' title='bbox 1389 5739 1471 5803; x_wconf 53' lang='lat' dir='ltr'><strong><em>Er.</em></strong></span> <span class='ocrx_word' id='word_1_471' title='bbox 1499 5740 1601 5780; x_wconf 84' lang='lat' dir='ltr'><strong><em>Par.</em></strong></span> <span class='ocrx_word' id='word_1_472' title='bbox 1627 5737 1736 5779; x_wconf 86' lang='lat' dir='ltr'><strong><em>Lov.</em></strong></span> 
     </span>
    </p>
   </div>
   <div class='ocr_carea' id='block_1_60' title="bbox 651 5795 1463 5868">
    <p class='ocr_par' dir='ltr' id='par_1_60' title="bbox 651 5795 1463 5868">
     <span class='ocr_line' id='line_1_60' title="bbox 651 5795 1463 5868; baseline -0.015 -14"><span class='ocrx_word' id='word_1_473' title='bbox 651 5806 725 5868; x_wconf 77' lang='grc' dir='ltr'><strong><em>(ᾳ)</em></strong></span> <span class='ocrx_word' id='word_1_474' title='bbox 753 5795 890 5868; x_wconf 60' lang='grc' dir='ltr'><strong><em>ρῼὶας,</em></strong></span> <span class='ocrx_word' id='word_1_475' title='bbox 914 5800 979 5850; x_wconf 84' lang='lat' dir='ltr'><strong><em>de</em></strong></span> <span class='ocrx_word' id='word_1_476' title='bbox 998 5798 1168 5848; x_wconf 79' lang='lat' dir='ltr'><strong><em>verbis</em></strong></span> <span class='ocrx_word' id='word_1_477' title='bbox 1189 5797 1368 5868; x_wconf 73' lang='lat' dir='ltr'><strong><em>Domini</em></strong></span> 
     </span>
    </p>
   </div>
   <div class='ocr_carea' id='block_1_61' title="bbox 652 5847 2174 5932">
    <p class='ocr_par' dir='ltr' id='par_1_61' title="bbox 652 5847 2174 5932">
     <span class='ocr_line' id='line_1_61' title="bbox 652 5847 2174 5932; baseline -0.012 -15"><span class='ocrx_word' id='word_1_478' title='bbox 652 5847 724 5932; x_wconf 58' lang='lat' dir='ltr'><strong><em>(bi</em></strong></span> <span class='ocrx_word' id='word_1_479' title='bbox 748 5847 911 5914; x_wconf 66' lang='grc' dir='ltr'><strong><em>ἕὶὸῖιίε</em></strong></span> <span class='ocrx_word' id='word_1_480' title='bbox 922 5847 971 5908; x_wconf 66' lang='grc' dir='ltr'>ἶ</span> <span class='ocrx_word' id='word_1_481' title='bbox 989 5847 1270 5911; x_wconf 80' lang='lat' dir='ltr'><strong><em>sermonem</em></strong></span> <span class='ocrx_word' id='word_1_482' title='bbox 1295 5857 1359 5908; x_wconf 89' lang='lat' dir='ltr'><strong><em>de</em></strong></span> <span class='ocrx_word' id='word_1_483' title='bbox 1389 5857 1560 5908; x_wconf 79' lang='lat' dir='ltr'><strong><em>verbis</em></strong></span> <span class='ocrx_word' id='word_1_484' title='bbox 1595 5853 1814 5904; x_wconf 69' lang='lat' dir='ltr'><strong><em>Dominis</em></strong></span> <span class='ocrx_word' id='word_1_485' title='bbox 1847 5847 2059 5914; x_wconf 87' lang='lat' dir='ltr'><strong><em>appellat</em></strong></span> <span class='ocrx_word' id='word_1_486' title='bbox 2078 5847 2174 5899; x_wconf 83' lang='lat' dir='ltr'><strong><em>adt</em></strong></span> 
     </span>
    </p>
   </div>
   <div class='ocr_carea' id='block_1_62' title="bbox 587 5933 1000 5981">
    <p class='ocr_par' dir='ltr' id='par_1_62' title="bbox 587 5933 1000 5981">
     <span class='ocr_line' id='line_1_62' title="bbox 587 5933 1000 5981; baseline -0.019 0"><span class='ocrx_word' id='word_1_487' title='bbox 587 5937 695 5981; x_wconf 81' lang='lat' dir='ltr'><strong><em>COl&#39;.</em></strong></span> <span class='ocrx_word' id='word_1_488' title='bbox 720 5942 798 5978; x_wconf 85' lang='lat' dir='ltr'><strong><em>vm</em></strong></span> <span class='ocrx_word' id='word_1_489' title='bbox 822 5933 870 5976; x_wconf 86' lang='lat' dir='ltr'><strong><em>et</em></strong></span> <span class='ocrx_word' id='word_1_490' title='bbox 894 5938 1000 5976; x_wconf 75' lang='grc' dir='ltr'><strong><em>ιω.</em></strong></span> 
     </span>
    </p>
   </div>
   <div class='ocr_carea' id='block_1_63' title="bbox 1759 392 2555 469">
    <p class='ocr_par' dir='ltr' id='par_1_63' title="bbox 1759 392 2555 469">
     <span class='ocr_line' id='line_1_63' title="bbox 1759 392 2555 469; baseline -0.021 -2"><span class='ocrx_word' id='word_1_491' title='bbox 1759 407 1818 469; x_wconf 83' lang='lat'><strong><em>8.</em></strong></span> <span class='ocrx_word' id='word_1_492' title='bbox 1855 395 2215 464; x_wconf 82' lang='lat' dir='ltr'><strong><em>AUGUSTINI</em></strong></span> <span class='ocrx_word' id='word_1_493' title='bbox 2253 392 2555 453; x_wconf 84' lang='lat' dir='ltr'><strong><em>EPlSCOPl</em></strong></span> 
     </span>
    </p>
   </div>
   <div class='ocr_carea' id='block_1_64' title="bbox 3658 387 3794 446">
    <p class='ocr_par' dir='ltr' id='par_1_64' title="bbox 3658 387 3794 446">
     <span class='ocr_line' id='line_1_64' title="bbox 3658 387 3794 446; baseline 0.015 -2"><span class='ocrx_word' id='word_1_494' title='bbox 3658 387 3794 446; x_wconf 63' lang='grc'><strong><em>1566</em></strong></span> 
     </span>
    </p>
   </div>
   <div class='ocr_carea' id='block_1_65' title="bbox 2206 523 3796 604">
    <p class='ocr_par' dir='ltr' id='par_1_65' title="bbox 2206 523 3796 604">
     <span class='ocr_line' id='line_1_65' title="bbox 2206 523 3796 604; baseline -0.003 -19"><span class='ocrx_word' id='word_1_495' title='bbox 2206 540 2393 604; x_wconf 87' lang='lat' dir='ltr'><strong><em>putare</em></strong></span> <span class='ocrx_word' id='word_1_496' title='bbox 2421 529 2707 596; x_wconf 82' lang='lat' dir='ltr'><strong><em>debemus,</em></strong></span> <span class='ocrx_word' id='word_1_497' title='bbox 2747 523 3049 583; x_wconf 85' lang='lat' dir='ltr'><strong><em>charissimi</em></strong></span> <span class='ocrx_word' id='word_1_498' title='bbox 3071 565 3089 593; x_wconf 91' lang='lat'><strong><em>,</em></strong></span> <span class='ocrx_word' id='word_1_499' title='bbox 3129 523 3447 598; x_wconf 85' lang='lat' dir='ltr'><strong><em>quicumque</em></strong></span> <span class='ocrx_word' id='word_1_500' title='bbox 3486 523 3624 580; x_wconf 92' lang='lat' dir='ltr'><strong><em>bona</em></strong></span> <span class='ocrx_word' id='word_1_501' title='bbox 3665 539 3796 581; x_wconf 87' lang='lat' dir='ltr'><strong><em>con-</em></strong></span> 
     </span>
    </p>
   </div>
   <div class='ocr_carea' id='block_1_66' title="bbox 2208 615 3793 682">
    <p class='ocr_par' dir='ltr' id='par_1_66' title="bbox 2208 615 3793 682">
     <span class='ocr_line' id='line_1_66' title="bbox 2208 615 3793 682; baseline -0.005 -4"><span class='ocrx_word' id='word_1_502' title='bbox 2208 623 2428 680; x_wconf 83' lang='lat' dir='ltr'><strong><em>scientia</em></strong></span> <span class='ocrx_word' id='word_1_503' title='bbox 2453 621 2650 678; x_wconf 89' lang='lat' dir='ltr'><strong><em>Christl</em></strong></span> <span class='ocrx_word' id='word_1_504' title='bbox 2678 618 2916 675; x_wconf 90' lang='lat' dir='ltr'><strong><em>membra</em></strong></span> <span class='ocrx_word' id='word_1_505' title='bbox 2943 629 3162 682; x_wconf 84' lang='lat' dir='ltr'><strong><em>sumus;</em></strong></span> <span class='ocrx_word' id='word_1_506' title='bbox 3188 631 3291 671; x_wconf 93' lang='lat' dir='ltr'><strong><em>non</em></strong></span> <span class='ocrx_word' id='word_1_507' title='bbox 3321 615 3466 671; x_wconf 87' lang='lat' dir='ltr'><strong><em>solos</em></strong></span> <span class='ocrx_word' id='word_1_508' title='bbox 3494 630 3588 672; x_wconf 89' lang='lat' dir='ltr'><strong><em>eos</em></strong></span> <span class='ocrx_word' id='word_1_509' title='bbox 3616 615 3793 671; x_wconf 89' lang='lat' dir='ltr'><strong><em>inimi-</em></strong></span> 
     </span>
    </p>
   </div>
   <div class='ocr_carea' id='block_1_67' title="bbox 2209 705 3792 783">
    <p class='ocr_par' dir='ltr' id='par_1_67' title="bbox 2209 705 3792 783">
     <span class='ocr_line' id='line_1_67' title="bbox 2209 705 3792 783; baseline -0.007 -11"><span class='ocrx_word' id='word_1_510' title='bbox 2209 731 2301 773; x_wconf 90' lang='lat' dir='ltr'><strong><em>cos</em></strong></span> <span class='ocrx_word' id='word_1_511' title='bbox 2345 723 2557 770; x_wconf 89' lang='lat' dir='ltr'><strong><em>nostros</em></strong></span> <span class='ocrx_word' id='word_1_512' title='bbox 2584 720 2772 783; x_wconf 87' lang='lat' dir='ltr'><strong><em>putare</em></strong></span> <span class='ocrx_word' id='word_1_513' title='bbox 2807 709 3096 774; x_wconf 84' lang='lat' dir='ltr'><strong><em>debemus,</em></strong></span> <span class='ocrx_word' id='word_1_514' title='bbox 3135 707 3226 778; x_wconf 90' lang='lat' dir='ltr'><strong><em>qui</em></strong></span> <span class='ocrx_word' id='word_1_515' title='bbox 3270 716 3454 776; x_wconf 83' lang='lat' dir='ltr'><strong><em>aperte</em></strong></span> <span class='ocrx_word' id='word_1_516' title='bbox 3491 705 3622 762; x_wconf 86' lang='lat' dir='ltr'><strong><em>foris</em></strong></span> <span class='ocrx_word' id='word_1_517' title='bbox 3650 716 3792 761; x_wconf 90' lang='lat' dir='ltr'><strong><em>sunt.</em></strong></span> 
     </span>
    </p>
   </div>
   <div class='ocr_carea' id='block_1_68' title="bbox 2209 800 3797 878">
    <p class='ocr_par' dir='ltr' id='par_1_68' title="bbox 2209 800 3797 878">
     <span class='ocr_line' id='line_1_68' title="bbox 2209 800 3797 878; baseline -0.006 -13"><span class='ocrx_word' id='word_1_518' title='bbox 2209 809 2371 865; x_wconf 85' lang='lat' dir='ltr'><strong><em>Multo</em></strong></span> <span class='ocrx_word' id='word_1_519' title='bbox 2399 808 2540 863; x_wconf 91' lang='lat' dir='ltr'><strong><em>enim</em></strong></span> <span class='ocrx_word' id='word_1_520' title='bbox 2566 805 2780 878; x_wconf 88' lang='lat' dir='ltr'><strong><em>pejores</em></strong></span> <span class='ocrx_word' id='word_1_521' title='bbox 2805 813 2930 860; x_wconf 89' lang='lat' dir='ltr'><strong><em>sunt</em></strong></span> <span class='ocrx_word' id='word_1_522' title='bbox 2967 803 3055 874; x_wconf 92' lang='lat' dir='ltr'><strong><em>qui</em></strong></span> <span class='ocrx_word' id='word_1_523' title='bbox 3088 802 3230 856; x_wconf 89' lang='lat' dir='ltr'><strong><em>intus</em></strong></span> <span class='ocrx_word' id='word_1_524' title='bbox 3274 800 3521 856; x_wconf 90' lang='lat' dir='ltr'><strong><em>videntur</em></strong></span> <span class='ocrx_word' id='word_1_525' title='bbox 3541 841 3555 867; x_wconf 94' lang='lat'><strong><em>,</em></strong></span> <span class='ocrx_word' id='word_1_526' title='bbox 3587 809 3639 856; x_wconf 91' lang='lat' dir='ltr'><strong><em>et</em></strong></span> <span class='ocrx_word' id='word_1_527' title='bbox 3666 800 3797 856; x_wconf 76' lang='lat' dir='ltr'><strong><em>loris</em></strong></span> 
     </span>
    </p>
   </div>
   <div class='ocr_carea' id='block_1_69' title="bbox 2210 889 3799 958">
    <p class='ocr_par' dir='ltr' id='par_1_69' title="bbox 2210 889 3799 958">
     <span class='ocr_line' id='line_1_69' title="bbox 2210 889 3799 958; baseline -0.006 -3"><span class='ocrx_word' id='word_1_528' title='bbox 2210 907 2351 956; x_wconf 91' lang='lat' dir='ltr'><strong><em>sunt.</em></strong></span> <span class='ocrx_word' id='word_1_529' title='bbox 2380 900 2579 954; x_wconf 86' lang='lat' dir='ltr'><strong><em>Amant</em></strong></span> <span class='ocrx_word' id='word_1_530' title='bbox 2623 896 2765 951; x_wconf 87' lang='lat' dir='ltr'><strong><em>enim</em></strong></span> <span class='ocrx_word' id='word_1_531' title='bbox 2804 894 3098 958; x_wconf 91' lang='lat' dir='ltr'><strong><em>mundum;</em></strong></span> <span class='ocrx_word' id='word_1_532' title='bbox 3146 899 3200 947; x_wconf 92' lang='lat' dir='ltr'><strong><em>et</em></strong></span> <span class='ocrx_word' id='word_1_533' title='bbox 3241 891 3362 950; x_wconf 89' lang='lat' dir='ltr'><strong><em>ideo</em></strong></span> <span class='ocrx_word' id='word_1_534' title='bbox 3398 892 3523 947; x_wconf 89' lang='lat' dir='ltr'><strong><em>mali</em></strong></span> <span class='ocrx_word' id='word_1_535' title='bbox 3554 901 3697 946; x_wconf 89' lang='lat' dir='ltr'><strong><em>sunt.</em></strong></span> <span class='ocrx_word' id='word_1_536' title='bbox 3733 889 3799 946; x_wconf 83' lang='lat' dir='ltr'><strong><em>Et</em></strong></span> 
     </span>
    </p>
   </div>
   <div class='ocr_carea' id='block_1_70' title="bbox 2211 984 3798 1063">
    <p class='ocr_par' dir='ltr' id='par_1_70' title="bbox 2211 984 3798 1063">
     <span class='ocr_line' id='line_1_70' title="bbox 2211 984 3798 1063; baseline -0.005 -16"><span class='ocrx_word' id='word_1_537' title='bbox 2211 991 2424 1063; x_wconf 90' lang='lat' dir='ltr'><strong><em>quidem</em></strong></span> <span class='ocrx_word' id='word_1_538' title='bbox 2444 991 2514 1046; x_wconf 91' lang='lat' dir='ltr'><strong><em>de</em></strong></span> <span class='ocrx_word' id='word_1_539' title='bbox 2539 989 2691 1045; x_wconf 89' lang='lat' dir='ltr'><strong><em>nobis</em></strong></span> <span class='ocrx_word' id='word_1_540' title='bbox 2717 1003 2778 1044; x_wconf 88' lang='lat' dir='ltr'><strong><em>ea</em></strong></span> <span class='ocrx_word' id='word_1_541' title='bbox 2804 987 3040 1043; x_wconf 90' lang='lat' dir='ltr'><strong><em>sentiunt</em></strong></span> <span class='ocrx_word' id='word_1_542' title='bbox 3057 1027 3074 1052; x_wconf 96' lang='lat'><strong><em>,</em></strong></span> <span class='ocrx_word' id='word_1_543' title='bbox 3105 999 3223 1054; x_wconf 84' lang='lat' dir='ltr'><strong><em>quae</em></strong></span> <span class='ocrx_word' id='word_1_544' title='bbox 3252 984 3349 1054; x_wconf 87' lang='lat' dir='ltr'><strong><em>ipsi</em></strong></span> <span class='ocrx_word' id='word_1_545' title='bbox 3372 984 3597 1054; x_wconf 82' lang='lat' dir='ltr'><strong><em>diligunt</em></strong></span> <span class='ocrx_word' id='word_1_546' title='bbox 3617 1027 3630 1048; x_wconf 87' lang='lat'><strong><em>,</em></strong></span> <span class='ocrx_word' id='word_1_547' title='bbox 3658 993 3713 1040; x_wconf 91' lang='lat' dir='ltr'><strong><em>et</em></strong></span> <span class='ocrx_word' id='word_1_548' title='bbox 3746 986 3798 1039; x_wconf 93' lang='lat' dir='ltr'><strong><em>in</em></strong></span> 
     </span>
    </p>
   </div>
   <div class='ocr_carea' id='block_1_71' title="bbox 2211 1076 3800 1154">
    <p class='ocr_par' dir='ltr' id='par_1_71' title="bbox 2211 1076 3800 1154">
     <span class='ocr_line' id='line_1_71' title="bbox 2211 1076 3800 1154; baseline -0.004 -16"><span class='ocrx_word' id='word_1_549' title='bbox 2211 1082 2369 1154; x_wconf 88' lang='lat' dir='ltr'><strong><em>hujus</em></strong></span> <span class='ocrx_word' id='word_1_550' title='bbox 2405 1081 2588 1138; x_wconf 90' lang='lat' dir='ltr'><strong><em>mundi</em></strong></span> <span class='ocrx_word' id='word_1_551' title='bbox 2627 1080 2778 1152; x_wconf 86' lang='lat' dir='ltr'><strong><em>quasi</em></strong></span> <span class='ocrx_word' id='word_1_552' title='bbox 2813 1076 3252 1150; x_wconf 86' lang='lat' dir='ltr'><strong><em>prosperitatibus</em></strong></span> <span class='ocrx_word' id='word_1_553' title='bbox 3280 1076 3473 1146; x_wconf 87' lang='lat' dir='ltr'><strong><em>quibus</em></strong></span> <span class='ocrx_word' id='word_1_554' title='bbox 3501 1077 3800 1146; x_wconf 87' lang='lat' dir='ltr'><strong><em>ingemisci-</em></strong></span> 
     </span>
    </p>
   </div>
   <div class='ocr_carea' id='block_1_72' title="bbox 2211 1167 3802 1244">
    <p class='ocr_par' dir='ltr' id='par_1_72' title="bbox 2211 1167 3802 1244">
     <span class='ocr_line' id='line_1_72' title="bbox 2211 1167 3802 1244; baseline -0.004 -13"><span class='ocrx_word' id='word_1_555' title='bbox 2211 1192 2330 1231; x_wconf 91' lang='lat' dir='ltr'><strong><em>mus</em></strong></span> <span class='ocrx_word' id='word_1_556' title='bbox 2353 1219 2368 1244; x_wconf 93' lang='lat'><strong><em>,</em></strong></span> <span class='ocrx_word' id='word_1_557' title='bbox 2398 1175 2636 1230; x_wconf 89' lang='lat' dir='ltr'><strong><em>invident</em></strong></span> <span class='ocrx_word' id='word_1_558' title='bbox 2665 1173 2838 1228; x_wconf 91' lang='lat' dir='ltr'><strong><em>nobis.</em></strong></span> <span class='ocrx_word' id='word_1_559' title='bbox 2868 1171 2942 1226; x_wconf 93' lang='lat' dir='ltr'><strong><em>lbi</em></strong></span> <span class='ocrx_word' id='word_1_560' title='bbox 2986 1185 3082 1225; x_wconf 92' lang='lat' dir='ltr'><strong><em>nos</em></strong></span> <span class='ocrx_word' id='word_1_561' title='bbox 3122 1167 3304 1224; x_wconf 86' lang='lat' dir='ltr'><strong><em>felices</em></strong></span> <span class='ocrx_word' id='word_1_562' title='bbox 3336 1177 3550 1239; x_wconf 89' lang='lat' dir='ltr'><strong><em>putant,</em></strong></span> <span class='ocrx_word' id='word_1_563' title='bbox 3584 1169 3672 1224; x_wconf 92' lang='lat' dir='ltr'><strong><em>ubi</em></strong></span> <span class='ocrx_word' id='word_1_564' title='bbox 3703 1185 3802 1224; x_wconf 88' lang='lat' dir='ltr'><strong><em>nos</em></strong></span> 
     </span>
    </p>
   </div>
   <div class='ocr_carea' id='block_1_73' title="bbox 2213 1260 3802 1340">
    <p class='ocr_par' dir='ltr' id='par_1_73' title="bbox 2213 1260 3802 1340">
     <span class='ocr_line' id='line_1_73' title="bbox 2213 1260 3802 1340; baseline -0.006 -17"><span class='ocrx_word' id='word_1_565' title='bbox 2213 1268 2592 1340; x_wconf 90' lang='lat' dir='ltr'><strong><em>periclitamur.</em></strong></span> <span class='ocrx_word' id='word_1_566' title='bbox 2626 1265 2957 1320; x_wconf 84' lang='lat' dir='ltr'><strong><em>Felicitatem</em></strong></span> <span class='ocrx_word' id='word_1_567' title='bbox 2996 1276 3124 1316; x_wconf 88' lang='lat' dir='ltr'><strong><em>vero</em></strong></span> <span class='ocrx_word' id='word_1_568' title='bbox 3151 1270 3388 1315; x_wconf 89' lang='lat' dir='ltr'><strong><em>nostram</em></strong></span> <span class='ocrx_word' id='word_1_569' title='bbox 3415 1260 3675 1314; x_wconf 90' lang='lat' dir='ltr'><strong><em>internam</em></strong></span> <span class='ocrx_word' id='word_1_570' title='bbox 3704 1275 3802 1314; x_wconf 90' lang='lat' dir='ltr'><strong><em>nec</em></strong></span> 
     </span>
    </p>
   </div>
   <div class='ocr_carea' id='block_1_74' title="bbox 2212 1349 3801 1428">
    <p class='ocr_par' dir='ltr' id='par_1_74' title="bbox 2212 1349 3801 1428">
     <span class='ocr_line' id='line_1_74' title="bbox 2212 1349 3801 1428; baseline -0.008 -14"><span class='ocrx_word' id='word_1_571' title='bbox 2212 1366 2512 1423; x_wconf 87' lang='lat' dir='ltr'><strong><em>noverunt;</em></strong></span> <span class='ocrx_word' id='word_1_572' title='bbox 2540 1356 2662 1428; x_wconf 88' lang='lat' dir='ltr'><strong><em>quia</em></strong></span> <span class='ocrx_word' id='word_1_573' title='bbox 2692 1371 2794 1410; x_wconf 91' lang='lat' dir='ltr'><strong><em>non</em></strong></span> <span class='ocrx_word' id='word_1_574' title='bbox 2834 1361 3198 1425; x_wconf 78' lang='lat' dir='ltr'><strong><em>gustaverunt.</em></strong></span> <span class='ocrx_word' id='word_1_575' title='bbox 3229 1350 3361 1418; x_wconf 84' lang='lat' dir='ltr'><strong><em>Quia</em></strong></span> <span class='ocrx_word' id='word_1_576' title='bbox 3395 1366 3521 1405; x_wconf 89' lang='lat' dir='ltr'><strong><em>vero</em></strong></span> <span class='ocrx_word' id='word_1_577' title='bbox 3548 1349 3801 1420; x_wconf 85' lang='lat' dir='ltr'><strong><em>quidquid</em></strong></span> 
     </span>
    </p>
   </div>
   <div class='ocr_carea' id='block_1_75' title="bbox 2215 1441 3801 1517">
    <p class='ocr_par' dir='ltr' id='par_1_75' title="bbox 2215 1441 3801 1517">
     <span class='ocr_line' id='line_1_75' title="bbox 2215 1441 3801 1517; baseline -0.007 -12"><span class='ocrx_word' id='word_1_578' title='bbox 2215 1450 2369 1504; x_wconf 91' lang='lat' dir='ltr'><strong><em>nobis</em></strong></span> <span class='ocrx_word' id='word_1_579' title='bbox 2399 1447 2763 1517; x_wconf 89' lang='lat' dir='ltr'><strong><em>temporaliter</em></strong></span> <span class='ocrx_word' id='word_1_580' title='bbox 2789 1444 3018 1500; x_wconf 85' lang='lat' dir='ltr'><strong><em>mundus</em></strong></span> <span class='ocrx_word' id='word_1_581' title='bbox 3041 1442 3259 1510; x_wconf 87' lang='lat' dir='ltr'><strong><em>arridet,</em></strong></span> <span class='ocrx_word' id='word_1_582' title='bbox 3292 1441 3458 1512; x_wconf 76' lang='lat' dir='ltr'><strong><em>magis</em></strong></span> <span class='ocrx_word' id='word_1_583' title='bbox 3481 1453 3563 1498; x_wconf 87' lang='lat' dir='ltr'><strong><em>est</em></strong></span> <span class='ocrx_word' id='word_1_584' title='bbox 3594 1442 3801 1511; x_wconf 90' lang='lat' dir='ltr'><strong><em>pericu-</em></strong></span> 
     </span>
    </p>
   </div>
   <div class='ocr_carea' id='block_1_76' title="bbox 2213 1534 3798 1613">
    <p class='ocr_par' dir='ltr' id='par_1_76' title="bbox 2213 1534 3798 1613">
     <span class='ocr_line' id='line_1_76' title="bbox 2213 1534 3798 1613; baseline -0.007 -15"><span class='ocrx_word' id='word_1_585' title='bbox 2213 1544 2341 1609; x_wconf 90' lang='lat' dir='ltr'><strong><em>lum,</em></strong></span> <span class='ocrx_word' id='word_1_586' title='bbox 2373 1556 2532 1613; x_wconf 89' lang='lat' dir='ltr'><strong><em>quam</em></strong></span> <span class='ocrx_word' id='word_1_587' title='bbox 2558 1547 2927 1598; x_wconf 86' lang='lat' dir='ltr'><strong><em>ornamentum</em></strong></span> <span class='ocrx_word' id='word_1_588' title='bbox 2957 1544 3223 1602; x_wconf 88' lang='lat' dir='ltr'><strong><em>nostrum,</em></strong></span> <span class='ocrx_word' id='word_1_589' title='bbox 3248 1535 3520 1601; x_wconf 88' lang='lat' dir='ltr'><strong><em>nesciunt;</em></strong></span> <span class='ocrx_word' id='word_1_590' title='bbox 3549 1535 3670 1604; x_wconf 87' lang='lat' dir='ltr'><strong><em>quia</em></strong></span> <span class='ocrx_word' id='word_1_591' title='bbox 3700 1534 3798 1590; x_wconf 89' lang='lat' dir='ltr'><strong><em>ista</em></strong></span> 
     </span>
    </p>
   </div>
   <div class='ocr_carea' id='block_1_77' title="bbox 2220 1630 3202 1704">
    <p class='ocr_par' dir='ltr' id='par_1_77' title="bbox 2220 1630 3202 1704">
     <span class='ocr_line' id='line_1_77' title="bbox 2220 1630 3202 1704; baseline -0.01 -14"><span class='ocrx_word' id='word_1_592' title='bbox 2220 1633 2548 1704; x_wconf 78' lang='lat' dir='ltr'><strong><em>distinguere</em></strong></span> <span class='ocrx_word' id='word_1_593' title='bbox 2570 1630 2759 1703; x_wconf 83' lang='lat' dir='ltr'><strong><em>gaudia</em></strong></span> <span class='ocrx_word' id='word_1_594' title='bbox 2778 1644 2900 1684; x_wconf 54' lang='lat' dir='ltr'><strong><em>onon</em></strong></span> <span class='ocrx_word' id='word_1_595' title='bbox 2920 1635 3202 1683; x_wconf 86' lang='lat' dir='ltr'><strong><em>noverunt.</em></strong></span> 
     </span>
    </p>
   </div>
   <div class='ocr_carea' id='block_1_78' title="bbox 2290 1715 3804 1788">
    <p class='ocr_par' dir='ltr' id='par_1_78' title="bbox 2290 1715 3804 1788">
     <span class='ocr_line' id='line_1_78' title="bbox 2290 1715 3804 1788; baseline -0.006 -8"><span class='ocrx_word' id='word_1_596' title='bbox 2290 1727 2343 1781; x_wconf 72' lang='grc' dir='ltr'><strong><em>ὃ.</em></strong></span> <span class='ocrx_word' id='word_1_597' title='bbox 2367 1724 2742 1780; x_wconf 85' lang='lat' dir='ltr'><strong><em>Continentium</em></strong></span> <span class='ocrx_word' id='word_1_598' title='bbox 2763 1722 2900 1775; x_wconf 86' lang='lat' dir='ltr'><strong><em>locus</em></strong></span> <span class='ocrx_word' id='word_1_599' title='bbox 2930 1719 3249 1774; x_wconf 78' lang='lat' dir='ltr'><strong><em>excellentior</em></strong></span> <span class='ocrx_word' id='word_1_600' title='bbox 3287 1717 3340 1772; x_wconf 90' lang='lat' dir='ltr'><strong><em>in</em></strong></span> <span class='ocrx_word' id='word_1_601' title='bbox 3365 1715 3552 1773; x_wconf 84' lang='lat' dir='ltr'><strong><em>Christi</em></strong></span> <span class='ocrx_word' id='word_1_602' title='bbox 3577 1733 3804 1788; x_wconf 86' lang='lat' dir='ltr'><strong><em>corpore.</em></strong></span> 
     </span>
    </p>
   </div>
   <div class='ocr_carea' id='block_1_79' title="bbox 2217 1807 3806 1884">
    <p class='ocr_par' dir='ltr' id='par_1_79' title="bbox 2217 1807 3806 1884">
     <span class='ocr_line' id='line_1_79' title="bbox 2217 1807 3806 1884; baseline -0.006 -13"><span class='ocrx_word' id='word_1_603' title='bbox 2217 1816 2534 1871; x_wconf 87' lang='lat' dir='ltr'><strong><em>Continentia</em></strong></span> <span class='ocrx_word' id='word_1_604' title='bbox 2557 1815 2783 1884; x_wconf 89' lang='lat' dir='ltr'><strong><em>ipsorum</em></strong></span> <span class='ocrx_word' id='word_1_605' title='bbox 2811 1811 2874 1866; x_wconf 89' lang='lat' dir='ltr'><strong><em>ab</em></strong></span> <span class='ocrx_word' id='word_1_606' title='bbox 2910 1811 3094 1866; x_wconf 87' lang='lat' dir='ltr'><strong><em>invidis</em></strong></span> <span class='ocrx_word' id='word_1_607' title='bbox 3121 1810 3378 1864; x_wconf 89' lang='lat' dir='ltr'><strong><em>mordetur</em></strong></span> <span class='ocrx_word' id='word_1_608' title='bbox 3401 1849 3416 1874; x_wconf 89' lang='lat'><strong><em>,</em></strong></span> <span class='ocrx_word' id='word_1_609' title='bbox 3453 1817 3510 1862; x_wconf 89' lang='lat' dir='ltr'><strong><em>ut</em></strong></span> <span class='ocrx_word' id='word_1_610' title='bbox 3550 1807 3806 1879; x_wconf 80' lang='lat' dir='ltr'><strong><em>probetur.</em></strong></span> 
     </span>
    </p>
   </div>
   <div class='ocr_carea' id='block_1_80' title="bbox 2218 1899 3804 1963">
    <p class='ocr_par' dir='ltr' id='par_1_80' title="bbox 2218 1899 3804 1963">
     <span class='ocr_line' id='line_1_80' title="bbox 2218 1899 3804 1963; baseline -0.006 0"><span class='ocrx_word' id='word_1_611' title='bbox 2218 1907 2349 1963; x_wconf 78' lang='lat' dir='ltr'><strong><em>Mali</em></strong></span> <span class='ocrx_word' id='word_1_612' title='bbox 2386 1907 2527 1962; x_wconf 91' lang='lat' dir='ltr'><strong><em>bonis</em></strong></span> <span class='ocrx_word' id='word_1_613' title='bbox 2560 1904 2844 1960; x_wconf 87' lang='lat' dir='ltr'><strong><em>necessarii.</em></strong></span> <span class='ocrx_word' id='word_1_614' title='bbox 2876 1902 3028 1960; x_wconf 90' lang='lat' dir='ltr'><strong><em>Unde</em></strong></span> <span class='ocrx_word' id='word_1_615' title='bbox 3051 1901 3333 1956; x_wconf 87' lang='lat' dir='ltr'><strong><em>hortamur</em></strong></span> <span class='ocrx_word' id='word_1_616' title='bbox 3359 1899 3682 1955; x_wconf 88' lang='lat' dir='ltr'><strong><em>Charitatem</em></strong></span> <span class='ocrx_word' id='word_1_617' title='bbox 3712 1915 3804 1954; x_wconf 83' lang='lat' dir='ltr'><strong><em>ve-</em></strong></span> 
     </span>
    </p>
   </div>
   <div class='ocr_carea' id='block_1_81' title="bbox 2218 1991 3807 2068">
    <p class='ocr_par' dir='ltr' id='par_1_81' title="bbox 2218 1991 3807 2068">
     <span class='ocr_line' id='line_1_81' title="bbox 2218 1991 3807 2068; baseline -0.006 -12"><span class='ocrx_word' id='word_1_618' title='bbox 2218 2012 2383 2056; x_wconf 84' lang='lat' dir='ltr'><strong><em>stram</em></strong></span> <span class='ocrx_word' id='word_1_619' title='bbox 2410 2040 2423 2064; x_wconf 89' lang='lat'><strong><em>,</em></strong></span> <span class='ocrx_word' id='word_1_620' title='bbox 2453 1999 2684 2054; x_wconf 87' lang='lat' dir='ltr'><strong><em>maxime</em></strong></span> <span class='ocrx_word' id='word_1_621' title='bbox 2709 1995 2831 2068; x_wconf 89' lang='lat' dir='ltr'><strong><em>quia</em></strong></span> <span class='ocrx_word' id='word_1_622' title='bbox 2861 2009 2956 2050; x_wconf 88' lang='lat' dir='ltr'><strong><em>vos</em></strong></span> <span class='ocrx_word' id='word_1_623' title='bbox 2999 1993 3243 2050; x_wconf 88' lang='lat' dir='ltr'><strong><em>videmus</em></strong></span> <span class='ocrx_word' id='word_1_624' title='bbox 3267 1991 3594 2062; x_wconf 78' lang='lat' dir='ltr'><strong><em>frequentius</em></strong></span> <span class='ocrx_word' id='word_1_625' title='bbox 3617 2006 3807 2047; x_wconf 88' lang='lat' dir='ltr'><strong><em>conve-</em></strong></span> 
     </span>
    </p>
   </div>
   <div class='ocr_carea' id='block_1_82' title="bbox 2223 2085 3812 2165">
    <p class='ocr_par' dir='ltr' id='par_1_82' title="bbox 2223 2085 3812 2165">
     <span class='ocr_line' id='line_1_82' title="bbox 2223 2085 3812 2165; baseline -0.005 -15"><span class='ocrx_word' id='word_1_626' title='bbox 2223 2095 2394 2160; x_wconf 89' lang='lat' dir='ltr'><strong><em>nisse,</em></strong></span> <span class='ocrx_word' id='word_1_627' title='bbox 2423 2093 2511 2165; x_wconf 91' lang='lat' dir='ltr'><strong><em>qui</em></strong></span> <span class='ocrx_word' id='word_1_628' title='bbox 2556 2090 2887 2162; x_wconf 90' lang='lat' dir='ltr'><strong><em>propositum</em></strong></span> <span class='ocrx_word' id='word_1_629' title='bbox 2925 2088 3080 2143; x_wconf 89' lang='lat' dir='ltr'><strong><em>altius</em></strong></span> <span class='ocrx_word' id='word_1_630' title='bbox 3116 2085 3355 2152; x_wconf 87' lang='lat' dir='ltr'><strong><em>habetis,</em></strong></span> <span class='ocrx_word' id='word_1_631' title='bbox 3382 2086 3433 2140; x_wconf 92' lang='lat' dir='ltr'><strong><em>id</em></strong></span> <span class='ocrx_word' id='word_1_632' title='bbox 3469 2093 3583 2153; x_wconf 88' lang='lat' dir='ltr'><strong><em>est,</em></strong></span> <span class='ocrx_word' id='word_1_633' title='bbox 3615 2087 3665 2140; x_wconf 89' lang='lat' dir='ltr'><strong><em>in</em></strong></span> <span class='ocrx_word' id='word_1_634' title='bbox 3695 2085 3812 2157; x_wconf 86' lang='lat' dir='ltr'><strong><em>ipso</em></strong></span> 
     </span>
    </p>
   </div>
   <div class='ocr_carea' id='block_1_83' title="bbox 2221 2177 3808 2255">
    <p class='ocr_par' dir='ltr' id='par_1_83' title="bbox 2221 2177 3808 2255">
     <span class='ocr_line' id='line_1_83' title="bbox 2221 2177 3808 2255; baseline -0.006 -14"><span class='ocrx_word' id='word_1_635' title='bbox 2221 2200 2446 2255; x_wconf 90' lang='lat' dir='ltr'><strong><em>corpore</em></strong></span> <span class='ocrx_word' id='word_1_636' title='bbox 2469 2183 2664 2240; x_wconf 88' lang='lat' dir='ltr'><strong><em>Christi</em></strong></span> <span class='ocrx_word' id='word_1_637' title='bbox 2696 2199 2762 2237; x_wconf 90' lang='lat' dir='ltr'><strong><em>ex</em></strong></span> <span class='ocrx_word' id='word_1_638' title='bbox 2781 2184 2896 2251; x_wconf 89' lang='lat' dir='ltr'><strong><em>ejus</em></strong></span> <span class='ocrx_word' id='word_1_639' title='bbox 2925 2193 3148 2235; x_wconf 89' lang='lat' dir='ltr'><strong><em>munere</em></strong></span> <span class='ocrx_word' id='word_1_640' title='bbox 3171 2219 3184 2242; x_wconf 89' lang='lat'><strong><em>,</em></strong></span> <span class='ocrx_word' id='word_1_641' title='bbox 3218 2192 3324 2232; x_wconf 91' lang='lat' dir='ltr'><strong><em>non</em></strong></span> <span class='ocrx_word' id='word_1_642' title='bbox 3360 2178 3566 2232; x_wconf 90' lang='lat' dir='ltr'><strong><em>meritis</em></strong></span> <span class='ocrx_word' id='word_1_643' title='bbox 3585 2177 3777 2233; x_wconf 86' lang='lat' dir='ltr'><strong><em>vestris</em></strong></span> <span class='ocrx_word' id='word_1_644' title='bbox 3793 2217 3808 2243; x_wconf 91' lang='lat'><strong><em>,</em></strong></span> 
     </span>
    </p>
   </div>
   <div class='ocr_carea' id='block_1_84' title="bbox 2224 2269 3810 2339">
    <p class='ocr_par' dir='ltr' id='par_1_84' title="bbox 2224 2269 3810 2339">
     <span class='ocr_line' id='line_1_84' title="bbox 2224 2269 3810 2339; baseline -0.007 -5"><span class='ocrx_word' id='word_1_645' title='bbox 2224 2278 2656 2335; x_wconf 82' lang='lat' dir='ltr'><strong><em>excellentiurem</em></strong></span> <span class='ocrx_word' id='word_1_646' title='bbox 2679 2276 2850 2331; x_wconf 91' lang='lat' dir='ltr'><strong><em>locum</em></strong></span> <span class='ocrx_word' id='word_1_647' title='bbox 2878 2272 3088 2339; x_wconf 90' lang='lat' dir='ltr'><strong><em>tenetis,</em></strong></span> <span class='ocrx_word' id='word_1_648' title='bbox 3110 2271 3365 2326; x_wconf 82' lang='lat' dir='ltr'><strong><em>habentes</em></strong></span> <span class='ocrx_word' id='word_1_649' title='bbox 3391 2269 3770 2326; x_wconf 88' lang='lat' dir='ltr'><strong><em>conscientiam</em></strong></span> <span class='ocrx_word' id='word_1_650' title='bbox 3794 2269 3810 2300; x_wconf 86' lang='grc'>¹</span> 
     </span>
    </p>
   </div>
   <div class='ocr_carea' id='block_1_85' title="bbox 2225 2360 3816 2442">
    <p class='ocr_par' dir='ltr' id='par_1_85' title="bbox 2225 2360 3816 2442">
     <span class='ocr_line' id='line_1_85' title="bbox 2225 2360 3816 2442; baseline -0.009 -14"><span class='ocrx_word' id='word_1_651' title='bbox 2225 2387 2343 2442; x_wconf 80' lang='lat' dir='ltr'><strong><em>quae</em></strong></span> <span class='ocrx_word' id='word_1_652' title='bbox 2371 2386 2400 2424; x_wconf 90' lang='lat' dir='ltr'><strong><em>a</em></strong></span> <span class='ocrx_word' id='word_1_653' title='bbox 2444 2371 2555 2425; x_wconf 87' lang='lat' dir='ltr'><strong><em>Deo</em></strong></span> <span class='ocrx_word' id='word_1_654' title='bbox 2579 2369 2772 2426; x_wconf 85' lang='lat' dir='ltr'><strong><em>donata</em></strong></span> <span class='ocrx_word' id='word_1_655' title='bbox 2817 2376 2912 2422; x_wconf 90' lang='lat' dir='ltr'><strong><em>est.</em></strong></span> <span class='ocrx_word' id='word_1_656' title='bbox 2950 2365 3080 2420; x_wconf 83' lang='lat' dir='ltr'><strong><em>Nam</em></strong></span> <span class='ocrx_word' id='word_1_657' title='bbox 3110 2373 3164 2418; x_wconf 88' lang='lat' dir='ltr'><strong><em>et</em></strong></span> <span class='ocrx_word' id='word_1_658' title='bbox 3192 2364 3306 2434; x_wconf 90' lang='lat' dir='ltr'><strong><em>ipsa</em></strong></span> <span class='ocrx_word' id='word_1_659' title='bbox 3347 2362 3501 2417; x_wconf 88' lang='lat' dir='ltr'><strong><em>malis</em></strong></span> <span class='ocrx_word' id='word_1_660' title='bbox 3533 2369 3588 2416; x_wconf 90' lang='lat' dir='ltr'><strong><em>et</em></strong></span> <span class='ocrx_word' id='word_1_661' title='bbox 3623 2360 3816 2416; x_wconf 86' lang='lat' dir='ltr'><strong><em>invidis</em></strong></span> 
     </span>
    </p>
   </div>
   <div class='ocr_carea' id='block_1_86' title="bbox 2226 2453 3814 2530">
    <p class='ocr_par' dir='ltr' id='par_1_86' title="bbox 2226 2453 3814 2530">
     <span class='ocr_line' id='line_1_86' title="bbox 2226 2453 3814 2530; baseline -0.006 -13"><span class='ocrx_word' id='word_1_662' title='bbox 2226 2462 2424 2516; x_wconf 91' lang='lat' dir='ltr'><strong><em>nostris</em></strong></span> <span class='ocrx_word' id='word_1_663' title='bbox 2445 2461 2496 2515; x_wconf 90' lang='lat' dir='ltr'><strong><em>in</em></strong></span> <span class='ocrx_word' id='word_1_664' title='bbox 2525 2461 2880 2530; x_wconf 88' lang='lat' dir='ltr'><strong><em>suspicionem</em></strong></span> <span class='ocrx_word' id='word_1_665' title='bbox 2906 2457 3070 2513; x_wconf 89' lang='lat' dir='ltr'><strong><em>venit.</em></strong></span> <span class='ocrx_word' id='word_1_666' title='bbox 3099 2455 3188 2517; x_wconf 75' lang='lat' dir='ltr'><strong><em>Ad,</em></strong></span> <span class='ocrx_word' id='word_1_667' title='bbox 3202 2453 3304 2510; x_wconf 90' lang='lat' dir='ltr'><strong><em>hoc</em></strong></span> <span class='ocrx_word' id='word_1_668' title='bbox 3325 2462 3500 2509; x_wconf 86' lang='lat' dir='ltr'><strong><em>tamen</em></strong></span> <span class='ocrx_word' id='word_1_669' title='bbox 3522 2453 3814 2520; x_wconf 87' lang='lat' dir='ltr'><strong><em>mordetur,</em></strong></span> 
     </span>
    </p>
   </div>
   <div class='ocr_carea' id='block_1_87' title="bbox 2226 2544 3819 2625">
    <p class='ocr_par' dir='ltr' id='par_1_87' title="bbox 2226 2544 3819 2625">
     <span class='ocr_line' id='line_1_87' title="bbox 2226 2544 3819 2625; baseline -0.006 -15"><span class='ocrx_word' id='word_1_670' title='bbox 2226 2564 2285 2610; x_wconf 90' lang='lat' dir='ltr'><strong><em>ut</em></strong></span> <span class='ocrx_word' id='word_1_671' title='bbox 2305 2555 2584 2625; x_wconf 87' lang='lat' dir='ltr'><strong><em>probetur.</em></strong></span> <span class='ocrx_word' id='word_1_672' title='bbox 2607 2552 2662 2609; x_wconf 92' lang='lat' dir='ltr'><strong><em>Si</em></strong></span> <span class='ocrx_word' id='word_1_673' title='bbox 2682 2552 2826 2608; x_wconf 88' lang='lat' dir='ltr'><strong><em>enim</em></strong></span> <span class='ocrx_word' id='word_1_674' title='bbox 2849 2552 2900 2605; x_wconf 92' lang='lat' dir='ltr'><strong><em>in</em></strong></span> <span class='ocrx_word' id='word_1_675' title='bbox 2925 2549 3091 2620; x_wconf 86' lang='lat' dir='ltr'><strong><em>ipsius</em></strong></span> <span class='ocrx_word' id='word_1_676' title='bbox 3113 2547 3461 2603; x_wconf 73' lang='lat' dir='ltr'><strong><em>continentia:</em></strong></span> <span class='ocrx_word' id='word_1_677' title='bbox 3483 2544 3819 2617; x_wconf 78' lang='lat' dir='ltr'><strong><em>professione</em></strong></span> 
     </span>
    </p>
   </div>
   <div class='ocr_carea' id='block_1_88' title="bbox 2229 2637 3821 2716">
    <p class='ocr_par' dir='ltr' id='par_1_88' title="bbox 2229 2637 3821 2716">
     <span class='ocr_line' id='line_1_88' title="bbox 2229 2637 3821 2716; baseline -0.007 -14"><span class='ocrx_word' id='word_1_678' title='bbox 2229 2647 2412 2702; x_wconf 88' lang='lat' dir='ltr'><strong><em>laudes</em></strong></span> <span class='ocrx_word' id='word_1_679' title='bbox 2439 2645 2729 2716; x_wconf 83' lang='lat' dir='ltr'><strong><em>quaerimus</em></strong></span> <span class='ocrx_word' id='word_1_680' title='bbox 2757 2643 3059 2708; x_wconf 90' lang='lat' dir='ltr'><strong><em>hominum,</em></strong></span> <span class='ocrx_word' id='word_1_681' title='bbox 3093 2640 3368 2695; x_wconf 84' lang='lat' dir='ltr'><strong><em>deﬁcimus</em></strong></span> <span class='ocrx_word' id='word_1_682' title='bbox 3394 2637 3821 2710; x_wconf 87' lang='lat' dir='ltr'><strong><em>reprehensioni-</em></strong></span> 
     </span>
    </p>
   </div>
   <div class='ocr_carea' id='block_1_89' title="bbox 2230 2729 3822 2794">
    <p class='ocr_par' dir='ltr' id='par_1_89' title="bbox 2230 2729 3822 2794">
     <span class='ocr_line' id='line_1_89' title="bbox 2230 2729 3822 2794; baseline -0.005 -2"><span class='ocrx_word' id='word_1_683' title='bbox 2230 2737 2332 2792; x_wconf 91' lang='lat' dir='ltr'><strong><em>bus</em></strong></span> <span class='ocrx_word' id='word_1_684' title='bbox 2372 2736 2668 2791; x_wconf 89' lang='lat' dir='ltr'><strong><em>hominum.</em></strong></span> <span class='ocrx_word' id='word_1_685' title='bbox 2710 2731 2841 2788; x_wconf 90' lang='lat' dir='ltr'><strong><em>Cum</em></strong></span> <span class='ocrx_word' id='word_1_686' title='bbox 2885 2733 2960 2788; x_wconf 89' lang='lat' dir='ltr'><strong><em>sis</em></strong></span> <span class='ocrx_word' id='word_1_687' title='bbox 2999 2739 3177 2787; x_wconf 90' lang='lat' dir='ltr'><strong><em>castus</em></strong></span> <span class='ocrx_word' id='word_1_688' title='bbox 3215 2745 3402 2785; x_wconf 86' lang='lat' dir='ltr'><strong><em>servus</em></strong></span> <span class='ocrx_word' id='word_1_689' title='bbox 3430 2729 3562 2794; x_wconf 89' lang='lat' dir='ltr'><strong><em>Dei,</em></strong></span> <span class='ocrx_word' id='word_1_690' title='bbox 3607 2743 3733 2784; x_wconf 87' lang='lat' dir='ltr'><strong><em>ecce</em></strong></span> <span class='ocrx_word' id='word_1_691' title='bbox 3771 2737 3822 2784; x_wconf 87' lang='lat' dir='ltr'><strong><em>te</em></strong></span> 
     </span>
    </p>
   </div>
   <div class='ocr_carea' id='block_1_90' title="bbox 2231 2819 3824 2896">
    <p class='ocr_par' dir='ltr' id='par_1_90' title="bbox 2231 2819 3824 2896">
     <span class='ocr_line' id='line_1_90' title="bbox 2231 2819 3824 2896; baseline -0.005 -13"><span class='ocrx_word' id='word_1_692' title='bbox 2231 2827 2460 2883; x_wconf 89' lang='lat' dir='ltr'><strong><em>mundus</em></strong></span> <span class='ocrx_word' id='word_1_693' title='bbox 2488 2826 2786 2896; x_wconf 86' lang='lat' dir='ltr'><strong><em>suspicatur</em></strong></span> <span class='ocrx_word' id='word_1_694' title='bbox 2810 2823 3033 2880; x_wconf 84' lang='lat' dir='ltr'><strong><em>forsitan</em></strong></span> <span class='ocrx_word' id='word_1_695' title='bbox 3062 2822 3390 2893; x_wconf 91' lang='lat' dir='ltr'><strong><em>impudicum</em></strong></span> <span class='ocrx_word' id='word_1_696' title='bbox 3409 2862 3424 2887; x_wconf 96' lang='lat'><strong><em>,</em></strong></span> <span class='ocrx_word' id='word_1_697' title='bbox 3446 2828 3501 2877; x_wconf 87' lang='lat' dir='ltr'><strong><em>et</em></strong></span> <span class='ocrx_word' id='word_1_698' title='bbox 3521 2819 3747 2886; x_wconf 89' lang='lat' dir='ltr'><strong><em>mordet,</em></strong></span> <span class='ocrx_word' id='word_1_699' title='bbox 3770 2829 3824 2875; x_wconf 85' lang='lat' dir='ltr'><strong><em>et</em></strong></span> 
     </span>
    </p>
   </div>
   <div class='ocr_carea' id='block_1_91' title="bbox 2232 2911 3826 2990">
    <p class='ocr_par' dir='ltr' id='par_1_91' title="bbox 2232 2911 3826 2990">
     <span class='ocr_line' id='line_1_91' title="bbox 2232 2911 3826 2990; baseline -0.005 -16"><span class='ocrx_word' id='word_1_700' title='bbox 2232 2916 2596 2990; x_wconf 88' lang='lat' dir='ltr'><strong><em>reprehendit,</em></strong></span> <span class='ocrx_word' id='word_1_701' title='bbox 2620 2926 2674 2972; x_wconf 91' lang='lat' dir='ltr'><strong><em>et</em></strong></span> <span class='ocrx_word' id='word_1_702' title='bbox 2703 2915 2934 2972; x_wconf 87' lang='lat' dir='ltr'><strong><em>libenter</em></strong></span> <span class='ocrx_word' id='word_1_703' title='bbox 2961 2915 3012 2969; x_wconf 92' lang='lat' dir='ltr'><strong><em>in</em></strong></span> <span class='ocrx_word' id='word_1_704' title='bbox 3045 2915 3148 2969; x_wconf 89' lang='lat' dir='ltr'><strong><em>tuis</em></strong></span> <span class='ocrx_word' id='word_1_705' title='bbox 3185 2911 3606 2967; x_wconf 88' lang='lat' dir='ltr'><strong><em>detractionibus</em></strong></span> <span class='ocrx_word' id='word_1_706' title='bbox 3635 2911 3826 2966; x_wconf 86' lang='lat' dir='ltr'><strong><em>immo-</em></strong></span> 
     </span>
    </p>
   </div>
   <div class='ocr_carea' id='block_1_92' title="bbox 2233 3002 3823 3082">
    <p class='ocr_par' dir='ltr' id='par_1_92' title="bbox 2233 3002 3823 3082">
     <span class='ocr_line' id='line_1_92' title="bbox 2233 3002 3823 3082; baseline -0.007 -16"><span class='ocrx_word' id='word_1_707' title='bbox 2233 3019 2418 3077; x_wconf 88' lang='lat' dir='ltr'><strong><em>ratur;</em></strong></span> <span class='ocrx_word' id='word_1_708' title='bbox 2462 3008 2738 3065; x_wconf 68' lang='lat' dir='ltr'><strong><em>malevola:</em></strong></span> <span class='ocrx_word' id='word_1_709' title='bbox 2775 3008 2970 3079; x_wconf 88' lang='lat' dir='ltr'><strong><em>quippe</em></strong></span> <span class='ocrx_word' id='word_1_710' title='bbox 2997 3007 3188 3082; x_wconf 68' lang='lat' dir='ltr'><strong><em>animm</em></strong></span> <span class='ocrx_word' id='word_1_711' title='bbox 3215 3004 3368 3074; x_wconf 88' lang='lat' dir='ltr'><strong><em>quasi</em></strong></span> <span class='ocrx_word' id='word_1_712' title='bbox 3399 3002 3623 3057; x_wconf 87' lang='lat' dir='ltr'><strong><em>dulciter</em></strong></span> <span class='ocrx_word' id='word_1_713' title='bbox 3648 3002 3823 3072; x_wconf 82' lang='lat' dir='ltr'><strong><em>sapit,</em></strong></span> 
     </span>
    </p>
   </div>
   <div class='ocr_carea' id='block_1_93' title="bbox 2235 3094 3827 3175">
    <p class='ocr_par' dir='ltr' id='par_1_93' title="bbox 2235 3094 3827 3175">
     <span class='ocr_line' id='line_1_93' title="bbox 2235 3094 3827 3175; baseline -0.006 -17"><span class='ocrx_word' id='word_1_714' title='bbox 2235 3103 2374 3175; x_wconf 92' lang='lat' dir='ltr'><strong><em>quod</em></strong></span> <span class='ocrx_word' id='word_1_715' title='bbox 2401 3103 2635 3174; x_wconf 89' lang='lat' dir='ltr'><strong><em>pessime</em></strong></span> <span class='ocrx_word' id='word_1_716' title='bbox 2662 3101 2992 3172; x_wconf 89' lang='lat' dir='ltr'><strong><em>suspicatur;</em></strong></span> <span class='ocrx_word' id='word_1_717' title='bbox 3019 3107 3074 3154; x_wconf 91' lang='lat' dir='ltr'><strong><em>tu</em></strong></span> <span class='ocrx_word' id='word_1_718' title='bbox 3115 3106 3291 3153; x_wconf 87' lang='lat' dir='ltr'><strong><em>autem</em></strong></span> <span class='ocrx_word' id='word_1_719' title='bbox 3317 3097 3361 3152; x_wconf 91' lang='lat' dir='ltr'><strong><em>si</em></strong></span> <span class='ocrx_word' id='word_1_720' title='bbox 3406 3103 3621 3166; x_wconf 88' lang='lat' dir='ltr'><strong><em>propter</em></strong></span> <span class='ocrx_word' id='word_1_721' title='bbox 3647 3094 3827 3150; x_wconf 87' lang='lat' dir='ltr'><strong><em>laudes</em></strong></span> 
     </span>
    </p>
   </div>
   <div class='ocr_carea' id='block_1_94' title="bbox 2238 3186 3831 3260">
    <p class='ocr_par' dir='ltr' id='par_1_94' title="bbox 2238 3186 3831 3260">
     <span class='ocr_line' id='line_1_94' title="bbox 2238 3186 3831 3260; baseline -0.006 -10"><span class='ocrx_word' id='word_1_722' title='bbox 2238 3195 2494 3250; x_wconf 87' lang='lat' dir='ltr'><strong><em>humanas</em></strong></span> <span class='ocrx_word' id='word_1_723' title='bbox 2523 3194 2901 3250; x_wconf 89' lang='lat' dir='ltr'><strong><em>continentiam</em></strong></span> <span class='ocrx_word' id='word_1_724' title='bbox 2951 3190 3224 3260; x_wconf 90' lang='lat' dir='ltr'><strong><em>suscipere</em></strong></span> <span class='ocrx_word' id='word_1_725' title='bbox 3269 3186 3506 3253; x_wconf 90' lang='lat' dir='ltr'><strong><em>voluisti,</em></strong></span> <span class='ocrx_word' id='word_1_726' title='bbox 3549 3186 3831 3256; x_wconf 84' lang='lat' dir='ltr'><strong><em>reprehen-</em></strong></span> 
     </span>
    </p>
   </div>
   <div class='ocr_carea' id='block_1_95' title="bbox 2244 3277 3832 3350">
    <p class='ocr_par' dir='ltr' id='par_1_95' title="bbox 2244 3277 3832 3350">
     <span class='ocr_line' id='line_1_95' title="bbox 2244 3277 3832 3350; baseline -0.008 -7"><span class='ocrx_word' id='word_1_727' title='bbox 2244 3286 2484 3344; x_wconf 87' lang='lat' dir='ltr'><strong><em>sionibus</em></strong></span> <span class='ocrx_word' id='word_1_728' title='bbox 2515 3285 2758 3340; x_wconf 90' lang='lat' dir='ltr'><strong><em>humanis</em></strong></span> <span class='ocrx_word' id='word_1_729' title='bbox 2784 3283 3043 3348; x_wconf 77' lang='lat' dir='ltr'><strong><em>deiecisti,</em></strong></span> <span class='ocrx_word' id='word_1_730' title='bbox 3075 3289 3128 3337; x_wconf 91' lang='lat' dir='ltr'><strong><em>et</em></strong></span> <span class='ocrx_word' id='word_1_731' title='bbox 3157 3287 3322 3335; x_wconf 89' lang='lat' dir='ltr'><strong><em>totum</em></strong></span> <span class='ocrx_word' id='word_1_732' title='bbox 3349 3277 3491 3350; x_wconf 90' lang='lat' dir='ltr'><strong><em>quod</em></strong></span> <span class='ocrx_word' id='word_1_733' title='bbox 3513 3277 3608 3333; x_wconf 91' lang='lat' dir='ltr'><strong><em>tibi</em></strong></span> <span class='ocrx_word' id='word_1_734' title='bbox 3639 3291 3832 3348; x_wconf 84' lang='lat' dir='ltr'><strong><em>propo-</em></strong></span> 
     </span>
    </p>
   </div>
   <div class='ocr_carea' id='block_1_96' title="bbox 2242 3375 2795 3446">
    <p class='ocr_par' dir='ltr' id='par_1_96' title="bbox 2242 3375 2795 3446">
     <span class='ocr_line' id='line_1_96' title="bbox 2242 3375 2795 3446; baseline -0.009 -12"><span class='ocrx_word' id='word_1_735' title='bbox 2242 3393 2428 3434; x_wconf 85' lang='lat' dir='ltr'><strong><em>sueras</em></strong></span> <span class='ocrx_word' id='word_1_736' title='bbox 2451 3419 2464 3442; x_wconf 91' lang='lat'><strong><em>,</em></strong></span> <span class='ocrx_word' id='word_1_737' title='bbox 2501 3375 2795 3446; x_wconf 90' lang='lat' dir='ltr'><strong><em>perdidisti.</em></strong></span> 
     </span>
    </p>
   </div>
   <div class='ocr_carea' id='block_1_97' title="bbox 2313 3459 3834 3524">
    <p class='ocr_par' dir='ltr' id='par_1_97' title="bbox 2313 3459 3834 3524">
     <span class='ocr_line' id='line_1_97' title="bbox 2313 3459 3834 3524; baseline -0.007 -1"><span class='ocrx_word' id='word_1_738' title='bbox 2313 3467 2537 3524; x_wconf 81' lang='lat' dir='ltr'><strong><em>CAPUT</em></strong></span> <span class='ocrx_word' id='word_1_739' title='bbox 2562 3467 2744 3522; x_wconf 91' lang='lat' dir='ltr'><strong><em>lll.—</em></strong></span> <span class='ocrx_word' id='word_1_740' title='bbox 2781 3467 2948 3522; x_wconf 91' lang='lat' dir='ltr'><strong><em>Porro</em></strong></span> <span class='ocrx_word' id='word_1_741' title='bbox 2993 3473 3172 3520; x_wconf 88' lang='lat' dir='ltr'><strong><em>autem</em></strong></span> <span class='ocrx_word' id='word_1_742' title='bbox 3199 3463 3244 3518; x_wconf 87' lang='lat' dir='ltr'><strong><em>si</em></strong></span> <span class='ocrx_word' id='word_1_743' title='bbox 3298 3461 3439 3518; x_wconf 90' lang='lat' dir='ltr'><strong><em>nosti</em></strong></span> <span class='ocrx_word' id='word_1_744' title='bbox 3484 3459 3665 3516; x_wconf 90' lang='lat' dir='ltr'><strong><em>dicere</em></strong></span> <span class='ocrx_word' id='word_1_745' title='bbox 3709 3475 3834 3515; x_wconf 89' lang='lat' dir='ltr'><strong><em>cum</em></strong></span> 
     </span>
    </p>
   </div>
   <div class='ocr_carea' id='block_1_98' title="bbox 2243 3552 3836 3630">
    <p class='ocr_par' dir='ltr' id='par_1_98' title="bbox 2243 3552 3836 3630">
     <span class='ocr_line' id='line_1_98' title="bbox 2243 3552 3836 3630; baseline -0.006 -14"><span class='ocrx_word' id='word_1_746' title='bbox 2243 3559 2523 3630; x_wconf 76' lang='lat' dir='ltr'><strong><em>Apostolo,</em></strong></span> <span class='ocrx_word' id='word_1_747' title='bbox 2550 3557 2726 3612; x_wconf 85' lang='lat' dir='ltr'><strong><em>Gloria</em></strong></span> <span class='ocrx_word' id='word_1_748' title='bbox 2747 3567 2918 3612; x_wconf 90' lang='lat' dir='ltr'><strong><em>nostra</em></strong></span> <span class='ocrx_word' id='word_1_749' title='bbox 2948 3557 3054 3610; x_wconf 68' lang='lat' dir='ltr'><strong><em>haec</em></strong></span> <span class='ocrx_word' id='word_1_750' title='bbox 3073 3563 3145 3609; x_wconf 89' lang='lat' dir='ltr'><strong><em>est</em></strong></span> <span class='ocrx_word' id='word_1_751' title='bbox 3169 3596 3185 3622; x_wconf 96' lang='lat'><strong><em>,</em></strong></span> <span class='ocrx_word' id='word_1_752' title='bbox 3214 3553 3552 3608; x_wconf 88' lang='lat' dir='ltr'><strong><em>testimonium</em></strong></span> <span class='ocrx_word' id='word_1_753' title='bbox 3579 3552 3836 3607; x_wconf 84' lang='lat' dir='ltr'><strong><em>conscien-</em></strong></span> 
     </span>
    </p>
   </div>
   <div class='ocr_carea' id='block_1_99' title="bbox 2247 3644 3836 3723">
    <p class='ocr_par' dir='ltr' id='par_1_99' title="bbox 2247 3644 3836 3723">
     <span class='ocr_line' id='line_1_99' title="bbox 2247 3644 3836 3723; baseline -0.006 -14"><span class='ocrx_word' id='word_1_754' title='bbox 2247 3655 2330 3709; x_wconf 77' lang='lat' dir='ltr'><strong><em>tia:</em></strong></span> <span class='ocrx_word' id='word_1_755' title='bbox 2350 3663 2536 3707; x_wconf 72' lang='lat' dir='ltr'><strong><em>nostrae</em></strong></span> <span class='ocrx_word' id='word_1_756' title='bbox 2557 3651 2620 3722; x_wconf 90' lang='lat' dir='ltr'><strong><em>(ll</em></strong></span> <span class='ocrx_word' id='word_1_757' title='bbox 2647 3651 2765 3706; x_wconf 87' lang='lat' dir='ltr'><strong><em>Cor.</em></strong></span> <span class='ocrx_word' id='word_1_758' title='bbox 2789 3667 2829 3717; x_wconf 87' lang='grc' dir='ltr'><strong><em>ι,</em></strong></span> <span class='ocrx_word' id='word_1_759' title='bbox 2855 3649 2964 3723; x_wconf 68' lang='grc'><strong><em>12);</em></strong></span> <span class='ocrx_word' id='word_1_760' title='bbox 2999 3663 3104 3703; x_wconf 92' lang='lat' dir='ltr'><strong><em>non</em></strong></span> <span class='ocrx_word' id='word_1_761' title='bbox 3135 3647 3308 3702; x_wconf 89' lang='lat' dir='ltr'><strong><em>solum</em></strong></span> <span class='ocrx_word' id='word_1_762' title='bbox 3340 3645 3432 3701; x_wconf 91' lang='lat' dir='ltr'><strong><em>tibi</em></strong></span> <span class='ocrx_word' id='word_1_763' title='bbox 3454 3644 3836 3716; x_wconf 86' lang='lat' dir='ltr'><strong><em>reprehensio-</em></strong></span> 
     </span>
    </p>
   </div>
   <div class='ocr_carea' id='block_1_100' title="bbox 2245 3736 3835 3807">
    <p class='ocr_par' dir='ltr' id='par_1_100' title="bbox 2245 3736 3835 3807">
     <span class='ocr_line' id='line_1_100' title="bbox 2245 3736 3835 3807; baseline -0.007 -6"><span class='ocrx_word' id='word_1_764' title='bbox 2245 3747 2403 3802; x_wconf 87' lang='lat' dir='ltr'><strong><em>nibus</em></strong></span> <span class='ocrx_word' id='word_1_765' title='bbox 2428 3743 2730 3800; x_wconf 88' lang='lat' dir='ltr'><strong><em>mercedem</em></strong></span> <span class='ocrx_word' id='word_1_766' title='bbox 2769 3758 2873 3796; x_wconf 92' lang='lat' dir='ltr'><strong><em>non</em></strong></span> <span class='ocrx_word' id='word_1_767' title='bbox 2904 3741 3126 3807; x_wconf 90' lang='lat' dir='ltr'><strong><em>minuit,</em></strong></span> <span class='ocrx_word' id='word_1_768' title='bbox 3153 3738 3249 3794; x_wconf 91' lang='lat' dir='ltr'><strong><em>sed</em></strong></span> <span class='ocrx_word' id='word_1_769' title='bbox 3274 3747 3328 3793; x_wconf 89' lang='lat' dir='ltr'><strong><em>et</em></strong></span> <span class='ocrx_word' id='word_1_770' title='bbox 3354 3736 3479 3792; x_wconf 85' lang='lat' dir='ltr'><strong><em>facit</em></strong></span> <span class='ocrx_word' id='word_1_771' title='bbox 3501 3737 3835 3806; x_wconf 86' lang='lat' dir='ltr'><strong><em>ampliorem.</em></strong></span> 
     </span>
    </p>
   </div>
   <div class='ocr_carea' id='block_1_101' title="bbox 2248 3829 3838 3908">
    <p class='ocr_par' dir='ltr' id='par_1_101' title="bbox 2248 3829 3838 3908">
     <span class='ocr_line' id='line_1_101' title="bbox 2248 3829 3838 3908; baseline -0.007 -13"><span class='ocrx_word' id='word_1_772' title='bbox 2248 3841 2328 3895; x_wconf 89' lang='lat' dir='ltr'><strong><em>Tu</em></strong></span> <span class='ocrx_word' id='word_1_773' title='bbox 2360 3849 2533 3894; x_wconf 88' lang='lat' dir='ltr'><strong><em>tamen</em></strong></span> <span class='ocrx_word' id='word_1_774' title='bbox 2560 3854 2654 3908; x_wconf 86' lang='lat' dir='ltr'><strong><em>pro</em></strong></span> <span class='ocrx_word' id='word_1_775' title='bbox 2684 3837 2773 3891; x_wconf 91' lang='lat' dir='ltr'><strong><em>illo</em></strong></span> <span class='ocrx_word' id='word_1_776' title='bbox 2790 3850 2906 3900; x_wconf 88' lang='lat' dir='ltr'><strong><em>ora,</em></strong></span> <span class='ocrx_word' id='word_1_777' title='bbox 2929 3849 2996 3888; x_wconf 92' lang='lat' dir='ltr'><strong><em>ne</em></strong></span> <span class='ocrx_word' id='word_1_778' title='bbox 3019 3842 3104 3888; x_wconf 87' lang='lat' dir='ltr'><strong><em>tua</em></strong></span> <span class='ocrx_word' id='word_1_779' title='bbox 3125 3830 3374 3887; x_wconf 89' lang='lat' dir='ltr'><strong><em>mercede</em></strong></span> <span class='ocrx_word' id='word_1_780' title='bbox 3400 3830 3676 3884; x_wconf 88' lang='lat' dir='ltr'><strong><em>moriatur.</em></strong></span> <span class='ocrx_word' id='word_1_781' title='bbox 3703 3829 3838 3884; x_wconf 85' lang='lat' dir='ltr'><strong><em>Nam</em></strong></span> 
     </span>
    </p>
   </div>
   <div class='ocr_carea' id='block_1_102' title="bbox 2247 3921 3839 3996">
    <p class='ocr_par' dir='ltr' id='par_1_102' title="bbox 2247 3921 3839 3996">
     <span class='ocr_line' id='line_1_102' title="bbox 2247 3921 3839 3996; baseline -0.006 -9"><span class='ocrx_word' id='word_1_782' title='bbox 2247 3939 2303 3987; x_wconf 88' lang='lat' dir='ltr'><strong><em>et</em></strong></span> <span class='ocrx_word' id='word_1_783' title='bbox 2328 3931 2452 3985; x_wconf 92' lang='lat' dir='ltr'><strong><em>hinc</em></strong></span> <span class='ocrx_word' id='word_1_784' title='bbox 2478 3929 2783 3996; x_wconf 87' lang='lat' dir='ltr'><strong><em>probamur,</em></strong></span> <span class='ocrx_word' id='word_1_785' title='bbox 2811 3924 3131 3992; x_wconf 89' lang='lat' dir='ltr'><strong><em>charissimi,</em></strong></span> <span class='ocrx_word' id='word_1_786' title='bbox 3160 3924 3283 3994; x_wconf 86' lang='lat' dir='ltr'><strong><em>quia</em></strong></span> <span class='ocrx_word' id='word_1_787' title='bbox 3311 3923 3356 3978; x_wconf 92' lang='lat' dir='ltr'><strong><em>si</em></strong></span> <span class='ocrx_word' id='word_1_788' title='bbox 3383 3938 3489 3978; x_wconf 91' lang='lat' dir='ltr'><strong><em>non</em></strong></span> <span class='ocrx_word' id='word_1_789' title='bbox 3517 3921 3839 3978; x_wconf 88' lang='lat' dir='ltr'><strong><em>haberemus</em></strong></span> 
     </span>
    </p>
   </div>
   <div class='ocr_carea' id='block_1_103' title="bbox 2249 4017 3841 4089">
    <p class='ocr_par' dir='ltr' id='par_1_103' title="bbox 2249 4017 3841 4089">
     <span class='ocr_line' id='line_1_103' title="bbox 2249 4017 3841 4089; baseline -0.007 -10"><span class='ocrx_word' id='word_1_790' title='bbox 2249 4024 2492 4079; x_wconf 88' lang='lat' dir='ltr'><strong><em>inimicos</em></strong></span> <span class='ocrx_word' id='word_1_791' title='bbox 2513 4063 2527 4089; x_wconf 93' lang='lat'><strong><em>,</em></strong></span> <span class='ocrx_word' id='word_1_792' title='bbox 2566 4036 2673 4076; x_wconf 91' lang='lat' dir='ltr'><strong><em>non</em></strong></span> <span class='ocrx_word' id='word_1_793' title='bbox 2705 4028 2887 4077; x_wconf 89' lang='lat' dir='ltr'><strong><em>essent</em></strong></span> <span class='ocrx_word' id='word_1_794' title='bbox 2919 4033 3017 4089; x_wconf 90' lang='lat' dir='ltr'><strong><em>pro</em></strong></span> <span class='ocrx_word' id='word_1_795' title='bbox 3055 4017 3248 4089; x_wconf 86' lang='lat' dir='ltr'><strong><em>quibus</em></strong></span> <span class='ocrx_word' id='word_1_796' title='bbox 3289 4031 3570 4071; x_wconf 86' lang='lat' dir='ltr'><strong><em>oraremus</em></strong></span> <span class='ocrx_word' id='word_1_797' title='bbox 3599 4030 3665 4071; x_wconf 84' lang='lat' dir='ltr'><strong><em>ex</em></strong></span> <span class='ocrx_word' id='word_1_798' title='bbox 3698 4029 3841 4084; x_wconf 74' lang='lat' dir='ltr'><strong><em>prae-</em></strong></span> 
     </span>
    </p>
   </div>
   <div class='ocr_carea' id='block_1_104' title="bbox 2251 4107 3839 4187">
    <p class='ocr_par' dir='ltr' id='par_1_104' title="bbox 2251 4107 3839 4187">
     <span class='ocr_line' id='line_1_104' title="bbox 2251 4107 3839 4187; baseline -0.006 -15"><span class='ocrx_word' id='word_1_799' title='bbox 2251 4124 2409 4187; x_wconf 89' lang='lat' dir='ltr'><strong><em>cepto</em></strong></span> <span class='ocrx_word' id='word_1_800' title='bbox 2438 4113 2646 4170; x_wconf 89' lang='lat' dir='ltr'><strong><em>Domini</em></strong></span> <span class='ocrx_word' id='word_1_801' title='bbox 2670 4112 2840 4167; x_wconf 84' lang='lat' dir='ltr'><strong><em>nostri</em></strong></span> <span class='ocrx_word' id='word_1_802' title='bbox 2861 4109 3105 4177; x_wconf 88' lang='lat' dir='ltr'><strong><em>dicentis,</em></strong></span> <span class='ocrx_word' id='word_1_803' title='bbox 3138 4107 3348 4179; x_wconf 88' lang='lat' dir='ltr'><strong><em>Diligite</em></strong></span> <span class='ocrx_word' id='word_1_804' title='bbox 3373 4107 3601 4162; x_wconf 88' lang='lat' dir='ltr'><strong><em>inimicos</em></strong></span> <span class='ocrx_word' id='word_1_805' title='bbox 3628 4117 3839 4174; x_wconf 89' lang='lat' dir='ltr'><strong><em>vestros,</em></strong></span> 
     </span>
    </p>
   </div>
   <div class='ocr_carea' id='block_1_105' title="bbox 2254 4196 3844 4278">
    <p class='ocr_par' dir='ltr' id='par_1_105' title="bbox 2254 4196 3844 4278">
     <span class='ocr_line' id='line_1_105' title="bbox 2254 4196 3844 4278; baseline -0.006 -15"><span class='ocrx_word' id='word_1_806' title='bbox 2254 4218 2300 4264; x_wconf 90' lang='lat' dir='ltr'><strong><em>et</em></strong></span> <span class='ocrx_word' id='word_1_807' title='bbox 2327 4217 2467 4263; x_wconf 87' lang='lat' dir='ltr'><strong><em>orate</em></strong></span> <span class='ocrx_word' id='word_1_808' title='bbox 2499 4224 2590 4278; x_wconf 84' lang='lat' dir='ltr'><strong><em>pro</em></strong></span> <span class='ocrx_word' id='word_1_809' title='bbox 2618 4206 2688 4260; x_wconf 87' lang='lat' dir='ltr'><strong><em>eis</em></strong></span> <span class='ocrx_word' id='word_1_810' title='bbox 2725 4205 2810 4276; x_wconf 91' lang='lat' dir='ltr'><strong><em>qui</em></strong></span> <span class='ocrx_word' id='word_1_811' title='bbox 2832 4220 2918 4258; x_wconf 88' lang='lat' dir='ltr'><strong><em>vos</em></strong></span> <span class='ocrx_word' id='word_1_812' title='bbox 2961 4203 3173 4256; x_wconf 90' lang='lat' dir='ltr'><strong><em>oderunt</em></strong></span> <span class='ocrx_word' id='word_1_813' title='bbox 3203 4199 3412 4272; x_wconf 80' lang='lat' dir='ltr'><strong><em>(Matth.</em></strong></span> <span class='ocrx_word' id='word_1_814' title='bbox 3455 4214 3512 4266; x_wconf 85' lang='lat' dir='ltr'><strong><em>v,</em></strong></span> <span class='ocrx_word' id='word_1_815' title='bbox 3544 4196 3657 4270; x_wconf 68' lang='grc'><strong><em>44).</em></strong></span> <span class='ocrx_word' id='word_1_816' title='bbox 3689 4196 3844 4254; x_wconf 87' lang='lat' dir='ltr'><strong><em>Unde</em></strong></span> 
     </span>
    </p>
   </div>
   <div class='ocr_carea' id='block_1_106' title="bbox 2257 4291 3842 4371">
    <p class='ocr_par' dir='ltr' id='par_1_106' title="bbox 2257 4291 3842 4371">
     <span class='ocr_line' id='line_1_106' title="bbox 2257 4291 3842 4371; baseline -0.007 -15"><span class='ocrx_word' id='word_1_817' title='bbox 2257 4300 2547 4371; x_wconf 88' lang='lat' dir='ltr'><strong><em>probamus</em></strong></span> <span class='ocrx_word' id='word_1_818' title='bbox 2570 4341 2584 4364; x_wconf 94' lang='lat'><strong><em>,</em></strong></span> <span class='ocrx_word' id='word_1_819' title='bbox 2613 4297 2756 4353; x_wconf 87' lang='lat' dir='ltr'><strong><em>unde</em></strong></span> <span class='ocrx_word' id='word_1_820' title='bbox 2785 4311 2880 4350; x_wconf 84' lang='lat' dir='ltr'><strong><em>cor</em></strong></span> <span class='ocrx_word' id='word_1_821' title='bbox 2921 4302 3161 4350; x_wconf 84' lang='lat' dir='ltr'><strong><em>nostrum</em></strong></span> <span class='ocrx_word' id='word_1_822' title='bbox 3205 4291 3595 4361; x_wconf 77' lang='lat' dir='ltr'><strong><em>interrogamus</em></strong></span> <span class='ocrx_word' id='word_1_823' title='bbox 3619 4331 3634 4356; x_wconf 96' lang='lat'><strong><em>,</em></strong></span> <span class='ocrx_word' id='word_1_824' title='bbox 3665 4297 3842 4345; x_wconf 87' lang='lat' dir='ltr'><strong><em>utrum</em></strong></span> 
     </span>
    </p>
   </div>
   <div class='ocr_carea' id='block_1_107' title="bbox 2257 4383 3848 4454">
    <p class='ocr_par' dir='ltr' id='par_1_107' title="bbox 2257 4383 3848 4454">
     <span class='ocr_line' id='line_1_107' title="bbox 2257 4383 3848 4454; baseline -0.005 -8"><span class='ocrx_word' id='word_1_825' title='bbox 2257 4392 2360 4446; x_wconf 91' lang='lat' dir='ltr'><strong><em>hoc</em></strong></span> <span class='ocrx_word' id='word_1_826' title='bbox 2387 4391 2564 4446; x_wconf 89' lang='lat' dir='ltr'><strong><em>facere</em></strong></span> <span class='ocrx_word' id='word_1_827' title='bbox 2591 4389 2882 4454; x_wconf 87' lang='lat' dir='ltr'><strong><em>valeamus,</em></strong></span> <span class='ocrx_word' id='word_1_828' title='bbox 2915 4384 2963 4441; x_wconf 88' lang='lat' dir='ltr'><strong><em>si</em></strong></span> <span class='ocrx_word' id='word_1_829' title='bbox 2988 4384 3188 4439; x_wconf 90' lang='lat' dir='ltr'><strong><em>nullum</em></strong></span> <span class='ocrx_word' id='word_1_830' title='bbox 3212 4383 3504 4449; x_wconf 85' lang='lat' dir='ltr'><strong><em>inimicum,</em></strong></span> <span class='ocrx_word' id='word_1_831' title='bbox 3534 4383 3734 4437; x_wconf 89' lang='lat' dir='ltr'><strong><em>nullum</em></strong></span> <span class='ocrx_word' id='word_1_832' title='bbox 3758 4397 3848 4438; x_wconf 81' lang='lat' dir='ltr'><strong><em>rc-</em></strong></span> 
     </span>
    </p>
   </div>
   <div class='ocr_carea' id='block_1_108' title="bbox 2259 4473 3848 4554">
    <p class='ocr_par' dir='ltr' id='par_1_108' title="bbox 2259 4473 3848 4554">
     <span class='ocr_line' id='line_1_108' title="bbox 2259 4473 3848 4554; baseline -0.006 -16"><span class='ocrx_word' id='word_1_833' title='bbox 2259 4483 2638 4554; x_wconf 88' lang='lat' dir='ltr'><strong><em>prehensorem</em></strong></span> <span class='ocrx_word' id='word_1_834' title='bbox 2660 4520 2674 4544; x_wconf 92' lang='lat'><strong><em>,</em></strong></span> <span class='ocrx_word' id='word_1_835' title='bbox 2721 4479 2925 4533; x_wconf 89' lang='lat' dir='ltr'><strong><em>nullum</em></strong></span> <span class='ocrx_word' id='word_1_836' title='bbox 2965 4475 3323 4531; x_wconf 86' lang='lat' dir='ltr'><strong><em>detractorem</em></strong></span> <span class='ocrx_word' id='word_1_837' title='bbox 3345 4515 3362 4543; x_wconf 94' lang='lat'><strong><em>,</em></strong></span> <span class='ocrx_word' id='word_1_838' title='bbox 3393 4474 3594 4529; x_wconf 91' lang='lat' dir='ltr'><strong><em>nullum</em></strong></span> <span class='ocrx_word' id='word_1_839' title='bbox 3623 4473 3848 4530; x_wconf 82' lang='lat' dir='ltr'><strong><em>maledi-</em></strong></span> 
     </span>
    </p>
   </div>
   <div class='ocr_carea' id='block_1_109' title="bbox 2259 4568 3850 4644">
    <p class='ocr_par' dir='ltr' id='par_1_109' title="bbox 2259 4568 3850 4644">
     <span class='ocr_line' id='line_1_109' title="bbox 2259 4568 3850 4644; baseline -0.003 -14"><span class='ocrx_word' id='word_1_840' title='bbox 2259 4590 2378 4631; x_wconf 88' lang='lat' dir='ltr'><strong><em>cum</em></strong></span> <span class='ocrx_word' id='word_1_841' title='bbox 2401 4573 2772 4644; x_wconf 78' lang='lat' dir='ltr'><strong><em>experiamur?</em></strong></span> <span class='ocrx_word' id='word_1_842' title='bbox 2797 4570 3000 4626; x_wconf 82' lang='lat' dir='ltr'><strong><em>Videtis</em></strong></span> <span class='ocrx_word' id='word_1_843' title='bbox 3024 4584 3154 4641; x_wconf 78' lang='lat' dir='ltr'><strong><em>ergo</em></strong></span> <span class='ocrx_word' id='word_1_844' title='bbox 3177 4569 3302 4640; x_wconf 85' lang='lat' dir='ltr'><strong><em>quia</em></strong></span> <span class='ocrx_word' id='word_1_845' title='bbox 3325 4577 3380 4625; x_wconf 90' lang='lat' dir='ltr'><strong><em>et</em></strong></span> <span class='ocrx_word' id='word_1_846' title='bbox 3407 4568 3530 4623; x_wconf 84' lang='lat' dir='ltr'><strong><em>mali</em></strong></span> <span class='ocrx_word' id='word_1_847' title='bbox 3560 4570 3850 4625; x_wconf 83' lang='lat' dir='ltr'><strong><em>necessarii</em></strong></span> 
     </span>
    </p>
   </div>
   <div class='ocr_carea' id='block_1_110' title="bbox 2261 4660 3846 4736">
    <p class='ocr_par' dir='ltr' id='par_1_110' title="bbox 2261 4660 3846 4736">
     <span class='ocr_line' id='line_1_110' title="bbox 2261 4660 3846 4736; baseline -0.005 -12"><span class='ocrx_word' id='word_1_848' title='bbox 2261 4677 2386 4724; x_wconf 89' lang='lat' dir='ltr'><strong><em>sunt</em></strong></span> <span class='ocrx_word' id='word_1_849' title='bbox 2403 4667 2578 4723; x_wconf 90' lang='lat' dir='ltr'><strong><em>bonis.</em></strong></span> <span class='ocrx_word' id='word_1_850' title='bbox 2613 4667 2670 4722; x_wconf 92' lang='lat' dir='ltr'><strong><em>ln</em></strong></span> <span class='ocrx_word' id='word_1_851' title='bbox 2694 4667 2907 4722; x_wconf 83' lang='lat' dir='ltr'><strong><em>fornace</em></strong></span> <span class='ocrx_word' id='word_1_852' title='bbox 2925 4662 3156 4736; x_wconf 78' lang='lat' dir='ltr'><strong><em>quodam</em></strong></span> <span class='ocrx_word' id='word_1_853' title='bbox 3187 4661 3348 4718; x_wconf 89' lang='lat' dir='ltr'><strong><em>modo</em></strong></span> <span class='ocrx_word' id='word_1_854' title='bbox 3369 4660 3602 4717; x_wconf 84' lang='lat' dir='ltr'><strong><em>aurificis</em></strong></span> <span class='ocrx_word' id='word_1_855' title='bbox 3627 4677 3810 4717; x_wconf 90' lang='lat' dir='ltr'><strong><em>sumus</em></strong></span> <span class='ocrx_word' id='word_1_856' title='bbox 3831 4705 3846 4729; x_wconf 93' lang='lat'><strong><em>,</em></strong></span> 
     </span>
    </p>
   </div>
   <div class='ocr_carea' id='block_1_111' title="bbox 2264 4753 3850 4824">
    <p class='ocr_par' dir='ltr' id='par_1_111' title="bbox 2264 4753 3850 4824">
     <span class='ocr_line' id='line_1_111' title="bbox 2264 4753 3850 4824; baseline -0.001 -9"><span class='ocrx_word' id='word_1_857' title='bbox 2264 4759 2367 4815; x_wconf 92' lang='lat' dir='ltr'><strong><em>hoc</em></strong></span> <span class='ocrx_word' id='word_1_858' title='bbox 2387 4767 2489 4823; x_wconf 89' lang='lat' dir='ltr'><strong><em>est,</em></strong></span> <span class='ocrx_word' id='word_1_859' title='bbox 2514 4759 2565 4813; x_wconf 91' lang='lat' dir='ltr'><strong><em>in</em></strong></span> <span class='ocrx_word' id='word_1_860' title='bbox 2587 4757 2690 4813; x_wconf 92' lang='lat' dir='ltr'><strong><em>hoc</em></strong></span> <span class='ocrx_word' id='word_1_861' title='bbox 2714 4755 2932 4812; x_wconf 90' lang='lat' dir='ltr'><strong><em>mundo.</em></strong></span> <span class='ocrx_word' id='word_1_862' title='bbox 2962 4755 3018 4812; x_wconf 93' lang='lat' dir='ltr'><strong><em>Si</em></strong></span> <span class='ocrx_word' id='word_1_863' title='bbox 3041 4770 3225 4810; x_wconf 89' lang='lat' dir='ltr'><strong><em>aurum</em></strong></span> <span class='ocrx_word' id='word_1_864' title='bbox 3252 4769 3358 4810; x_wconf 91' lang='lat' dir='ltr'><strong><em>non</em></strong></span> <span class='ocrx_word' id='word_1_865' title='bbox 3385 4769 3464 4824; x_wconf 91' lang='lat' dir='ltr'><strong><em>es,</em></strong></span> <span class='ocrx_word' id='word_1_866' title='bbox 3493 4753 3648 4809; x_wconf 88' lang='lat' dir='ltr'><strong><em>simul</em></strong></span> <span class='ocrx_word' id='word_1_867' title='bbox 3670 4754 3850 4813; x_wconf 88' lang='lat' dir='ltr'><strong><em>ardes.</em></strong></span> 
     </span>
    </p>
   </div>
   <div class='ocr_carea' id='block_1_112' title="bbox 2263 4847 3851 4921">
    <p class='ocr_par' dir='ltr' id='par_1_112' title="bbox 2263 4847 3851 4921">
     <span class='ocr_line' id='line_1_112' title="bbox 2263 4847 3851 4921; baseline -0.004 -12"><span class='ocrx_word' id='word_1_868' title='bbox 2263 4853 2320 4910; x_wconf 88' lang='lat' dir='ltr'><strong><em>Si</em></strong></span> <span class='ocrx_word' id='word_1_869' title='bbox 2341 4869 2528 4908; x_wconf 88' lang='lat' dir='ltr'><strong><em>aurum</em></strong></span> <span class='ocrx_word' id='word_1_870' title='bbox 2557 4868 2615 4908; x_wconf 89' lang='lat' dir='ltr'><strong><em>es</em></strong></span> <span class='ocrx_word' id='word_1_871' title='bbox 2633 4892 2647 4918; x_wconf 94' lang='lat'><strong><em>,</em></strong></span> <span class='ocrx_word' id='word_1_872' title='bbox 2675 4851 2823 4921; x_wconf 84' lang='lat' dir='ltr'><strong><em>palea</em></strong></span> <span class='ocrx_word' id='word_1_873' title='bbox 2851 4859 2939 4907; x_wconf 88' lang='lat' dir='ltr'><strong><em>tua</em></strong></span> <span class='ocrx_word' id='word_1_874' title='bbox 2965 4858 3050 4906; x_wconf 91' lang='lat' dir='ltr'><strong><em>est</em></strong></span> <span class='ocrx_word' id='word_1_875' title='bbox 3086 4849 3278 4906; x_wconf 81' lang='lat' dir='ltr'><strong><em>malus.</em></strong></span> <span class='ocrx_word' id='word_1_876' title='bbox 3309 4847 3365 4904; x_wconf 92' lang='lat' dir='ltr'><strong><em>Si</em></strong></span> <span class='ocrx_word' id='word_1_877' title='bbox 3391 4857 3445 4904; x_wconf 88' lang='lat' dir='ltr'><strong><em>et</em></strong></span> <span class='ocrx_word' id='word_1_878' title='bbox 3485 4857 3539 4904; x_wconf 90' lang='lat' dir='ltr'><strong><em>tu</em></strong></span> <span class='ocrx_word' id='word_1_879' title='bbox 3568 4847 3721 4919; x_wconf 82' lang='lat' dir='ltr'><strong><em>palea</em></strong></span> <span class='ocrx_word' id='word_1_880' title='bbox 3749 4863 3811 4904; x_wconf 87' lang='lat' dir='ltr'><strong><em>es</em></strong></span> <span class='ocrx_word' id='word_1_881' title='bbox 3836 4889 3851 4915; x_wconf 92' lang='lat'><strong><em>,</em></strong></span> 
     </span>
    </p>
   </div>
   <div class='ocr_carea' id='block_1_113' title="bbox 2266 4941 2830 5000">
    <p class='ocr_par' dir='ltr' id='par_1_113' title="bbox 2266 4941 2830 5000">
     <span class='ocr_line' id='line_1_113' title="bbox 2266 4941 2830 5000; baseline -0.007 -1"><span class='ocrx_word' id='word_1_882' title='bbox 2266 4941 2425 5000; x_wconf 91' lang='lat' dir='ltr'><strong><em>simul</em></strong></span> <span class='ocrx_word' id='word_1_883' title='bbox 2452 4943 2602 4998; x_wconf 89' lang='lat' dir='ltr'><strong><em>eritis</em></strong></span> <span class='ocrx_word' id='word_1_884' title='bbox 2633 4941 2830 4997; x_wconf 89' lang='lat' dir='ltr'><strong><em>fumus.</em></strong></span> 
     </span>
    </p>
   </div>
   <div class='ocr_carea' id='block_1_114' title="bbox 2337 5031 3854 5103">
    <p class='ocr_par' dir='ltr' id='par_1_114' title="bbox 2337 5031 3854 5103">
     <span class='ocr_line' id='line_1_114' title="bbox 2337 5031 3854 5103; baseline -0.005 -10"><span class='ocrx_word' id='word_1_885' title='bbox 2337 5036 2565 5093; x_wconf 83' lang='lat' dir='ltr'><strong><em>CAPUT</em></strong></span> <span class='ocrx_word' id='word_1_886' title='bbox 2593 5035 2680 5091; x_wconf 89' lang='lat' dir='ltr'><strong><em>IV.</em></strong></span> <span class='ocrx_word' id='word_1_887' title='bbox 2703 5063 2777 5077; x_wconf 84' lang='lat'><strong><em>—-</em></strong></span> <span class='ocrx_word' id='word_1_888' title='bbox 2796 5035 2850 5090; x_wconf 76' lang='grc'><strong>4.</strong></span> <span class='ocrx_word' id='word_1_889' title='bbox 2895 5032 2961 5090; x_wconf 85' lang='lat' dir='ltr'><strong><em>In</em></strong></span> <span class='ocrx_word' id='word_1_890' title='bbox 2985 5032 3174 5090; x_wconf 88' lang='lat' dir='ltr'><strong><em>Christi</em></strong></span> <span class='ocrx_word' id='word_1_891' title='bbox 3209 5047 3418 5103; x_wconf 88' lang='lat' dir='ltr'><strong><em>corpore</em></strong></span> <span class='ocrx_word' id='word_1_892' title='bbox 3441 5047 3542 5086; x_wconf 88' lang='lat' dir='ltr'><strong><em>non</em></strong></span> <span class='ocrx_word' id='word_1_893' title='bbox 3563 5031 3660 5086; x_wconf 90' lang='lat' dir='ltr'><strong><em>soli</em></strong></span> <span class='ocrx_word' id='word_1_894' title='bbox 3686 5031 3854 5086; x_wconf 87' lang='lat' dir='ltr'><strong><em>conti-</em></strong></span> 
     </span>
    </p>
   </div>
   <div class='ocr_carea' id='block_1_115' title="bbox 2270 5125 3857 5202">
    <p class='ocr_par' dir='ltr' id='par_1_115' title="bbox 2270 5125 3857 5202">
     <span class='ocr_line' id='line_1_115' title="bbox 2270 5125 3857 5202; baseline -0.005 -15"><span class='ocrx_word' id='word_1_895' title='bbox 2270 5145 2460 5200; x_wconf 83' lang='lat' dir='ltr'><strong><em>nentes,</em></strong></span> <span class='ocrx_word' id='word_1_896' title='bbox 2483 5130 2572 5187; x_wconf 87' lang='lat' dir='ltr'><strong><em>sed</em></strong></span> <span class='ocrx_word' id='word_1_897' title='bbox 2592 5131 2741 5185; x_wconf 90' lang='lat' dir='ltr'><strong><em>etiam</em></strong></span> <span class='ocrx_word' id='word_1_898' title='bbox 2769 5132 3023 5202; x_wconf 85' lang='lat' dir='ltr'><strong><em>conjugati</em></strong></span> <span class='ocrx_word' id='word_1_899' title='bbox 3049 5129 3213 5184; x_wconf 84' lang='lat' dir='ltr'><strong><em>locum</em></strong></span> <span class='ocrx_word' id='word_1_900' title='bbox 3245 5127 3444 5182; x_wconf 85' lang='lat' dir='ltr'><strong><em>habent.</em></strong></span> <span class='ocrx_word' id='word_1_901' title='bbox 3468 5127 3735 5198; x_wconf 83' lang='lat' dir='ltr'><strong><em>Conjugati</em></strong></span> <span class='ocrx_word' id='word_1_902' title='bbox 3754 5125 3857 5179; x_wconf 85' lang='lat' dir='ltr'><strong><em>hu-</em></strong></span> 
     </span>
    </p>
   </div>
   <div class='ocr_carea' id='block_1_116' title="bbox 2269 5216 3861 5294">
    <p class='ocr_par' dir='ltr' id='par_1_116' title="bbox 2269 5216 3861 5294">
     <span class='ocr_line' id='line_1_116' title="bbox 2269 5216 3861 5294; baseline -0.005 -15"><span class='ocrx_word' id='word_1_903' title='bbox 2269 5225 2413 5279; x_wconf 87' lang='lat' dir='ltr'><strong><em>miles</em></strong></span> <span class='ocrx_word' id='word_1_904' title='bbox 2440 5222 2668 5294; x_wconf 88' lang='lat' dir='ltr'><strong><em>superbis</em></strong></span> <span class='ocrx_word' id='word_1_905' title='bbox 2686 5220 3047 5277; x_wconf 85' lang='lat' dir='ltr'><strong><em>continentibus</em></strong></span> <span class='ocrx_word' id='word_1_906' title='bbox 3069 5220 3318 5274; x_wconf 87' lang='lat' dir='ltr'><strong><em>meliores.</em></strong></span> <span class='ocrx_word' id='word_1_907' title='bbox 3340 5217 3721 5274; x_wconf 81' lang='lat' dir='ltr'><strong><em>Verumtamen</em></strong></span> <span class='ocrx_word' id='word_1_908' title='bbox 3749 5216 3861 5285; x_wconf 86' lang='lat' dir='ltr'><strong><em>pri-</em></strong></span> 
     </span>
    </p>
   </div>
   <div class='ocr_carea' id='block_1_117' title="bbox 2273 5311 3862 5385">
    <p class='ocr_par' dir='ltr' id='par_1_117' title="bbox 2273 5311 3862 5385">
     <span class='ocr_line' id='line_1_117' title="bbox 2273 5311 3862 5385; baseline -0.009 -8"><span class='ocrx_word' id='word_1_909' title='bbox 2273 5337 2417 5378; x_wconf 93' lang='lat' dir='ltr'><strong><em>mum</em></strong></span> <span class='ocrx_word' id='word_1_910' title='bbox 2448 5320 2500 5376; x_wconf 90' lang='lat' dir='ltr'><strong><em>id</em></strong></span> <span class='ocrx_word' id='word_1_911' title='bbox 2533 5318 2786 5374; x_wconf 89' lang='lat' dir='ltr'><strong><em>noveritis</em></strong></span> <span class='ocrx_word' id='word_1_912' title='bbox 2808 5360 2822 5385; x_wconf 93' lang='lat'><strong><em>,</em></strong></span> <span class='ocrx_word' id='word_1_913' title='bbox 2853 5315 3180 5383; x_wconf 88' lang='lat' dir='ltr'><strong><em>charissimi,</em></strong></span> <span class='ocrx_word' id='word_1_914' title='bbox 3211 5315 3264 5370; x_wconf 92' lang='lat' dir='ltr'><strong><em>in</em></strong></span> <span class='ocrx_word' id='word_1_915' title='bbox 3289 5327 3516 5384; x_wconf 91' lang='lat' dir='ltr'><strong><em>corpore</em></strong></span> <span class='ocrx_word' id='word_1_916' title='bbox 3539 5311 3735 5366; x_wconf 87' lang='lat' dir='ltr'><strong><em>Christi</em></strong></span> <span class='ocrx_word' id='word_1_917' title='bbox 3767 5325 3862 5364; x_wconf 86' lang='lat' dir='ltr'><strong><em>ex-</em></strong></span> 
     </span>
    </p>
   </div>
   <div class='ocr_carea' id='block_1_118' title="bbox 2273 5401 3862 5472">
    <p class='ocr_par' dir='ltr' id='par_1_118' title="bbox 2273 5401 3862 5472">
     <span class='ocr_line' id='line_1_118' title="bbox 2273 5401 3862 5472; baseline -0.008 -4"><span class='ocrx_word' id='word_1_918' title='bbox 2273 5412 2581 5468; x_wconf 86' lang='lat' dir='ltr'><strong><em>cellentiora</em></strong></span> <span class='ocrx_word' id='word_1_919' title='bbox 2610 5409 2847 5466; x_wconf 89' lang='lat' dir='ltr'><strong><em>membra</em></strong></span> <span class='ocrx_word' id='word_1_920' title='bbox 2877 5422 2995 5464; x_wconf 91' lang='lat' dir='ltr'><strong><em>esse</em></strong></span> <span class='ocrx_word' id='word_1_921' title='bbox 3016 5422 3122 5462; x_wconf 90' lang='lat' dir='ltr'><strong><em>non</em></strong></span> <span class='ocrx_word' id='word_1_922' title='bbox 3142 5407 3274 5462; x_wconf 81' lang='lat' dir='ltr'><strong><em>sola.</em></strong></span> <span class='ocrx_word' id='word_1_923' title='bbox 3292 5405 3387 5460; x_wconf 88' lang='lat' dir='ltr'><strong><em>Est</em></strong></span> <span class='ocrx_word' id='word_1_924' title='bbox 3405 5404 3547 5459; x_wconf 86' lang='lat' dir='ltr'><strong><em>enim</em></strong></span> <span class='ocrx_word' id='word_1_925' title='bbox 3566 5401 3862 5472; x_wconf 80' lang='lat' dir='ltr'><strong><em>conjugalis</em></strong></span> 
     </span>
    </p>
   </div>
   <div class='ocr_carea' id='block_1_119' title="bbox 2276 5493 3925 5572">
    <p class='ocr_par' dir='ltr' id='par_1_119' title="bbox 2276 5493 3925 5572">
     <span class='ocr_line' id='line_1_119' title="bbox 2276 5493 3925 5572; baseline -0.007 -10"><span class='ocrx_word' id='word_1_926' title='bbox 2276 5507 2383 5562; x_wconf 86' lang='lat' dir='ltr'><strong><em>vita</em></strong></span> <span class='ocrx_word' id='word_1_927' title='bbox 2411 5505 2725 5572; x_wconf 87' lang='lat' dir='ltr'><strong><em>laudabilis,</em></strong></span> <span class='ocrx_word' id='word_1_928' title='bbox 2774 5513 2827 5560; x_wconf 90' lang='lat' dir='ltr'><strong><em>et</em></strong></span> <span class='ocrx_word' id='word_1_929' title='bbox 2873 5503 3033 5559; x_wconf 89' lang='lat' dir='ltr'><strong><em>habet</em></strong></span> <span class='ocrx_word' id='word_1_930' title='bbox 3059 5502 3112 5557; x_wconf 90' lang='lat' dir='ltr'><strong><em>in</em></strong></span> <span class='ocrx_word' id='word_1_931' title='bbox 3165 5514 3390 5571; x_wconf 86' lang='lat' dir='ltr'><strong><em>corpore</em></strong></span> <span class='ocrx_word' id='word_1_932' title='bbox 3430 5497 3628 5555; x_wconf 88' lang='lat' dir='ltr'><strong><em>Christi</em></strong></span> <span class='ocrx_word' id='word_1_933' title='bbox 3681 5498 3860 5551; x_wconf 89' lang='lat' dir='ltr'><strong><em>locum</em></strong></span> <span class='ocrx_word' id='word_1_934' title='bbox 3919 5493 3925 5498; x_wconf 82' lang='grc'><em>’</em></span> 
     </span>
    </p>
   </div>
   <div class='ocr_carea' id='block_1_120' title="bbox 2277 5589 3864 5664">
    <p class='ocr_par' dir='ltr' id='par_1_120' title="bbox 2277 5589 3864 5664">
     <span class='ocr_line' id='line_1_120' title="bbox 2277 5589 3864 5664; baseline -0.008 -8"><span class='ocrx_word' id='word_1_935' title='bbox 2277 5615 2430 5656; x_wconf 91' lang='lat' dir='ltr'><strong><em>suum</em></strong></span> <span class='ocrx_word' id='word_1_936' title='bbox 2458 5600 2632 5657; x_wconf 88' lang='lat' dir='ltr'><strong><em>:sicut</em></strong></span> <span class='ocrx_word' id='word_1_937' title='bbox 2671 5606 2726 5654; x_wconf 91' lang='lat' dir='ltr'><strong><em>et</em></strong></span> <span class='ocrx_word' id='word_1_938' title='bbox 2751 5599 2802 5652; x_wconf 91' lang='lat' dir='ltr'><strong><em>in</em></strong></span> <span class='ocrx_word' id='word_1_939' title='bbox 2831 5605 3014 5653; x_wconf 86' lang='lat' dir='ltr'><strong><em>nostro</em></strong></span> <span class='ocrx_word' id='word_1_940' title='bbox 3039 5608 3264 5664; x_wconf 89' lang='lat' dir='ltr'><strong><em>corpore</em></strong></span> <span class='ocrx_word' id='word_1_941' title='bbox 3292 5608 3397 5648; x_wconf 88' lang='lat' dir='ltr'><strong><em>non</em></strong></span> <span class='ocrx_word' id='word_1_942' title='bbox 3429 5608 3489 5647; x_wconf 88' lang='lat' dir='ltr'><strong><em>ea</em></strong></span> <span class='ocrx_word' id='word_1_943' title='bbox 3515 5591 3627 5644; x_wconf 90' lang='lat' dir='ltr'><strong><em>sola</em></strong></span> <span class='ocrx_word' id='word_1_944' title='bbox 3663 5589 3864 5644; x_wconf 88' lang='lat' dir='ltr'><strong><em>habent</em></strong></span> 
     </span>
    </p>
   </div>
   <div class='ocr_carea' id='block_1_121' title="bbox 2279 5672 3863 5761">
    <p class='ocr_par' dir='ltr' id='par_1_121' title="bbox 2279 5672 3863 5761">
     <span class='ocr_line' id='line_1_121' title="bbox 2279 5672 3863 5761; baseline -0.007 -16"><span class='ocrx_word' id='word_1_945' title='bbox 2279 5691 2454 5746; x_wconf 87' lang='lat' dir='ltr'><strong><em>locum</em></strong></span> <span class='ocrx_word' id='word_1_946' title='bbox 2483 5732 2495 5755; x_wconf 96' lang='lat'><strong><em>,</em></strong></span> <span class='ocrx_word' id='word_1_947' title='bbox 2527 5705 2647 5761; x_wconf 71' lang='lat' dir='ltr'><strong><em>qua:</em></strong></span> <span class='ocrx_word' id='word_1_948' title='bbox 2671 5688 3017 5745; x_wconf 86' lang='lat' dir='ltr'><strong><em>excellentius</em></strong></span> <span class='ocrx_word' id='word_1_949' title='bbox 3045 5685 3215 5740; x_wconf 89' lang='lat' dir='ltr'><strong><em>locata</em></strong></span> <span class='ocrx_word' id='word_1_950' title='bbox 3241 5691 3396 5751; x_wconf 89' lang='lat' dir='ltr'><strong><em>sunt,</em></strong></span> <span class='ocrx_word' id='word_1_951' title='bbox 3438 5672 3574 5740; x_wconf 79' lang='lat' dir='ltr'><strong><em>sicut</em></strong></span> <span class='ocrx_word' id='word_1_952' title='bbox 3598 5696 3785 5736; x_wconf 85' lang='lat' dir='ltr'><strong><em>sensus</em></strong></span> <span class='ocrx_word' id='word_1_953' title='bbox 3809 5681 3863 5735; x_wconf 91' lang='lat' dir='ltr'><strong><em>in</em></strong></span> 
     </span>
    </p>
   </div>
   <div class='ocr_carea' id='block_1_122' title="bbox 2283 5818 3866 5961">
    <p class='ocr_par' dir='ltr' id='par_1_122' title="bbox 2283 5818 3866 5961">
     <span class='ocr_line' id='line_1_122' title="bbox 2283 5818 3866 5961; baseline -0.004 -66"><span class='ocrx_word' id='word_1_954' title='bbox 2283 5818 2572 5961; x_wconf 39' lang='lat' dir='ltr'><strong><em>“uxoriae,</em></strong></span> <span class='ocrx_word' id='word_1_955' title='bbox 2609 5841 3037 5897; x_wconf 76' lang='lat' dir='ltr'><strong><em>coruinetttiam.—-</em></strong></span> <span class='ocrx_word' id='word_1_956' title='bbox 3072 5837 3206 5906; x_wconf 77' lang='lat' dir='ltr'><strong><em>Apud</em></strong></span> <span class='ocrx_word' id='word_1_957' title='bbox 3226 5847 3300 5890; x_wconf 80' lang='lat' dir='ltr'><strong><em>Er.</em></strong></span> <span class='ocrx_word' id='word_1_958' title='bbox 3344 5839 3492 5903; x_wconf 77' lang='lat' dir='ltr'><strong><em>Lugd.</em></strong></span> <span class='ocrx_word' id='word_1_959' title='bbox 3531 5847 3685 5902; x_wconf 72' lang='grc' dir='ltr'><strong><em>ναι..</em></strong></span> <span class='ocrx_word' id='word_1_960' title='bbox 3703 5835 3866 5889; x_wconf 77' lang='lat' dir='ltr'><strong><em>scisn-</em></strong></span> 
     </span>
    </p>
   </div>
  </div>
