4080 6360
254 418 399 484 1565

252 532 392 595 facie
425 533 756 607 superiorem
778 531 1019 605 corporis
1054 537 1259 603 partem
1287 530 1714 599 occupaverunt;
1749 521 1845 578 sed

253 632 353 690 nisi
377 629 546 703 pedes
570 635 863 700 portarent,
888 623 1142 697 quidquid
1170 621 1396 678 sublime
1423 629 1505 676 est
1530 619 1583 673 in
1610 629 1747 674 terra
1770 616 1846 687 ja-

252 730 419 781 ceret.
450 720 606 779 Unde
648 720 931 792 Apostolus
969 717 1097 772 dicit
1126 735 1141 773 :
1170 714 1237 769 Et
1263 729 1377 784 qua
1415 712 1680 767 inhonesta
1727 716 1843 764 sunt

253 826 455 881 nostra,
482 813 646 886 magis
674 812 951 868 necessaria
973 818 1108 865 sunt.
1143 806 1280 864 Deus
1308 805 1596 879 temperavit
1621 819 1805 873 corpus
1824 842 1839 868 ,

251 918 303 963 ut
327 924 431 961 non
463 912 627 961 essent
662 906 895 959 scissura:
926 903 980 955 in
1017 916 1228 969 corpore
1267 896 1311 969 (Ι
1336 896 1453 953 Cor.
1492 912 1566 950 xu
1587 936 1601 958 ,
1632 892 1841 977 23-25).

250 997 511 1055 Novimus
562 1003 738 1050 autem
790 991 1025 1047 membra
1070 990 1303 1057 Christi,
1351 1004 1469 1059 qua:
1515 984 1845 1057 conjugalcm

252 1098 417 1165 agunt
437 1088 629 1153 vitam,
657 1087 701 1141 si
728 1085 963 1140 membra
985 1080 1182 1139 Christi
1209 1086 1353 1146 sunt,
1386 1079 1439 1133 id
1466 1086 1567 1142 est,
1591 1077 1634 1132 si
1663 1075 1848 1131 ﬁdeles

252 1189 415 1247 sunt,
460 1178 508 1235 si
558 1177 790 1233 futurum
839 1174 1090 1230 saeculum
1119 1171 1203 1228 vel
1248 1178 1503 1243 sperant,
1546 1168 1629 1224 vel
1659 1183 1847 1239 exspe-

250 1275 396 1322 ctant
416 1306 435 1334 ,
468 1264 517 1321 si
549 1271 743 1319 norunt
763 1276 927 1332 quare
965 1260 1176 1330 signum
1203 1254 1399 1313 Christi
1436 1261 1683 1324 portent,
1713 1253 1849 1307 sicut

251 1358 503 1413 novimus
522 1354 662 1429 quod
684 1356 942 1409 honorem
963 1350 1210 1407 deferunt
1236 1348 1405 1413 vobis;
1434 1344 1679 1401 novimus
1706 1343 1846 1416 quod

251 1448 514 1505 meliores
536 1461 653 1501 esse
677 1459 773 1500 vos
790 1443 1048 1514 judicant,
1067 1456 1225 1513 quam
1256 1439 1354 1510 ipsi
1382 1446 1524 1492 sunt.
1556 1436 1658 1492 Sed
1683 1451 1852 1507 quan-

250 1549 361 1596 tum
383 1555 487 1595 vos
511 1539 587 1595 illi
610 1540 903 1603 honorant,
935 1544 1138 1590 tantum
1165 1542 1220 1589 et
1246 1546 1344 1587 vos
1366 1538 1602 1585 mutuam
1632 1528 1851 1583 honori-

252 1633 525 1689 ﬁcentiam
557 1631 635 1686 eis
672 1639 930 1705 praestare
958 1626 1186 1682 debetis.
1226 1624 1281 1681 Si
1313 1623 1457 1678 enim
1485 1630 1569 1679 est
1608 1621 1659 1677 in
1701 1616 1850 1675 vobis

254 1726 515 1782 sanctitas
535 1765 549 1790 ,
579 1723 761 1778 timete
792 1736 859 1777 ne
886 1718 1119 1792 perdatis
1145 1732 1285 1773 eam.
1317 1714 1507 1772 Unde?
1536 1715 1637 1769 Per
1666 1728 1851 1785 super-

256 1819 418 1873 niam.
454 1816 624 1872 Aliter
652 1816 788 1888 perit
829 1812 1086 1868 sanctitas
1127 1809 1293 1876 casti,
1333 1809 1377 1864 si
1408 1807 1616 1863 adulter
1654 1805 1848 1872 fuerit;

257 1912 413 1966 aliter
447 1910 605 1982 perit,
635 1909 678 1965 si
710 1908 970 1978 superbus
1002 1904 1114 1961 ﬁat.
1147 1904 1214 1959 Et
1233 1903 1404 1959 audeo
1430 1902 1640 1968 dicere,
1669 1899 1854 1969 conju-

256 2004 430 2075 galem
463 2011 681 2075 agentes
706 2001 890 2067 vitam,
923 1998 968 2054 si
999 2004 1181 2053 tenent
1206 1994 1581 2060 humilitatem,
1610 1990 1853 2062 superbis

257 2096 419 2149 castis
450 2092 704 2149 meliores
728 2100 869 2147 sunt.
896 2088 1211 2147 Consideret
1236 2088 1375 2172 enim
1406 2085 1648 2144 Charitas
1676 2093 1852 2139 vestra

258 2186 398 2258 quod
430 2186 591 2243 dico:
615 2182 884 2243 diabolum
911 2182 1187 2246 attendite,
1211 2178 1467 2253 numquid
1497 2177 1546 2234 ei
1578 2178 1629 2232 in
1655 2176 1853 2247 judicio

259 2282 353 2337 Dei
381 2278 743 2352 ohjiciendum
788 2285 873 2334 est
907 2275 1226 2332 adulterium
1254 2282 1343 2329 aut
1370 2271 1689 2329 fornicatio?
1713 2269 1854 2326 Nihil

258 2371 452 2428 borum
496 2371 641 2437 facit,
670 2370 761 2442 qui
785 2384 891 2425 non
919 2368 1079 2425 habet
1110 2381 1346 2423 carnem.
1376 2364 1499 2422 Sola
1524 2379 1645 2419 eum
1672 2377 1856 2435 super-

258 2465 345 2521 bia
373 2474 429 2520 et
458 2462 655 2519 invidia
677 2461 839 2516 mittit
858 2459 915 2516 in
943 2460 1118 2532 ignem
1146 2466 1426 2514 :eternum.

330 2553 562 2611 CAPUT
592 2553 660 2609 V.
699 2582 771 2594 -—
815 2552 867 2608 5.
917 2551 1171 2625 Superbia
1217 2549 1422 2604 invidia
1463 2549 1643 2603 mater.
1690 2545 1857 2618 Agnes

260 2651 401 2722 virgo
419 2657 469 2703 et
494 2646 731 2718 Crispina
759 2646 959 2711 mulier,
988 2643 1150 2699 amba:
1176 2652 1443 2715 martyres.
1475 2640 1744 2698 Continens
1774 2657 1859 2694 co-

261 2743 382 2812 gitet
402 2740 527 2809 quid
570 2738 669 2793 sibi
711 2737 872 2805 desit,
904 2754 1004 2792 non
1030 2735 1152 2807 quid
1181 2734 1333 2792 adsit.
1374 2735 1544 2791 Servo
1588 2750 1716 2805 ergo
1763 2734 1859 2789 Dei

262 2834 346 2888 cui
372 2829 707 2901 subrepserit
732 2828 1013 2900 superbia,
1052 2827 1305 2883 continuo
1330 2826 1404 2882 ibi
1440 2833 1523 2882 est
1561 2834 1615 2881 et
1641 2825 1855 2880 invidia.

263 2925 377 2981 Non
416 2931 594 2995 potest
634 2923 897 2993 superbus
924 2935 1042 2976 esse
1072 2935 1175 2977 non
1222 2919 1451 2975 invidus.
1502 2918 1699 2974 Invidia
1751 2917 1857 2973 ﬁlia

266 3024 348 3072 est
374 3012 643 3085 superbiae
676 3030 689 3065 :
720 3011 814 3067 sed
843 3011 941 3066 ista
971 3018 1144 3067 mater
1163 3010 1332 3066 nescit
1356 3023 1476 3065 esse
1510 3009 1744 3076 sterilis;
1772 3008 1861 3064 ubi

265 3104 453 3169 fuerit,
483 3104 740 3159 continuo
765 3102 919 3172 parit.
944 3101 1016 3157 Ut
1038 3109 1218 3157 autem
1243 3116 1350 3156 non
1375 3101 1445 3157 sit
1472 3101 1525 3156 in
1553 3100 1728 3166 vobis,
1762 3099 1863 3156 hoc

266 3196 535 3266 cogitate,
583 3191 970 3265 persecutionis
1018 3200 1263 3263 tempore
1311 3207 1417 3247 non
1465 3192 1632 3247 solam
1677 3192 1863 3262 Agnen

267 3286 433 3341 fuisse
461 3292 770 3340 coronatam
813 3284 1069 3354 virginem
1091 3325 1105 3351 ,
1147 3283 1241 3340 sed
1269 3292 1324 3340 et
1350 3282 1647 3354 Crispinam
1676 3283 1864 3339 mulie-

267 3392 382 3432 rem
415 3394 427 3431 :
463 3383 517 3430 et
555 3374 727 3443 forte,
759 3373 901 3447 quod
937 3389 1043 3429 non
1082 3373 1389 3440 dubitatur,
1431 3374 1594 3445 aliqui
1633 3381 1761 3429 tunc
1799 3374 1865 3428 de

269 3467 673 3525 continentibus
700 3467 1048 3536 defecerunt,
1076 3477 1130 3525 et
1150 3468 1301 3524 multi
1344 3467 1411 3524 de
1439 3468 1736 3541 conjugatis
1767 3485 1866 3539 pu-

269 3571 592 3634 gnaverunt,
619 3572 777 3634 atque
796 3563 1055 3618 vicerunt.
1069 3561 1223 3619 Unde
1243 3577 1347 3618 non
1374 3563 1571 3618 frustra
1591 3562 1719 3617 dicit
1734 3563 1869 3632 Apo-

269 3656 444 3711 stolus
466 3655 714 3711 omnibus
740 3655 993 3715 membris
1018 3654 1215 3711 Christi
1243 3672 1257 3710 :
1289 3654 1430 3709 Alter
1457 3656 1673 3710 alterum
1697 3654 1870 3709 existi-

272 3757 471 3801 mantes
506 3747 816 3819 superiorem
855 3747 970 3812 sibi,
1002 3755 1050 3802 et
1077 3745 1269 3803 honore
1304 3755 1480 3802 mutuo
1515 3746 1870 3816 prtevenientes

275 3836 543 3911 (Philipp.
572 3852 632 3906 n,
664 3838 717 3907 5,
742 3846 790 3893 et
819 3836 971 3894 Rom.
1014 3854 1111 3906 xu,
1135 3837 1246 3909 10).
1278 3837 1405 3896 Hmc
1427 3837 1626 3894 etenim
1648 3838 1693 3892 si
1722 3837 1869 3906 cogi-

274 3928 422 3994 tetis,
456 3943 569 3983 non
593 3928 744 3983 eritis
774 3928 913 3999 apud
939 3943 1034 3984 vos
1055 3928 1252 3998 magni.
1280 3928 1443 4000 Magis
1472 3928 1614 3983 enim
1636 3928 1870 3999 cogitare

276 4019 491 4075 debetis
516 4018 644 4089 quid
666 4019 817 4075 vobis
840 4019 996 4087 desit,
1027 4035 1185 4090 quam
1213 4019 1338 4090 quid
1359 4019 1511 4075 vobis
1529 4019 1691 4075 adsit.
1719 4017 1872 4087 Quod

279 4112 473 4177 habes,
492 4124 624 4165 eave
649 4125 717 4166 ne
742 4110 937 4181 perdas
964 4128 978 4165 :
1004 4109 1144 4181 quod
1164 4109 1398 4166 nondum
1428 4110 1613 4177 habes,
1634 4109 1871 4181 supplies

278 4212 339 4258 ut
368 4202 591 4259 habeas.
618 4202 675 4258 ln
702 4204 914 4274 quantis
939 4204 1012 4259 sis
1036 4204 1231 4272 minor,
1264 4202 1359 4259 tibi
1383 4201 1721 4273 cogitandum
1751 4213 1870 4269 est;

277 4309 388 4349 non
438 4294 493 4348 in
521 4294 736 4363 quantis
776 4295 850 4350 sis
894 4294 1084 4365 major.
1121 4295 1180 4351 Si
1204 4294 1345 4351 enim
1391 4294 1591 4365 cogitas
1620 4300 1873 4363 quantum

278 4386 611 4459 prmcessisti
653 4386 879 4443 alterum
904 4429 920 4456 ,
949 4386 1079 4443 time
1121 4395 1406 4443 tumorem.
1437 4384 1492 4442 Si
1521 4400 1649 4442 vero
1671 4384 1891 4457 cogitas-

278 4486 544 4550 quantum
572 4477 666 4534 tibi
695 4478 871 4534 adhuc
897 4478 1084 4547 deest,
1112 4477 1449 4550 ingemiscis;
1478 4486 1531 4533 et
1572 4492 1693 4534 cum
1723 4478 1873 4548 iugc-

278 4571 470 4627 miscis
493 4610 509 4636 ,
536 4571 775 4640 curaris,
803 4571 1019 4627 humilis
1046 4572 1187 4640 eris,
1219 4573 1381 4629 tutior
1408 4571 1703 4630 ambulabis
1722 4613 1737 4642 ,
1767 4586 1876 4628 non

277 4661 727 4732 pmcipitaberis,
754 4676 860 4718 non
881 4662 1169 4720 inﬂaberis.

354 4754 442 4809 CA
453 4755 590 4811 PUT
618 4754 706 4809 VI.
719 4786 789 4797 -
801 4755 853 4813 6.
870 4756 1102 4813 Charitas
1120 4758 1377 4823 sectanda,
1392 4766 1447 4814 ut
1462 4758 1641 4815 vitetur
1654 4760 1875 4832 inﬂatio.

282 4845 543 4916 Superbia
581 4848 702 4917 quid
733 4857 840 4916 est,
870 4859 915 4903 et
946 4866 1038 4905 cur
1065 4851 1199 4921 parit
1233 4851 1500 4906 invidiam.
1529 4852 1607 4907 An
1637 4854 1880 4923 fugienda

278 4940 530 5006 scientia,
565 4955 628 4993 ne
652 4940 815 5011 inﬂet.
854 4941 924 4996 Et
958 4942 1156 4997 utinam
1202 4943 1406 5013 possint
1438 4958 1624 5000 omnes
1667 4944 1736 5000 de
1773 4960 1879 5001 una

280 5032 547 5087 charitate
578 5032 836 5103 cogitare.
864 5033 989 5089 Sola
1015 5043 1098 5090 est
1118 5036 1261 5092 enim
1281 5050 1399 5107 qua:
1420 5046 1475 5094 et
1496 5026 1877 5110 vincitomnia,

281 5132 339 5177 et
366 5124 486 5179 sine
517 5138 622 5195 qua
662 5125 795 5181 nihil
833 5126 1018 5183 valent
1056 5128 1269 5198 omnia,
1307 5136 1364 5185 et
1401 5146 1521 5202 qua:
1560 5132 1880 5204 ubicumque

283 5214 449 5271 fuerit
477 5216 645 5272 trahit
667 5217 732 5273 ad
758 5234 822 5275 se
844 5220 1046 5275 omnia.
1070 5220 1187 5291 Ipsa
1211 5229 1296 5276 est
1319 5236 1438 5293 qum
1458 5239 1560 5278 non
1578 5224 1871 5280 tumulatur.

282 5309 497 5375 Quaeris
520 5324 739 5366 causam
762 5311 785 5366 ξ’
806 5311 1035 5369 Attende
1056 5312 1200 5383 quod
1220 5315 1462 5385 sequitur
1488 5332 1501 5369 :
1529 5314 1649 5370 Non
1671 5317 1882 5387 inﬂatur

289 5399 354 5471 (ι
380 5398 503 5454 Cor.
531 5416 648 5469 xm,
677 5400 756 5474 ὁ).
788 5401 944 5458 Prior
967 5413 1051 5459 est
1068 5403 1120 5457 in
1148 5404 1292 5459 vitiis
1312 5405 1556 5477 superbia
1576 5448 1590 5473 ,
1617 5415 1674 5461 ut
1697 5407 1880 5465 dicere

284 5507 567 5563 coeperam
587 5535 603 5563 ,
648 5494 841 5552 deinde
877 5496 1091 5552 invidia.
1132 5496 1248 5554 Non
1279 5500 1421 5555 enim
1450 5500 1642 5556 invidia
1674 5504 1881 5573 peperit

287 5585 625 5655 superbiam,
657 5586 750 5641 sed
770 5592 1020 5657 superbia
1058 5591 1264 5660 peperit
1288 5591 1561 5648 invidiam.
1592 5593 1708 5649 Non
1735 5596 1879 5652 enim

287 5676 518 5742 invidet,
546 5676 651 5731 nisi
673 5693 823 5733 amor
848 5679 1196 5737 excellentiae.
1222 5683 1387 5739 Amor
1406 5684 1754 5754 excellentiae,
1784 5701 1881 5743 su-

290 5768 479 5838 perbia
502 5778 745 5825 vocatur.
768 5769 899 5828 Cum
918 5786 1048 5844 ergo
1068 5772 1120 5828 in
1141 5773 1329 5830 ordine
1353 5775 1501 5845 prior
1520 5775 1590 5831 sit
1610 5778 1877 5849 superbia,

293 5868 558 5931 sequatur
586 5870 763 5921 autem
783 5862 1017 5941 invidia;
1041 5866 1328 5940 Apostolus
1349 5867 1401 5923 in
1424 5867 1667 5927 laudibus
1700 5869 1879 5930 chari-

1620 401 1850 464 SERMO
1886 399 2157 460 οεειινι

3392 405 3532 466 1566

1951 522 2073 577 tatis
2095 520 2262 577 noluit
2287 520 2463 577 dicere
2484 521 2649 592 prius,
2677 520 2797 579 Non
2820 520 3037 595 inﬂatur
3059 538 3077 588 ;
3098 530 3152 577 et
3178 530 3379 595 pestea,
3411 520 3533 575 Non

1950 616 2221 669 aemulatur
2252 630 2270 668 :
2296 614 2389 669 sed
2424 614 2569 685 prius
2597 614 2764 682 dixit,
2803 613 2925 670 Non
2962 613 3267 679 tumulatur;
3312 622 3530 683 postea,

1955 707 2074 762 Non
2114 708 2344 779 inﬂatur.
2391 706 2565 775 Quare
2608 705 2742 760 hoc?
2781 707 2912 773 Quia
2958 721 3079 761 cum
3120 705 3385 773 dixisset,
3414 701 3534 757 Non

1952 801 2248 868 aemulatur,
2276 800 2423 870 quasi
2459 800 2776 868 quaesiturus
2800 814 2918 853 eras
2946 813 3159 853 causam
3183 840 3199 866 ,
3229 813 3393 869 quare
3424 812 3531 853 non

1953 899 2262 964 aemulatur;
2297 896 2564 964 subdidit,
2604 896 2725 951 Non
2755 896 2983 966 inﬂatur.
3030 895 3168 965 Ergo
3193 896 3239 950 si
3275 894 3395 950 ideo
3428 908 3531 948 non

1953 992 2251 1057 tumulatur,
2284 991 2407 1061 quia
2444 1006 2549 1045 non
2581 988 2824 1056 inﬂatur;
2854 988 2896 1043 si
2922 986 3227 1053 iuﬂaretur,
3251 987 3532 1043 aemulare-

1955 1094 2059 1143 tur.
2094 1085 2288 1140 llocin
2320 1084 2471 1140 vobis
2508 1091 2744 1147 crescat,
2784 1092 2838 1138 et
2878 1082 3051 1136 anima
3092 1080 3382 1148 solidatur,
3411 1080 3531 1151 quia

1955 1193 2060 1232 non
2104 1176 2337 1231 inﬂatur.
2387 1175 2617 1231 Scientia
2643 1216 2657 1241 ,
2689 1175 2764 1229 ait
2804 1171 3089 1243 Apostolus
3115 1211 3130 1235 ,
3181 1171 3350 1241 inﬂat.
3400 1170 3535 1241 Quid

1955 1268 2122 1339 ergo?
2150 1267 2429 1323 scientiam
2458 1267 2639 1336 fugere
2669 1265 2894 1330 debetis,
2920 1274 2971 1320 et
2994 1262 3212 1319 eiecturi
3240 1263 3368 1317 estis
3405 1261 3536 1316 nihil

1956 1363 2093 1418 scire
2123 1362 2298 1434 potius
2327 1376 2485 1432 quam
2524 1359 2734 1415 inﬂari?
2777 1357 2973 1429 thuid
2999 1357 3149 1411 vobis
3177 1355 3466 1426 loquimur,
3496 1353 3538 1407 si

1955 1454 2144 1509 melior
2191 1461 2273 1508 est
2326 1452 2621 1523 ignorantia
2662 1466 2820 1523 quam
2865 1449 3119 1505 scientia?
3162 1447 3346 1518 utquid
3390 1446 3541 1500 vobis

1955 1547 2321 1617 disputamus?
2364 1546 2547 1618 utquid
2592 1546 2690 1601 ista
2728 1542 3141 1616 distinguimus?
3183 1540 3371 1613 utquid
3399 1538 3539 1611 quod

1956 1642 2124 1698 nostis
2170 1640 2549 1704 admonemus,
2592 1636 2734 1709 quod
2780 1653 2884 1692 non
2931 1637 3100 1692 nostis
3142 1634 3451 1699 inferimus,
3494 1633 3539 1689 si

1956 1732 2175 1789 scientia
2196 1732 2431 1788 cavenda
2453 1741 2557 1799 est,
2581 1747 2648 1787 ne
2672 1731 2857 1786 inﬂet?
2877 1730 3019 1801 Ergo
3039 1738 3215 1784 amate
3236 1727 3537 1792 scientiam,

1956 1823 2051 1879 sed
2079 1824 2384 1893 anteponite
2413 1823 2747 1879 charitatem.
2780 1820 3013 1878 Scientia
3043 1822 3086 1876 si
3108 1820 3219 1874 sola
3249 1819 3337 1884 sit,
3370 1817 3537 1872 inﬂat.

1956 1917 2089 1987 Quia
2116 1934 2241 1975 vero
2258 1919 2479 1973 charitas
2495 1919 2716 1990 aediﬁcat
2740 1918 2783 1990 (l
2801 1918 2918 1974 Cor.
2935 1933 3048 1981 vin,
3067 1915 3144 1987 1),
3162 1932 3265 1970 non
3282 1912 3543 1985 permittit

1957 2013 2236 2069 scientiam
2268 2013 2461 2068 inﬂari.
2496 2013 2569 2068 lbi
2598 2028 2724 2083 ergo
2751 2012 2899 2067 inﬂat
2926 2011 3166 2075 scientia,
3197 2010 3285 2064 ubi
3307 2007 3540 2063 charitas

1958 2119 2064 2159 non
2092 2103 2360 2159 aediﬁcat:
2395 2104 2482 2159 ubi
2510 2114 2687 2159 autem
2726 2104 2989 2171 :cdiﬁcat,
3027 2100 3254 2157 solidata
3287 2108 3389 2155 est.
3426 2097 3541 2153 Non

1957 2208 2039 2255 est
2067 2198 2138 2253 ibi
2168 2196 2391 2266 inﬂatio,
2423 2198 2510 2252 ubi
2546 2206 2693 2269 petra
2724 2206 2807 2253 est
2836 2196 3257 2252 fundamentum.

2030 2293 2253 2351 CAPUT
2278 2293 2392 2349 Vll.
2418 2323 2492 2335 —
2516 2295 2569 2349 7.
2604 2292 2856 2349 Stimulus
2884 2293 3050 2348 carnis
3076 2289 3319 2363 Apostolo
3358 2288 3538 2354 datus,

1957 2404 2022 2443 ne
2038 2386 2332 2459 superbiret.
2353 2387 2607 2443 Exaudiri
2628 2395 2875 2458 aptemus,
2900 2402 2999 2441 non
3019 2385 3086 2440 ad
3107 2385 3429 2447 voluntatem,
3455 2382 3541 2435 sed

1958 2481 2029 2536 ad
2051 2482 2337 2537 sanitatem.
2367 2479 2442 2536 ιΕ
2447 2489 2587 2535 terna
2606 2479 2856 2551 quomodo
2876 2477 3110 2551 petenda,
3142 2474 3390 2548 quomodo
3420 2483 3543 2528 tem—

1960 2575 2177 2647 poralia.
2231 2574 2499 2643 Quantum
2546 2584 2723 2630 autem
2776 2582 2947 2629 tentat
2998 2572 3236 2638 inﬂatio,
3285 2570 3387 2626 hoc
3424 2579 3538 2636 est,

1960 2668 2142 2735 elatio,
2172 2676 2229 2724 ut
2250 2677 2468 2739 propter
2489 2667 2592 2723 hoc
2622 2668 2808 2723 vitium
2842 2668 2858 2699 ί
2888 2666 3047 2721 etiam
3077 2671 3255 2720 tantus
3286 2663 3373 2717 ille
3399 2662 3544 2733 Apo-

1962 2760 2131 2816 stolus
2166 2760 2469 2831 appositum
2499 2760 2599 2816 sibi
2630 2774 2749 2815 esse
2785 2759 2990 2814 diceret
3014 2756 3288 2813 stimulum
3327 2754 3502 2810 carnis
3526 2794 3541 2819 ,

1962 2853 2209 2924 angelum
2236 2861 2457 2919 satanas,
2488 2868 2519 2907 a
2548 2867 2656 2923 quo
2683 2850 3149 2922 colaphizareturl
3177 2848 3279 2918 Qui
3306 2844 3546 2917 colaphi-

1965 2953 2149 3012 zatur,
2182 2952 2342 3015 caput
2374 2945 2489 3015 ejus
2529 2943 2767 2999 tunditur
2787 2986 2802 3011 ,
2838 2958 2905 2999 ne
2934 2943 3166 3014 erigatur
3199 2960 3211 2995 :
3244 2956 3364 2995 nam
3392 2947 3447 2995 et
3473 2938 3547 2993 ibi

1966 3036 2033 3093 de
2063 3037 2281 3093 scientia
2313 3046 2487 3093 metus
2517 3046 2631 3093 erat
2669 3036 2988 3101 inﬂationis,
3027 3036 3129 3092 hoc
3159 3043 3243 3091 est
3279 3033 3546 3090 elationis.

1968 3127 2059 3182 Ait
2086 3128 2229 3183 enim
2275 3145 2288 3181 :
2335 3127 2404 3183 In
2442 3129 2791 3199 magnitudine
2834 3128 3193 3183 revelationum
3219 3142 3446 3180 mearum
3487 3140 3549 3179 ne

1968 3219 2201 3274 extollar.
2226 3218 2301 3275 lbi
2322 3234 2452 3290 ergo
2475 3220 2759 3276 metuenda
2780 3229 2896 3277 erat
2920 3219 3101 3285 elatio,
3125 3218 3213 3274 ubi
3240 3231 3550 3288 magnarum

1970 3326 2147 3367 rerum
2172 3321 2286 3367 erat
2307 3312 2565 3369 revelatio
2595 3330 2607 3366 :
2646 3331 2664 3364 (
2693 3310 2750 3367 In
2780 3312 3143 3383 magnitudine
3162 3309 3549 3366 revelationum

1978 3420 1997 3455 ι
2036 3418 2271 3459 mearum
2296 3419 2363 3459 ne
2391 3404 2638 3471 extollar,
2663 3403 2816 3460 datus
2842 3413 2924 3460 est
2949 3403 3081 3459 mihi
3107 3402 3350 3458 stimulus
3371 3400 3548 3457 carnis

1977 3510 1997 3546 α
2036 3509 2197 3560 mete,
2230 3495 2452 3566 angelus
2481 3503 2702 3562 satanac,
2728 3496 2818 3565 qui
2846 3510 2931 3550 me
2965 3493 3280 3563 eolaphizet.
3322 3491 3548 3564 Propter

1977 3604 1998 3639 ι
2036 3586 2176 3657 quod
2204 3596 2287 3642 ter
2312 3588 2596 3643 Dominum
2624 3590 2826 3659 rogavi,
2860 3596 2918 3642 ut
2942 3587 3173 3643 auferret
3200 3602 3322 3643 eum
3357 3602 3386 3641 a
3420 3602 3507 3643 me
3537 3603 3552 3641 :

1981 3697 2001 3732 ‹
2033 3688 2086 3735 ει
2110 3678 2245 3734 dixit
2267 3679 2419 3747 mihi,
2445 3679 2653 3736 Sufﬁcit
2674 3681 2767 3736 tibi
2789 3680 2954 3750 gratia
2976 3695 3126 3743 mea;
3157 3695 3278 3734 nam
3310 3680 3475 3735 virtus
3499 3679 3552 3734 in

1980 3791 2001 3826 ι
2035 3772 2340 3830 inﬁrmitate
2364 3772 2636 3844 perﬁcitur
2669 3792 2688 3827 ι
2712 3773 2787 3848 (ll
2807 3772 2927 3830 Cor.
2952 3790 3045 3839 xu,
3075 3774 3210 3844 7-9).
3237 3773 3551 3843 Petitmger,

1974 3872 2033 3920 ut
2065 3864 2207 3936 quod
2246 3865 2314 3921 ad
2356 3865 2581 3923 salutem
2618 3867 2839 3939 apponit
2877 3866 3150 3933 medicus,
3183 3882 3304 3921 cum
3333 3865 3559 3921 voluerit

1975 3969 2208 4030 aegrotus
2231 3958 2522 4016 auferatur.
2553 3960 2789 4015 Medicus
2811 3959 2941 4015 dicit
2972 3978 2985 4014 :
3013 3959 3160 4023 Non;
3188 3959 3431 4027 mordet,
3461 3960 3558 4015 sed

1977 4058 2149 4105 sanat.
2178 4050 2257 4105 Tu
2290 4049 2425 4105 dicis
2457 4066 2471 4104 :
2506 4050 2655 4105 Tolle
2687 4050 2829 4120 quod
2864 4049 3092 4105 mordet.
3127 4049 3359 4103 Medicus
3386 4049 3516 4105 dicit
3543 4067 3557 4104 :

1977 4137 2095 4196 Non
2126 4140 2274 4206 tollo,
2305 4141 2427 4210 quia
2454 4149 2625 4194 sanat.
2658 4139 2738 4194 Tu
2767 4138 2834 4193 ad
2856 4139 3119 4194 medicum
3142 4154 3307 4209 quare
3330 4140 3560 4195 venisti?

1979 4232 2189 4300 Sanari,
2219 4247 2286 4288 an
2323 4233 2622 4288 molestiam
2664 4242 2773 4289 non
2813 4232 2953 4303 pati?
2978 4232 3094 4288 Non
3134 4248 3261 4304 ergo
3290 4234 3563 4289 exaudivit

1980 4327 2237 4384 Dominus
2267 4327 2489 4383 Paulum
2523 4325 2591 4381 ad
2633 4327 2988 4393 voluntatem,
3032 4328 3154 4398 quia
3195 4327 3462 4381 exaudivit
3491 4327 3558 4382 ad

1982 4417 2285 4475 sanitatem.
2312 4418 2443 4473 Nam
2480 4432 2588 4472 non
2612 4424 2694 4473 est
2722 4432 2994 4488 magnum,
3024 4417 3263 4472 exaudiri
3300 4433 3329 4471 a
3357 4417 3469 4473 Deo
3498 4418 3565 4472 ad

1983 4512 2345 4577 voluntatem;
2390 4525 2494 4567 non
2538 4518 2623 4565 est
2660 4524 2931 4581 magnum.
2968 4509 3048 4566 Ne
3076 4510 3273 4580 putetis
3318 4525 3566 4581 magnum

1982 4621 2105 4664 esse
2134 4606 2258 4674 hoc,
2287 4605 2501 4677 quando
2527 4606 2754 4677 quisque
2784 4612 2917 4670 orat,
2950 4618 3048 4674 pro
3083 4619 3296 4675 magno,
3329 4605 3374 4659 si
3401 4621 3566 4660 exau-

1984 4700 2147 4757 ditur.
2188 4700 2380 4770 Quzere
2418 4699 2545 4771 quid
2588 4707 2741 4766 orat,
2770 4713 2951 4768 quam:
2992 4708 3049 4751 tu
3087 4712 3193 4768 quo
3230 4698 3565 4754 exaudiatur.

1982 4794 2116 4851 Nam
2150 4809 2256 4851 non
2301 4794 2542 4850 habeatis
2582 4808 2680 4863 pro
2718 4806 2945 4862 magno,
2992 4791 3233 4847 exaudiri
3273 4792 3338 4847 ad
3380 4794 3569 4846 volun-

1985 4896 2149 4945 tatem
2188 4905 2202 4942 :
2243 4888 2435 4943 habete
2474 4902 2572 4957 pro
2609 4900 2835 4956 magno,
2880 4886 3117 4941 exaudiri
3147 4885 3213 4939 ad
3258 4885 3563 4941 utilitatem.

1985 4982 2069 5037 Ad
2115 4981 2441 5037 voluntatem
2476 4979 2635 5033 etiam
2664 4978 2937 5034 daemones
2959 4978 3190 5035 exauditi
3240 4989 3397 5044 sunt,
3429 4988 3483 5036 et
3508 4982 3569 5033 at!

1986 5088 2180 5145 porcos
2207 5086 2341 5144 quos
2364 5071 2646 5143 petierant,
2675 5071 2753 5127 ire
2776 5072 3020 5142 permissi
3049 5078 3175 5126 sunt
3199 5070 3411 5144 (Matth.
3446 5088 3533 5126 vn:
3556 5113 3569 5136 ,

1988 5167 2078 5233 31,
2110 5164 2222 5237 52).
2254 5163 2335 5219 Ad
2357 5164 2682 5220 voluntatem
2723 5164 2882 5220 etiam
2913 5164 3161 5235 princeps
3200 5178 3384 5219 eorum
3415 5179 3576 5219 exau-

1986 5258 2130 5315 ditus
2167 5266 2252 5314 est
2291 5258 2562 5325 diabolus;
2605 5274 2637 5314 a
2670 5274 2776 5328 quo
2802 5258 2997 5329 petitus
3025 5257 3126 5314 Jon
3155 5256 3441 5314 tentandus
3470 5271 3575 5311 non

1989 5361 2072 5409 est
2098 5362 2339 5423 negatus,
2361 5360 2422 5407 ut
2449 5359 2591 5409 esset
2620 5352 2710 5408 ille
2740 5352 3012 5423 probatus,
3041 5353 3142 5408 iste
3169 5352 3423 5408 confusus
3456 5349 3575 5423 (Job

1988 5459 2010 5501 ι
2038 5452 2084 5500 et
2110 5459 2146 5499 ιι
2166 5443 2207 5514 ).
2235 5444 2317 5499 Ad
2344 5445 2667 5500 voluntatem
2696 5444 2856 5500 etiam
2883 5444 3136 5500 Israelitaz
3164 5443 3393 5500 exauditi
3420 5450 3573 5509 sunt;

1991 5544 2187 5594 etcum
2218 5536 2393 5593 adhuc
2428 5536 2578 5594 cibus
2604 5544 2749 5593 esset
2772 5537 2827 5592 in
2856 5550 2948 5592 ore
2977 5536 3238 5607 ipsorum,
3271 5534 3437 5589 nostis
3459 5549 3578 5605 qua:

2056 5697 2673 5760 {sicmeliorisnotaeuss
2700 5705 2755 5749 At
2775 5703 2907 5749 Lov.:
2928 5699 3127 5760 Quando
3157 5703 3317 5760 autem
3338 5703 3487 5751 tentat
3506 5698 3581 5752 its-

1990 5756 2141 5873 gatio,
2168 5758 2255 5810 hoc
2277 5764 2347 5811 est
2378 5759 2561 5811 elatio?
2603 5761 2770 5825 Utique
2794 5761 2875 5811 ubi
2909 5756 2957 5811 et
2978 5760 3169 5824 quando
3191 5759 3404 5813 charitas
3429 5764 3578 5817 deest.

2032 5836 2113 5872 am
2134 5828 2326 5873 menter
2350 5820 2438 5872 hoc
2456 5821 2639 5873 vltima.
2662 5830 2756 5872 etc.
2783 5823 2901 5873 Editi
2932 5825 3098 5872 caeteri
3117 5826 3295 5873 nostris
3317 5829 3578 5873 manuscri-

2032 5831 2113 5886 am
2134 5828 2326 5886 propter
2350 5820 2438 5872 hoc
2456 5821 2639 5880 vltima,
2662 5820 2756 5872 etc.
2783 5823 2901 5873 Editi
2932 5820 3098 5872 caeteri
3117 5826 3295 5874 nostris
3317 5829 3582 5875 manuscri-

1993 5885 2089 5948 ptis
2110 5885 2434 5948 censentium,
2458 5886 2550 5935 nisi
2567 5886 2693 5949 quod
2729 5898 2832 5947 Iro,
2853 5892 3119 5951 quantum;
3143 5887 3341 5951 habent,
3366 5887 3580 5941 Quando.
