  <div class='ocr_page' id='page_1' title='image "/cluster/home/n/w/nwhite01/storage/ocr_20150623/39/hvd.32044015471485/047.png"; bbox 0 0 4046 6360; ppageno 0'>
   <div class='ocr_carea' id='block_1_1' title="bbox 557 371 696 434">
    <p class='ocr_par' dir='ltr' id='par_1_1' title="bbox 557 371 696 434">
     <span class='ocr_line' id='line_1_1' title="bbox 557 371 696 434; baseline 0 0"><span class='ocrx_word' id='word_1_1' title='bbox 557 371 696 434; x_wconf 73' lang='lat' dir='ltr'><strong>i567</strong></span> 
     </span>
    </p>
   </div>
   <div class='ocr_carea' id='block_1_2' title="bbox 1768 361 2574 422">
    <p class='ocr_par' dir='ltr' id='par_1_2' title="bbox 1768 361 2574 422">
     <span class='ocr_line' id='line_1_2' title="bbox 1768 361 2574 422; baseline -0.004 0"><span class='ocrx_word' id='word_1_2' title='bbox 1768 365 1826 422; x_wconf 91' lang='lat' dir='ltr'><strong>S.</strong></span> <span class='ocrx_word' id='word_1_3' title='bbox 1866 363 2232 422; x_wconf 81' lang='lat' dir='ltr'><strong>AUGUSTINI</strong></span> <span class='ocrx_word' id='word_1_4' title='bbox 2269 361 2574 422; x_wconf 81' lang='lat' dir='ltr'><strong>EPISCOPI</strong></span> 
     </span>
    </p>
   </div>
   <div class='ocr_carea' id='block_1_3' title="bbox 3663 363 3798 426">
    <p class='ocr_par' dir='ltr' id='par_1_3' title="bbox 3663 363 3798 426">
     <span class='ocr_line' id='line_1_3' title="bbox 3663 363 3798 426; baseline -0.015 0"><span class='ocrx_word' id='word_1_5' title='bbox 3663 363 3798 426; x_wconf 70' lang='grc'><strong>1568</strong></span> 
     </span>
    </p>
   </div>
   <div class='ocr_carea' id='block_1_4' title="bbox 556 461 3798 562">
    <p class='ocr_par' dir='ltr' id='par_1_4' title="bbox 556 461 3798 562">
     <span class='ocr_line' id='line_1_4' title="bbox 556 461 3798 562; baseline -0.002 -16"><span class='ocrx_word' id='word_1_6' title='bbox 556 488 824 546; x_wconf 80' lang='lat' dir='ltr'><strong>consecuti</strong></span> <span class='ocrx_word' id='word_1_7' title='bbox 844 495 966 546; x_wconf 85' lang='lat' dir='ltr'><strong>sunt</strong></span> <span class='ocrx_word' id='word_1_8' title='bbox 983 485 1166 562; x_wconf 80' lang='lat' dir='ltr'><strong>(Num.</strong></span> <span class='ocrx_word' id='word_1_9' title='bbox 1186 485 1286 558; x_wconf 72' lang='grc' dir='ltr'><strong>ιι).</strong></span> <span class='ocrx_word' id='word_1_10' title='bbox 1302 461 1476 543; x_wconf 81' lang='lat' dir='ltr'><strong>Nolite</strong></span> <span class='ocrx_word' id='word_1_11' title='bbox 1495 495 1622 556; x_wconf 86' lang='lat' dir='ltr'><strong>ergo</strong></span> <span class='ocrx_word' id='word_1_12' title='bbox 1641 497 1736 554; x_wconf 89' lang='lat' dir='ltr'><strong>pro</strong></span> <span class='ocrx_word' id='word_1_13' title='bbox 1751 497 1941 553; x_wconf 87' lang='lat' dir='ltr'><strong>magno</strong></span> <span class='ocrx_word' id='word_1_14' title='bbox 1961 482 2131 538; x_wconf 88' lang='lat' dir='ltr'><strong>habe-</strong></span> <span class='ocrx_word' id='word_1_15' title='bbox 2233 480 2540 536; x_wconf 77' lang='lat' dir='ltr'><strong>inveneram</strong></span> <span class='ocrx_word' id='word_1_16' title='bbox 2567 497 2581 535; x_wconf 91' lang='lat'><strong>:</strong></span> <span class='ocrx_word' id='word_1_17' title='bbox 2605 475 2764 536; x_wconf 86' lang='lat' dir='ltr'><strong>modo</strong></span> <span class='ocrx_word' id='word_1_18' title='bbox 2782 478 2902 536; x_wconf 88' lang='lat' dir='ltr'><strong>bina</strong></span> <span class='ocrx_word' id='word_1_19' title='bbox 2922 494 3042 535; x_wconf 92' lang='lat' dir='ltr'><strong>cum</strong></span> <span class='ocrx_word' id='word_1_20' title='bbox 3065 479 3300 548; x_wconf 88' lang='lat' dir='ltr'><strong>intendo,</strong></span> <span class='ocrx_word' id='word_1_21' title='bbox 3325 495 3432 538; x_wconf 92' lang='lat' dir='ltr'><strong>non</strong></span> <span class='ocrx_word' id='word_1_22' title='bbox 3449 482 3634 542; x_wconf 90' lang='lat' dir='ltr'><strong>dubito</strong></span> <span class='ocrx_word' id='word_1_23' title='bbox 3655 498 3798 556; x_wconf 65' lang='lat' dir='ltr'><strong>pra-</strong></span> 
     </span>
    </p>
   </div>
   <div class='ocr_carea' id='block_1_5' title="bbox 553 570 3798 650">
    <p class='ocr_par' dir='ltr' id='par_1_5' title="bbox 553 570 3798 650">
     <span class='ocr_line' id='line_1_5' title="bbox 553 570 3798 650; baseline -0.002 -12"><span class='ocrx_word' id='word_1_24' title='bbox 553 597 637 650; x_wconf 86' lang='lat' dir='ltr'><strong>re,</strong></span> <span class='ocrx_word' id='word_1_25' title='bbox 659 581 894 638; x_wconf 77' lang='lat' dir='ltr'><strong>exaudiri</strong></span> <span class='ocrx_word' id='word_1_26' title='bbox 912 580 978 635; x_wconf 88' lang='lat' dir='ltr'><strong>ad</strong></span> <span class='ocrx_word' id='word_1_27' title='bbox 997 581 1344 634; x_wconf 88' lang='lat' dir='ltr'><strong>voluntatem.</strong></span> <span class='ocrx_word' id='word_1_28' title='bbox 1368 577 1666 646; x_wconf 86' lang='lat' dir='ltr'><strong>Aliquando</strong></span> <span class='ocrx_word' id='word_1_29' title='bbox 1689 577 1826 631; x_wconf 86' lang='lat' dir='ltr'><strong>Deus</strong></span> <span class='ocrx_word' id='word_1_30' title='bbox 1850 576 2013 630; x_wconf 91' lang='lat' dir='ltr'><strong>iratus</strong></span> <span class='ocrx_word' id='word_1_31' title='bbox 2039 573 2128 628; x_wconf 91' lang='lat' dir='ltr'><strong>dat</strong></span> <span class='ocrx_word' id='word_1_32' title='bbox 2232 570 2370 626; x_wconf 87' lang='lat' dir='ltr'><strong>ferre</strong></span> <span class='ocrx_word' id='word_1_33' title='bbox 2409 572 2660 626; x_wconf 81' lang='lat' dir='ltr'><strong>humilem</strong></span> <span class='ocrx_word' id='word_1_34' title='bbox 2704 571 2982 626; x_wconf 84' lang='lat' dir='ltr'><strong>mulierem</strong></span> <span class='ocrx_word' id='word_1_35' title='bbox 3026 571 3214 642; x_wconf 76' lang='lat' dir='ltr'><strong>virgini</strong></span> <span class='ocrx_word' id='word_1_36' title='bbox 3253 574 3512 642; x_wconf 75' lang='lat' dir='ltr'><strong>superbae.</strong></span> <span class='ocrx_word' id='word_1_37' title='bbox 3557 575 3626 631; x_wconf 85' lang='lat' dir='ltr'><strong>Et</strong></span> <span class='ocrx_word' id='word_1_38' title='bbox 3663 590 3798 647; x_wconf 40' lang='lat' dir='ltr'><strong>quoa</strong></span> 
     </span>
    </p>
   </div>
   <div class='ocr_carea' id='block_1_6' title="bbox 553 664 2124 744">
    <p class='ocr_par' dir='ltr' id='par_1_6' title="bbox 553 664 2124 744">
     <span class='ocr_line' id='line_1_6' title="bbox 553 664 2124 744; baseline -0.006 -17"><span class='ocrx_word' id='word_1_39' title='bbox 553 671 697 744; x_wconf 87' lang='lat' dir='ltr'><strong>quod</strong></span> <span class='ocrx_word' id='word_1_40' title='bbox 726 671 878 742; x_wconf 90' lang='lat' dir='ltr'><strong>petis,</strong></span> <span class='ocrx_word' id='word_1_41' title='bbox 906 677 958 724; x_wconf 93' lang='lat' dir='ltr'><strong>et</strong></span> <span class='ocrx_word' id='word_1_42' title='bbox 987 670 1131 724; x_wconf 89' lang='lat' dir='ltr'><strong>Deus</strong></span> <span class='ocrx_word' id='word_1_43' title='bbox 1152 669 1413 739; x_wconf 90' lang='lat' dir='ltr'><strong>propitius</strong></span> <span class='ocrx_word' id='word_1_44' title='bbox 1439 677 1594 738; x_wconf 87' lang='lat' dir='ltr'><strong>negat</strong></span> <span class='ocrx_word' id='word_1_45' title='bbox 1623 667 1762 736; x_wconf 89' lang='lat' dir='ltr'><strong>quod</strong></span> <span class='ocrx_word' id='word_1_46' title='bbox 1795 665 1948 736; x_wconf 88' lang='lat' dir='ltr'><strong>petis.</strong></span> <span class='ocrx_word' id='word_1_47' title='bbox 1991 664 2124 720; x_wconf 91' lang='lat' dir='ltr'><strong>Cum</strong></span> 
     </span>
    </p>
   </div>
   <div class='ocr_carea' id='block_1_7' title="bbox 551 759 2124 832">
    <p class='ocr_par' dir='ltr' id='par_1_7' title="bbox 551 759 2124 832">
     <span class='ocr_line' id='line_1_7' title="bbox 551 759 2124 832; baseline -0.006 -13"><span class='ocrx_word' id='word_1_48' title='bbox 551 778 680 820; x_wconf 83' lang='lat' dir='ltr'><strong>vero</strong></span> <span class='ocrx_word' id='word_1_49' title='bbox 705 778 765 818; x_wconf 91' lang='lat' dir='ltr'><strong>ea</strong></span> <span class='ocrx_word' id='word_1_50' title='bbox 795 777 912 832; x_wconf 71' lang='lat' dir='ltr'><strong>quae</strong></span> <span class='ocrx_word' id='word_1_51' title='bbox 949 761 1087 816; x_wconf 91' lang='lat' dir='ltr'><strong>Deus</strong></span> <span class='ocrx_word' id='word_1_52' title='bbox 1114 762 1322 828; x_wconf 90' lang='lat' dir='ltr'><strong>laudat,</strong></span> <span class='ocrx_word' id='word_1_53' title='bbox 1355 777 1474 831; x_wconf 74' lang='lat' dir='ltr'><strong>qua:</strong></span> <span class='ocrx_word' id='word_1_54' title='bbox 1519 761 1658 815; x_wconf 87' lang='lat' dir='ltr'><strong>Deus</strong></span> <span class='ocrx_word' id='word_1_55' title='bbox 1689 759 1966 830; x_wconf 80' lang='lat' dir='ltr'><strong>praecipit,</strong></span> <span class='ocrx_word' id='word_1_56' title='bbox 2007 772 2124 828; x_wconf 65' lang='lat' dir='ltr'><strong>quae</strong></span> 
     </span>
    </p>
   </div>
   <div class='ocr_carea' id='block_1_8' title="bbox 473 851 2121 928">
    <p class='ocr_par' dir='ltr' id='par_1_8' title="bbox 473 851 2121 928">
     <span class='ocr_line' id='line_1_8' title="bbox 473 851 2121 928; baseline -0.004 -18"><span class='ocrx_word' id='word_1_57' title='bbox 473 921 480 928; x_wconf 31' lang='lat'><em>.</em></span> <span class='ocrx_word' id='word_1_58' title='bbox 552 853 693 910; x_wconf 87' lang='lat' dir='ltr'><strong>Deus</strong></span> <span class='ocrx_word' id='word_1_59' title='bbox 737 855 791 910; x_wconf 89' lang='lat' dir='ltr'><strong>in</strong></span> <span class='ocrx_word' id='word_1_60' title='bbox 837 853 1014 909; x_wconf 81' lang='lat' dir='ltr'><strong>futuro</strong></span> <span class='ocrx_word' id='word_1_61' title='bbox 1065 855 1260 908; x_wconf 57' lang='lat' dir='ltr'><strong>saeculo</strong></span> <span class='ocrx_word' id='word_1_62' title='bbox 1300 853 1597 922; x_wconf 75' lang='lat' dir='ltr'><strong>promittit,</strong></span> <span class='ocrx_word' id='word_1_63' title='bbox 1655 851 1721 906; x_wconf 90' lang='lat' dir='ltr'><strong>ab</strong></span> <span class='ocrx_word' id='word_1_64' title='bbox 1762 852 1851 905; x_wconf 92' lang='lat' dir='ltr'><strong>illo</strong></span> <span class='ocrx_word' id='word_1_65' title='bbox 1907 851 2121 920; x_wconf 84' lang='lat' dir='ltr'><strong>petitis;</strong></span> 
     </span>
    </p>
   </div>
   <div class='ocr_carea' id='block_1_9' title="bbox 551 943 2124 1018">
    <p class='ocr_par' dir='ltr' id='par_1_9' title="bbox 551 943 2124 1018">
     <span class='ocr_line' id='line_1_9' title="bbox 551 943 2124 1018; baseline -0.005 -16"><span class='ocrx_word' id='word_1_66' title='bbox 551 947 724 1002; x_wconf 75' lang='lat' dir='ltr'><strong>securi</strong></span> <span class='ocrx_word' id='word_1_67' title='bbox 753 947 933 1018; x_wconf 80' lang='lat' dir='ltr'><strong>petite,</strong></span> <span class='ocrx_word' id='word_1_68' title='bbox 959 957 1010 1000; x_wconf 89' lang='lat' dir='ltr'><strong>et</strong></span> <span class='ocrx_word' id='word_1_69' title='bbox 1033 947 1339 1010; x_wconf 90' lang='lat' dir='ltr'><strong>incumbite,</strong></span> <span class='ocrx_word' id='word_1_70' title='bbox 1369 953 1624 1016; x_wconf 89' lang='lat' dir='ltr'><strong>quantum</strong></span> <span class='ocrx_word' id='word_1_71' title='bbox 1659 943 1899 1013; x_wconf 86' lang='lat' dir='ltr'><strong>potestis,</strong></span> <span class='ocrx_word' id='word_1_72' title='bbox 1929 945 2124 996; x_wconf 86' lang='lat' dir='ltr'><strong>oratio-</strong></span> 
     </span>
    </p>
   </div>
   <div class='ocr_carea' id='block_1_10' title="bbox 549 1035 2120 1108">
    <p class='ocr_par' dir='ltr' id='par_1_10' title="bbox 549 1035 2120 1108">
     <span class='ocr_line' id='line_1_10' title="bbox 549 1035 2120 1108; baseline -0.004 -14"><span class='ocrx_word' id='word_1_73' title='bbox 549 1039 726 1106; x_wconf 87' lang='lat' dir='ltr'><strong>nibus,</strong></span> <span class='ocrx_word' id='word_1_74' title='bbox 757 1049 812 1095; x_wconf 92' lang='lat' dir='ltr'><strong>ut</strong></span> <span class='ocrx_word' id='word_1_75' title='bbox 841 1040 1080 1096; x_wconf 90' lang='lat' dir='ltr'><strong>sumatis.</strong></span> <span class='ocrx_word' id='word_1_76' title='bbox 1113 1039 1198 1094; x_wconf 88' lang='lat' dir='ltr'><strong>Illa</strong></span> <span class='ocrx_word' id='word_1_77' title='bbox 1230 1039 1372 1094; x_wconf 89' lang='lat' dir='ltr'><strong>enim</strong></span> <span class='ocrx_word' id='word_1_78' title='bbox 1407 1037 1634 1108; x_wconf 90' lang='lat' dir='ltr'><strong>propitio</strong></span> <span class='ocrx_word' id='word_1_79' title='bbox 1659 1037 1769 1092; x_wconf 91' lang='lat' dir='ltr'><strong>Deo</strong></span> <span class='ocrx_word' id='word_1_80' title='bbox 1812 1035 2120 1091; x_wconf 88' lang='lat' dir='ltr'><strong>concedun-</strong></span> 
     </span>
    </p>
   </div>
   <div class='ocr_carea' id='block_1_11' title="bbox 547 1128 2118 1201">
    <p class='ocr_par' dir='ltr' id='par_1_11' title="bbox 547 1128 2118 1201">
     <span class='ocr_line' id='line_1_11' title="bbox 547 1128 2118 1201; baseline -0.001 -17"><span class='ocrx_word' id='word_1_81' title='bbox 547 1137 674 1184; x_wconf 88' lang='lat' dir='ltr'><strong>tur:</strong></span> <span class='ocrx_word' id='word_1_82' title='bbox 705 1129 794 1185; x_wconf 90' lang='lat' dir='ltr'><strong>iIIa</strong></span> <span class='ocrx_word' id='word_1_83' title='bbox 823 1131 937 1201; x_wconf 87' lang='lat' dir='ltr'><strong>ejus</strong></span> <span class='ocrx_word' id='word_1_84' title='bbox 964 1146 1068 1186; x_wconf 90' lang='lat' dir='ltr'><strong>non</strong></span> <span class='ocrx_word' id='word_1_85' title='bbox 1106 1131 1178 1186; x_wconf 90' lang='lat' dir='ltr'><strong>ira</strong></span> <span class='ocrx_word' id='word_1_86' title='bbox 1206 1174 1219 1198; x_wconf 93' lang='lat'><strong>,</strong></span> <span class='ocrx_word' id='word_1_87' title='bbox 1261 1130 1355 1186; x_wconf 90' lang='lat' dir='ltr'><strong>sed</strong></span> <span class='ocrx_word' id='word_1_88' title='bbox 1399 1128 1760 1185; x_wconf 83' lang='lat' dir='ltr'><strong>misericordia</strong></span> <span class='ocrx_word' id='word_1_89' title='bbox 1805 1129 2118 1199; x_wconf 90' lang='lat' dir='ltr'><strong>largiuntur.</strong></span> 
     </span>
    </p>
   </div>
   <div class='ocr_carea' id='block_1_12' title="bbox 546 1221 2118 1294">
    <p class='ocr_par' dir='ltr' id='par_1_12' title="bbox 546 1221 2118 1294">
     <span class='ocr_line' id='line_1_12' title="bbox 546 1221 2118 1294; baseline 0 -18"><span class='ocrx_word' id='word_1_90' title='bbox 546 1223 770 1289; x_wconf 80' lang='lat' dir='ltr'><strong>Quando</strong></span> <span class='ocrx_word' id='word_1_91' title='bbox 795 1232 968 1279; x_wconf 88' lang='lat' dir='ltr'><strong>autem</strong></span> <span class='ocrx_word' id='word_1_92' title='bbox 1007 1225 1185 1294; x_wconf 87' lang='lat' dir='ltr'><strong>petitis</strong></span> <span class='ocrx_word' id='word_1_93' title='bbox 1210 1223 1542 1293; x_wconf 88' lang='lat' dir='ltr'><strong>temporalia,</strong></span> <span class='ocrx_word' id='word_1_94' title='bbox 1575 1237 1694 1276; x_wconf 88' lang='lat' dir='ltr'><strong>cum</strong></span> <span class='ocrx_word' id='word_1_95' title='bbox 1737 1221 1897 1276; x_wconf 91' lang='lat' dir='ltr'><strong>modo</strong></span> <span class='ocrx_word' id='word_1_96' title='bbox 1933 1222 2118 1290; x_wconf 88' lang='lat' dir='ltr'><strong>petite,</strong></span> 
     </span>
    </p>
   </div>
   <div class='ocr_carea' id='block_1_13' title="bbox 545 1305 2117 1383">
    <p class='ocr_par' dir='ltr' id='par_1_13' title="bbox 545 1305 2117 1383">
     <span class='ocr_line' id='line_1_13' title="bbox 545 1305 2117 1383; baseline -0.002 -15"><span class='ocrx_word' id='word_1_97' title='bbox 545 1327 665 1368; x_wconf 87' lang='lat' dir='ltr'><strong>cum</strong></span> <span class='ocrx_word' id='word_1_98' title='bbox 697 1313 883 1369; x_wconf 85' lang='lat' dir='ltr'><strong>timore</strong></span> <span class='ocrx_word' id='word_1_99' title='bbox 899 1316 1061 1383; x_wconf 88' lang='lat' dir='ltr'><strong>petite</strong></span> <span class='ocrx_word' id='word_1_100' title='bbox 1085 1333 1098 1369; x_wconf 89' lang='lat'><strong>:</strong></span> <span class='ocrx_word' id='word_1_101' title='bbox 1119 1313 1194 1369; x_wconf 90' lang='lat' dir='ltr'><strong>illi</strong></span> <span class='ocrx_word' id='word_1_102' title='bbox 1221 1313 1554 1380; x_wconf 87' lang='lat' dir='ltr'><strong>committite,</strong></span> <span class='ocrx_word' id='word_1_103' title='bbox 1581 1305 1640 1368; x_wconf 84' lang='lat' dir='ltr'><strong>ut</strong></span> <span class='ocrx_word' id='word_1_104' title='bbox 1667 1314 1712 1368; x_wconf 91' lang='lat' dir='ltr'><strong>si</strong></span> <span class='ocrx_word' id='word_1_105' title='bbox 1738 1319 1981 1382; x_wconf 85' lang='lat' dir='ltr'><strong>prosunt,</strong></span> <span class='ocrx_word' id='word_1_106' title='bbox 2009 1311 2117 1378; x_wconf 86' lang='lat' dir='ltr'><strong>det;</strong></span> 
     </span>
    </p>
   </div>
   <div class='ocr_carea' id='block_1_14' title="bbox 543 1401 2122 1474">
    <p class='ocr_par' dir='ltr' id='par_1_14' title="bbox 543 1401 2122 1474">
     <span class='ocr_line' id='line_1_14' title="bbox 543 1401 2122 1474; baseline -0.002 -16"><span class='ocrx_word' id='word_1_107' title='bbox 543 1403 588 1458; x_wconf 83' lang='lat' dir='ltr'><strong>si</strong></span> <span class='ocrx_word' id='word_1_108' title='bbox 619 1402 721 1459; x_wconf 84' lang='lat' dir='ltr'><strong>scit</strong></span> <span class='ocrx_word' id='word_1_109' title='bbox 745 1404 932 1460; x_wconf 90' lang='lat' dir='ltr'><strong>obesse</strong></span> <span class='ocrx_word' id='word_1_110' title='bbox 951 1448 965 1472; x_wconf 93' lang='lat'><strong>,</strong></span> <span class='ocrx_word' id='word_1_111' title='bbox 999 1421 1104 1459; x_wconf 90' lang='lat' dir='ltr'><strong>non</strong></span> <span class='ocrx_word' id='word_1_112' title='bbox 1133 1405 1243 1460; x_wconf 90' lang='lat' dir='ltr'><strong>det.</strong></span> <span class='ocrx_word' id='word_1_113' title='bbox 1275 1405 1412 1472; x_wconf 85' lang='lat' dir='ltr'><strong>Quid</strong></span> <span class='ocrx_word' id='word_1_114' title='bbox 1443 1413 1620 1460; x_wconf 90' lang='lat' dir='ltr'><strong>autem</strong></span> <span class='ocrx_word' id='word_1_115' title='bbox 1642 1403 1815 1470; x_wconf 91' lang='lat' dir='ltr'><strong>obsit,</strong></span> <span class='ocrx_word' id='word_1_116' title='bbox 1847 1401 1971 1474; x_wconf 88' lang='lat' dir='ltr'><strong>quid</strong></span> <span class='ocrx_word' id='word_1_117' title='bbox 1999 1415 2122 1472; x_wconf 89' lang='lat' dir='ltr'><strong>pro-</strong></span> 
     </span>
    </p>
   </div>
   <div class='ocr_carea' id='block_1_15' title="bbox 543 1493 1946 1567">
    <p class='ocr_par' dir='ltr' id='par_1_15' title="bbox 543 1493 1946 1567">
     <span class='ocr_line' id='line_1_15' title="bbox 543 1493 1946 1567; baseline 0.005 -21"><span class='ocrx_word' id='word_1_118' title='bbox 543 1493 632 1561; x_wconf 88' lang='lat' dir='ltr'><strong>sit,</strong></span> <span class='ocrx_word' id='word_1_119' title='bbox 660 1493 898 1550; x_wconf 89' lang='lat' dir='ltr'><strong>medicus</strong></span> <span class='ocrx_word' id='word_1_120' title='bbox 921 1497 1086 1562; x_wconf 89' lang='lat' dir='ltr'><strong>novit,</strong></span> <span class='ocrx_word' id='word_1_121' title='bbox 1121 1512 1226 1551; x_wconf 92' lang='lat' dir='ltr'><strong>non</strong></span> <span class='ocrx_word' id='word_1_122' title='bbox 1257 1505 1505 1567; x_wconf 72' lang='lat' dir='ltr'><strong>aegrotus.</strong></span> <span class='ocrx_word' id='word_1_123' title='bbox 1943 1511 1946 1514; x_wconf 51' lang='grc' dir='ltr'>λ</span> 
     </span>
    </p>
   </div>
   <div class='ocr_carea' id='block_1_16' title="bbox 613 1573 2116 1655">
    <p class='ocr_par' dir='ltr' id='par_1_16' title="bbox 613 1573 2116 1655">
     <span class='ocr_line' id='line_1_16' title="bbox 613 1573 2116 1655; baseline -0.001 -15"><span class='ocrx_word' id='word_1_124' title='bbox 613 1573 837 1642; x_wconf 81' lang='lat' dir='ltr'><strong>CAPUT</strong></span> <span class='ocrx_word' id='word_1_125' title='bbox 877 1587 1007 1641; x_wconf 89' lang='lat' dir='ltr'>VIII.</span> <span class='ocrx_word' id='word_1_126' title='bbox 1057 1619 1127 1628; x_wconf 94' lang='lat'><strong>—-</strong></span> <span class='ocrx_word' id='word_1_127' title='bbox 1160 1587 1214 1642; x_wconf 90' lang='lat'><strong>8.</strong></span> <span class='ocrx_word' id='word_1_128' title='bbox 1265 1587 1454 1644; x_wconf 80' lang='lat' dir='ltr'><strong>Contra</strong></span> <span class='ocrx_word' id='word_1_129' title='bbox 1505 1587 1810 1642; x_wconf 77' lang='lat' dir='ltr'><strong>continentes</strong></span> <span class='ocrx_word' id='word_1_130' title='bbox 1855 1585 2116 1655; x_wconf 76' lang='lat' dir='ltr'><strong>superbos.</strong></span> 
     </span>
    </p>
   </div>
   <div class='ocr_carea' id='block_1_17' title="bbox 541 1673 2116 1749">
    <p class='ocr_par' dir='ltr' id='par_1_17' title="bbox 541 1673 2116 1749">
     <span class='ocr_line' id='line_1_17' title="bbox 541 1673 2116 1749; baseline -0.001 -16"><span class='ocrx_word' id='word_1_131' title='bbox 541 1673 676 1733; x_wconf 84' lang='lat' dir='ltr'><strong>Sunt</strong></span> <span class='ocrx_word' id='word_1_132' title='bbox 703 1693 832 1749; x_wconf 88' lang='lat' dir='ltr'><strong>ergo</strong></span> <span class='ocrx_word' id='word_1_133' title='bbox 870 1680 1205 1735; x_wconf 85' lang='lat' dir='ltr'><strong>continentes</strong></span> <span class='ocrx_word' id='word_1_134' title='bbox 1255 1681 1521 1748; x_wconf 84' lang='lat' dir='ltr'><strong>humiles,</strong></span> <span class='ocrx_word' id='word_1_135' title='bbox 1567 1688 1691 1736; x_wconf 90' lang='lat' dir='ltr'><strong>sunt</strong></span> <span class='ocrx_word' id='word_1_136' title='bbox 1733 1678 1968 1749; x_wconf 90' lang='lat' dir='ltr'><strong>superbi.</strong></span> <span class='ocrx_word' id='word_1_137' title='bbox 2001 1677 2116 1732; x_wconf 88' lang='lat' dir='ltr'><strong>Non</strong></span> 
     </span>
    </p>
   </div>
   <div class='ocr_carea' id='block_1_18' title="bbox 541 1767 2117 1841">
    <p class='ocr_par' dir='ltr' id='par_1_18' title="bbox 541 1767 2117 1841">
     <span class='ocr_line' id='line_1_18' title="bbox 541 1767 2117 1841; baseline 0 -20"><span class='ocrx_word' id='word_1_138' title='bbox 541 1767 640 1822; x_wconf 90' lang='lat' dir='ltr'><strong>sibi</strong></span> <span class='ocrx_word' id='word_1_139' title='bbox 667 1769 974 1837; x_wconf 90' lang='lat' dir='ltr'><strong>promittant</strong></span> <span class='ocrx_word' id='word_1_140' title='bbox 999 1771 1214 1840; x_wconf 84' lang='lat' dir='ltr'><strong>superbi</strong></span> <span class='ocrx_word' id='word_1_141' title='bbox 1251 1787 1470 1841; x_wconf 83' lang='lat' dir='ltr'><strong>regnum</strong></span> <span class='ocrx_word' id='word_1_142' title='bbox 1499 1770 1612 1824; x_wconf 90' lang='lat' dir='ltr'><strong>Dei.</strong></span> <span class='ocrx_word' id='word_1_143' title='bbox 1644 1769 2004 1825; x_wconf 81' lang='lat' dir='ltr'><strong>Excellentior</strong></span> <span class='ocrx_word' id='word_1_144' title='bbox 2033 1767 2117 1821; x_wconf 87' lang='lat' dir='ltr'><strong>lo-</strong></span> 
     </span>
    </p>
   </div>
   <div class='ocr_carea' id='block_1_19' title="bbox 541 1861 2117 1932">
    <p class='ocr_par' dir='ltr' id='par_1_19' title="bbox 541 1861 2117 1932">
     <span class='ocr_line' id='line_1_19' title="bbox 541 1861 2117 1932; baseline 0 -19"><span class='ocrx_word' id='word_1_145' title='bbox 541 1873 635 1914; x_wconf 91' lang='lat' dir='ltr'><strong>cus</strong></span> <span class='ocrx_word' id='word_1_146' title='bbox 665 1869 766 1926; x_wconf 90' lang='lat' dir='ltr'><strong>est,</strong></span> <span class='ocrx_word' id='word_1_147' title='bbox 795 1875 902 1932; x_wconf 94' lang='lat' dir='ltr'><strong>quo</strong></span> <span class='ocrx_word' id='word_1_148' title='bbox 923 1861 1065 1916; x_wconf 92' lang='lat' dir='ltr'><strong>ducit</strong></span> <span class='ocrx_word' id='word_1_149' title='bbox 1089 1863 1410 1918; x_wconf 81' lang='lat' dir='ltr'><strong>continentia</strong></span> <span class='ocrx_word' id='word_1_150' title='bbox 1436 1880 1448 1914; x_wconf 96' lang='lat'><strong>:</strong></span> <span class='ocrx_word' id='word_1_151' title='bbox 1476 1862 1568 1918; x_wconf 91' lang='lat' dir='ltr'><strong>sed</strong></span> <span class='ocrx_word' id='word_1_152' title='bbox 1591 1864 1677 1932; x_wconf 79' lang='lat' dir='ltr'><strong>qui</strong></span> <span class='ocrx_word' id='word_1_153' title='bbox 1700 1879 1754 1917; x_wconf 83' lang='lat' dir='ltr'><strong>se</strong></span> <span class='ocrx_word' id='word_1_154' title='bbox 1782 1861 1990 1926; x_wconf 67' lang='lat' dir='ltr'><strong>exultat,</strong></span> <span class='ocrx_word' id='word_1_155' title='bbox 2024 1861 2117 1914; x_wconf 83' lang='lat' dir='ltr'><strong>hu-</strong></span> 
     </span>
    </p>
   </div>
   <div class='ocr_carea' id='block_1_20' title="bbox 540 1951 2114 2027">
    <p class='ocr_par' dir='ltr' id='par_1_20' title="bbox 540 1951 2114 2027">
     <span class='ocr_line' id='line_1_20' title="bbox 540 1951 2114 2027; baseline 0.001 -24"><span class='ocrx_word' id='word_1_156' title='bbox 540 1951 816 2008; x_wconf 79' lang='lat' dir='ltr'><strong>miliabitur</strong></span> <span class='ocrx_word' id='word_1_157' title='bbox 830 1951 982 2022; x_wconf 85' lang='lat' dir='ltr'><strong>(Luc.</strong></span> <span class='ocrx_word' id='word_1_158' title='bbox 1004 1970 1116 2023; x_wconf 79' lang='lat' dir='ltr'><strong>xw,</strong></span> <span class='ocrx_word' id='word_1_159' title='bbox 1137 1953 1246 2027; x_wconf 87' lang='lat' dir='ltr'>II).</span> <span class='ocrx_word' id='word_1_160' title='bbox 1267 1954 1400 2022; x_wconf 85' lang='lat' dir='ltr'><strong>Quid</strong></span> <span class='ocrx_word' id='word_1_161' title='bbox 1421 1956 1614 2026; x_wconf 72' lang='lat' dir='ltr'><strong>qumris</strong></span> <span class='ocrx_word' id='word_1_162' title='bbox 1639 1953 1920 2010; x_wconf 89' lang='lat' dir='ltr'><strong>celsiorem</strong></span> <span class='ocrx_word' id='word_1_163' title='bbox 1939 1953 2114 2008; x_wconf 91' lang='lat' dir='ltr'><strong>locum</strong></span> 
     </span>
    </p>
   </div>
   <div class='ocr_carea' id='block_1_21' title="bbox 539 2046 2116 2118">
    <p class='ocr_par' dir='ltr' id='par_1_21' title="bbox 539 2046 2116 2118">
     <span class='ocr_line' id='line_1_21' title="bbox 539 2046 2116 2118; baseline 0.002 -20"><span class='ocrx_word' id='word_1_164' title='bbox 539 2046 772 2114; x_wconf 87' lang='lat' dir='ltr'><strong>appetitu</strong></span> <span class='ocrx_word' id='word_1_165' title='bbox 817 2046 1166 2114; x_wconf 87' lang='lat' dir='ltr'><strong>celsitudinis,</strong></span> <span class='ocrx_word' id='word_1_166' title='bbox 1204 2064 1361 2118; x_wconf 87' lang='lat' dir='ltr'><strong>quem</strong></span> <span class='ocrx_word' id='word_1_167' title='bbox 1406 2057 1557 2118; x_wconf 87' lang='lat' dir='ltr'><strong>potes</strong></span> <span class='ocrx_word' id='word_1_168' title='bbox 1601 2047 2004 2118; x_wconf 88' lang='lat' dir='ltr'><strong>apprehendere</strong></span> <span class='ocrx_word' id='word_1_169' title='bbox 2031 2063 2116 2101; x_wconf 91' lang='lat' dir='ltr'><strong>re-</strong></span> 
     </span>
    </p>
   </div>
   <div class='ocr_carea' id='block_1_22' title="bbox 539 2139 2114 2209">
    <p class='ocr_par' dir='ltr' id='par_1_22' title="bbox 539 2139 2114 2209">
     <span class='ocr_line' id='line_1_22' title="bbox 539 2139 2114 2209; baseline 0.001 -17"><span class='ocrx_word' id='word_1_170' title='bbox 539 2139 776 2194; x_wconf 89' lang='lat' dir='ltr'><strong>tentione</strong></span> <span class='ocrx_word' id='word_1_171' title='bbox 800 2139 1149 2194; x_wconf 78' lang='lat' dir='ltr'><strong>humilitatis?</strong></span> <span class='ocrx_word' id='word_1_172' title='bbox 1171 2140 1226 2197; x_wconf 90' lang='lat' dir='ltr'><strong>Si</strong></span> <span class='ocrx_word' id='word_1_173' title='bbox 1251 2141 1461 2196; x_wconf 80' lang='lat' dir='ltr'><strong>extollis</strong></span> <span class='ocrx_word' id='word_1_174' title='bbox 1485 2147 1559 2207; x_wconf 92' lang='lat' dir='ltr'><strong>te,</strong></span> <span class='ocrx_word' id='word_1_175' title='bbox 1585 2140 1728 2195; x_wconf 91' lang='lat' dir='ltr'><strong>Deus</strong></span> <span class='ocrx_word' id='word_1_176' title='bbox 1757 2140 1935 2209; x_wconf 90' lang='lat' dir='ltr'><strong>dejicit</strong></span> <span class='ocrx_word' id='word_1_177' title='bbox 1958 2150 2008 2194; x_wconf 92' lang='lat' dir='ltr'><strong>te</strong></span> <span class='ocrx_word' id='word_1_178' title='bbox 2031 2157 2046 2192; x_wconf 90' lang='lat'><strong>:</strong></span> <span class='ocrx_word' id='word_1_179' title='bbox 2070 2141 2114 2193; x_wconf 86' lang='lat' dir='ltr'><strong>si</strong></span> 
     </span>
    </p>
   </div>
   <div class='ocr_carea' id='block_1_23' title="bbox 538 2228 2195 2299">
    <p class='ocr_par' dir='ltr' id='par_1_23' title="bbox 538 2228 2195 2299">
     <span class='ocr_line' id='line_1_23' title="bbox 538 2228 2195 2299; baseline 0.005 -16"><span class='ocrx_word' id='word_1_180' title='bbox 538 2235 595 2283; x_wconf 92' lang='lat' dir='ltr'><strong>tu</strong></span> <span class='ocrx_word' id='word_1_181' title='bbox 619 2228 804 2299; x_wconf 90' lang='lat' dir='ltr'><strong>dejicis</strong></span> <span class='ocrx_word' id='word_1_182' title='bbox 823 2237 894 2294; x_wconf 90' lang='lat' dir='ltr'><strong>te,</strong></span> <span class='ocrx_word' id='word_1_183' title='bbox 919 2231 1058 2286; x_wconf 91' lang='lat' dir='ltr'><strong>Deus</strong></span> <span class='ocrx_word' id='word_1_184' title='bbox 1077 2231 1248 2286; x_wconf 85' lang='lat' dir='ltr'><strong>elevat</strong></span> <span class='ocrx_word' id='word_1_185' title='bbox 1263 2242 1332 2286; x_wconf 92' lang='lat' dir='ltr'><strong>te.</strong></span> <span class='ocrx_word' id='word_1_186' title='bbox 1357 2231 1630 2287; x_wconf 89' lang='lat' dir='ltr'><strong>Sententia</strong></span> <span class='ocrx_word' id='word_1_187' title='bbox 1651 2232 1862 2286; x_wconf 91' lang='lat' dir='ltr'><strong>Domini</strong></span> <span class='ocrx_word' id='word_1_188' title='bbox 1883 2240 1966 2286; x_wconf 88' lang='lat' dir='ltr'><strong>est</strong></span> <span class='ocrx_word' id='word_1_189' title='bbox 1985 2249 1996 2283; x_wconf 91' lang='lat'>:</span> <span class='ocrx_word' id='word_1_190' title='bbox 2017 2245 2116 2286; x_wconf 92' lang='lat' dir='ltr'><strong>nec</strong></span> <span class='ocrx_word' id='word_1_191' title='bbox 2187 2285 2195 2291; x_wconf 84' lang='lat'><strong>.</strong></span> 
     </span>
    </p>
   </div>
   <div class='ocr_carea' id='block_1_24' title="bbox 535 2320 2114 2392">
    <p class='ocr_par' dir='ltr' id='par_1_24' title="bbox 535 2320 2114 2392">
     <span class='ocr_line' id='line_1_24' title="bbox 535 2320 2114 2392; baseline 0.001 -16"><span class='ocrx_word' id='word_1_192' title='bbox 535 2320 656 2376; x_wconf 83' lang='lat' dir='ltr'><strong>addi</strong></span> <span class='ocrx_word' id='word_1_193' title='bbox 701 2322 899 2392; x_wconf 90' lang='lat' dir='ltr'><strong>aliquid</strong></span> <span class='ocrx_word' id='word_1_194' title='bbox 919 2365 934 2388; x_wconf 96' lang='lat'><strong>,</strong></span> <span class='ocrx_word' id='word_1_195' title='bbox 967 2337 1066 2379; x_wconf 90' lang='lat' dir='ltr'><strong>nec</strong></span> <span class='ocrx_word' id='word_1_196' title='bbox 1089 2322 1293 2377; x_wconf 86' lang='lat' dir='ltr'><strong>detrahi</strong></span> <span class='ocrx_word' id='word_1_197' title='bbox 1321 2331 1512 2392; x_wconf 89' lang='lat' dir='ltr'><strong>potest.</strong></span> <span class='ocrx_word' id='word_1_198' title='bbox 1567 2322 1744 2392; x_wconf 90' lang='lat' dir='ltr'><strong>Usque</strong></span> <span class='ocrx_word' id='word_1_199' title='bbox 1770 2322 1904 2378; x_wconf 89' lang='lat' dir='ltr'><strong>adeo</strong></span> <span class='ocrx_word' id='word_1_200' title='bbox 1936 2330 2114 2377; x_wconf 89' lang='lat' dir='ltr'><strong>autem</strong></span> 
     </span>
    </p>
   </div>
   <div class='ocr_carea' id='block_1_25' title="bbox 537 2415 2112 2486">
    <p class='ocr_par' dir='ltr' id='par_1_25' title="bbox 537 2415 2112 2486">
     <span class='ocr_line' id='line_1_25' title="bbox 537 2415 2112 2486; baseline 0.003 -20"><span class='ocrx_word' id='word_1_201' title='bbox 537 2415 872 2470; x_wconf 89' lang='lat' dir='ltr'><strong>continentes</strong></span> <span class='ocrx_word' id='word_1_202' title='bbox 905 2415 1150 2470; x_wconf 88' lang='lat' dir='ltr'><strong>homines</strong></span> <span class='ocrx_word' id='word_1_203' title='bbox 1191 2415 1504 2486; x_wconf 87' lang='lat' dir='ltr'><strong>plerumque</strong></span> <span class='ocrx_word' id='word_1_204' title='bbox 1533 2417 1846 2486; x_wconf 89' lang='lat' dir='ltr'><strong>superbiunt</strong></span> <span class='ocrx_word' id='word_1_205' title='bbox 1867 2459 1882 2484; x_wconf 93' lang='lat'><strong>,</strong></span> <span class='ocrx_word' id='word_1_206' title='bbox 1913 2425 1970 2471; x_wconf 93' lang='lat' dir='ltr'><strong>ut</strong></span> <span class='ocrx_word' id='word_1_207' title='bbox 2007 2431 2112 2471; x_wconf 92' lang='lat' dir='ltr'><strong>non</strong></span> 
     </span>
    </p>
   </div>
   <div class='ocr_carea' id='block_1_26' title="bbox 535 2505 2112 2578">
    <p class='ocr_par' dir='ltr' id='par_1_26' title="bbox 535 2505 2112 2578">
     <span class='ocr_line' id='line_1_26' title="bbox 535 2505 2112 2578; baseline 0.001 -17"><span class='ocrx_word' id='word_1_208' title='bbox 535 2505 706 2561; x_wconf 83' lang='lat' dir='ltr'><strong>solum</strong></span> <span class='ocrx_word' id='word_1_209' title='bbox 741 2505 1160 2578; x_wconf 85' lang='lat' dir='ltr'><strong>quibuscumque</strong></span> <span class='ocrx_word' id='word_1_210' title='bbox 1187 2507 1489 2562; x_wconf 89' lang='lat' dir='ltr'><strong>hominibus</strong></span> <span class='ocrx_word' id='word_1_211' title='bbox 1510 2549 1524 2574; x_wconf 93' lang='lat'><strong>,</strong></span> <span class='ocrx_word' id='word_1_212' title='bbox 1561 2506 1656 2562; x_wconf 84' lang='lat' dir='ltr'><strong>sed</strong></span> <span class='ocrx_word' id='word_1_213' title='bbox 1687 2508 1844 2562; x_wconf 87' lang='lat' dir='ltr'><strong>etiam</strong></span> <span class='ocrx_word' id='word_1_214' title='bbox 1875 2508 2112 2578; x_wconf 84' lang='lat' dir='ltr'><strong>parenti-</strong></span> 
     </span>
    </p>
   </div>
   <div class='ocr_carea' id='block_1_27' title="bbox 535 2595 2107 2669">
    <p class='ocr_par' dir='ltr' id='par_1_27' title="bbox 535 2595 2107 2669">
     <span class='ocr_line' id='line_1_27' title="bbox 535 2595 2107 2669; baseline 0.001 -19"><span class='ocrx_word' id='word_1_215' title='bbox 535 2595 634 2650; x_wconf 89' lang='lat' dir='ltr'><strong>bus</strong></span> <span class='ocrx_word' id='word_1_216' title='bbox 673 2597 860 2666; x_wconf 91' lang='lat' dir='ltr'><strong>ingrati</strong></span> <span class='ocrx_word' id='word_1_217' title='bbox 900 2598 1034 2664; x_wconf 89' lang='lat' dir='ltr'><strong>sint,</strong></span> <span class='ocrx_word' id='word_1_218' title='bbox 1080 2605 1135 2652; x_wconf 92' lang='lat' dir='ltr'><strong>et</strong></span> <span class='ocrx_word' id='word_1_219' title='bbox 1183 2599 1440 2654; x_wconf 88' lang='lat' dir='ltr'><strong>adversus</strong></span> <span class='ocrx_word' id='word_1_220' title='bbox 1472 2605 1719 2669; x_wconf 90' lang='lat' dir='ltr'><strong>parentes</strong></span> <span class='ocrx_word' id='word_1_221' title='bbox 1761 2599 2107 2654; x_wconf 83' lang='lat' dir='ltr'><strong>extollantur.</strong></span> 
     </span>
    </p>
   </div>
   <div class='ocr_carea' id='block_1_28' title="bbox 535 2687 2112 2762">
    <p class='ocr_par' dir='ltr' id='par_1_28' title="bbox 535 2687 2112 2762">
     <span class='ocr_line' id='line_1_28' title="bbox 535 2687 2112 2762; baseline 0.003 -18"><span class='ocrx_word' id='word_1_222' title='bbox 535 2687 748 2753; x_wconf 80' lang='lat' dir='ltr'><strong>Quare?</strong></span> <span class='ocrx_word' id='word_1_223' title='bbox 773 2687 906 2758; x_wconf 87' lang='lat' dir='ltr'><strong>Quia</strong></span> <span class='ocrx_word' id='word_1_224' title='bbox 942 2689 1014 2744; x_wconf 91' lang='lat' dir='ltr'><strong>illi</strong></span> <span class='ocrx_word' id='word_1_225' title='bbox 1053 2699 1386 2762; x_wconf 87' lang='lat' dir='ltr'><strong>genuerunt,</strong></span> <span class='ocrx_word' id='word_1_226' title='bbox 1417 2690 1506 2747; x_wconf 88' lang='lat' dir='ltr'><strong>isti</strong></span> <span class='ocrx_word' id='word_1_227' title='bbox 1533 2693 1745 2762; x_wconf 86' lang='lat' dir='ltr'><strong>nuptias</strong></span> <span class='ocrx_word' id='word_1_228' title='bbox 1768 2701 2112 2762; x_wconf 91' lang='lat' dir='ltr'><strong>contempse-</strong></span> 
     </span>
    </p>
   </div>
   <div class='ocr_carea' id='block_1_29' title="bbox 535 2779 2107 2856">
    <p class='ocr_par' dir='ltr' id='par_1_29' title="bbox 535 2779 2107 2856">
     <span class='ocr_line' id='line_1_29' title="bbox 535 2779 2107 2856; baseline 0.005 -22"><span class='ocrx_word' id='word_1_229' title='bbox 535 2789 679 2836; x_wconf 91' lang='lat' dir='ltr'><strong>runt.</strong></span> <span class='ocrx_word' id='word_1_230' title='bbox 711 2779 869 2838; x_wconf 90' lang='lat' dir='ltr'><strong>Unde</strong></span> <span class='ocrx_word' id='word_1_231' title='bbox 897 2782 1084 2854; x_wconf 77' lang='lat' dir='ltr'><strong>ingrati</strong></span> <span class='ocrx_word' id='word_1_232' title='bbox 1101 2793 1280 2840; x_wconf 89' lang='lat' dir='ltr'><strong>essent</strong></span> <span class='ocrx_word' id='word_1_233' title='bbox 1298 2785 1386 2855; x_wconf 89' lang='lat' dir='ltr'><strong>qui</strong></span> <span class='ocrx_word' id='word_1_234' title='bbox 1405 2785 1616 2856; x_wconf 84' lang='lat' dir='ltr'><strong>nuptias</strong></span> <span class='ocrx_word' id='word_1_235' title='bbox 1635 2787 2107 2856; x_wconf 89' lang='lat' dir='ltr'><strong>contempsissent,</strong></span> 
     </span>
    </p>
   </div>
   <div class='ocr_carea' id='block_1_30' title="bbox 535 2873 2110 2948">
    <p class='ocr_par' dir='ltr' id='par_1_30' title="bbox 535 2873 2110 2948">
     <span class='ocr_line' id='line_1_30' title="bbox 535 2873 2110 2948; baseline 0.004 -20"><span class='ocrx_word' id='word_1_236' title='bbox 535 2873 638 2928; x_wconf 90' lang='lat' dir='ltr'><strong>nisi</strong></span> <span class='ocrx_word' id='word_1_237' title='bbox 683 2873 756 2930; x_wconf 92' lang='lat' dir='ltr'><strong>illi</strong></span> <span class='ocrx_word' id='word_1_238' title='bbox 795 2875 1138 2946; x_wconf 80' lang='lat' dir='ltr'><strong>genuissent?</strong></span> <span class='ocrx_word' id='word_1_239' title='bbox 1174 2876 1278 2933; x_wconf 89' lang='lat' dir='ltr'><strong>Sed</strong></span> <span class='ocrx_word' id='word_1_240' title='bbox 1317 2877 1508 2932; x_wconf 86' lang='lat' dir='ltr'><strong>melior</strong></span> <span class='ocrx_word' id='word_1_241' title='bbox 1535 2885 1618 2932; x_wconf 91' lang='lat' dir='ltr'><strong>est</strong></span> <span class='ocrx_word' id='word_1_242' title='bbox 1655 2877 1794 2934; x_wconf 84' lang='lat' dir='ltr'><strong>ﬁlius</strong></span> <span class='ocrx_word' id='word_1_243' title='bbox 1829 2889 1980 2948; x_wconf 81' lang='lat' dir='ltr'><strong>patre</strong></span> <span class='ocrx_word' id='word_1_244' title='bbox 2009 2893 2110 2934; x_wconf 91' lang='lat' dir='ltr'><strong>suo</strong></span> 
     </span>
    </p>
   </div>
   <div class='ocr_carea' id='block_1_31' title="bbox 535 2965 2112 3036">
    <p class='ocr_par' dir='ltr' id='par_1_31' title="bbox 535 2965 2112 3036">
     <span class='ocr_line' id='line_1_31' title="bbox 535 2965 2112 3036; baseline 0.006 -20"><span class='ocrx_word' id='word_1_245' title='bbox 535 2965 835 3034; x_wconf 86' lang='lat' dir='ltr'><strong>conjugato,</strong></span> <span class='ocrx_word' id='word_1_246' title='bbox 863 2966 984 3035; x_wconf 86' lang='lat' dir='ltr'><strong>quia</strong></span> <span class='ocrx_word' id='word_1_247' title='bbox 1015 2966 1130 3036; x_wconf 88' lang='lat' dir='ltr'><strong>ipse</strong></span> <span class='ocrx_word' id='word_1_248' title='bbox 1157 2981 1262 3022; x_wconf 91' lang='lat' dir='ltr'><strong>non</strong></span> <span class='ocrx_word' id='word_1_249' title='bbox 1290 2967 1439 3022; x_wconf 81' lang='lat' dir='ltr'><strong>duxit</strong></span> <span class='ocrx_word' id='word_1_250' title='bbox 1457 2983 1676 3023; x_wconf 81' lang='lat' dir='ltr'><strong>uxorem</strong></span> <span class='ocrx_word' id='word_1_251' title='bbox 1701 2977 1786 3024; x_wconf 91' lang='lat' dir='ltr'><strong>:et</strong></span> <span class='ocrx_word' id='word_1_252' title='bbox 1811 2971 2000 3025; x_wconf 87' lang='lat' dir='ltr'><strong>melior</strong></span> <span class='ocrx_word' id='word_1_253' title='bbox 2030 2981 2112 3026; x_wconf 84' lang='lat' dir='ltr'><strong>est</strong></span> 
     </span>
    </p>
   </div>
   <div class='ocr_carea' id='block_1_32' title="bbox 537 3054 2112 3130">
    <p class='ocr_par' dir='ltr' id='par_1_32' title="bbox 537 3054 2112 3130">
     <span class='ocr_line' id='line_1_32' title="bbox 537 3054 2112 3130; baseline 0.005 -23"><span class='ocrx_word' id='word_1_254' title='bbox 537 3054 642 3108; x_wconf 84' lang='lat' dir='ltr'><strong>filia</strong></span> <span class='ocrx_word' id='word_1_255' title='bbox 671 3065 842 3112; x_wconf 87' lang='lat' dir='ltr'><strong>matre</strong></span> <span class='ocrx_word' id='word_1_256' title='bbox 879 3071 973 3113; x_wconf 86' lang='lat' dir='ltr'><strong>sua</strong></span> <span class='ocrx_word' id='word_1_257' title='bbox 1013 3058 1256 3113; x_wconf 89' lang='lat' dir='ltr'><strong>maritata</strong></span> <span class='ocrx_word' id='word_1_258' title='bbox 1279 3099 1296 3127; x_wconf 93' lang='lat'><strong>,</strong></span> <span class='ocrx_word' id='word_1_259' title='bbox 1331 3059 1452 3130; x_wconf 91' lang='lat' dir='ltr'><strong>quia</strong></span> <span class='ocrx_word' id='word_1_260' title='bbox 1473 3059 1586 3129; x_wconf 91' lang='lat' dir='ltr'><strong>ipsa</strong></span> <span class='ocrx_word' id='word_1_261' title='bbox 1630 3075 1738 3115; x_wconf 91' lang='lat' dir='ltr'><strong>non</strong></span> <span class='ocrx_word' id='word_1_262' title='bbox 1767 3061 2008 3130; x_wconf 51' lang='lat' dir='ltr'><strong>quaesivit</strong></span> <span class='ocrx_word' id='word_1_263' title='bbox 2032 3063 2112 3115; x_wconf 88' lang='lat' dir='ltr'><strong>vi-</strong></span> 
     </span>
    </p>
   </div>
   <div class='ocr_carea' id='block_1_33' title="bbox 535 3147 2107 3218">
    <p class='ocr_par' dir='ltr' id='par_1_33' title="bbox 535 3147 2107 3218">
     <span class='ocr_line' id='line_1_33' title="bbox 535 3147 2107 3218; baseline 0.005 -20"><span class='ocrx_word' id='word_1_264' title='bbox 535 3161 674 3200; x_wconf 86' lang='lat' dir='ltr'><strong>rum.</strong></span> <span class='ocrx_word' id='word_1_265' title='bbox 718 3148 770 3202; x_wconf 90' lang='lat' dir='ltr'><strong>Si</strong></span> <span class='ocrx_word' id='word_1_266' title='bbox 813 3147 1112 3218; x_wconf 87' lang='lat' dir='ltr'><strong>superbior,</strong></span> <span class='ocrx_word' id='word_1_267' title='bbox 1139 3149 1287 3204; x_wconf 90' lang='lat' dir='ltr'><strong>nullo</strong></span> <span class='ocrx_word' id='word_1_268' title='bbox 1315 3150 1474 3205; x_wconf 89' lang='lat' dir='ltr'><strong>modo</strong></span> <span class='ocrx_word' id='word_1_269' title='bbox 1513 3151 1703 3206; x_wconf 88' lang='lat' dir='ltr'><strong>melior</strong></span> <span class='ocrx_word' id='word_1_270' title='bbox 1745 3168 1759 3204; x_wconf 87' lang='lat'><strong>:</strong></span> <span class='ocrx_word' id='word_1_271' title='bbox 1801 3152 1844 3206; x_wconf 87' lang='lat' dir='ltr'><strong>si</strong></span> <span class='ocrx_word' id='word_1_272' title='bbox 1890 3152 2107 3217; x_wconf 91' lang='lat' dir='ltr'><strong>melior,</strong></span> 
     </span>
    </p>
   </div>
   <div class='ocr_carea' id='block_1_34' title="bbox 535 3239 2113 3300">
    <p class='ocr_par' dir='ltr' id='par_1_34' title="bbox 535 3239 2113 3300">
     <span class='ocr_line' id='line_1_34' title="bbox 535 3239 2113 3300; baseline 0.005 -8"><span class='ocrx_word' id='word_1_273' title='bbox 535 3240 648 3294; x_wconf 92' lang='lat' dir='ltr'><strong>sine</strong></span> <span class='ocrx_word' id='word_1_274' title='bbox 687 3239 1013 3298; x_wconf 88' lang='lat' dir='ltr'><strong>dubitatione</strong></span> <span class='ocrx_word' id='word_1_275' title='bbox 1045 3242 1311 3298; x_wconf 90' lang='lat' dir='ltr'><strong>humilior.</strong></span> <span class='ocrx_word' id='word_1_276' title='bbox 1357 3241 1414 3297; x_wconf 93' lang='lat' dir='ltr'><strong>Si</strong></span> <span class='ocrx_word' id='word_1_277' title='bbox 1451 3242 1529 3298; x_wconf 87' lang='lat' dir='ltr'><strong>vis</strong></span> <span class='ocrx_word' id='word_1_278' title='bbox 1572 3251 1626 3298; x_wconf 91' lang='lat' dir='ltr'><strong>te</strong></span> <span class='ocrx_word' id='word_1_279' title='bbox 1651 3244 1888 3300; x_wconf 86' lang='lat' dir='ltr'><strong>invenire</strong></span> <span class='ocrx_word' id='word_1_280' title='bbox 1923 3243 2113 3300; x_wconf 88' lang='lat' dir='ltr'><strong>melio-</strong></span> 
     </span>
    </p>
   </div>
   <div class='ocr_carea' id='block_1_35' title="bbox 533 3332 2106 3404">
    <p class='ocr_par' dir='ltr' id='par_1_35' title="bbox 533 3332 2106 3404">
     <span class='ocr_line' id='line_1_35' title="bbox 533 3332 2106 3404; baseline 0.004 -20"><span class='ocrx_word' id='word_1_281' title='bbox 533 3345 670 3398; x_wconf 86' lang='lat' dir='ltr'><strong>rem,</strong></span> <span class='ocrx_word' id='word_1_282' title='bbox 701 3332 964 3404; x_wconf 87' lang='lat' dir='ltr'><strong>interroga</strong></span> <span class='ocrx_word' id='word_1_283' title='bbox 984 3333 1214 3388; x_wconf 88' lang='lat' dir='ltr'><strong>animam</strong></span> <span class='ocrx_word' id='word_1_284' title='bbox 1235 3343 1402 3402; x_wconf 90' lang='lat' dir='ltr'><strong>tuam,</strong></span> <span class='ocrx_word' id='word_1_285' title='bbox 1423 3334 1470 3390; x_wconf 91' lang='lat' dir='ltr'><strong>si</strong></span> <span class='ocrx_word' id='word_1_286' title='bbox 1493 3333 1641 3389; x_wconf 86' lang='lat' dir='ltr'><strong>vides</strong></span> <span class='ocrx_word' id='word_1_287' title='bbox 1663 3335 1736 3389; x_wconf 91' lang='lat' dir='ltr'><strong>ibi</strong></span> <span class='ocrx_word' id='word_1_288' title='bbox 1757 3334 2106 3390; x_wconf 83' lang='lat' dir='ltr'><strong>inﬂationem.</strong></span> 
     </span>
    </p>
   </div>
   <div class='ocr_carea' id='block_1_36' title="bbox 537 3421 2111 3494">
    <p class='ocr_par' dir='ltr' id='par_1_36' title="bbox 537 3421 2111 3494">
     <span class='ocr_line' id='line_1_36' title="bbox 537 3421 2111 3494; baseline 0.004 -16"><span class='ocrx_word' id='word_1_289' title='bbox 537 3421 638 3478; x_wconf 89' lang='lat' dir='ltr'><strong>Ubi</strong></span> <span class='ocrx_word' id='word_1_290' title='bbox 667 3423 866 3480; x_wconf 82' lang='lat' dir='ltr'><strong>inflatio</strong></span> <span class='ocrx_word' id='word_1_291' title='bbox 890 3434 992 3494; x_wconf 91' lang='lat' dir='ltr'><strong>est,</strong></span> <span class='ocrx_word' id='word_1_292' title='bbox 1019 3427 1245 3482; x_wconf 87' lang='lat' dir='ltr'><strong>inanitas</strong></span> <span class='ocrx_word' id='word_1_293' title='bbox 1263 3435 1364 3483; x_wconf 90' lang='lat' dir='ltr'><strong>est.</strong></span> <span class='ocrx_word' id='word_1_294' title='bbox 1389 3427 1642 3484; x_wconf 86' lang='lat' dir='ltr'><strong>Diabolus</strong></span> <span class='ocrx_word' id='word_1_295' title='bbox 1667 3427 1757 3484; x_wconf 91' lang='lat' dir='ltr'><strong>ubi</strong></span> <span class='ocrx_word' id='word_1_296' title='bbox 1781 3429 1938 3486; x_wconf 90' lang='lat' dir='ltr'><strong>inane</strong></span> <span class='ocrx_word' id='word_1_297' title='bbox 1963 3430 2111 3486; x_wconf 83' lang='lat' dir='ltr'><strong>inve-</strong></span> 
     </span>
    </p>
   </div>
   <div class='ocr_carea' id='block_1_37' title="bbox 539 3515 1367 3580">
    <p class='ocr_par' dir='ltr' id='par_1_37' title="bbox 539 3515 1367 3580">
     <span class='ocr_line' id='line_1_37' title="bbox 539 3515 1367 3580; baseline 0.007 -15"><span class='ocrx_word' id='word_1_298' title='bbox 539 3515 698 3580; x_wconf 88' lang='lat' dir='ltr'><strong>nerit,</strong></span> <span class='ocrx_word' id='word_1_299' title='bbox 731 3515 908 3570; x_wconf 86' lang='lat' dir='ltr'><strong>nidum</strong></span> <span class='ocrx_word' id='word_1_300' title='bbox 941 3515 1112 3573; x_wconf 89' lang='lat' dir='ltr'><strong>facere</strong></span> <span class='ocrx_word' id='word_1_301' title='bbox 1133 3518 1367 3574; x_wconf 88' lang='lat' dir='ltr'><strong>molitur.</strong></span> 
     </span>
    </p>
   </div>
   <div class='ocr_carea' id='block_1_38' title="bbox 605 3603 2108 3684">
    <p class='ocr_par' dir='ltr' id='par_1_38' title="bbox 605 3603 2108 3684">
     <span class='ocr_line' id='line_1_38' title="bbox 605 3603 2108 3684; baseline 0.007 -26"><span class='ocrx_word' id='word_1_302' title='bbox 605 3603 828 3661; x_wconf 77' lang='lat' dir='ltr'><strong>CAPUT</strong></span> <span class='ocrx_word' id='word_1_303' title='bbox 867 3604 959 3661; x_wconf 83' lang='lat' dir='ltr'><strong>IX.</strong></span> <span class='ocrx_word' id='word_1_304' title='bbox 981 3636 1054 3648; x_wconf 92' lang='lat'><strong>—-</strong></span> <span class='ocrx_word' id='word_1_305' title='bbox 1088 3608 1141 3664; x_wconf 88' lang='lat'><strong>9.</strong></span> <span class='ocrx_word' id='word_1_306' title='bbox 1171 3607 1546 3666; x_wconf 75' lang='lat' dir='ltr'><strong>Continentibue</strong></span> <span class='ocrx_word' id='word_1_307' title='bbox 1588 3629 1738 3684; x_wconf 86' lang='lat' dir='ltr'><strong>quam</strong></span> <span class='ocrx_word' id='word_1_308' title='bbox 1775 3613 1991 3668; x_wconf 72' lang='lat' dir='ltr'><strong>maxime</strong></span> <span class='ocrx_word' id='word_1_309' title='bbox 2019 3631 2108 3668; x_wconf 88' lang='lat' dir='ltr'><strong>ca-</strong></span> 
     </span>
    </p>
   </div>
   <div class='ocr_carea' id='block_1_39' title="bbox 535 3695 2110 3776">
    <p class='ocr_par' dir='ltr' id='par_1_39' title="bbox 535 3695 2110 3776">
     <span class='ocr_line' id='line_1_39' title="bbox 535 3695 2110 3776; baseline 0.007 -28"><span class='ocrx_word' id='word_1_310' title='bbox 535 3695 694 3748; x_wconf 78' lang='lat' dir='ltr'><strong>uenda</strong></span> <span class='ocrx_word' id='word_1_311' title='bbox 741 3695 991 3766; x_wconf 78' lang='lat' dir='ltr'><strong>superbia.</strong></span> <span class='ocrx_word' id='word_1_312' title='bbox 1035 3696 1348 3772; x_wconf 80' lang='lat' dir='ltr'><strong>Conjugatus</strong></span> <span class='ocrx_word' id='word_1_313' title='bbox 1392 3702 1595 3758; x_wconf 79' lang='lat' dir='ltr'><strong>humilis</strong></span> <span class='ocrx_word' id='word_1_314' title='bbox 1641 3713 1882 3776; x_wconf 85' lang='lat' dir='ltr'><strong>quantum</strong></span> <span class='ocrx_word' id='word_1_315' title='bbox 1933 3705 2110 3760; x_wconf 81' lang='lat' dir='ltr'><strong>melior</strong></span> 
     </span>
    </p>
   </div>
   <div class='ocr_carea' id='block_1_40' title="bbox 535 3787 2106 3864">
    <p class='ocr_par' dir='ltr' id='par_1_40' title="bbox 535 3787 2106 3864">
     <span class='ocr_line' id='line_1_40' title="bbox 535 3787 2106 3864; baseline 0.009 -27"><span class='ocrx_word' id='word_1_316' title='bbox 535 3787 816 3841; x_wconf 82' lang='lat' dir='ltr'><strong>continente</strong></span> <span class='ocrx_word' id='word_1_317' title='bbox 852 3789 1082 3859; x_wconf 81' lang='lat' dir='ltr'><strong>superbo.</strong></span> <span class='ocrx_word' id='word_1_318' title='bbox 1115 3789 1382 3848; x_wconf 73' lang='lat' dir='ltr'><strong>Continens</strong></span> <span class='ocrx_word' id='word_1_319' title='bbox 1417 3794 1659 3864; x_wconf 74' lang='lat' dir='ltr'><strong>superbus</strong></span> <span class='ocrx_word' id='word_1_320' title='bbox 1687 3796 1855 3850; x_wconf 82' lang='lat' dir='ltr'><strong>locum</strong></span> <span class='ocrx_word' id='word_1_321' title='bbox 1883 3813 1984 3851; x_wconf 82' lang='lat' dir='ltr'><strong>non</strong></span> <span class='ocrx_word' id='word_1_322' title='bbox 2009 3799 2106 3852; x_wconf 85' lang='lat' dir='ltr'><strong>ha-</strong></span> 
     </span>
    </p>
   </div>
   <div class='ocr_carea' id='block_1_41' title="bbox 537 3879 2105 3956">
    <p class='ocr_par' dir='ltr' id='par_1_41' title="bbox 537 3879 2105 3956">
     <span class='ocr_line' id='line_1_41' title="bbox 537 3879 2105 3956; baseline 0.01 -25"><span class='ocrx_word' id='word_1_323' title='bbox 537 3879 612 3932; x_wconf 80' lang='lat' dir='ltr'><strong>bet</strong></span> <span class='ocrx_word' id='word_1_324' title='bbox 637 3880 689 3932; x_wconf 81' lang='lat' dir='ltr'><strong>in</strong></span> <span class='ocrx_word' id='word_1_325' title='bbox 713 3897 864 3952; x_wconf 81' lang='lat' dir='ltr'><strong>regno</strong></span> <span class='ocrx_word' id='word_1_326' title='bbox 887 3881 1000 3938; x_wconf 87' lang='lat' dir='ltr'><strong>Dei.</strong></span> <span class='ocrx_word' id='word_1_327' title='bbox 1033 3882 1288 3955; x_wconf 89' lang='lat' dir='ltr'><strong>Denique,</strong></span> <span class='ocrx_word' id='word_1_328' title='bbox 1329 3885 1518 3942; x_wconf 80' lang='lat' dir='ltr'><strong>fratres</strong></span> <span class='ocrx_word' id='word_1_329' title='bbox 1549 3887 1674 3952; x_wconf 90' lang='lat' dir='ltr'><strong>mei,</strong></span> <span class='ocrx_word' id='word_1_330' title='bbox 1701 3889 1871 3946; x_wconf 92' lang='lat' dir='ltr'><strong>audeo</strong></span> <span class='ocrx_word' id='word_1_331' title='bbox 1905 3889 2105 3956; x_wconf 88' lang='lat' dir='ltr'><strong>dicere,</strong></span> 
     </span>
    </p>
   </div>
   <div class='ocr_carea' id='block_1_42' title="bbox 535 3973 2110 4052">
    <p class='ocr_par' dir='ltr' id='par_1_42' title="bbox 535 3973 2110 4052">
     <span class='ocr_line' id='line_1_42' title="bbox 535 3973 2110 4052; baseline 0.008 -27"><span class='ocrx_word' id='word_1_332' title='bbox 535 3973 775 4042; x_wconf 86' lang='lat' dir='ltr'><strong>superbis</strong></span> <span class='ocrx_word' id='word_1_333' title='bbox 802 3975 1198 4032; x_wconf 88' lang='lat' dir='ltr'><strong>continentibus</strong></span> <span class='ocrx_word' id='word_1_334' title='bbox 1221 3979 1435 4048; x_wconf 81' lang='lat' dir='ltr'><strong>expedit</strong></span> <span class='ocrx_word' id='word_1_335' title='bbox 1469 3980 1692 4046; x_wconf 86' lang='lat' dir='ltr'><strong>cadere,</strong></span> <span class='ocrx_word' id='word_1_336' title='bbox 1737 3991 1796 4036; x_wconf 92' lang='lat' dir='ltr'><strong>ut</strong></span> <span class='ocrx_word' id='word_1_337' title='bbox 1824 3983 1876 4036; x_wconf 87' lang='lat' dir='ltr'><strong>in</strong></span> <span class='ocrx_word' id='word_1_338' title='bbox 1903 3997 1968 4038; x_wconf 89' lang='lat' dir='ltr'><strong>eo</strong></span> <span class='ocrx_word' id='word_1_339' title='bbox 1995 3983 2110 4052; x_wconf 92' lang='lat' dir='ltr'><strong>ipso</strong></span> 
     </span>
    </p>
   </div>
   <div class='ocr_carea' id='block_1_43' title="bbox 535 4064 2105 4144">
    <p class='ocr_par' dir='ltr' id='par_1_43' title="bbox 535 4064 2105 4144">
     <span class='ocr_line' id='line_1_43' title="bbox 535 4064 2105 4144; baseline 0.008 -26"><span class='ocrx_word' id='word_1_340' title='bbox 535 4064 588 4118; x_wconf 88' lang='lat' dir='ltr'><strong>iu</strong></span> <span class='ocrx_word' id='word_1_341' title='bbox 628 4082 734 4136; x_wconf 86' lang='lat' dir='ltr'><strong>quo</strong></span> <span class='ocrx_word' id='word_1_342' title='bbox 771 4082 829 4123; x_wconf 92' lang='lat' dir='ltr'><strong>se</strong></span> <span class='ocrx_word' id='word_1_343' title='bbox 865 4068 1124 4125; x_wconf 82' lang='lat' dir='ltr'><strong>extollunt</strong></span> <span class='ocrx_word' id='word_1_344' title='bbox 1151 4069 1517 4127; x_wconf 88' lang='lat' dir='ltr'><strong>humilientur.</strong></span> <span class='ocrx_word' id='word_1_345' title='bbox 1541 4071 1679 4139; x_wconf 90' lang='lat' dir='ltr'><strong>Quid</strong></span> <span class='ocrx_word' id='word_1_346' title='bbox 1719 4073 1863 4129; x_wconf 87' lang='lat' dir='ltr'><strong>enim</strong></span> <span class='ocrx_word' id='word_1_347' title='bbox 1891 4075 2105 4144; x_wconf 90' lang='lat' dir='ltr'><strong>prodest</strong></span> 
     </span>
    </p>
   </div>
   <div class='ocr_carea' id='block_1_44' title="bbox 537 4157 2106 4235">
    <p class='ocr_par' dir='ltr' id='par_1_44' title="bbox 537 4157 2106 4235">
     <span class='ocr_line' id='line_1_44' title="bbox 537 4157 2106 4235; baseline 0.006 -25"><span class='ocrx_word' id='word_1_348' title='bbox 537 4157 620 4210; x_wconf 90' lang='lat' dir='ltr'><strong>cui</strong></span> <span class='ocrx_word' id='word_1_349' title='bbox 665 4158 802 4213; x_wconf 89' lang='lat' dir='ltr'><strong>inest</strong></span> <span class='ocrx_word' id='word_1_350' title='bbox 841 4161 1184 4228; x_wconf 90' lang='lat' dir='ltr'><strong>continentia,</strong></span> <span class='ocrx_word' id='word_1_351' title='bbox 1217 4161 1260 4216; x_wconf 89' lang='lat' dir='ltr'><strong>si</strong></span> <span class='ocrx_word' id='word_1_352' title='bbox 1291 4161 1594 4219; x_wconf 87' lang='lat' dir='ltr'><strong>dominatur</strong></span> <span class='ocrx_word' id='word_1_353' title='bbox 1637 4165 1921 4235; x_wconf 87' lang='lat' dir='ltr'><strong>superbia?</strong></span> <span class='ocrx_word' id='word_1_354' title='bbox 1963 4165 2106 4220; x_wconf 88' lang='lat' dir='ltr'><strong>Con-</strong></span> 
     </span>
    </p>
   </div>
   <div class='ocr_carea' id='block_1_45' title="bbox 539 4249 2110 4326">
    <p class='ocr_par' dir='ltr' id='par_1_45' title="bbox 539 4249 2110 4326">
     <span class='ocr_line' id='line_1_45' title="bbox 539 4249 2110 4326; baseline 0.005 -24"><span class='ocrx_word' id='word_1_355' title='bbox 539 4249 754 4317; x_wconf 88' lang='lat' dir='ltr'><strong>tempsit</strong></span> <span class='ocrx_word' id='word_1_356' title='bbox 785 4249 926 4306; x_wconf 90' lang='lat' dir='ltr'><strong>unde</strong></span> <span class='ocrx_word' id='word_1_357' title='bbox 947 4259 1100 4307; x_wconf 88' lang='lat' dir='ltr'><strong>natus</strong></span> <span class='ocrx_word' id='word_1_358' title='bbox 1129 4260 1210 4308; x_wconf 91' lang='lat' dir='ltr'><strong>est</strong></span> <span class='ocrx_word' id='word_1_359' title='bbox 1239 4252 1416 4320; x_wconf 92' lang='lat' dir='ltr'><strong>homo,</strong></span> <span class='ocrx_word' id='word_1_360' title='bbox 1449 4262 1504 4310; x_wconf 89' lang='lat' dir='ltr'><strong>et</strong></span> <span class='ocrx_word' id='word_1_361' title='bbox 1531 4257 1732 4326; x_wconf 88' lang='lat' dir='ltr'><strong>appetit</strong></span> <span class='ocrx_word' id='word_1_362' title='bbox 1757 4255 1896 4312; x_wconf 90' lang='lat' dir='ltr'><strong>unde</strong></span> <span class='ocrx_word' id='word_1_363' title='bbox 1917 4256 2110 4312; x_wconf 88' lang='lat' dir='ltr'><strong>cecidit</strong></span> 
     </span>
    </p>
   </div>
   <div class='ocr_carea' id='block_1_46' title="bbox 537 4338 2108 4418">
    <p class='ocr_par' dir='ltr' id='par_1_46' title="bbox 537 4338 2108 4418">
     <span class='ocr_line' id='line_1_46' title="bbox 537 4338 2108 4418; baseline 0.006 -26"><span class='ocrx_word' id='word_1_364' title='bbox 537 4338 798 4395; x_wconf 87' lang='lat' dir='ltr'><strong>diabolus.</strong></span> <span class='ocrx_word' id='word_1_365' title='bbox 831 4340 1051 4410; x_wconf 87' lang='lat' dir='ltr'><strong>Nuptias</strong></span> <span class='ocrx_word' id='word_1_366' title='bbox 1079 4346 1478 4414; x_wconf 90' lang='lat' dir='ltr'><strong>contempsisti,</strong></span> <span class='ocrx_word' id='word_1_367' title='bbox 1509 4345 1646 4402; x_wconf 90' lang='lat' dir='ltr'><strong>bene</strong></span> <span class='ocrx_word' id='word_1_368' title='bbox 1671 4347 1875 4412; x_wconf 79' lang='lat' dir='ltr'><strong>fecisti;</strong></span> <span class='ocrx_word' id='word_1_369' title='bbox 1908 4347 2108 4418; x_wconf 88' lang='lat' dir='ltr'><strong>aliquid</strong></span> 
     </span>
    </p>
   </div>
   <div class='ocr_carea' id='block_1_47' title="bbox 539 4431 2108 4507">
    <p class='ocr_par' dir='ltr' id='par_1_47' title="bbox 539 4431 2108 4507">
     <span class='ocr_line' id='line_1_47' title="bbox 539 4431 2108 4507; baseline 0.006 -24"><span class='ocrx_word' id='word_1_370' title='bbox 539 4431 728 4484; x_wconf 90' lang='lat' dir='ltr'><strong>melius</strong></span> <span class='ocrx_word' id='word_1_371' title='bbox 749 4431 952 4500; x_wconf 87' lang='lat' dir='ltr'><strong>elegisti</strong></span> <span class='ocrx_word' id='word_1_372' title='bbox 983 4449 997 4486; x_wconf 92' lang='lat'><strong>:</strong></span> <span class='ocrx_word' id='word_1_373' title='bbox 1025 4432 1118 4486; x_wconf 91' lang='lat' dir='ltr'><strong>sed</strong></span> <span class='ocrx_word' id='word_1_374' title='bbox 1147 4434 1255 4488; x_wconf 91' lang='lat' dir='ltr'><strong>noli</strong></span> <span class='ocrx_word' id='word_1_375' title='bbox 1285 4435 1582 4504; x_wconf 88' lang='lat' dir='ltr'><strong>superbire.</strong></span> <span class='ocrx_word' id='word_1_376' title='bbox 1626 4437 1701 4491; x_wconf 93' lang='lat' dir='ltr'><strong>De</strong></span> <span class='ocrx_word' id='word_1_377' title='bbox 1727 4437 1922 4507; x_wconf 91' lang='lat' dir='ltr'><strong>nuptiis</strong></span> <span class='ocrx_word' id='word_1_378' title='bbox 1947 4437 2108 4492; x_wconf 91' lang='lat' dir='ltr'><strong>homo</strong></span> 
     </span>
    </p>
   </div>
   <div class='ocr_carea' id='block_1_48' title="bbox 539 4520 2108 4599">
    <p class='ocr_par' dir='ltr' id='par_1_48' title="bbox 539 4520 2108 4599">
     <span class='ocr_line' id='line_1_48' title="bbox 539 4520 2108 4599; baseline 0.006 -26"><span class='ocrx_word' id='word_1_379' title='bbox 539 4531 694 4574; x_wconf 86' lang='lat' dir='ltr'><strong>natus</strong></span> <span class='ocrx_word' id='word_1_380' title='bbox 733 4530 848 4588; x_wconf 90' lang='lat' dir='ltr'><strong>est,</strong></span> <span class='ocrx_word' id='word_1_381' title='bbox 876 4520 944 4576; x_wconf 91' lang='lat' dir='ltr'><strong>de</strong></span> <span class='ocrx_word' id='word_1_382' title='bbox 981 4523 1230 4592; x_wconf 86' lang='lat' dir='ltr'><strong>superbia</strong></span> <span class='ocrx_word' id='word_1_383' title='bbox 1258 4525 1428 4595; x_wconf 86' lang='lat' dir='ltr'><strong>angeli</strong></span> <span class='ocrx_word' id='word_1_384' title='bbox 1455 4525 1780 4581; x_wconf 87' lang='lat' dir='ltr'><strong>ceciderunt.</strong></span> <span class='ocrx_word' id='word_1_385' title='bbox 1814 4527 1871 4582; x_wconf 90' lang='lat' dir='ltr'><strong>Si</strong></span> <span class='ocrx_word' id='word_1_386' title='bbox 1901 4528 2108 4599; x_wconf 90' lang='lat' dir='ltr'><strong>singula</strong></span> 
     </span>
    </p>
   </div>
   <div class='ocr_carea' id='block_1_49' title="bbox 540 4612 2108 4692">
    <p class='ocr_par' dir='ltr' id='par_1_49' title="bbox 540 4612 2108 4692">
     <span class='ocr_line' id='line_1_49' title="bbox 540 4612 2108 4692; baseline 0.008 -28"><span class='ocrx_word' id='word_1_387' title='bbox 540 4621 716 4666; x_wconf 74' lang='lat' dir='ltr'><strong>vestra</strong></span> <span class='ocrx_word' id='word_1_388' title='bbox 757 4612 896 4668; x_wconf 90' lang='lat' dir='ltr'><strong>bona</strong></span> <span class='ocrx_word' id='word_1_389' title='bbox 935 4615 1300 4682; x_wconf 87' lang='lat' dir='ltr'><strong>considerem,</strong></span> <span class='ocrx_word' id='word_1_390' title='bbox 1335 4619 1526 4673; x_wconf 89' lang='lat' dir='ltr'><strong>melior</strong></span> <span class='ocrx_word' id='word_1_391' title='bbox 1561 4635 1622 4674; x_wconf 89' lang='lat' dir='ltr'><strong>es</strong></span> <span class='ocrx_word' id='word_1_392' title='bbox 1663 4631 1813 4690; x_wconf 88' lang='lat' dir='ltr'><strong>patre</strong></span> <span class='ocrx_word' id='word_1_393' title='bbox 1851 4631 1972 4689; x_wconf 86' lang='lat' dir='ltr'><strong>tuo,</strong></span> <span class='ocrx_word' id='word_1_394' title='bbox 2017 4623 2108 4692; x_wconf 91' lang='lat' dir='ltr'><strong>qui</strong></span> 
     </span>
    </p>
   </div>
   <div class='ocr_carea' id='block_1_50' title="bbox 542 4703 2108 4782">
    <p class='ocr_par' dir='ltr' id='par_1_50' title="bbox 542 4703 2108 4782">
     <span class='ocr_line' id='line_1_50' title="bbox 542 4703 2108 4782; baseline 0.007 -26"><span class='ocrx_word' id='word_1_395' title='bbox 542 4703 748 4771; x_wconf 78' lang='lat' dir='ltr'><strong>lltlplias</strong></span> <span class='ocrx_word' id='word_1_396' title='bbox 780 4706 1184 4776; x_wconf 87' lang='lat' dir='ltr'><strong>contempsisti;</strong></span> <span class='ocrx_word' id='word_1_397' title='bbox 1223 4716 1279 4763; x_wconf 91' lang='lat' dir='ltr'><strong>et</strong></span> <span class='ocrx_word' id='word_1_398' title='bbox 1313 4715 1371 4763; x_wconf 91' lang='lat' dir='ltr'><strong>tu</strong></span> <span class='ocrx_word' id='word_1_399' title='bbox 1409 4709 1600 4764; x_wconf 91' lang='lat' dir='ltr'><strong>melior</strong></span> <span class='ocrx_word' id='word_1_400' title='bbox 1637 4719 1806 4766; x_wconf 89' lang='lat' dir='ltr'><strong>matre</strong></span> <span class='ocrx_word' id='word_1_401' title='bbox 1837 4719 1922 4766; x_wconf 88' lang='lat' dir='ltr'><strong>tua</strong></span> <span class='ocrx_word' id='word_1_402' title='bbox 1943 4753 1959 4780; x_wconf 91' lang='lat'><strong>,</strong></span> <span class='ocrx_word' id='word_1_403' title='bbox 1991 4727 2108 4782; x_wconf 67' lang='lat' dir='ltr'><strong>quae</strong></span> 
     </span>
    </p>
   </div>
   <div class='ocr_carea' id='block_1_51' title="bbox 542 4796 2108 4875">
    <p class='ocr_par' dir='ltr' id='par_1_51' title="bbox 542 4796 2108 4875">
     <span class='ocr_line' id='line_1_51' title="bbox 542 4796 2108 4875; baseline 0.006 -27"><span class='ocrx_word' id='word_1_404' title='bbox 542 4796 750 4864; x_wconf 86' lang='lat' dir='ltr'><strong>nuptias</strong></span> <span class='ocrx_word' id='word_1_405' title='bbox 787 4798 1174 4868; x_wconf 88' lang='lat' dir='ltr'><strong>contempsisti.</strong></span> <span class='ocrx_word' id='word_1_406' title='bbox 1221 4797 1436 4856; x_wconf 90' lang='lat' dir='ltr'><strong>Etenim</strong></span> <span class='ocrx_word' id='word_1_407' title='bbox 1477 4800 1670 4856; x_wconf 89' lang='lat' dir='ltr'><strong>melior</strong></span> <span class='ocrx_word' id='word_1_408' title='bbox 1715 4813 1796 4858; x_wconf 90' lang='lat' dir='ltr'><strong>est</strong></span> <span class='ocrx_word' id='word_1_409' title='bbox 1840 4805 2108 4875; x_wconf 84' lang='lat' dir='ltr'><strong>virginalis</strong></span> 
     </span>
    </p>
   </div>
   <div class='ocr_carea' id='block_1_52' title="bbox 540 4888 2108 4964">
    <p class='ocr_par' dir='ltr' id='par_1_52' title="bbox 540 4888 2108 4964">
     <span class='ocr_line' id='line_1_52' title="bbox 540 4888 2108 4964; baseline 0.008 -26"><span class='ocrx_word' id='word_1_410' title='bbox 540 4888 826 4956; x_wconf 84' lang='lat' dir='ltr'><strong>sanctitas,</strong></span> <span class='ocrx_word' id='word_1_411' title='bbox 861 4906 1022 4960; x_wconf 89' lang='lat' dir='ltr'><strong>quam</strong></span> <span class='ocrx_word' id='word_1_412' title='bbox 1057 4891 1306 4961; x_wconf 89' lang='lat' dir='ltr'><strong>pudicitia</strong></span> <span class='ocrx_word' id='word_1_413' title='bbox 1341 4892 1656 4964; x_wconf 78' lang='lat' dir='ltr'><strong>coniugalis.</strong></span> <span class='ocrx_word' id='word_1_414' title='bbox 1693 4892 1794 4950; x_wconf 84' lang='lat' dir='ltr'><strong>Ista</strong></span> <span class='ocrx_word' id='word_1_415' title='bbox 1819 4894 1924 4950; x_wconf 92' lang='lat' dir='ltr'><strong>duo</strong></span> <span class='ocrx_word' id='word_1_416' title='bbox 1949 4895 2108 4950; x_wconf 88' lang='lat' dir='ltr'><strong>simul</strong></span> 
     </span>
    </p>
   </div>
   <div class='ocr_carea' id='block_1_53' title="bbox 541 4979 2108 5054">
    <p class='ocr_par' dir='ltr' id='par_1_53' title="bbox 541 4979 2108 5054">
     <span class='ocr_line' id='line_1_53' title="bbox 541 4979 2108 5054; baseline 0.008 -26"><span class='ocrx_word' id='word_1_417' title='bbox 541 4979 581 5028; x_wconf 90' lang='lat' dir='ltr'><strong>si</strong></span> <span class='ocrx_word' id='word_1_418' title='bbox 605 4987 996 5047; x_wconf 89' lang='lat' dir='ltr'><strong>comparentur,</strong></span> <span class='ocrx_word' id='word_1_419' title='bbox 1025 4981 1214 5036; x_wconf 87' lang='lat' dir='ltr'><strong>melius</strong></span> <span class='ocrx_word' id='word_1_420' title='bbox 1233 4992 1313 5038; x_wconf 87' lang='lat' dir='ltr'><strong>est</strong></span> <span class='ocrx_word' id='word_1_421' title='bbox 1333 4981 1463 5038; x_wconf 90' lang='lat' dir='ltr'><strong>illud</strong></span> <span class='ocrx_word' id='word_1_422' title='bbox 1483 4999 1638 5053; x_wconf 88' lang='lat' dir='ltr'><strong>quam</strong></span> <span class='ocrx_word' id='word_1_423' title='bbox 1665 4983 1792 5038; x_wconf 91' lang='lat' dir='ltr'><strong>illud</strong></span> <span class='ocrx_word' id='word_1_424' title='bbox 1825 5002 1838 5037; x_wconf 89' lang='lat'>:</span> <span class='ocrx_word' id='word_1_425' title='bbox 1867 4985 1984 5054; x_wconf 90' lang='lat' dir='ltr'><strong>quis</strong></span> <span class='ocrx_word' id='word_1_426' title='bbox 2007 4984 2108 5040; x_wconf 79' lang='lat' dir='ltr'><strong>du-</strong></span> 
     </span>
    </p>
   </div>
   <div class='ocr_carea' id='block_1_54' title="bbox 544 5067 2108 5144">
    <p class='ocr_par' dir='ltr' id='par_1_54' title="bbox 544 5067 2108 5144">
     <span class='ocr_line' id='line_1_54' title="bbox 544 5067 2108 5144; baseline 0.007 -24"><span class='ocrx_word' id='word_1_427' title='bbox 544 5067 708 5121; x_wconf 87' lang='lat' dir='ltr'><strong>bitat?</strong></span> <span class='ocrx_word' id='word_1_428' title='bbox 735 5069 841 5124; x_wconf 88' lang='lat' dir='ltr'><strong>Sed</strong></span> <span class='ocrx_word' id='word_1_429' title='bbox 865 5069 1106 5127; x_wconf 92' lang='lat' dir='ltr'><strong>addendo</strong></span> <span class='ocrx_word' id='word_1_430' title='bbox 1131 5071 1232 5128; x_wconf 89' lang='lat' dir='ltr'><strong>alia</strong></span> <span class='ocrx_word' id='word_1_431' title='bbox 1257 5072 1385 5136; x_wconf 90' lang='lat' dir='ltr'><strong>duo,</strong></span> <span class='ocrx_word' id='word_1_432' title='bbox 1413 5073 1716 5144; x_wconf 89' lang='lat' dir='ltr'><strong>superbiam</strong></span> <span class='ocrx_word' id='word_1_433' title='bbox 1745 5082 1801 5130; x_wconf 91' lang='lat' dir='ltr'><strong>et</strong></span> <span class='ocrx_word' id='word_1_434' title='bbox 1839 5073 2108 5130; x_wconf 86' lang='lat' dir='ltr'><strong>humilita-</strong></span> 
     </span>
    </p>
   </div>
   <div class='ocr_carea' id='block_1_55' title="bbox 545 5161 2111 5237">
    <p class='ocr_par' dir='ltr' id='par_1_55' title="bbox 545 5161 2111 5237">
     <span class='ocr_line' id='line_1_55' title="bbox 545 5161 2111 5237; baseline 0.007 -25"><span class='ocrx_word' id='word_1_435' title='bbox 545 5167 684 5226; x_wconf 91' lang='lat' dir='ltr'><strong>tem;</strong></span> <span class='ocrx_word' id='word_1_436' title='bbox 713 5161 766 5215; x_wconf 90' lang='lat' dir='ltr'><strong>in</strong></span> <span class='ocrx_word' id='word_1_437' title='bbox 797 5161 912 5218; x_wconf 92' lang='lat' dir='ltr'><strong>istis</strong></span> <span class='ocrx_word' id='word_1_438' title='bbox 931 5161 1138 5218; x_wconf 91' lang='lat' dir='ltr'><strong>duobus</strong></span> <span class='ocrx_word' id='word_1_439' title='bbox 1164 5164 1436 5234; x_wconf 86' lang='lat' dir='ltr'><strong>interrogo</strong></span> <span class='ocrx_word' id='word_1_440' title='bbox 1454 5180 1570 5232; x_wconf 87' lang='lat' dir='ltr'><strong>vos,</strong></span> <span class='ocrx_word' id='word_1_441' title='bbox 1599 5173 1654 5220; x_wconf 92' lang='lat' dir='ltr'><strong>et</strong></span> <span class='ocrx_word' id='word_1_442' title='bbox 1680 5165 1750 5222; x_wconf 92' lang='lat' dir='ltr'><strong>de</strong></span> <span class='ocrx_word' id='word_1_443' title='bbox 1777 5165 1858 5220; x_wconf 89' lang='lat' dir='ltr'><strong>his</strong></span> <span class='ocrx_word' id='word_1_444' title='bbox 1888 5182 2111 5237; x_wconf 87' lang='lat' dir='ltr'><strong>respon-</strong></span> 
     </span>
    </p>
   </div>
   <div class='ocr_carea' id='block_1_56' title="bbox 543 5251 2111 5327">
    <p class='ocr_par' dir='ltr' id='par_1_56' title="bbox 543 5251 2111 5327">
     <span class='ocr_line' id='line_1_56' title="bbox 543 5251 2111 5327; baseline 0.006 -21"><span class='ocrx_word' id='word_1_445' title='bbox 543 5251 664 5307; x_wconf 90' lang='lat' dir='ltr'><strong>dete</strong></span> <span class='ocrx_word' id='word_1_446' title='bbox 687 5253 816 5308; x_wconf 87' lang='lat' dir='ltr'><strong>mihi</strong></span> <span class='ocrx_word' id='word_1_447' title='bbox 847 5254 1020 5321; x_wconf 85' lang='lat' dir='ltr'><strong>:Quid</strong></span> <span class='ocrx_word' id='word_1_448' title='bbox 1039 5263 1122 5311; x_wconf 92' lang='lat' dir='ltr'><strong>est</strong></span> <span class='ocrx_word' id='word_1_449' title='bbox 1147 5255 1368 5322; x_wconf 90' lang='lat' dir='ltr'><strong>melius,</strong></span> <span class='ocrx_word' id='word_1_450' title='bbox 1399 5257 1644 5327; x_wconf 88' lang='lat' dir='ltr'><strong>superbia</strong></span> <span class='ocrx_word' id='word_1_451' title='bbox 1664 5299 1680 5326; x_wconf 90' lang='lat'><strong>,</strong></span> <span class='ocrx_word' id='word_1_452' title='bbox 1709 5272 1776 5313; x_wconf 89' lang='lat' dir='ltr'><strong>an</strong></span> <span class='ocrx_word' id='word_1_453' title='bbox 1807 5259 2111 5316; x_wconf 86' lang='lat' dir='ltr'><strong>humilitas?</strong></span> 
     </span>
    </p>
   </div>
   <div class='ocr_carea' id='block_1_57' title="bbox 549 5343 2115 5418">
    <p class='ocr_par' dir='ltr' id='par_1_57' title="bbox 549 5343 2115 5418">
     <span class='ocr_line' id='line_1_57' title="bbox 549 5343 2115 5418; baseline 0.005 -21"><span class='ocrx_word' id='word_1_454' title='bbox 549 5343 892 5413; x_wconf 74' lang='lat' dir='ltr'><strong>Respondes,</strong></span> <span class='ocrx_word' id='word_1_455' title='bbox 925 5344 1224 5400; x_wconf 82' lang='lat' dir='ltr'><strong>Iiumilitas.</strong></span> <span class='ocrx_word' id='word_1_456' title='bbox 1267 5346 1439 5416; x_wconf 69' lang='lat' dir='ltr'><strong>iunge</strong></span> <span class='ocrx_word' id='word_1_457' title='bbox 1465 5347 1608 5403; x_wconf 90' lang='lat' dir='ltr'><strong>illam</strong></span> <span class='ocrx_word' id='word_1_458' title='bbox 1632 5347 1876 5418; x_wconf 85' lang='lat' dir='ltr'><strong>virginali</strong></span> <span class='ocrx_word' id='word_1_459' title='bbox 1917 5350 2115 5405; x_wconf 90' lang='lat' dir='ltr'><strong>sancti-</strong></span> 
     </span>
    </p>
   </div>
   <div class='ocr_carea' id='block_1_58' title="bbox 547 5435 2115 5512">
    <p class='ocr_par' dir='ltr' id='par_1_58' title="bbox 547 5435 2115 5512">
     <span class='ocr_line' id='line_1_58' title="bbox 547 5435 2115 5512; baseline 0.004 -23"><span class='ocrx_word' id='word_1_460' title='bbox 547 5436 660 5490; x_wconf 89' lang='lat' dir='ltr'><strong>tati.</strong></span> <span class='ocrx_word' id='word_1_461' title='bbox 692 5435 945 5512; x_wconf 86' lang='lat' dir='ltr'><strong>Superbia</strong></span> <span class='ocrx_word' id='word_1_462' title='bbox 981 5451 1109 5492; x_wconf 90' lang='lat' dir='ltr'><strong>vero</strong></span> <span class='ocrx_word' id='word_1_463' title='bbox 1137 5451 1242 5491; x_wconf 89' lang='lat' dir='ltr'><strong>non</strong></span> <span class='ocrx_word' id='word_1_464' title='bbox 1269 5437 1442 5492; x_wconf 92' lang='lat' dir='ltr'><strong>solum</strong></span> <span class='ocrx_word' id='word_1_465' title='bbox 1475 5453 1582 5494; x_wconf 92' lang='lat' dir='ltr'><strong>non</strong></span> <span class='ocrx_word' id='word_1_466' title='bbox 1621 5439 1690 5494; x_wconf 88' lang='lat' dir='ltr'><strong>sit</strong></span> <span class='ocrx_word' id='word_1_467' title='bbox 1725 5439 1778 5494; x_wconf 91' lang='lat' dir='ltr'><strong>in</strong></span> <span class='ocrx_word' id='word_1_468' title='bbox 1813 5439 2115 5510; x_wconf 84' lang='lat' dir='ltr'><strong>virginitate</strong></span> 
     </span>
    </p>
   </div>
   <div class='ocr_carea' id='block_1_59' title="bbox 549 5529 2116 5596">
    <p class='ocr_par' dir='ltr' id='par_1_59' title="bbox 549 5529 2116 5596">
     <span class='ocr_line' id='line_1_59' title="bbox 549 5529 2116 5596; baseline 0.003 -12"><span class='ocrx_word' id='word_1_469' title='bbox 549 5539 635 5584; x_wconf 88' lang='lat' dir='ltr'><strong>tua</strong></span> <span class='ocrx_word' id='word_1_470' title='bbox 655 5570 670 5596; x_wconf 94' lang='lat'><strong>,</strong></span> <span class='ocrx_word' id='word_1_471' title='bbox 705 5529 800 5584; x_wconf 91' lang='lat' dir='ltr'><strong>sed</strong></span> <span class='ocrx_word' id='word_1_472' title='bbox 829 5542 934 5586; x_wconf 87' lang='lat' dir='ltr'><strong>non</strong></span> <span class='ocrx_word' id='word_1_473' title='bbox 961 5537 1234 5585; x_wconf 87' lang='lat' dir='ltr'><strong>remaneat</strong></span> <span class='ocrx_word' id='word_1_474' title='bbox 1258 5544 1360 5586; x_wconf 90' lang='lat' dir='ltr'><strong>nec</strong></span> <span class='ocrx_word' id='word_1_475' title='bbox 1383 5531 1434 5585; x_wconf 90' lang='lat' dir='ltr'><strong>in</strong></span> <span class='ocrx_word' id='word_1_476' title='bbox 1462 5539 1630 5587; x_wconf 90' lang='lat' dir='ltr'><strong>matre</strong></span> <span class='ocrx_word' id='word_1_477' title='bbox 1657 5539 1768 5586; x_wconf 89' lang='lat' dir='ltr'><strong>tua.</strong></span> <span class='ocrx_word' id='word_1_478' title='bbox 1801 5531 1858 5588; x_wconf 90' lang='lat' dir='ltr'><strong>Si</strong></span> <span class='ocrx_word' id='word_1_479' title='bbox 1885 5532 2028 5587; x_wconf 90' lang='lat' dir='ltr'><strong>enim</strong></span> <span class='ocrx_word' id='word_1_480' title='bbox 2057 5542 2116 5589; x_wconf 88' lang='lat' dir='ltr'><strong>tu</strong></span> 
     </span>
    </p>
   </div>
   <div class='ocr_carea' id='block_1_60' title="bbox 546 5620 2116 5692">
    <p class='ocr_par' dir='ltr' id='par_1_60' title="bbox 546 5620 2116 5692">
     <span class='ocr_line' id='line_1_60' title="bbox 546 5620 2116 5692; baseline 0.001 -13"><span class='ocrx_word' id='word_1_481' title='bbox 546 5623 778 5679; x_wconf 84' lang='lat' dir='ltr'><strong>tenueris</strong></span> <span class='ocrx_word' id='word_1_482' title='bbox 821 5620 1118 5692; x_wconf 86' lang='lat' dir='ltr'><strong>superbiam</strong></span> <span class='ocrx_word' id='word_1_483' title='bbox 1139 5662 1154 5686; x_wconf 92' lang='lat'><strong>,</strong></span> <span class='ocrx_word' id='word_1_484' title='bbox 1183 5628 1237 5676; x_wconf 85' lang='lat' dir='ltr'><strong>et</strong></span> <span class='ocrx_word' id='word_1_485' title='bbox 1261 5629 1348 5674; x_wconf 90' lang='lat' dir='ltr'><strong>tua</strong></span> <span class='ocrx_word' id='word_1_486' title='bbox 1377 5631 1546 5677; x_wconf 90' lang='lat' dir='ltr'><strong>mater</strong></span> <span class='ocrx_word' id='word_1_487' title='bbox 1574 5622 1923 5679; x_wconf 88' lang='lat' dir='ltr'><strong>humilitatem</strong></span> <span class='ocrx_word' id='word_1_488' title='bbox 1945 5665 1960 5692; x_wconf 92' lang='lat'><strong>,</strong></span> <span class='ocrx_word' id='word_1_489' title='bbox 2003 5641 2116 5681; x_wconf 87' lang='lat' dir='ltr'><strong>me-</strong></span> 
     </span>
    </p>
   </div>
   <div class='ocr_carea' id='block_1_61' title="bbox 544 5715 2111 5788">
    <p class='ocr_par' dir='ltr' id='par_1_61' title="bbox 544 5715 2111 5788">
     <span class='ocr_line' id='line_1_61' title="bbox 544 5715 2111 5788; baseline 0.002 -15"><span class='ocrx_word' id='word_1_490' title='bbox 544 5716 648 5773; x_wconf 90' lang='lat' dir='ltr'><strong>lior</strong></span> <span class='ocrx_word' id='word_1_491' title='bbox 687 5717 788 5772; x_wconf 90' lang='lat' dir='ltr'><strong>erit</strong></span> <span class='ocrx_word' id='word_1_492' title='bbox 826 5724 994 5771; x_wconf 90' lang='lat' dir='ltr'><strong>mater</strong></span> <span class='ocrx_word' id='word_1_493' title='bbox 1035 5729 1190 5786; x_wconf 90' lang='lat' dir='ltr'><strong>quam</strong></span> <span class='ocrx_word' id='word_1_494' title='bbox 1233 5715 1360 5770; x_wconf 85' lang='lat' dir='ltr'><strong>filia.</strong></span> <span class='ocrx_word' id='word_1_495' title='bbox 1401 5715 1593 5771; x_wconf 90' lang='lat' dir='ltr'><strong>Iterum</strong></span> <span class='ocrx_word' id='word_1_496' title='bbox 1637 5719 1959 5788; x_wconf 90' lang='lat' dir='ltr'><strong>comparabo</strong></span> <span class='ocrx_word' id='word_1_497' title='bbox 1993 5735 2111 5776; x_wconf 88' lang='lat' dir='ltr'><strong>vos.</strong></span> 
     </span>
    </p>
   </div>
   <div class='ocr_carea' id='block_1_62' title="bbox 545 5809 2115 5882">
    <p class='ocr_par' dir='ltr' id='par_1_62' title="bbox 545 5809 2115 5882">
     <span class='ocr_line' id='line_1_62' title="bbox 545 5809 2115 5882; baseline 0.003 -14"><span class='ocrx_word' id='word_1_498' title='bbox 545 5809 666 5868; x_wconf 62' lang='grc' dir='ltr'><strong>ιλιι]</strong></span> <span class='ocrx_word' id='word_1_499' title='bbox 705 5810 903 5868; x_wconf 86' lang='lat' dir='ltr'><strong>dudum</strong></span> <span class='ocrx_word' id='word_1_500' title='bbox 943 5809 1149 5882; x_wconf 85' lang='lat' dir='ltr'><strong>singula</strong></span> <span class='ocrx_word' id='word_1_501' title='bbox 1189 5823 1310 5866; x_wconf 88' lang='lat' dir='ltr'><strong>cum</strong></span> <span class='ocrx_word' id='word_1_502' title='bbox 1351 5809 1713 5880; x_wconf 88' lang='lat' dir='ltr'><strong>intenderem,</strong></span> <span class='ocrx_word' id='word_1_503' title='bbox 1755 5811 2030 5870; x_wconf 87' lang='lat' dir='ltr'><strong>meliorem</strong></span> <span class='ocrx_word' id='word_1_504' title='bbox 2061 5823 2115 5873; x_wconf 85' lang='lat' dir='ltr'><strong>te</strong></span> 
     </span>
    </p>
   </div>
   <div class='ocr_carea' id='block_1_63' title="bbox 2229 661 3801 739">
    <p class='ocr_par' dir='ltr' id='par_1_63' title="bbox 2229 661 3801 739">
     <span class='ocr_line' id='line_1_63' title="bbox 2229 661 3801 739; baseline 0.005 -21"><span class='ocrx_word' id='word_1_505' title='bbox 2229 663 2389 718; x_wconf 88' lang='lat' dir='ltr'><strong>modo</strong></span> <span class='ocrx_word' id='word_1_506' title='bbox 2409 665 2694 736; x_wconf 65' lang='lat' dir='ltr'><strong>praeferre?</strong></span> <span class='ocrx_word' id='word_1_507' title='bbox 2715 661 2899 720; x_wconf 75' lang='lat' dir='ltr'><strong>Videte</strong></span> <span class='ocrx_word' id='word_1_508' title='bbox 2920 665 3185 734; x_wconf 87' lang='lat' dir='ltr'><strong>quomodo</strong></span> <span class='ocrx_word' id='word_1_509' title='bbox 3207 665 3428 734; x_wconf 73' lang='lat' dir='ltr'><strong>prrefero</strong></span> <span class='ocrx_word' id='word_1_510' title='bbox 3449 669 3613 736; x_wconf 87' lang='lat' dir='ltr'><strong>illam,</strong></span> <span class='ocrx_word' id='word_1_511' title='bbox 3639 685 3801 739; x_wconf 80' lang='lat' dir='ltr'><strong>quam</strong></span> 
     </span>
    </p>
   </div>
   <div class='ocr_carea' id='block_1_64' title="bbox 2229 751 3798 832">
    <p class='ocr_par' dir='ltr' id='par_1_64' title="bbox 2229 751 3798 832">
     <span class='ocr_line' id='line_1_64' title="bbox 2229 751 3798 832; baseline 0.004 -22"><span class='ocrx_word' id='word_1_512' title='bbox 2229 755 2388 810; x_wconf 87' lang='lat' dir='ltr'><strong>modo</strong></span> <span class='ocrx_word' id='word_1_513' title='bbox 2431 751 2821 826; x_wconf 80' lang='lat' dir='ltr'><strong>coinparabam.</strong></span> <span class='ocrx_word' id='word_1_514' title='bbox 2873 757 3014 810; x_wconf 88' lang='lat' dir='ltr'><strong>Bona</strong></span> <span class='ocrx_word' id='word_1_515' title='bbox 3054 756 3304 827; x_wconf 89' lang='lat' dir='ltr'><strong>pudicitia</strong></span> <span class='ocrx_word' id='word_1_516' title='bbox 3345 758 3636 830; x_wconf 86' lang='lat' dir='ltr'><strong>conjugalis</strong></span> <span class='ocrx_word' id='word_1_517' title='bbox 3674 770 3798 832; x_wconf 88' lang='lat' dir='ltr'><strong>est,</strong></span> 
     </span>
    </p>
   </div>
   <div class='ocr_carea' id='block_1_65' title="bbox 2229 847 3794 924">
    <p class='ocr_par' dir='ltr' id='par_1_65' title="bbox 2229 847 3794 924">
     <span class='ocr_line' id='line_1_65' title="bbox 2229 847 3794 924; baseline 0.004 -22"><span class='ocrx_word' id='word_1_518' title='bbox 2229 847 2419 902; x_wconf 88' lang='lat' dir='ltr'><strong>melior</strong></span> <span class='ocrx_word' id='word_1_519' title='bbox 2448 847 2722 918; x_wconf 85' lang='lat' dir='ltr'><strong>integritas</strong></span> <span class='ocrx_word' id='word_1_520' title='bbox 2742 847 3034 918; x_wconf 86' lang='lat' dir='ltr'><strong>virginalis.</strong></span> <span class='ocrx_word' id='word_1_521' title='bbox 3067 849 3178 902; x_wconf 88' lang='lat' dir='ltr'><strong>Duo</strong></span> <span class='ocrx_word' id='word_1_522' title='bbox 3217 849 3356 904; x_wconf 89' lang='lat' dir='ltr'><strong>bona</strong></span> <span class='ocrx_word' id='word_1_523' title='bbox 3385 853 3756 922; x_wconf 87' lang='lat' dir='ltr'><strong>comparabam</strong></span> <span class='ocrx_word' id='word_1_524' title='bbox 3777 895 3794 924; x_wconf 93' lang='lat'><strong>,</strong></span> 
     </span>
    </p>
   </div>
   <div class='ocr_carea' id='block_1_66' title="bbox 2227 941 3796 1006">
    <p class='ocr_par' dir='ltr' id='par_1_66' title="bbox 2227 941 3796 1006">
     <span class='ocr_line' id='line_1_66' title="bbox 2227 941 3796 1006; baseline 0.004 -12"><span class='ocrx_word' id='word_1_525' title='bbox 2227 955 2332 994; x_wconf 86' lang='lat' dir='ltr'><strong>non</strong></span> <span class='ocrx_word' id='word_1_526' title='bbox 2360 941 2554 994; x_wconf 90' lang='lat' dir='ltr'><strong>malum</strong></span> <span class='ocrx_word' id='word_1_527' title='bbox 2595 949 2649 996; x_wconf 91' lang='lat' dir='ltr'><strong>et</strong></span> <span class='ocrx_word' id='word_1_528' title='bbox 2685 941 2908 1006; x_wconf 89' lang='lat' dir='ltr'><strong>bonum;</strong></span> <span class='ocrx_word' id='word_1_529' title='bbox 2955 941 3050 996; x_wconf 90' lang='lat' dir='ltr'><strong>sed</strong></span> <span class='ocrx_word' id='word_1_530' title='bbox 3089 941 3287 998; x_wconf 90' lang='lat' dir='ltr'><strong>bonum</strong></span> <span class='ocrx_word' id='word_1_531' title='bbox 3313 951 3364 997; x_wconf 91' lang='lat' dir='ltr'><strong>et</strong></span> <span class='ocrx_word' id='word_1_532' title='bbox 3391 945 3578 1000; x_wconf 88' lang='lat' dir='ltr'><strong>melius</strong></span> <span class='ocrx_word' id='word_1_533' title='bbox 3605 944 3796 1000; x_wconf 84' lang='lat' dir='ltr'><strong>distin-</strong></span> 
     </span>
    </p>
   </div>
   <div class='ocr_carea' id='block_1_67' title="bbox 2225 1027 3798 1106">
    <p class='ocr_par' dir='ltr' id='par_1_67' title="bbox 2225 1027 3798 1106">
     <span class='ocr_line' id='line_1_67' title="bbox 2225 1027 3798 1106; baseline 0.005 -24"><span class='ocrx_word' id='word_1_534' title='bbox 2225 1029 2471 1100; x_wconf 85' lang='lat' dir='ltr'><strong>guebam.</strong></span> <span class='ocrx_word' id='word_1_535' title='bbox 2501 1027 2670 1084; x_wconf 89' lang='lat' dir='ltr'><strong>Porro</strong></span> <span class='ocrx_word' id='word_1_536' title='bbox 2703 1039 2878 1084; x_wconf 89' lang='lat' dir='ltr'><strong>autem</strong></span> <span class='ocrx_word' id='word_1_537' title='bbox 2919 1029 3022 1086; x_wconf 90' lang='lat' dir='ltr'><strong>duo</strong></span> <span class='ocrx_word' id='word_1_538' title='bbox 3053 1031 3142 1086; x_wconf 92' lang='lat' dir='ltr'><strong>illa</strong></span> <span class='ocrx_word' id='word_1_539' title='bbox 3171 1047 3290 1086; x_wconf 90' lang='lat' dir='ltr'><strong>cum</strong></span> <span class='ocrx_word' id='word_1_540' title='bbox 3321 1048 3580 1104; x_wconf 92' lang='lat' dir='ltr'><strong>posuero,</strong></span> <span class='ocrx_word' id='word_1_541' title='bbox 3609 1049 3798 1106; x_wconf 62' lang='lat' dir='ltr'><strong>supero</strong></span> 
     </span>
    </p>
   </div>
   <div class='ocr_carea' id='block_1_68' title="bbox 2227 1117 3793 1193">
    <p class='ocr_par' dir='ltr' id='par_1_68' title="bbox 2227 1117 3793 1193">
     <span class='ocr_line' id='line_1_68' title="bbox 2227 1117 3793 1193; baseline 0.005 -21"><span class='ocrx_word' id='word_1_542' title='bbox 2227 1117 2366 1172; x_wconf 87' lang='lat' dir='ltr'><strong>biam</strong></span> <span class='ocrx_word' id='word_1_543' title='bbox 2413 1128 2466 1174; x_wconf 93' lang='lat' dir='ltr'><strong>et</strong></span> <span class='ocrx_word' id='word_1_544' title='bbox 2508 1119 2858 1175; x_wconf 90' lang='lat' dir='ltr'><strong>humilitatem</strong></span> <span class='ocrx_word' id='word_1_545' title='bbox 2883 1162 2898 1186; x_wconf 94' lang='lat'><strong>,</strong></span> <span class='ocrx_word' id='word_1_546' title='bbox 2946 1122 3198 1190; x_wconf 89' lang='lat' dir='ltr'><strong>numquid</strong></span> <span class='ocrx_word' id='word_1_547' title='bbox 3245 1137 3528 1193; x_wconf 89' lang='lat' dir='ltr'><strong>possumus</strong></span> <span class='ocrx_word' id='word_1_548' title='bbox 3570 1123 3750 1180; x_wconf 86' lang='lat' dir='ltr'><strong>dicere</strong></span> <span class='ocrx_word' id='word_1_549' title='bbox 3777 1167 3793 1190; x_wconf 92' lang='lat'><strong>,</strong></span> 
     </span>
    </p>
   </div>
   <div class='ocr_carea' id='block_1_69' title="bbox 2225 1209 3794 1280">
    <p class='ocr_par' dir='ltr' id='par_1_69' title="bbox 2225 1209 3794 1280">
     <span class='ocr_line' id='line_1_69' title="bbox 2225 1209 3794 1280; baseline 0.005 -16"><span class='ocrx_word' id='word_1_550' title='bbox 2225 1209 2428 1264; x_wconf 88' lang='lat' dir='ltr'><strong>Bonum</strong></span> <span class='ocrx_word' id='word_1_551' title='bbox 2459 1219 2542 1265; x_wconf 90' lang='lat' dir='ltr'><strong>est</strong></span> <span class='ocrx_word' id='word_1_552' title='bbox 2577 1212 2820 1280; x_wconf 90' lang='lat' dir='ltr'><strong>superbia</strong></span> <span class='ocrx_word' id='word_1_553' title='bbox 2843 1255 2856 1278; x_wconf 91' lang='lat'><strong>,</strong></span> <span class='ocrx_word' id='word_1_554' title='bbox 2889 1211 2983 1267; x_wconf 89' lang='lat' dir='ltr'><strong>sed</strong></span> <span class='ocrx_word' id='word_1_555' title='bbox 3026 1213 3214 1268; x_wconf 88' lang='lat' dir='ltr'><strong>melior</strong></span> <span class='ocrx_word' id='word_1_556' title='bbox 3242 1221 3325 1270; x_wconf 87' lang='lat' dir='ltr'><strong>est</strong></span> <span class='ocrx_word' id='word_1_557' title='bbox 3353 1213 3660 1270; x_wconf 87' lang='lat' dir='ltr'><strong>humilitas?</strong></span> <span class='ocrx_word' id='word_1_558' title='bbox 3687 1215 3794 1272; x_wconf 86' lang='lat' dir='ltr'><strong>Sed</strong></span> 
     </span>
    </p>
   </div>
   <div class='ocr_carea' id='block_1_70' title="bbox 2225 1303 3794 1375">
    <p class='ocr_par' dir='ltr' id='par_1_70' title="bbox 2225 1303 3794 1375">
     <span class='ocr_line' id='line_1_70' title="bbox 2225 1303 3794 1375; baseline 0.005 -19"><span class='ocrx_word' id='word_1_559' title='bbox 2225 1303 2350 1372; x_wconf 87' lang='lat' dir='ltr'><strong>quid</strong></span> <span class='ocrx_word' id='word_1_560' title='bbox 2371 1303 2627 1358; x_wconf 88' lang='lat' dir='ltr'><strong>dicimus?</strong></span> <span class='ocrx_word' id='word_1_561' title='bbox 2647 1303 2901 1375; x_wconf 86' lang='lat' dir='ltr'><strong>Superbia</strong></span> <span class='ocrx_word' id='word_1_562' title='bbox 2928 1305 3122 1359; x_wconf 89' lang='lat' dir='ltr'><strong>malum</strong></span> <span class='ocrx_word' id='word_1_563' title='bbox 3143 1315 3246 1370; x_wconf 88' lang='lat' dir='ltr'><strong>est,</strong></span> <span class='ocrx_word' id='word_1_564' title='bbox 3269 1305 3543 1362; x_wconf 86' lang='lat' dir='ltr'><strong>humilitas</strong></span> <span class='ocrx_word' id='word_1_565' title='bbox 3561 1307 3758 1362; x_wconf 89' lang='lat' dir='ltr'><strong>bonum</strong></span> <span class='ocrx_word' id='word_1_566' title='bbox 3779 1326 3794 1364; x_wconf 88' lang='lat'><strong>:</strong></span> 
     </span>
    </p>
   </div>
   <div class='ocr_carea' id='block_1_71' title="bbox 2225 1395 3798 1466">
    <p class='ocr_par' dir='ltr' id='par_1_71' title="bbox 2225 1395 3798 1466">
     <span class='ocr_line' id='line_1_71' title="bbox 2225 1395 3798 1466; baseline 0.003 -17"><span class='ocrx_word' id='word_1_567' title='bbox 2225 1402 2281 1449; x_wconf 89' lang='lat' dir='ltr'><strong>et</strong></span> <span class='ocrx_word' id='word_1_568' title='bbox 2314 1396 2556 1464; x_wconf 88' lang='lat' dir='ltr'><strong>superbia</strong></span> <span class='ocrx_word' id='word_1_569' title='bbox 2585 1411 2830 1466; x_wconf 87' lang='lat' dir='ltr'><strong>magnum</strong></span> <span class='ocrx_word' id='word_1_570' title='bbox 2864 1395 3059 1448; x_wconf 90' lang='lat' dir='ltr'><strong>malum</strong></span> <span class='ocrx_word' id='word_1_571' title='bbox 3079 1438 3092 1460; x_wconf 93' lang='lat'><strong>,</strong></span> <span class='ocrx_word' id='word_1_572' title='bbox 3128 1395 3396 1452; x_wconf 89' lang='lat' dir='ltr'><strong>humilitas</strong></span> <span class='ocrx_word' id='word_1_573' title='bbox 3425 1412 3674 1466; x_wconf 86' lang='lat' dir='ltr'><strong>magnum</strong></span> <span class='ocrx_word' id='word_1_574' title='bbox 3703 1397 3798 1454; x_wconf 89' lang='lat' dir='ltr'><strong>bo-</strong></span> 
     </span>
    </p>
   </div>
   <div class='ocr_carea' id='block_1_72' title="bbox 2224 1483 3826 1556">
    <p class='ocr_par' dir='ltr' id='par_1_72' title="bbox 2224 1483 3826 1556">
     <span class='ocr_line' id='line_1_72' title="bbox 2224 1483 3826 1556; baseline 0.005 -18"><span class='ocrx_word' id='word_1_575' title='bbox 2224 1501 2370 1538; x_wconf 91' lang='lat' dir='ltr'><strong>num.</strong></span> <span class='ocrx_word' id='word_1_576' title='bbox 2403 1483 2455 1539; x_wconf 86' lang='lat' dir='ltr'><strong>Si</strong></span> <span class='ocrx_word' id='word_1_577' title='bbox 2487 1501 2612 1555; x_wconf 81' lang='lat' dir='ltr'><strong>ergo</strong></span> <span class='ocrx_word' id='word_1_578' title='bbox 2657 1485 2844 1540; x_wconf 85' lang='lat' dir='ltr'><strong>horum</strong></span> <span class='ocrx_word' id='word_1_579' title='bbox 2885 1485 3108 1540; x_wconf 89' lang='lat' dir='ltr'><strong>duorum</strong></span> <span class='ocrx_word' id='word_1_580' title='bbox 3150 1501 3312 1540; x_wconf 91' lang='lat' dir='ltr'><strong>unum</strong></span> <span class='ocrx_word' id='word_1_581' title='bbox 3353 1495 3437 1542; x_wconf 89' lang='lat' dir='ltr'><strong>est</strong></span> <span class='ocrx_word' id='word_1_582' title='bbox 3475 1489 3704 1556; x_wconf 89' lang='lat' dir='ltr'><strong>malum,</strong></span> <span class='ocrx_word' id='word_1_583' title='bbox 3745 1497 3826 1550; x_wconf 91' lang='lat' dir='ltr'><strong>et.</strong></span> 
     </span>
    </p>
   </div>
   <div class='ocr_carea' id='block_1_73' title="bbox 2223 1575 3795 1649">
    <p class='ocr_par' dir='ltr' id='par_1_73' title="bbox 2223 1575 3795 1649">
     <span class='ocr_line' id='line_1_73' title="bbox 2223 1575 3795 1649; baseline 0.006 -21"><span class='ocrx_word' id='word_1_584' title='bbox 2223 1575 2447 1630; x_wconf 88' lang='lat' dir='ltr'><strong>alterum</strong></span> <span class='ocrx_word' id='word_1_585' title='bbox 2493 1577 2690 1630; x_wconf 90' lang='lat' dir='ltr'><strong>bonum</strong></span> <span class='ocrx_word' id='word_1_586' title='bbox 2735 1595 2749 1632; x_wconf 89' lang='lat'><strong>:</strong></span> <span class='ocrx_word' id='word_1_587' title='bbox 2791 1577 3034 1648; x_wconf 88' lang='lat' dir='ltr'><strong>jungitur</strong></span> <span class='ocrx_word' id='word_1_588' title='bbox 3081 1577 3278 1633; x_wconf 89' lang='lat' dir='ltr'><strong>malum</strong></span> <span class='ocrx_word' id='word_1_589' title='bbox 3321 1579 3388 1633; x_wconf 92' lang='lat' dir='ltr'><strong>ad</strong></span> <span class='ocrx_word' id='word_1_590' title='bbox 3425 1579 3600 1649; x_wconf 86' lang='lat' dir='ltr'><strong>majus</strong></span> <span class='ocrx_word' id='word_1_591' title='bbox 3647 1593 3795 1638; x_wconf 89' lang='lat' dir='ltr'><strong>tuum</strong></span> 
     </span>
    </p>
   </div>
   <div class='ocr_carea' id='block_1_74' title="bbox 2223 1667 3797 1740">
    <p class='ocr_par' dir='ltr' id='par_1_74' title="bbox 2223 1667 3797 1740">
     <span class='ocr_line' id='line_1_74' title="bbox 2223 1667 3797 1740; baseline 0.006 -20"><span class='ocrx_word' id='word_1_592' title='bbox 2223 1667 2442 1731; x_wconf 91' lang='lat' dir='ltr'><strong>bonum,</strong></span> <span class='ocrx_word' id='word_1_593' title='bbox 2465 1678 2518 1722; x_wconf 88' lang='lat' dir='ltr'><strong>et</strong></span> <span class='ocrx_word' id='word_1_594' title='bbox 2547 1669 2600 1722; x_wconf 82' lang='lat' dir='ltr'><strong>fit</strong></span> <span class='ocrx_word' id='word_1_595' title='bbox 2629 1677 2796 1723; x_wconf 89' lang='lat' dir='ltr'><strong>totum</strong></span> <span class='ocrx_word' id='word_1_596' title='bbox 2825 1670 3020 1724; x_wconf 89' lang='lat' dir='ltr'><strong>malum</strong></span> <span class='ocrx_word' id='word_1_597' title='bbox 3053 1687 3069 1726; x_wconf 91' lang='lat'><strong>:</strong></span> <span class='ocrx_word' id='word_1_598' title='bbox 3095 1669 3336 1740; x_wconf 89' lang='lat' dir='ltr'><strong>jungitur</strong></span> <span class='ocrx_word' id='word_1_599' title='bbox 3359 1671 3558 1728; x_wconf 91' lang='lat' dir='ltr'><strong>bonum</strong></span> <span class='ocrx_word' id='word_1_600' title='bbox 3587 1673 3652 1728; x_wconf 91' lang='lat' dir='ltr'><strong>ad</strong></span> <span class='ocrx_word' id='word_1_601' title='bbox 3680 1690 3797 1728; x_wconf 89' lang='lat' dir='ltr'><strong>ma-</strong></span> 
     </span>
    </p>
   </div>
   <div class='ocr_carea' id='block_1_75' title="bbox 2222 1760 3799 1832">
    <p class='ocr_par' dir='ltr' id='par_1_75' title="bbox 2222 1760 3799 1832">
     <span class='ocr_line' id='line_1_75' title="bbox 2222 1760 3799 1832; baseline 0.004 -19"><span class='ocrx_word' id='word_1_602' title='bbox 2222 1761 2318 1814; x_wconf 90' lang='lat' dir='ltr'><strong>tris</strong></span> <span class='ocrx_word' id='word_1_603' title='bbox 2347 1771 2448 1814; x_wconf 87' lang='lat' dir='ltr'><strong>luae</strong></span> <span class='ocrx_word' id='word_1_604' title='bbox 2477 1761 2650 1815; x_wconf 90' lang='lat' dir='ltr'><strong>minus</strong></span> <span class='ocrx_word' id='word_1_605' title='bbox 2677 1761 2904 1826; x_wconf 89' lang='lat' dir='ltr'><strong>bonum,</strong></span> <span class='ocrx_word' id='word_1_606' title='bbox 2937 1769 2991 1816; x_wconf 87' lang='lat' dir='ltr'><strong>et</strong></span> <span class='ocrx_word' id='word_1_607' title='bbox 3021 1760 3080 1815; x_wconf 81' lang='lat' dir='ltr'><strong>fit</strong></span> <span class='ocrx_word' id='word_1_608' title='bbox 3109 1776 3358 1832; x_wconf 89' lang='lat' dir='ltr'><strong>magnum</strong></span> <span class='ocrx_word' id='word_1_609' title='bbox 3385 1763 3602 1818; x_wconf 91' lang='lat' dir='ltr'><strong>bonum.</strong></span> <span class='ocrx_word' id='word_1_610' title='bbox 3631 1765 3799 1820; x_wconf 79' lang='lat' dir='ltr'><strong>Mino-</strong></span> 
     </span>
    </p>
   </div>
   <div class='ocr_carea' id='block_1_76' title="bbox 2220 1853 3796 1924">
    <p class='ocr_par' dir='ltr' id='par_1_76' title="bbox 2220 1853 3796 1924">
     <span class='ocr_line' id='line_1_76' title="bbox 2220 1853 3796 1924; baseline 0.001 -17"><span class='ocrx_word' id='word_1_611' title='bbox 2220 1868 2333 1908; x_wconf 89' lang='lat' dir='ltr'><strong>rem</strong></span> <span class='ocrx_word' id='word_1_612' title='bbox 2355 1853 2525 1907; x_wconf 88' lang='lat' dir='ltr'><strong>locum</strong></span> <span class='ocrx_word' id='word_1_613' title='bbox 2553 1853 2768 1908; x_wconf 89' lang='lat' dir='ltr'><strong>habebit</strong></span> <span class='ocrx_word' id='word_1_614' title='bbox 2789 1859 2965 1909; x_wconf 88' lang='lat' dir='ltr'><strong>mater</strong></span> <span class='ocrx_word' id='word_1_615' title='bbox 2985 1853 3038 1908; x_wconf 90' lang='lat' dir='ltr'><strong>in</strong></span> <span class='ocrx_word' id='word_1_616' title='bbox 3065 1869 3230 1924; x_wconf 85' lang='lat' dir='ltr'><strong>regno</strong></span> <span class='ocrx_word' id='word_1_617' title='bbox 3249 1855 3526 1921; x_wconf 73' lang='lat' dir='ltr'><strong>caelorum,</strong></span> <span class='ocrx_word' id='word_1_618' title='bbox 3546 1855 3796 1924; x_wconf 88' lang='lat' dir='ltr'><strong>quoniam</strong></span> 
     </span>
    </p>
   </div>
   <div class='ocr_carea' id='block_1_77' title="bbox 2220 1943 3794 2014">
    <p class='ocr_par' dir='ltr' id='par_1_77' title="bbox 2220 1943 3794 2014">
     <span class='ocr_line' id='line_1_77' title="bbox 2220 1943 3794 2014; baseline 0.001 -17"><span class='ocrx_word' id='word_1_619' title='bbox 2220 1943 2462 1998; x_wconf 89' lang='lat' dir='ltr'><strong>maritata</strong></span> <span class='ocrx_word' id='word_1_620' title='bbox 2485 1953 2584 2008; x_wconf 84' lang='lat' dir='ltr'><strong>est,</strong></span> <span class='ocrx_word' id='word_1_621' title='bbox 2615 1959 2774 2013; x_wconf 88' lang='lat' dir='ltr'><strong>quam</strong></span> <span class='ocrx_word' id='word_1_622' title='bbox 2805 1943 2933 2012; x_wconf 83' lang='lat' dir='ltr'><strong>tilia,</strong></span> <span class='ocrx_word' id='word_1_623' title='bbox 2957 1943 3206 2014; x_wconf 90' lang='lat' dir='ltr'><strong>quoniam</strong></span> <span class='ocrx_word' id='word_1_624' title='bbox 3237 1943 3386 2014; x_wconf 89' lang='lat' dir='ltr'><strong>virgo</strong></span> <span class='ocrx_word' id='word_1_625' title='bbox 3406 1951 3509 2000; x_wconf 90' lang='lat' dir='ltr'><strong>est.</strong></span> <span class='ocrx_word' id='word_1_626' title='bbox 3537 1944 3794 2014; x_wconf 83' lang='lat' dir='ltr'><strong>Majorem</strong></span> 
     </span>
    </p>
   </div>
   <div class='ocr_carea' id='block_1_78' title="bbox 2221 2033 3796 2104">
    <p class='ocr_par' dir='ltr' id='par_1_78' title="bbox 2221 2033 3796 2104">
     <span class='ocr_line' id='line_1_78' title="bbox 2221 2033 3796 2104; baseline 0 -16"><span class='ocrx_word' id='word_1_627' title='bbox 2221 2034 2360 2088; x_wconf 90' lang='lat' dir='ltr'><strong>enim</strong></span> <span class='ocrx_word' id='word_1_628' title='bbox 2389 2033 2562 2087; x_wconf 90' lang='lat' dir='ltr'><strong>locum</strong></span> <span class='ocrx_word' id='word_1_629' title='bbox 2593 2033 2696 2086; x_wconf 83' lang='lat' dir='ltr'><strong>tilia</strong></span> <span class='ocrx_word' id='word_1_630' title='bbox 2728 2033 2876 2104; x_wconf 82' lang='lat' dir='ltr'><strong>virgo</strong></span> <span class='ocrx_word' id='word_1_631' title='bbox 2896 2075 2911 2100; x_wconf 92' lang='lat'><strong>,</strong></span> <span class='ocrx_word' id='word_1_632' title='bbox 2939 2033 3199 2088; x_wconf 89' lang='lat' dir='ltr'><strong>minorem</strong></span> <span class='ocrx_word' id='word_1_633' title='bbox 3228 2033 3402 2088; x_wconf 91' lang='lat' dir='ltr'><strong>locum</strong></span> <span class='ocrx_word' id='word_1_634' title='bbox 3429 2043 3600 2088; x_wconf 89' lang='lat' dir='ltr'><strong>mater</strong></span> <span class='ocrx_word' id='word_1_635' title='bbox 3631 2035 3796 2088; x_wconf 88' lang='lat' dir='ltr'><strong>mari-</strong></span> 
     </span>
    </p>
   </div>
   <div class='ocr_carea' id='block_1_79' title="bbox 2221 2124 3798 2198">
    <p class='ocr_par' dir='ltr' id='par_1_79' title="bbox 2221 2124 3798 2198">
     <span class='ocr_line' id='line_1_79' title="bbox 2221 2124 3798 2198; baseline 0.002 -20"><span class='ocrx_word' id='word_1_636' title='bbox 2221 2133 2347 2190; x_wconf 85' lang='lat' dir='ltr'><strong>tata,</strong></span> <span class='ocrx_word' id='word_1_637' title='bbox 2363 2126 2530 2180; x_wconf 75' lang='lat' dir='ltr'><strong>ambze</strong></span> <span class='ocrx_word' id='word_1_638' title='bbox 2547 2133 2722 2179; x_wconf 86' lang='lat' dir='ltr'><strong>tamen</strong></span> <span class='ocrx_word' id='word_1_639' title='bbox 2749 2125 2824 2180; x_wconf 86' lang='lat' dir='ltr'><strong>ibi</strong></span> <span class='ocrx_word' id='word_1_640' title='bbox 2850 2143 2864 2180; x_wconf 91' lang='lat'><strong>:</strong></span> <span class='ocrx_word' id='word_1_641' title='bbox 2883 2124 3150 2198; x_wconf 90' lang='lat' dir='ltr'><strong>quomodo</strong></span> <span class='ocrx_word' id='word_1_642' title='bbox 3165 2124 3360 2196; x_wconf 84' lang='lat' dir='ltr'><strong>fulgida</strong></span> <span class='ocrx_word' id='word_1_643' title='bbox 3379 2125 3552 2192; x_wconf 89' lang='lat' dir='ltr'><strong>stella,</strong></span> <span class='ocrx_word' id='word_1_644' title='bbox 3571 2126 3798 2181; x_wconf 89' lang='lat' dir='ltr'><strong>obscura</strong></span> 
     </span>
    </p>
   </div>
   <div class='ocr_carea' id='block_1_80' title="bbox 2217 2213 3798 2278">
    <p class='ocr_par' dir='ltr' id='par_1_80' title="bbox 2217 2213 3798 2278">
     <span class='ocr_line' id='line_1_80' title="bbox 2217 2213 3798 2278; baseline 0.001 -8"><span class='ocrx_word' id='word_1_645' title='bbox 2217 2215 2390 2278; x_wconf 88' lang='lat' dir='ltr'><strong>stella,</strong></span> <span class='ocrx_word' id='word_1_646' title='bbox 2410 2215 2579 2270; x_wconf 88' lang='lat' dir='ltr'><strong>ambae</strong></span> <span class='ocrx_word' id='word_1_647' title='bbox 2599 2224 2778 2270; x_wconf 89' lang='lat' dir='ltr'><strong>tamen</strong></span> <span class='ocrx_word' id='word_1_648' title='bbox 2807 2214 2860 2269; x_wconf 91' lang='lat' dir='ltr'><strong>in</strong></span> <span class='ocrx_word' id='word_1_649' title='bbox 2893 2214 3053 2271; x_wconf 74' lang='lat' dir='ltr'><strong>ctelo.</strong></span> <span class='ocrx_word' id='word_1_650' title='bbox 3089 2213 3148 2271; x_wconf 88' lang='lat' dir='ltr'><strong>Si</strong></span> <span class='ocrx_word' id='word_1_651' title='bbox 3173 2229 3300 2270; x_wconf 90' lang='lat' dir='ltr'><strong>vero</strong></span> <span class='ocrx_word' id='word_1_652' title='bbox 3327 2223 3498 2271; x_wconf 91' lang='lat' dir='ltr'><strong>mater</strong></span> <span class='ocrx_word' id='word_1_653' title='bbox 3519 2225 3606 2270; x_wconf 92' lang='lat' dir='ltr'><strong>tua</strong></span> <span class='ocrx_word' id='word_1_654' title='bbox 3637 2215 3798 2272; x_wconf 87' lang='lat' dir='ltr'><strong>fuerit</strong></span> 
     </span>
    </p>
   </div>
   <div class='ocr_carea' id='block_1_81' title="bbox 2219 2303 3793 2376">
    <p class='ocr_par' dir='ltr' id='par_1_81' title="bbox 2219 2303 3793 2376">
     <span class='ocr_line' id='line_1_81' title="bbox 2219 2303 3793 2376; baseline 0.002 -19"><span class='ocrx_word' id='word_1_655' title='bbox 2219 2303 2453 2372; x_wconf 83' lang='lat' dir='ltr'><strong>humilis,</strong></span> <span class='ocrx_word' id='word_1_656' title='bbox 2473 2315 2530 2358; x_wconf 91' lang='lat' dir='ltr'><strong>tu</strong></span> <span class='ocrx_word' id='word_1_657' title='bbox 2545 2306 2770 2373; x_wconf 88' lang='lat' dir='ltr'><strong>superba</strong></span> <span class='ocrx_word' id='word_1_658' title='bbox 2789 2321 2801 2357; x_wconf 93' lang='lat'>:</span> <span class='ocrx_word' id='word_1_659' title='bbox 2819 2305 2907 2359; x_wconf 88' lang='lat' dir='ltr'><strong>illa</strong></span> <span class='ocrx_word' id='word_1_660' title='bbox 2924 2303 3578 2376; x_wconf 90' lang='lat' dir='ltr'><strong>habebitqualemcumque</strong></span> <span class='ocrx_word' id='word_1_661' title='bbox 3595 2305 3793 2374; x_wconf 91' lang='lat' dir='ltr'><strong>locum,</strong></span> 
     </span>
    </p>
   </div>
   <div class='ocr_carea' id='block_1_82' title="bbox 2219 2395 3796 2467">
    <p class='ocr_par' dir='ltr' id='par_1_82' title="bbox 2219 2395 3796 2467">
     <span class='ocr_line' id='line_1_82' title="bbox 2219 2395 3796 2467; baseline 0.001 -17"><span class='ocrx_word' id='word_1_662' title='bbox 2219 2403 2274 2450; x_wconf 91' lang='lat' dir='ltr'><strong>tu</strong></span> <span class='ocrx_word' id='word_1_663' title='bbox 2292 2404 2466 2450; x_wconf 88' lang='lat' dir='ltr'><strong>autem</strong></span> <span class='ocrx_word' id='word_1_664' title='bbox 2485 2396 2688 2450; x_wconf 91' lang='lat' dir='ltr'><strong>nullum</strong></span> <span class='ocrx_word' id='word_1_665' title='bbox 2708 2396 2904 2452; x_wconf 90' lang='lat' dir='ltr'><strong>locum.</strong></span> <span class='ocrx_word' id='word_1_666' title='bbox 2923 2395 2991 2452; x_wconf 87' lang='lat' dir='ltr'><strong>Et</strong></span> <span class='ocrx_word' id='word_1_667' title='bbox 3005 2397 3124 2467; x_wconf 88' lang='lat' dir='ltr'><strong>quis</strong></span> <span class='ocrx_word' id='word_1_668' title='bbox 3148 2397 3350 2452; x_wconf 88' lang='lat' dir='ltr'><strong>invenit</strong></span> <span class='ocrx_word' id='word_1_669' title='bbox 3369 2396 3594 2452; x_wconf 89' lang='lat' dir='ltr'><strong>alterum</strong></span> <span class='ocrx_word' id='word_1_670' title='bbox 3615 2395 3796 2452; x_wconf 73' lang='grc' dir='ltr'><strong>Ιοιιιη</strong></span> 
     </span>
    </p>
   </div>
   <div class='ocr_carea' id='block_1_83' title="bbox 2217 2487 3793 2558">
    <p class='ocr_par' dir='ltr' id='par_1_83' title="bbox 2217 2487 3793 2558">
     <span class='ocr_line' id='line_1_83' title="bbox 2217 2487 3793 2558; baseline 0.001 -18"><span class='ocrx_word' id='word_1_671' title='bbox 2217 2487 2308 2557; x_wconf 93' lang='lat' dir='ltr'><strong>qui</strong></span> <span class='ocrx_word' id='word_1_672' title='bbox 2325 2487 2392 2542; x_wconf 90' lang='lat' dir='ltr'><strong>ibi</strong></span> <span class='ocrx_word' id='word_1_673' title='bbox 2413 2501 2518 2541; x_wconf 91' lang='lat' dir='ltr'><strong>non</strong></span> <span class='ocrx_word' id='word_1_674' title='bbox 2537 2488 2779 2543; x_wconf 91' lang='lat' dir='ltr'><strong>habuerit</strong></span> <span class='ocrx_word' id='word_1_675' title='bbox 2797 2488 2994 2555; x_wconf 88' lang='lat' dir='ltr'><strong>locum,</strong></span> <span class='ocrx_word' id='word_1_676' title='bbox 3013 2487 3114 2542; x_wconf 91' lang='lat' dir='ltr'><strong>nisi</strong></span> <span class='ocrx_word' id='word_1_677' title='bbox 3137 2501 3258 2542; x_wconf 90' lang='lat' dir='ltr'><strong>cum</strong></span> <span class='ocrx_word' id='word_1_678' title='bbox 3279 2487 3373 2543; x_wconf 89' lang='lat' dir='ltr'><strong>illo</strong></span> <span class='ocrx_word' id='word_1_679' title='bbox 3399 2488 3488 2558; x_wconf 93' lang='lat' dir='ltr'><strong>qui</strong></span> <span class='ocrx_word' id='word_1_680' title='bbox 3511 2487 3632 2544; x_wconf 89' lang='lat' dir='ltr'><strong>inde</strong></span> <span class='ocrx_word' id='word_1_681' title='bbox 3653 2489 3793 2543; x_wconf 86' lang='lat' dir='ltr'><strong>ceci-</strong></span> 
     </span>
    </p>
   </div>
   <div class='ocr_carea' id='block_1_84' title="bbox 2215 2578 3792 2650">
    <p class='ocr_par' dir='ltr' id='par_1_84' title="bbox 2215 2578 3792 2650">
     <span class='ocr_line' id='line_1_84' title="bbox 2215 2578 3792 2650; baseline 0.003 -18"><span class='ocrx_word' id='word_1_682' title='bbox 2215 2578 2326 2644; x_wconf 92' lang='lat' dir='ltr'><strong>dit,</strong></span> <span class='ocrx_word' id='word_1_683' title='bbox 2355 2589 2689 2650; x_wconf 88' lang='lat' dir='ltr'><strong>stantemque</strong></span> <span class='ocrx_word' id='word_1_684' title='bbox 2719 2579 2956 2650; x_wconf 82' lang='lat' dir='ltr'><strong>dejecit?</strong></span> <span class='ocrx_word' id='word_1_685' title='bbox 2977 2578 3106 2642; x_wconf 86' lang='lat' dir='ltr'><strong>Inde</strong></span> <span class='ocrx_word' id='word_1_686' title='bbox 3129 2579 3321 2635; x_wconf 83' lang='lat' dir='ltr'><strong>cecidit</strong></span> <span class='ocrx_word' id='word_1_687' title='bbox 3351 2581 3592 2636; x_wconf 89' lang='lat' dir='ltr'><strong>diabolus</strong></span> <span class='ocrx_word' id='word_1_688' title='bbox 3611 2621 3626 2648; x_wconf 92' lang='lat'><strong>,</strong></span> <span class='ocrx_word' id='word_1_689' title='bbox 3651 2580 3792 2636; x_wconf 81' lang='lat' dir='ltr'><strong>unde</strong></span> 
     </span>
    </p>
   </div>
   <div class='ocr_carea' id='block_1_85' title="bbox 2217 2671 3794 2742">
    <p class='ocr_par' dir='ltr' id='par_1_85' title="bbox 2217 2671 3794 2742">
     <span class='ocr_line' id='line_1_85' title="bbox 2217 2671 3794 2742; baseline 0.003 -18"><span class='ocrx_word' id='word_1_690' title='bbox 2217 2679 2442 2726; x_wconf 88' lang='lat' dir='ltr'><strong>stantem</strong></span> <span class='ocrx_word' id='word_1_691' title='bbox 2469 2671 2660 2742; x_wconf 88' lang='lat' dir='ltr'><strong>dejecit</strong></span> <span class='ocrx_word' id='word_1_692' title='bbox 2683 2672 2973 2728; x_wconf 90' lang='lat' dir='ltr'><strong>hominem.</strong></span> <span class='ocrx_word' id='word_1_693' title='bbox 2992 2671 3196 2742; x_wconf 91' lang='lat' dir='ltr'><strong>Dejecit</strong></span> <span class='ocrx_word' id='word_1_694' title='bbox 3212 2681 3439 2730; x_wconf 90' lang='lat' dir='ltr'><strong>stantem</strong></span> <span class='ocrx_word' id='word_1_695' title='bbox 3474 2691 3487 2728; x_wconf 90' lang='lat'><strong>:</strong></span> <span class='ocrx_word' id='word_1_696' title='bbox 3520 2673 3615 2730; x_wconf 91' lang='lat' dir='ltr'><strong>sed</strong></span> <span class='ocrx_word' id='word_1_697' title='bbox 3635 2674 3794 2730; x_wconf 86' lang='lat' dir='ltr'><strong>Chri-</strong></span> 
     </span>
    </p>
   </div>
   <div class='ocr_carea' id='block_1_86' title="bbox 2217 2761 3798 2834">
    <p class='ocr_par' dir='ltr' id='par_1_86' title="bbox 2217 2761 3798 2834">
     <span class='ocr_line' id='line_1_86' title="bbox 2217 2761 3798 2834; baseline 0.004 -20"><span class='ocrx_word' id='word_1_698' title='bbox 2217 2769 2329 2815; x_wconf 90' lang='lat' dir='ltr'><strong>stus</strong></span> <span class='ocrx_word' id='word_1_699' title='bbox 2345 2761 2676 2818; x_wconf 90' lang='lat' dir='ltr'><strong>descendens</strong></span> <span class='ocrx_word' id='word_1_700' title='bbox 2701 2764 2870 2818; x_wconf 78' lang='lat' dir='ltr'><strong>erexit</strong></span> <span class='ocrx_word' id='word_1_701' title='bbox 2880 2763 3166 2834; x_wconf 88' lang='lat' dir='ltr'><strong>jacentem.</strong></span> <span class='ocrx_word' id='word_1_702' title='bbox 3185 2761 3339 2821; x_wconf 87' lang='lat' dir='ltr'><strong>Unde</strong></span> <span class='ocrx_word' id='word_1_703' title='bbox 3362 2772 3414 2820; x_wconf 91' lang='lat' dir='ltr'><strong>te</strong></span> <span class='ocrx_word' id='word_1_704' title='bbox 3431 2772 3606 2820; x_wconf 88' lang='lat' dir='ltr'><strong>tamen</strong></span> <span class='ocrx_word' id='word_1_705' title='bbox 3624 2769 3798 2823; x_wconf 78' lang='lat' dir='ltr'><strong>erexit</strong></span> 
     </span>
    </p>
   </div>
   <div class='ocr_carea' id='block_1_87' title="bbox 2217 2855 3792 2927">
    <p class='ocr_par' dir='ltr' id='par_1_87' title="bbox 2217 2855 3792 2927">
     <span class='ocr_line' id='line_1_87' title="bbox 2217 2855 3792 2927; baseline 0.003 -18"><span class='ocrx_word' id='word_1_706' title='bbox 2217 2855 2470 2910; x_wconf 91' lang='lat' dir='ltr'><strong>Dominus</strong></span> <span class='ocrx_word' id='word_1_707' title='bbox 2499 2865 2638 2922; x_wconf 88' lang='lat' dir='ltr'><strong>tuus,</strong></span> <span class='ocrx_word' id='word_1_708' title='bbox 2665 2857 2900 2911; x_wconf 85' lang='lat' dir='ltr'><strong>attende.</strong></span> <span class='ocrx_word' id='word_1_709' title='bbox 2927 2855 3235 2912; x_wconf 86' lang='lat' dir='ltr'><strong>llumilitate</strong></span> <span class='ocrx_word' id='word_1_710' title='bbox 3259 2857 3449 2927; x_wconf 81' lang='lat' dir='ltr'><strong>erexit,</strong></span> <span class='ocrx_word' id='word_1_711' title='bbox 3472 2856 3640 2912; x_wconf 91' lang='lat' dir='ltr'><strong>factus</strong></span> <span class='ocrx_word' id='word_1_712' title='bbox 3657 2857 3792 2914; x_wconf 90' lang='lat' dir='ltr'><strong>obe-</strong></span> 
     </span>
    </p>
   </div>
   <div class='ocr_carea' id='block_1_88' title="bbox 2215 2947 3792 3024">
    <p class='ocr_par' dir='ltr' id='par_1_88' title="bbox 2215 2947 3792 3024">
     <span class='ocr_line' id='line_1_88' title="bbox 2215 2947 3792 3024; baseline 0.003 -21"><span class='ocrx_word' id='word_1_713' title='bbox 2215 2947 2365 3003; x_wconf 90' lang='lat' dir='ltr'><strong>diens</strong></span> <span class='ocrx_word' id='word_1_714' title='bbox 2381 2963 2546 3019; x_wconf 91' lang='lat' dir='ltr'><strong>usque</strong></span> <span class='ocrx_word' id='word_1_715' title='bbox 2561 2948 2627 3004; x_wconf 87' lang='lat' dir='ltr'><strong>ad</strong></span> <span class='ocrx_word' id='word_1_716' title='bbox 2642 2959 2886 3014; x_wconf 90' lang='lat' dir='ltr'><strong>mortem,</strong></span> <span class='ocrx_word' id='word_1_717' title='bbox 2901 2948 3196 3005; x_wconf 87' lang='lat' dir='ltr'><strong>humiliavit</strong></span> <span class='ocrx_word' id='word_1_718' title='bbox 3205 2947 3715 3024; x_wconf 81' lang='lat' dir='ltr'><strong>semetipsum(Phil.</strong></span> <span class='ocrx_word' id='word_1_719' title='bbox 3729 2965 3792 3022; x_wconf 82' lang='grc' dir='ltr'><strong>ιι,</strong></span> 
     </span>
    </p>
   </div>
   <div class='ocr_carea' id='block_1_89' title="bbox 2215 3038 3792 3114">
    <p class='ocr_par' dir='ltr' id='par_1_89' title="bbox 2215 3038 3792 3114">
     <span class='ocr_line' id='line_1_89' title="bbox 2215 3038 3792 3114; baseline 0.004 -21"><span class='ocrx_word' id='word_1_720' title='bbox 2215 3038 2268 3110; x_wconf 88' lang='grc'><strong>8)</strong></span> <span class='ocrx_word' id='word_1_721' title='bbox 2283 3079 2292 3093; x_wconf 94' lang='grc'>.</span> <span class='ocrx_word' id='word_1_722' title='bbox 2309 3039 2565 3110; x_wconf 87' lang='lat' dir='ltr'><strong>Princeps</strong></span> <span class='ocrx_word' id='word_1_723' title='bbox 2579 3049 2700 3096; x_wconf 92' lang='lat' dir='ltr'><strong>tuus</strong></span> <span class='ocrx_word' id='word_1_724' title='bbox 2715 3041 3079 3106; x_wconf 89' lang='lat' dir='ltr'><strong>humilis,ettu</strong></span> <span class='ocrx_word' id='word_1_725' title='bbox 3095 3041 3376 3111; x_wconf 81' lang='lat' dir='ltr'><strong>superbus?</strong></span> <span class='ocrx_word' id='word_1_726' title='bbox 3385 3041 3554 3114; x_wconf 87' lang='lat' dir='ltr'><strong>Caput</strong></span> <span class='ocrx_word' id='word_1_727' title='bbox 3569 3041 3792 3110; x_wconf 89' lang='lat' dir='ltr'><strong>humile,</strong></span> 
     </span>
    </p>
   </div>
   <div class='ocr_carea' id='block_1_90' title="bbox 2213 3131 3790 3202">
    <p class='ocr_par' dir='ltr' id='par_1_90' title="bbox 2213 3131 3790 3202">
     <span class='ocr_line' id='line_1_90' title="bbox 2213 3131 3790 3202; baseline 0.003 -16"><span class='ocrx_word' id='word_1_728' title='bbox 2213 3139 2269 3187; x_wconf 91' lang='lat' dir='ltr'><strong>et</strong></span> <span class='ocrx_word' id='word_1_729' title='bbox 2294 3132 2592 3186; x_wconf 91' lang='lat' dir='ltr'><strong>membrum</strong></span> <span class='ocrx_word' id='word_1_730' title='bbox 2621 3131 2943 3202; x_wconf 87' lang='lat' dir='ltr'><strong>superbum?</strong></span> <span class='ocrx_word' id='word_1_731' title='bbox 2979 3132 3148 3187; x_wconf 86' lang='lat' dir='ltr'><strong>Absit.</strong></span> <span class='ocrx_word' id='word_1_732' title='bbox 3175 3131 3289 3186; x_wconf 87' lang='lat' dir='ltr'><strong>Non</strong></span> <span class='ocrx_word' id='word_1_733' title='bbox 3306 3132 3416 3186; x_wconf 91' lang='lat' dir='ltr'><strong>vult</strong></span> <span class='ocrx_word' id='word_1_734' title='bbox 3431 3146 3550 3189; x_wconf 90' lang='lat' dir='ltr'><strong>esse</strong></span> <span class='ocrx_word' id='word_1_735' title='bbox 3569 3132 3638 3190; x_wconf 91' lang='lat' dir='ltr'><strong>de</strong></span> <span class='ocrx_word' id='word_1_736' title='bbox 3662 3149 3790 3190; x_wconf 88' lang='lat' dir='ltr'><strong>cor-</strong></span> 
     </span>
    </p>
   </div>
   <div class='ocr_carea' id='block_1_91' title="bbox 2213 3221 3790 3292">
    <p class='ocr_par' dir='ltr' id='par_1_91' title="bbox 2213 3221 3790 3292">
     <span class='ocr_line' id='line_1_91' title="bbox 2213 3221 3790 3292; baseline 0.003 -15"><span class='ocrx_word' id='word_1_737' title='bbox 2213 3237 2348 3292; x_wconf 88' lang='lat' dir='ltr'><strong>pore</strong></span> <span class='ocrx_word' id='word_1_738' title='bbox 2385 3222 2571 3292; x_wconf 91' lang='lat' dir='ltr'><strong>capitis</strong></span> <span class='ocrx_word' id='word_1_739' title='bbox 2599 3221 2837 3289; x_wconf 89' lang='lat' dir='ltr'><strong>humilis,</strong></span> <span class='ocrx_word' id='word_1_740' title='bbox 2866 3223 2954 3292; x_wconf 92' lang='lat' dir='ltr'><strong>qui</strong></span> <span class='ocrx_word' id='word_1_741' title='bbox 2991 3229 3133 3277; x_wconf 90' lang='lat' dir='ltr'><strong>amat</strong></span> <span class='ocrx_word' id='word_1_742' title='bbox 3157 3221 3477 3292; x_wconf 88' lang='lat' dir='ltr'><strong>superbiam.</strong></span> <span class='ocrx_word' id='word_1_743' title='bbox 3514 3221 3572 3279; x_wconf 92' lang='lat' dir='ltr'><strong>SI</strong></span> <span class='ocrx_word' id='word_1_744' title='bbox 3609 3229 3790 3282; x_wconf 89' lang='lat' dir='ltr'><strong>autem</strong></span> 
     </span>
    </p>
   </div>
   <div class='ocr_carea' id='block_1_92' title="bbox 2213 3311 3794 3384">
    <p class='ocr_par' dir='ltr' id='par_1_92' title="bbox 2213 3311 3794 3384">
     <span class='ocr_line' id='line_1_92' title="bbox 2213 3311 3794 3384; baseline 0.002 -16"><span class='ocrx_word' id='word_1_745' title='bbox 2213 3329 2319 3368; x_wconf 92' lang='lat' dir='ltr'><strong>non</strong></span> <span class='ocrx_word' id='word_1_746' title='bbox 2347 3311 2526 3381; x_wconf 86' lang='lat' dir='ltr'><strong>fuerit,</strong></span> <span class='ocrx_word' id='word_1_747' title='bbox 2555 3313 2732 3368; x_wconf 86' lang='lat' dir='ltr'><strong>videat</strong></span> <span class='ocrx_word' id='word_1_748' title='bbox 2773 3313 2860 3368; x_wconf 90' lang='lat' dir='ltr'><strong>ubi</strong></span> <span class='ocrx_word' id='word_1_749' title='bbox 2886 3312 3008 3368; x_wconf 91' lang='lat' dir='ltr'><strong>erit.</strong></span> <span class='ocrx_word' id='word_1_750' title='bbox 3037 3312 3151 3384; x_wconf 86' lang='lat' dir='ltr'><strong>Ego</strong></span> <span class='ocrx_word' id='word_1_751' title='bbox 3175 3312 3298 3368; x_wconf 93' lang='lat' dir='ltr'><strong>nolo</strong></span> <span class='ocrx_word' id='word_1_752' title='bbox 3317 3311 3496 3369; x_wconf 89' lang='lat' dir='ltr'><strong>dicere</strong></span> <span class='ocrx_word' id='word_1_753' title='bbox 3520 3354 3538 3382; x_wconf 91' lang='lat'><strong>,</strong></span> <span class='ocrx_word' id='word_1_754' title='bbox 3573 3330 3644 3371; x_wconf 91' lang='lat' dir='ltr'><strong>ne</strong></span> <span class='ocrx_word' id='word_1_755' title='bbox 3678 3331 3794 3371; x_wconf 86' lang='lat' dir='ltr'><strong>am-</strong></span> 
     </span>
    </p>
   </div>
   <div class='ocr_carea' id='block_1_93' title="bbox 2211 3403 3794 3474">
    <p class='ocr_par' dir='ltr' id='par_1_93' title="bbox 2211 3403 3794 3474">
     <span class='ocr_line' id='line_1_93' title="bbox 2211 3403 3794 3474; baseline 0.002 -16"><span class='ocrx_word' id='word_1_756' title='bbox 2211 3403 2353 3474; x_wconf 90' lang='lat' dir='ltr'><strong>plius</strong></span> <span class='ocrx_word' id='word_1_757' title='bbox 2376 3403 2557 3458; x_wconf 87' lang='lat' dir='ltr'><strong>videar</strong></span> <span class='ocrx_word' id='word_1_758' title='bbox 2581 3403 2858 3459; x_wconf 89' lang='lat' dir='ltr'><strong>terruisse.</strong></span> <span class='ocrx_word' id='word_1_759' title='bbox 2885 3404 3001 3458; x_wconf 92' lang='lat' dir='ltr'><strong>Imo</strong></span> <span class='ocrx_word' id='word_1_760' title='bbox 3029 3404 3228 3459; x_wconf 90' lang='lat' dir='ltr'><strong>utinam</strong></span> <span class='ocrx_word' id='word_1_761' title='bbox 3255 3404 3534 3460; x_wconf 89' lang='lat' dir='ltr'><strong>terruerim</strong></span> <span class='ocrx_word' id='word_1_762' title='bbox 3557 3445 3576 3474; x_wconf 92' lang='lat'><strong>,</strong></span> <span class='ocrx_word' id='word_1_763' title='bbox 3607 3413 3661 3461; x_wconf 93' lang='lat' dir='ltr'><strong>et</strong></span> <span class='ocrx_word' id='word_1_764' title='bbox 3685 3407 3794 3462; x_wconf 85' lang='lat' dir='ltr'><strong>ali-</strong></span> 
     </span>
    </p>
   </div>
   <div class='ocr_carea' id='block_1_94' title="bbox 2211 3495 3798 3568">
    <p class='ocr_par' dir='ltr' id='par_1_94' title="bbox 2211 3495 3798 3568">
     <span class='ocr_line' id='line_1_94' title="bbox 2211 3495 3798 3568; baseline 0.003 -17"><span class='ocrx_word' id='word_1_765' title='bbox 2211 3497 2338 3567; x_wconf 90' lang='lat' dir='ltr'><strong>quid</strong></span> <span class='ocrx_word' id='word_1_766' title='bbox 2365 3497 2584 3568; x_wconf 89' lang='lat' dir='ltr'><strong>egerim.</strong></span> <span class='ocrx_word' id='word_1_767' title='bbox 2605 3495 2823 3553; x_wconf 87' lang='lat' dir='ltr'><strong>Utinam</strong></span> <span class='ocrx_word' id='word_1_768' title='bbox 2847 3498 2936 3568; x_wconf 84' lang='lat' dir='ltr'><strong>qui</strong></span> <span class='ocrx_word' id='word_1_769' title='bbox 2973 3497 3052 3552; x_wconf 91' lang='lat' dir='ltr'><strong>sic</strong></span> <span class='ocrx_word' id='word_1_770' title='bbox 3075 3495 3286 3564; x_wconf 82' lang='lat' dir='ltr'><strong>fuerat,</strong></span> <span class='ocrx_word' id='word_1_771' title='bbox 3315 3497 3399 3552; x_wconf 88' lang='lat' dir='ltr'><strong>vel</strong></span> <span class='ocrx_word' id='word_1_772' title='bbox 3423 3511 3542 3568; x_wconf 62' lang='lat' dir='ltr'><strong>quae</strong></span> <span class='ocrx_word' id='word_1_773' title='bbox 3566 3499 3646 3555; x_wconf 87' lang='lat' dir='ltr'><strong>sic</strong></span> <span class='ocrx_word' id='word_1_774' title='bbox 3671 3497 3798 3555; x_wconf 82' lang='lat' dir='ltr'><strong>fue-</strong></span> 
     </span>
    </p>
   </div>
   <div class='ocr_carea' id='block_1_95' title="bbox 2213 3587 3798 3654">
    <p class='ocr_par' dir='ltr' id='par_1_95' title="bbox 2213 3587 3798 3654">
     <span class='ocr_line' id='line_1_95' title="bbox 2213 3587 3798 3654; baseline 0.002 -10"><span class='ocrx_word' id='word_1_775' title='bbox 2213 3599 2316 3654; x_wconf 89' lang='lat' dir='ltr'><strong>rat,</strong></span> <span class='ocrx_word' id='word_1_776' title='bbox 2345 3605 2446 3642; x_wconf 90' lang='lat' dir='ltr'><strong>non</strong></span> <span class='ocrx_word' id='word_1_777' title='bbox 2474 3588 2542 3642; x_wconf 92' lang='lat' dir='ltr'><strong>sit</strong></span> <span class='ocrx_word' id='word_1_778' title='bbox 2573 3587 2816 3644; x_wconf 88' lang='lat' dir='ltr'><strong>ulterius.</strong></span> <span class='ocrx_word' id='word_1_779' title='bbox 2847 3588 3058 3644; x_wconf 87' lang='lat' dir='ltr'><strong>Utinam</strong></span> <span class='ocrx_word' id='word_1_780' title='bbox 3091 3587 3254 3644; x_wconf 89' lang='lat' dir='ltr'><strong>verba</strong></span> <span class='ocrx_word' id='word_1_781' title='bbox 3273 3589 3374 3643; x_wconf 90' lang='lat' dir='ltr'><strong>ista</strong></span> <span class='ocrx_word' id='word_1_782' title='bbox 3403 3587 3706 3654; x_wconf 86' lang='lat' dir='ltr'><strong>infuderim,</strong></span> <span class='ocrx_word' id='word_1_783' title='bbox 3731 3598 3798 3646; x_wconf 87' lang='lat' dir='ltr'><strong>et</strong></span> 
     </span>
    </p>
   </div>
   <div class='ocr_carea' id='block_1_96' title="bbox 2211 3677 3790 3752">
    <p class='ocr_par' dir='ltr' id='par_1_96' title="bbox 2211 3677 3790 3752">
     <span class='ocr_line' id='line_1_96' title="bbox 2211 3677 3790 3752; baseline 0.001 -18"><span class='ocrx_word' id='word_1_784' title='bbox 2211 3695 2317 3734; x_wconf 90' lang='lat' dir='ltr'><strong>non</strong></span> <span class='ocrx_word' id='word_1_785' title='bbox 2345 3679 2643 3734; x_wconf 75' lang='lat' dir='ltr'><strong>effuderint.</strong></span> <span class='ocrx_word' id='word_1_786' title='bbox 2671 3679 2863 3734; x_wconf 89' lang='lat' dir='ltr'><strong>Totum</strong></span> <span class='ocrx_word' id='word_1_787' title='bbox 2887 3679 3206 3750; x_wconf 88' lang='lat' dir='ltr'><strong>sperandum</strong></span> <span class='ocrx_word' id='word_1_788' title='bbox 3227 3686 3310 3752; x_wconf 84' lang='lat' dir='ltr'><strong>est</strong></span> <span class='ocrx_word' id='word_1_789' title='bbox 3323 3677 3390 3735; x_wconf 91' lang='lat' dir='ltr'><strong>de</strong></span> <span class='ocrx_word' id='word_1_790' title='bbox 3413 3679 3790 3736; x_wconf 88' lang='lat' dir='ltr'><strong>misericordia</strong></span> 
     </span>
    </p>
   </div>
   <div class='ocr_carea' id='block_1_97' title="bbox 2213 3769 3794 3842">
    <p class='ocr_par' dir='ltr' id='par_1_97' title="bbox 2213 3769 3794 3842">
     <span class='ocr_line' id='line_1_97' title="bbox 2213 3769 3794 3842; baseline 0.001 -17"><span class='ocrx_word' id='word_1_791' title='bbox 2213 3770 2306 3825; x_wconf 88' lang='lat' dir='ltr'><strong>Dei</strong></span> <span class='ocrx_word' id='word_1_792' title='bbox 2340 3789 2354 3825; x_wconf 92' lang='lat'><strong>:</strong></span> <span class='ocrx_word' id='word_1_793' title='bbox 2396 3771 2516 3840; x_wconf 89' lang='lat' dir='ltr'><strong>quia</strong></span> <span class='ocrx_word' id='word_1_794' title='bbox 2559 3772 2647 3842; x_wconf 92' lang='lat' dir='ltr'><strong>qui</strong></span> <span class='ocrx_word' id='word_1_795' title='bbox 2670 3777 2852 3836; x_wconf 89' lang='lat' dir='ltr'><strong>terret,</strong></span> <span class='ocrx_word' id='word_1_796' title='bbox 2875 3771 3184 3835; x_wconf 87' lang='lat' dir='ltr'><strong>contristat;</strong></span> <span class='ocrx_word' id='word_1_797' title='bbox 3209 3770 3300 3842; x_wconf 91' lang='lat' dir='ltr'><strong>qui</strong></span> <span class='ocrx_word' id='word_1_798' title='bbox 3335 3769 3632 3840; x_wconf 88' lang='lat' dir='ltr'><strong>contristat,</strong></span> <span class='ocrx_word' id='word_1_799' title='bbox 3660 3785 3794 3826; x_wconf 84' lang='lat' dir='ltr'><strong>con-</strong></span> 
     </span>
    </p>
   </div>
   <div class='ocr_carea' id='block_1_98' title="bbox 2211 3861 3608 3933">
    <p class='ocr_par' dir='ltr' id='par_1_98' title="bbox 2211 3861 3608 3933">
     <span class='ocr_line' id='line_1_98' title="bbox 2211 3861 3608 3933; baseline 0.001 -17"><span class='ocrx_word' id='word_1_800' title='bbox 2211 3861 2441 3928; x_wconf 88' lang='lat' dir='ltr'><strong>solatur;</strong></span> <span class='ocrx_word' id='word_1_801' title='bbox 2465 3861 2558 3917; x_wconf 91' lang='lat' dir='ltr'><strong>sed</strong></span> <span class='ocrx_word' id='word_1_802' title='bbox 2585 3862 2632 3918; x_wconf 91' lang='lat' dir='ltr'><strong>si</strong></span> <span class='ocrx_word' id='word_1_803' title='bbox 2663 3863 2755 3933; x_wconf 90' lang='lat' dir='ltr'><strong>qui</strong></span> <span class='ocrx_word' id='word_1_804' title='bbox 2778 3863 3120 3918; x_wconf 87' lang='lat' dir='ltr'><strong>contristatus</strong></span> <span class='ocrx_word' id='word_1_805' title='bbox 3147 3871 3248 3929; x_wconf 88' lang='lat' dir='ltr'><strong>est,</strong></span> <span class='ocrx_word' id='word_1_806' title='bbox 3277 3863 3608 3918; x_wconf 90' lang='lat' dir='ltr'><strong>emendatur.</strong></span> 
     </span>
    </p>
   </div>
   <div class='ocr_carea' id='block_1_99' title="bbox 2669 3969 3322 4044">
    <p class='ocr_par' dir='ltr' id='par_1_99' title="bbox 2669 3969 3322 4044">
     <span class='ocr_line' id='line_1_99' title="bbox 2669 3969 3322 4044; baseline -0.003 -16"><span class='ocrx_word' id='word_1_807' title='bbox 2669 3971 2897 4028; x_wconf 83' lang='lat' dir='ltr'><strong>SERMO</strong></span> <span class='ocrx_word' id='word_1_808' title='bbox 2941 3969 3160 4028; x_wconf 71' lang='lat' dir='ltr'><strong>eccm</strong></span> <span class='ocrx_word' id='word_1_809' title='bbox 3185 3975 3202 3998; x_wconf 65' lang='grc' dir='ltr'><em>α</em></span> <span class='ocrx_word' id='word_1_810' title='bbox 3223 3971 3322 4044; x_wconf 87' lang='grc' dir='ltr'><strong>(α).</strong></span> 
     </span>
    </p>
   </div>
   <div class='ocr_carea' id='block_1_100' title="bbox 2355 4085 3640 4159">
    <p class='ocr_par' dir='ltr' id='par_1_100' title="bbox 2355 4085 3640 4159">
     <span class='ocr_line' id='line_1_100' title="bbox 2355 4085 3640 4159; baseline -0.001 -19"><span class='ocrx_word' id='word_1_811' title='bbox 2355 4085 2429 4140; x_wconf 85' lang='lat' dir='ltr'><strong>De</strong></span> <span class='ocrx_word' id='word_1_812' title='bbox 2464 4085 2574 4140; x_wconf 87' lang='lat' dir='ltr'><strong>Vita</strong></span> <span class='ocrx_word' id='word_1_813' title='bbox 2597 4095 2642 4140; x_wconf 87' lang='lat' dir='ltr'><strong>et</strong></span> <span class='ocrx_word' id='word_1_814' title='bbox 2667 4085 2894 4142; x_wconf 75' lang='lat' dir='ltr'><strong>Moribus</strong></span> <span class='ocrx_word' id='word_1_815' title='bbox 2918 4085 3212 4142; x_wconf 75' lang='lat' dir='ltr'><strong>clericorum</strong></span> <span class='ocrx_word' id='word_1_816' title='bbox 3235 4102 3462 4155; x_wconf 75' lang='lat' dir='ltr'><strong>suorum,</strong></span> <span class='ocrx_word' id='word_1_817' title='bbox 3499 4101 3518 4142; x_wconf 87' lang='grc' dir='ltr'><strong>ι</strong></span> <span class='ocrx_word' id='word_1_818' title='bbox 3541 4086 3640 4159; x_wconf 69' lang='grc' dir='ltr'><strong>(ὁ).</strong></span> 
     </span>
    </p>
   </div>
   <div class='ocr_carea' id='block_1_101' title="bbox 2281 4198 3782 4258">
    <p class='ocr_par' dir='ltr' id='par_1_101' title="bbox 2281 4198 3782 4258">
     <span class='ocr_line' id='line_1_101' title="bbox 2281 4198 3782 4258; baseline 0.004 -6"><span class='ocrx_word' id='word_1_819' title='bbox 2281 4198 2506 4254; x_wconf 81' lang='lat' dir='ltr'><strong>CAPUT</strong></span> <span class='ocrx_word' id='word_1_820' title='bbox 2543 4199 2825 4258; x_wconf 77' lang='lat' dir='ltr'><strong>PRIMUM.</strong></span> <span class='ocrx_word' id='word_1_821' title='bbox 2851 4231 2926 4242; x_wconf 90' lang='lat'><strong>—-</strong></span> <span class='ocrx_word' id='word_1_822' title='bbox 2951 4201 3002 4254; x_wconf 83' lang='lat' dir='ltr'><strong>I.</strong></span> <span class='ocrx_word' id='word_1_823' title='bbox 3034 4199 3325 4256; x_wconf 72' lang='lat' dir='ltr'><strong>Curandum</strong></span> <span class='ocrx_word' id='word_1_824' title='bbox 3351 4211 3408 4255; x_wconf 88' lang='lat' dir='ltr'><strong>ut</strong></span> <span class='ocrx_word' id='word_1_825' title='bbox 3431 4199 3564 4255; x_wconf 81' lang='lat' dir='ltr'><strong>bona</strong></span> <span class='ocrx_word' id='word_1_826' title='bbox 3584 4201 3650 4256; x_wconf 72' lang='lat' dir='ltr'><strong>sit</strong></span> <span class='ocrx_word' id='word_1_827' title='bbox 3675 4217 3782 4258; x_wconf 83' lang='lat' dir='ltr'><strong>non</strong></span> 
     </span>
    </p>
   </div>
   <div class='ocr_carea' id='block_1_102' title="bbox 2211 4290 3787 4364">
    <p class='ocr_par' dir='ltr' id='par_1_102' title="bbox 2211 4290 3787 4364">
     <span class='ocr_line' id='line_1_102' title="bbox 2211 4290 3787 4364; baseline 0.003 -18"><span class='ocrx_word' id='word_1_828' title='bbox 2211 4290 2375 4346; x_wconf 79' lang='lat' dir='ltr'><strong>solum</strong></span> <span class='ocrx_word' id='word_1_829' title='bbox 2397 4291 2717 4356; x_wconf 76' lang='lat' dir='ltr'><strong>conscientia,</strong></span> <span class='ocrx_word' id='word_1_830' title='bbox 2740 4290 2830 4346; x_wconf 82' lang='lat' dir='ltr'><strong>sed</strong></span> <span class='ocrx_word' id='word_1_831' title='bbox 2875 4293 3025 4346; x_wconf 85' lang='lat' dir='ltr'><strong>etiam</strong></span> <span class='ocrx_word' id='word_1_832' title='bbox 3052 4297 3209 4364; x_wconf 80' lang='lat' dir='ltr'><strong>fama.</strong></span> <span class='ocrx_word' id='word_1_833' title='bbox 3232 4293 3456 4364; x_wconf 87' lang='lat' dir='ltr'><strong>Propter</strong></span> <span class='ocrx_word' id='word_1_834' title='bbox 3477 4293 3618 4363; x_wconf 88' lang='lat' dir='ltr'><strong>quod</strong></span> <span class='ocrx_word' id='word_1_835' title='bbox 3639 4295 3723 4348; x_wconf 89' lang='lat' dir='ltr'><strong>vol</strong></span> <span class='ocrx_word' id='word_1_836' title='bbox 3731 4295 3787 4350; x_wconf 91' lang='lat' dir='ltr'><strong>ui</strong></span> 
     </span>
    </p>
   </div>
   <div class='ocr_carea' id='block_1_103' title="bbox 2211 4381 3792 4454">
    <p class='ocr_par' dir='ltr' id='par_1_103' title="bbox 2211 4381 3792 4454">
     <span class='ocr_line' id='line_1_103' title="bbox 2211 4381 3792 4454; baseline 0.003 -18"><span class='ocrx_word' id='word_1_837' title='bbox 2211 4389 2266 4436; x_wconf 92' lang='lat' dir='ltr'><strong>et</strong></span> <span class='ocrx_word' id='word_1_838' title='bbox 2293 4381 2472 4450; x_wconf 86' lang='lat' dir='ltr'><strong>rogavi</strong></span> <span class='ocrx_word' id='word_1_839' title='bbox 2497 4381 2752 4438; x_wconf 85' lang='lat' dir='ltr'><strong>hesterno</strong></span> <span class='ocrx_word' id='word_1_840' title='bbox 2777 4381 2883 4448; x_wconf 90' lang='lat' dir='ltr'><strong>die,</strong></span> <span class='ocrx_word' id='word_1_841' title='bbox 2905 4391 2964 4438; x_wconf 92' lang='lat' dir='ltr'><strong>ut</strong></span> <span class='ocrx_word' id='word_1_842' title='bbox 2991 4382 3150 4440; x_wconf 88' lang='lat' dir='ltr'><strong>hodie</strong></span> <span class='ocrx_word' id='word_1_843' title='bbox 3175 4383 3504 4454; x_wconf 87' lang='lat' dir='ltr'><strong>frequentius</strong></span> <span class='ocrx_word' id='word_1_844' title='bbox 3529 4386 3792 4441; x_wconf 88' lang='lat' dir='ltr'><strong>conveni-</strong></span> 
     </span>
    </p>
   </div>
   <div class='ocr_carea' id='block_1_104' title="bbox 2211 4471 3788 4543">
    <p class='ocr_par' dir='ltr' id='par_1_104' title="bbox 2211 4471 3788 4543">
     <span class='ocr_line' id='line_1_104' title="bbox 2211 4471 3788 4543; baseline 0.004 -17"><span class='ocrx_word' id='word_1_845' title='bbox 2211 4472 2362 4538; x_wconf 89' lang='lat' dir='ltr'><strong>retis,</strong></span> <span class='ocrx_word' id='word_1_846' title='bbox 2396 4471 2499 4526; x_wconf 91' lang='lat' dir='ltr'><strong>hoc</strong></span> <span class='ocrx_word' id='word_1_847' title='bbox 2522 4481 2605 4528; x_wconf 89' lang='lat' dir='ltr'><strong>est</strong></span> <span class='ocrx_word' id='word_1_848' title='bbox 2629 4473 2770 4543; x_wconf 89' lang='lat' dir='ltr'><strong>quod</strong></span> <span class='ocrx_word' id='word_1_849' title='bbox 2797 4474 3033 4530; x_wconf 87' lang='lat' dir='ltr'><strong>dicturus</strong></span> <span class='ocrx_word' id='word_1_850' title='bbox 3058 4491 3196 4536; x_wconf 86' lang='lat' dir='ltr'><strong>sum.</strong></span> <span class='ocrx_word' id='word_1_851' title='bbox 3223 4475 3504 4531; x_wconf 73' lang='lat' dir='ltr'><strong>Vobiscum</strong></span> <span class='ocrx_word' id='word_1_852' title='bbox 3541 4475 3626 4532; x_wconf 89' lang='lat' dir='ltr'><strong>hic</strong></span> <span class='ocrx_word' id='word_1_853' title='bbox 3649 4478 3788 4532; x_wconf 83' lang='lat' dir='ltr'><strong>vivi-</strong></span> 
     </span>
    </p>
   </div>
   <div class='ocr_carea' id='block_1_105' title="bbox 2211 4567 3790 4638">
    <p class='ocr_par' dir='ltr' id='par_1_105' title="bbox 2211 4567 3790 4638">
     <span class='ocr_line' id='line_1_105' title="bbox 2211 4567 3790 4638; baseline 0.003 -20"><span class='ocrx_word' id='word_1_854' title='bbox 2211 4577 2350 4629; x_wconf 87' lang='lat' dir='ltr'><strong>mus,</strong></span> <span class='ocrx_word' id='word_1_855' title='bbox 2387 4571 2442 4618; x_wconf 91' lang='lat' dir='ltr'><strong>et</strong></span> <span class='ocrx_word' id='word_1_856' title='bbox 2476 4572 2694 4635; x_wconf 89' lang='lat' dir='ltr'><strong>propter</strong></span> <span class='ocrx_word' id='word_1_857' title='bbox 2727 4579 2822 4622; x_wconf 91' lang='lat' dir='ltr'><strong>vos</strong></span> <span class='ocrx_word' id='word_1_858' title='bbox 2857 4567 3086 4622; x_wconf 90' lang='lat' dir='ltr'><strong>vivimus</strong></span> <span class='ocrx_word' id='word_1_859' title='bbox 3111 4583 3124 4620; x_wconf 90' lang='lat'>:</span> <span class='ocrx_word' id='word_1_860' title='bbox 3149 4574 3204 4622; x_wconf 89' lang='lat' dir='ltr'><strong>et</strong></span> <span class='ocrx_word' id='word_1_861' title='bbox 3245 4567 3468 4621; x_wconf 88' lang='lat' dir='ltr'><strong>intentio</strong></span> <span class='ocrx_word' id='word_1_862' title='bbox 3499 4575 3790 4638; x_wconf 85' lang='lat' dir='ltr'><strong>votumque</strong></span> 
     </span>
    </p>
   </div>
   <div class='ocr_carea' id='block_1_106' title="bbox 2213 4657 3790 4727">
    <p class='ocr_par' dir='ltr' id='par_1_106' title="bbox 2213 4657 3790 4727">
     <span class='ocr_line' id='line_1_106' title="bbox 2213 4657 3790 4727; baseline 0.006 -19"><span class='ocrx_word' id='word_1_863' title='bbox 2213 4663 2451 4710; x_wconf 92' lang='lat' dir='ltr'><strong>nostrum</strong></span> <span class='ocrx_word' id='word_1_864' title='bbox 2495 4664 2596 4722; x_wconf 91' lang='lat' dir='ltr'><strong>est,</strong></span> <span class='ocrx_word' id='word_1_865' title='bbox 2636 4665 2692 4712; x_wconf 93' lang='lat' dir='ltr'><strong>ut</strong></span> <span class='ocrx_word' id='word_1_866' title='bbox 2733 4658 2870 4727; x_wconf 89' lang='lat' dir='ltr'><strong>apud</strong></span> <span class='ocrx_word' id='word_1_867' title='bbox 2897 4657 3162 4714; x_wconf 86' lang='lat' dir='ltr'><strong>Christum</strong></span> <span class='ocrx_word' id='word_1_868' title='bbox 3207 4659 3478 4714; x_wconf 90' lang='lat' dir='ltr'><strong>vobiscum</strong></span> <span class='ocrx_word' id='word_1_869' title='bbox 3517 4659 3636 4716; x_wconf 90' lang='lat' dir='ltr'><strong>sine</strong></span> <span class='ocrx_word' id='word_1_870' title='bbox 3677 4661 3790 4718; x_wconf 84' lang='lat' dir='ltr'><strong>ﬁne</strong></span> 
     </span>
    </p>
   </div>
   <div class='ocr_carea' id='block_1_107' title="bbox 2271 4787 3788 4852">
    <p class='ocr_par' dir='ltr' id='par_1_107' title="bbox 2271 4787 3788 4852">
     <span class='ocr_line' id='line_1_107' title="bbox 2271 4787 3788 4852; baseline 0.006 -17"><span class='ocrx_word' id='word_1_871' title='bbox 2271 4787 2296 4852; x_wconf 60' lang='grc' dir='ltr'>ἴ</span> <span class='ocrx_word' id='word_1_872' title='bbox 2303 4787 2683 4852; x_wconf 22' lang='lat' dir='ltr'><strong>ismendatus‘ad</strong></span> <span class='ocrx_word' id='word_1_873' title='bbox 2693 4788 2754 4852; x_wconf 92' lang='lat' dir='ltr'><strong>cl_.</strong></span> <span class='ocrx_word' id='word_1_874' title='bbox 2771 4801 2928 4852; x_wconf 45' lang='grc' dir='ltr'><strong>διίησι.</strong></span> <span class='ocrx_word' id='word_1_875' title='bbox 2946 4795 2998 4841; x_wconf 87' lang='lat' dir='ltr'><strong>et</strong></span> <span class='ocrx_word' id='word_1_876' title='bbox 3011 4789 3070 4840; x_wconf 89' lang='lat' dir='ltr'><strong>ad</strong></span> <span class='ocrx_word' id='word_1_877' title='bbox 3092 4790 3223 4840; x_wconf 72' lang='lat' dir='ltr'><strong>vlim.</strong></span> <span class='ocrx_word' id='word_1_878' title='bbox 3241 4798 3342 4852; x_wconf 80' lang='lat' dir='ltr'><strong>Par.</strong></span> <span class='ocrx_word' id='word_1_879' title='bbox 3357 4795 3470 4842; x_wconf 84' lang='lat' dir='ltr'><strong>Lov.</strong></span> <span class='ocrx_word' id='word_1_880' title='bbox 3487 4791 3549 4842; x_wconf 86' lang='lat' dir='ltr'><strong>ad</strong></span> <span class='ocrx_word' id='word_1_881' title='bbox 3561 4798 3788 4844; x_wconf 81' lang='lat' dir='ltr'><strong>veterem</strong></span> 
     </span>
    </p>
   </div>
   <div class='ocr_carea' id='block_1_108' title="bbox 2211 4847 3787 4913">
    <p class='ocr_par' dir='ltr' id='par_1_108' title="bbox 2211 4847 3787 4913">
     <span class='ocr_line' id='line_1_108' title="bbox 2211 4847 3787 4913; baseline 0.004 -15"><span class='ocrx_word' id='word_1_882' title='bbox 2211 4847 2426 4913; x_wconf 80' lang='lat' dir='ltr'><strong>codicem</strong></span> <span class='ocrx_word' id='word_1_883' title='bbox 2465 4856 2510 4898; x_wconf 89' lang='lat' dir='ltr'><strong>s.</strong></span> <span class='ocrx_word' id='word_1_884' title='bbox 2533 4849 2740 4913; x_wconf 81' lang='lat' dir='ltr'><strong>Quiutini</strong></span> <span class='ocrx_word' id='word_1_885' title='bbox 2761 4847 3128 4913; x_wconf 66' lang='lat' dir='ltr'><strong>Mevacensis,</strong></span> <span class='ocrx_word' id='word_1_886' title='bbox 3154 4859 3206 4902; x_wconf 90' lang='lat' dir='ltr'><strong>et</strong></span> <span class='ocrx_word' id='word_1_887' title='bbox 3239 4851 3300 4901; x_wconf 89' lang='lat' dir='ltr'><strong>ad</strong></span> <span class='ocrx_word' id='word_1_888' title='bbox 3321 4853 3564 4904; x_wconf 88' lang='lat' dir='ltr'><strong>editiones</strong></span> <span class='ocrx_word' id='word_1_889' title='bbox 3597 4855 3787 4905; x_wconf 87' lang='lat' dir='ltr'><strong>concilii</strong></span> 
     </span>
    </p>
   </div>
   <div class='ocr_carea' id='block_1_109' title="bbox 2212 4911 2628 4972">
    <p class='ocr_par' dir='ltr' id='par_1_109' title="bbox 2212 4911 2628 4972">
     <span class='ocr_line' id='line_1_109' title="bbox 2212 4911 2628 4972; baseline 0.002 -16"><span class='ocrx_word' id='word_1_890' title='bbox 2212 4911 2628 4972; x_wconf 78' lang='lat' dir='ltr'><strong>Aquisgranensis.</strong></span> 
     </span>
    </p>
   </div>
   <div class='ocr_carea' id='block_1_110' title="bbox 2299 4969 2937 5030">
    <p class='ocr_par' dir='ltr' id='par_1_110' title="bbox 2299 4969 2937 5030">
     <span class='ocr_line' id='line_1_110' title="bbox 2299 4969 2937 5030; baseline 0.006 -12"><span class='ocrx_word' id='word_1_891' title='bbox 2299 4972 2349 5030; x_wconf 88' lang='lat' dir='ltr'><strong>a)</strong></span> <span class='ocrx_word' id='word_1_892' title='bbox 2364 4969 2515 5030; x_wconf 71' lang='lat' dir='ltr'><strong>&#39;Alias,</strong></span> <span class='ocrx_word' id='word_1_893' title='bbox 2547 4970 2612 5021; x_wconf 91' lang='lat' dir='ltr'><strong>de</strong></span> <span class='ocrx_word' id='word_1_894' title='bbox 2635 4971 2842 5022; x_wconf 88' lang='lat' dir='ltr'><strong>Diversis</strong></span> <span class='ocrx_word' id='word_1_895' title='bbox 2859 4971 2937 5024; x_wconf 71' lang='lat'><strong>49.</strong></span> 
     </span>
    </p>
   </div>
   <div class='ocr_carea' id='block_1_111' title="bbox 2300 5030 3789 5108">
    <p class='ocr_par' dir='ltr' id='par_1_111' title="bbox 2300 5030 3789 5108">
     <span class='ocr_line' id='line_1_111' title="bbox 2300 5030 3789 5108; baseline 0 0"><span class='ocrx_word' id='word_1_896' title='bbox 2300 5030 3021 5108; x_wconf 19' lang='grc' dir='ltr'><strong>ξ’)ᾕςεωοηεξάεεψξιῖίιῑιεηιθε</strong></span> <span class='ocrx_word' id='word_1_897' title='bbox 3061 5036 3337 5108; x_wconf 53' lang='lat' dir='ltr'><strong>Augustini.</strong></span> <span class='ocrx_word' id='word_1_898' title='bbox 3371 5047 3496 5108; x_wconf 53' lang='lat' dir='ltr'><strong>quas</strong></span> <span class='ocrx_word' id='word_1_899' title='bbox 3515 5035 3658 5108; x_wconf 63' lang='lat' dir='ltr'><strong>.aurd</strong></span> <span class='ocrx_word' id='word_1_900' title='bbox 3682 5034 3789 5108; x_wconf 73' lang='lat' dir='ltr'><strong>vte-</strong></span> 
     </span>
    </p>
   </div>
   <div class='ocr_carea' id='block_1_112' title="bbox 2211 5089 3790 5161">
    <p class='ocr_par' dir='ltr' id='par_1_112' title="bbox 2211 5089 3790 5161">
     <span class='ocr_line' id='line_1_112' title="bbox 2211 5089 3790 5161; baseline -0.006 -6"><span class='ocrx_word' id='word_1_901' title='bbox 2211 5089 2481 5161; x_wconf 53' lang='grc' dir='ltr'><strong>Ῐδθίῖίβὶκέῑν</strong></span> <span class='ocrx_word' id='word_1_902' title='bbox 2507 5111 2528 5139; x_wconf 68' lang='grc' dir='ltr'><strong>α</strong></span> <span class='ocrx_word' id='word_1_903' title='bbox 2541 5093 2665 5161; x_wconf 73' lang='lat' dir='ltr'><strong>dum</strong></span> <span class='ocrx_word' id='word_1_904' title='bbox 2687 5093 2811 5144; x_wconf 64' lang='lat' dir='ltr'><strong>forte</strong></span> <span class='ocrx_word' id='word_1_905' title='bbox 2828 5089 2897 5144; x_wconf 71' lang='lat' dir='ltr'><strong>de</strong></span> <span class='ocrx_word' id='word_1_906' title='bbox 2921 5089 3493 5161; x_wconf 14' lang='lat' dir='ltr'><strong>possessicnibusginv&#39;idia</strong></span> <span class='ocrx_word' id='word_1_907' title='bbox 3513 5089 3662 5161; x_wconf 77' lang='lat' dir='ltr'><strong>ipsius</strong></span> <span class='ocrx_word' id='word_1_908' title='bbox 3683 5089 3790 5161; x_wconf 72' lang='lat' dir='ltr'><strong>cle-</strong></span> 
     </span>
    </p>
   </div>
   <div class='ocr_carea' id='block_1_113' title="bbox 2221 5153 3784 5221">
    <p class='ocr_par' dir='ltr' id='par_1_113' title="bbox 2221 5153 3784 5221">
     <span class='ocr_line' id='line_1_113' title="bbox 2221 5153 3784 5221; baseline 0.003 -20"><span class='ocrx_word' id='word_1_909' title='bbox 2221 5153 2380 5221; x_wconf 45' lang='lat' dir='ltr'><strong>gricis</strong></span> <span class='ocrx_word' id='word_1_910' title='bbox 2401 5153 2582 5221; x_wconf 55' lang='lat' dir='ltr'><strong>fieret,</strong></span> <span class='ocrx_word' id='word_1_911' title='bbox 2605 5171 2628 5200; x_wconf 65' lang='grc' dir='ltr'><strong>ι</strong></span> <span class='ocrx_word' id='word_1_912' title='bbox 2663 5153 3172 5221; x_wconf 63' lang='lat' dir='ltr'><strong>memorat__&#39;t’_ossinlius_</strong></span> <span class='ocrx_word' id='word_1_913' title='bbox 3191 5160 3244 5221; x_wconf 89' lang='lat' dir='ltr'><strong>in</strong></span> <span class='ocrx_word' id='word_1_914' title='bbox 3273 5159 3380 5221; x_wconf 84' lang='lat' dir='ltr'><strong>ejus</strong></span> <span class='ocrx_word' id='word_1_915' title='bbox 3401 5153 3660 5221; x_wconf 68' lang='lat' dir='ltr'><strong>Vita,&#39;cap.</strong></span> <span class='ocrx_word' id='word_1_916' title='bbox 3703 5159 3784 5208; x_wconf 70' lang='lat'><strong>223.</strong></span> 
     </span>
    </p>
   </div>
   <div class='ocr_carea' id='block_1_114' title="bbox 2213 5213 3783 5282">
    <p class='ocr_par' dir='ltr' id='par_1_114' title="bbox 2213 5213 3783 5282">
     <span class='ocr_line' id='line_1_114' title="bbox 2213 5213 3783 5282; baseline 0.004 -20"><span class='ocrx_word' id='word_1_917' title='bbox 2213 5213 2350 5264; x_wconf 86' lang='lat' dir='ltr'><strong>citati</strong></span> <span class='ocrx_word' id='word_1_918' title='bbox 2371 5213 2484 5282; x_wconf 76' lang='lat' dir='ltr'><strong>olim</strong></span> <span class='ocrx_word' id='word_1_919' title='bbox 2501 5213 2698 5282; x_wconf 76' lang='lat' dir='ltr'><strong>fuerunt</strong></span> <span class='ocrx_word' id='word_1_920' title='bbox 2713 5215 2764 5264; x_wconf 90' lang='lat' dir='ltr'><strong>in</strong></span> <span class='ocrx_word' id='word_1_921' title='bbox 2779 5213 2992 5282; x_wconf 77' lang='lat' dir='ltr'><strong>conciliis</strong></span> <span class='ocrx_word' id='word_1_922' title='bbox 3005 5224 3057 5268; x_wconf 92' lang='lat' dir='ltr'><strong>et</strong></span> <span class='ocrx_word' id='word_1_923' title='bbox 3075 5213 3412 5270; x_wconf 66' lang='lat' dir='ltr'><strong>ecclesiasticis</strong></span> <span class='ocrx_word' id='word_1_924' title='bbox 3425 5213 3783 5282; x_wconf 81' lang='lat' dir='ltr'><strong>diplomatibus,</strong></span> 
     </span>
    </p>
   </div>
   <div class='ocr_carea' id='block_1_115' title="bbox 2213 5274 3790 5338">
    <p class='ocr_par' dir='ltr' id='par_1_115' title="bbox 2213 5274 3790 5338">
     <span class='ocr_line' id='line_1_115' title="bbox 2213 5274 3790 5338; baseline 0.005 -16"><span class='ocrx_word' id='word_1_925' title='bbox 2213 5274 2454 5338; x_wconf 79' lang='lat' dir='ltr'><strong>secundus</strong></span> <span class='ocrx_word' id='word_1_926' title='bbox 2485 5275 2678 5338; x_wconf 88' lang='lat' dir='ltr'><strong>quidem</strong></span> <span class='ocrx_word' id='word_1_927' title='bbox 2701 5283 2814 5338; x_wconf 80' lang='lat' dir='ltr'><strong>ante</strong></span> <span class='ocrx_word' id='word_1_928' title='bbox 2845 5275 2978 5327; x_wconf 90' lang='lat' dir='ltr'><strong>mille</strong></span> <span class='ocrx_word' id='word_1_929' title='bbox 3001 5285 3053 5328; x_wconf 89' lang='lat' dir='ltr'><strong>et</strong></span> <span class='ocrx_word' id='word_1_930' title='bbox 3091 5287 3288 5330; x_wconf 89' lang='lat' dir='ltr'><strong>centum</strong></span> <span class='ocrx_word' id='word_1_931' title='bbox 3319 5274 3522 5330; x_wconf 67' lang='lat' dir='ltr'><strong>annos&#39;a</strong></span> <span class='ocrx_word' id='word_1_932' title='bbox 3543 5289 3684 5330; x_wconf 81' lang='lat' dir='ltr'><strong>Petro</strong></span> <span class='ocrx_word' id='word_1_933' title='bbox 3703 5274 3790 5330; x_wconf 56' lang='lat' dir='ltr'><strong>ab;</strong></span> 
     </span>
    </p>
   </div>
   <div class='ocr_carea' id='block_1_116' title="bbox 2215 5335 3788 5400">
    <p class='ocr_par' dir='ltr' id='par_1_116' title="bbox 2215 5335 3788 5400">
     <span class='ocr_line' id='line_1_116' title="bbox 2215 5335 3788 5400; baseline 0.005 -17"><span class='ocrx_word' id='word_1_934' title='bbox 2215 5335 2330 5384; x_wconf 87' lang='lat' dir='ltr'><strong>bate</strong></span> <span class='ocrx_word' id='word_1_935' title='bbox 2353 5336 2402 5383; x_wconf 87' lang='lat' dir='ltr'><strong>in</strong></span> <span class='ocrx_word' id='word_1_936' title='bbox 2425 5335 2603 5400; x_wconf 78' lang='lat' dir='ltr'><strong>synodo</strong></span> <span class='ocrx_word' id='word_1_937' title='bbox 2623 5337 3000 5400; x_wconf 73' lang='lat' dir='ltr'><strong>carthaginensi,</strong></span> <span class='ocrx_word' id='word_1_938' title='bbox 3033 5353 3160 5390; x_wconf 89' lang='lat' dir='ltr'><strong>anno</strong></span> <span class='ocrx_word' id='word_1_939' title='bbox 3181 5340 3290 5400; x_wconf 71' lang='lat'><strong>525,</strong></span> <span class='ocrx_word' id='word_1_940' title='bbox 3325 5347 3457 5390; x_wconf 88' lang='lat' dir='ltr'><strong>tomo</strong></span> <span class='ocrx_word' id='word_1_941' title='bbox 3487 5343 3519 5390; x_wconf 81' lang='grc'><strong>4</strong></span> <span class='ocrx_word' id='word_1_942' title='bbox 3560 5343 3788 5392; x_wconf 79' lang='lat' dir='ltr'><strong>Concilio-</strong></span> 
     </span>
    </p>
   </div>
   <div class='ocr_carea' id='block_1_117' title="bbox 2215 5398 3790 5466">
    <p class='ocr_par' dir='ltr' id='par_1_117' title="bbox 2215 5398 3790 5466">
     <span class='ocr_line' id='line_1_117' title="bbox 2215 5398 3790 5466; baseline 0.007 -24"><span class='ocrx_word' id='word_1_943' title='bbox 2215 5407 2323 5466; x_wconf 76' lang='lat' dir='ltr'><strong>rum</strong></span> <span class='ocrx_word' id='word_1_944' title='bbox 2339 5398 2483 5466; x_wconf 63' lang='lat' dir='ltr'><strong>novae</strong></span> <span class='ocrx_word' id='word_1_945' title='bbox 2521 5398 2760 5466; x_wconf 72' lang='lat' dir='ltr'><strong>editionis,</strong></span> <span class='ocrx_word' id='word_1_946' title='bbox 2781 5398 2892 5466; x_wconf 80' lang='lat' dir='ltr'><strong>pag.</strong></span> <span class='ocrx_word' id='word_1_947' title='bbox 2929 5400 3079 5466; x_wconf 34' lang='lat'><strong>1647.-</strong></span> <span class='ocrx_word' id='word_1_948' title='bbox 3099 5398 3319 5466; x_wconf 14' lang='lat' dir='ltr'><strong>Subinde,</strong></span> <span class='ocrx_word' id='word_1_949' title='bbox 3339 5415 3456 5466; x_wconf 82' lang='lat' dir='ltr'><strong>vero</strong></span> <span class='ocrx_word' id='word_1_950' title='bbox 3497 5401 3642 5466; x_wconf 75' lang='lat' dir='ltr'><strong>simul</strong></span> <span class='ocrx_word' id='word_1_951' title='bbox 3675 5417 3790 5453; x_wconf 88' lang='lat' dir='ltr'><strong>cum</strong></span> 
     </span>
    </p>
   </div>
   <div class='ocr_carea' id='block_1_118' title="bbox 2219 5455 3790 5525">
    <p class='ocr_par' dir='ltr' id='par_1_118' title="bbox 2219 5455 3790 5525">
     <span class='ocr_line' id='line_1_118' title="bbox 2219 5455 3790 5525; baseline 0.006 -21"><span class='ocrx_word' id='word_1_952' title='bbox 2219 5455 2436 5525; x_wconf 75' lang='lat' dir='ltr'><strong>ejusdem</strong></span> <span class='ocrx_word' id='word_1_953' title='bbox 2465 5459 2636 5525; x_wconf 77' lang='lat' dir='ltr'><strong>synodi</strong></span> <span class='ocrx_word' id='word_1_954' title='bbox 2660 5455 2942 5525; x_wconf 59' lang='lat' dir='ltr'><strong>auctoriEite</strong></span> <span class='ocrx_word' id='word_1_955' title='bbox 2971 5460 3189 5514; x_wconf 89' lang='lat' dir='ltr'><strong>laudatus</strong></span> <span class='ocrx_word' id='word_1_956' title='bbox 3209 5465 3358 5514; x_wconf 88' lang='lat' dir='ltr'><strong>estin</strong></span> <span class='ocrx_word' id='word_1_957' title='bbox 3383 5463 3637 5525; x_wconf 78' lang='lat' dir='ltr'><strong>Privilegio</strong></span> <span class='ocrx_word' id='word_1_958' title='bbox 3669 5471 3790 5514; x_wconf 65' lang='lat' dir='ltr'><strong>ian-</strong></span> 
     </span>
    </p>
   </div>
   <div class='ocr_carea' id='block_1_119' title="bbox 2217 5517 3790 5590">
    <p class='ocr_par' dir='ltr' id='par_1_119' title="bbox 2217 5517 3790 5590">
     <span class='ocr_line' id='line_1_119' title="bbox 2217 5517 3790 5590; baseline 0.005 -23"><span class='ocrx_word' id='word_1_959' title='bbox 2217 5517 2668 5590; x_wconf 42' lang='lat' dir='ltr'><strong>dericiﬂifarisiensis</strong></span> <span class='ocrx_word' id='word_1_960' title='bbox 2681 5521 2890 5590; x_wconf 77' lang='lat' dir='ltr'><strong>episcopi</strong></span> <span class='ocrx_word' id='word_1_961' title='bbox 2911 5525 3202 5590; x_wconf 67' lang='lat' dir='ltr'><strong>Dionysianis</strong></span> <span class='ocrx_word' id='word_1_962' title='bbox 3217 5525 3477 5584; x_wconf 88' lang='lat' dir='ltr'><strong>monachis,</strong></span> <span class='ocrx_word' id='word_1_963' title='bbox 3497 5517 3612 5590; x_wconf 78' lang='lat' dir='ltr'><strong>et</strong></span> <span class='ocrx_word' id='word_1_964' title='bbox 3631 5525 3790 5576; x_wconf 86' lang='lat' dir='ltr'><strong>altero</strong></span> 
     </span>
    </p>
   </div>
   <div class='ocr_carea' id='block_1_120' title="bbox 2219 5579 3788 5637">
    <p class='ocr_par' dir='ltr' id='par_1_120' title="bbox 2219 5579 3788 5637">
     <span class='ocr_line' id='line_1_120' title="bbox 2219 5579 3788 5637; baseline 0.006 -9"><span class='ocrx_word' id='word_1_965' title='bbox 2219 5579 2470 5629; x_wconf 88' lang='lat' dir='ltr'><strong>Bertefridi</strong></span> <span class='ocrx_word' id='word_1_966' title='bbox 2491 5579 2816 5634; x_wconf 76' lang='lat' dir='ltr'><strong>Ambianeiisis</strong></span> <span class='ocrx_word' id='word_1_967' title='bbox 2833 5579 3201 5634; x_wconf 74' lang='lat' dir='ltr'><strong>Corbeiehsibus</strong></span> <span class='ocrx_word' id='word_1_968' title='bbox 3213 5598 3446 5636; x_wconf 88' lang='lat' dir='ltr'><strong>concesso</strong></span> <span class='ocrx_word' id='word_1_969' title='bbox 3465 5579 3659 5637; x_wconf 77' lang='lat' dir='ltr'><strong>circiter</strong></span> <span class='ocrx_word' id='word_1_970' title='bbox 3681 5601 3788 5637; x_wconf 80' lang='lat' dir='ltr'><strong>me-</strong></span> 
     </span>
    </p>
   </div>
   <div class='ocr_carea' id='block_1_121' title="bbox 2219 5641 3792 5712">
    <p class='ocr_par' dir='ltr' id='par_1_121' title="bbox 2219 5641 3792 5712">
     <span class='ocr_line' id='line_1_121' title="bbox 2219 5641 3792 5712; baseline 0.008 -25"><span class='ocrx_word' id='word_1_971' title='bbox 2219 5641 2574 5712; x_wconf 30' lang='lat' dir='ltr'><strong>gj‘llmﬂSejiimi</strong></span> <span class='ocrx_word' id='word_1_972' title='bbox 2599 5641 2790 5712; x_wconf 71' lang='lat' dir='ltr'><strong>saeculi,</strong></span> <span class='ocrx_word' id='word_1_973' title='bbox 2813 5652 2942 5712; x_wconf 87' lang='lat' dir='ltr'><strong>tomo</strong></span> <span class='ocrx_word' id='word_1_974' title='bbox 2972 5646 3004 5694; x_wconf 85' lang='lat'><strong>6</strong></span> <span class='ocrx_word' id='word_1_975' title='bbox 3040 5646 3388 5712; x_wconf 78' lang='lat' dir='ltr'><strong>Conciliorum,</strong></span> <span class='ocrx_word' id='word_1_976' title='bbox 3427 5661 3570 5712; x_wconf 81' lang='lat' dir='ltr'><strong>pagg.</strong></span> <span class='ocrx_word' id='word_1_977' title='bbox 3609 5649 3702 5698; x_wconf 76' lang='grc'><strong>487</strong></span> <span class='ocrx_word' id='word_1_978' title='bbox 3739 5657 3792 5699; x_wconf 90' lang='lat' dir='ltr'><strong>et</strong></span> 
     </span>
    </p>
   </div>
   <div class='ocr_carea' id='block_1_122' title="bbox 2219 5701 3789 5772">
    <p class='ocr_par' dir='ltr' id='par_1_122' title="bbox 2219 5701 3789 5772">
     <span class='ocr_line' id='line_1_122' title="bbox 2219 5701 3789 5772; baseline 0.006 -21"><span class='ocrx_word' id='word_1_979' title='bbox 2219 5701 2324 5751; x_wconf 71' lang='lat'><strong>527.</strong></span> <span class='ocrx_word' id='word_1_980' title='bbox 2340 5701 2562 5772; x_wconf 54' lang='lat' dir='ltr'><strong>iiterque</strong></span> <span class='ocrx_word' id='word_1_981' title='bbox 2583 5701 2806 5772; x_wconf 61' lang='lat' dir='ltr'><strong>demum,</strong></span> <span class='ocrx_word' id='word_1_982' title='bbox 2819 5709 3074 5772; x_wconf 66' lang='lat' dir='ltr'><strong>primuset</strong></span> <span class='ocrx_word' id='word_1_983' title='bbox 3087 5709 3327 5758; x_wconf 85' lang='lat' dir='ltr'><strong>secundus</strong></span> <span class='ocrx_word' id='word_1_984' title='bbox 3346 5701 3395 5757; x_wconf 79' lang='lat' dir='ltr'><strong>in</strong></span> <span class='ocrx_word' id='word_1_985' title='bbox 3419 5701 3789 5772; x_wconf 61' lang='lat' dir='ltr'><strong>Aquisgranensi</strong></span> 
     </span>
    </p>
   </div>
   <div class='ocr_carea' id='block_1_123' title="bbox 2219 5764 3792 5877">
    <p class='ocr_par' dir='ltr' id='par_1_123' title="bbox 2219 5764 3792 5877">
     <span class='ocr_line' id='line_1_123' title="bbox 2219 5764 3792 5877; baseline 0.008 -66"><span class='ocrx_word' id='word_1_986' title='bbox 2219 5764 2436 5877; x_wconf 53' lang='lat' dir='ltr'><strong>gpciiig.</strong></span> <span class='ocrx_word' id='word_1_987' title='bbox 2456 5764 2582 5818; x_wconf 75' lang='lat' dir='ltr'><strong>anno</strong></span> <span class='ocrx_word' id='word_1_988' title='bbox 2614 5767 2708 5818; x_wconf 79' lang='grc'><strong>816</strong></span> <span class='ocrx_word' id='word_1_989' title='bbox 2729 5764 2974 5822; x_wconf 79' lang='lat' dir='ltr'><strong>cxhibitus</strong></span> <span class='ocrx_word' id='word_1_990' title='bbox 2995 5768 3097 5821; x_wconf 90' lang='lat' dir='ltr'><strong>fuit.</strong></span> <span class='ocrx_word' id='word_1_991' title='bbox 3123 5772 3327 5820; x_wconf 78' lang='lat' dir='ltr'><strong>Primum</strong></span> <span class='ocrx_word' id='word_1_992' title='bbox 3357 5764 3654 5823; x_wconf 66' lang='lat' dir='ltr'><strong>citat&#39;Florus</strong></span> <span class='ocrx_word' id='word_1_993' title='bbox 3674 5773 3734 5823; x_wconf 81' lang='lat' dir='ltr'><strong>ad</strong></span> <span class='ocrx_word' id='word_1_994' title='bbox 3757 5779 3792 5822; x_wconf 83' lang='grc' dir='ltr'><strong>ιι</strong></span> 
     </span>
    </p>
   </div>
  </div>
