4080 6360
241 369 382 432 1569

238 489 503 543 vivamus.
528 483 707 542 Credo
739 489 918 540 autem
954 489 1080 538 ante
1106 480 1293 539 oculos
1318 486 1526 538 vestros
1555 494 1674 538 esse
1702 495 1833 537 con-

239 579 604 636 versationem
652 585 930 644 nostram;
958 586 1017 632 ut
1055 585 1109 632 et
1141 591 1240 632 nos
1267 575 1448 632 dicere
1474 575 1716 630 fortassis
1743 588 1837 627 au-

237 673 488 740 deamus,
536 671 780 742 quamvis
825 670 899 727 illi
942 669 1167 726 multum
1211 670 1464 740 impares,
1512 667 1654 739 quod
1703 667 1838 721 dixit

239 765 565 834 Apostolus,
592 762 883 817 Imitatores
917 762 1014 816 mei
1050 769 1229 829 estote,
1266 762 1395 814 sicut
1433 769 1503 814 et
1534 776 1623 832 ego
1651 757 1838 813 Christi

239 860 258 929 (
285 857 301 910 l
326 857 450 914 Cor.
481 872 556 922 tv,
586 855 651 910 16
677 858 716 926 ).
741 855 807 910 Ει
835 855 955 908 ideo
983 854 1108 909 nolo
1134 862 1191 906 ut
1215 853 1404 923 aliquis
1424 852 1489 906 de
1510 851 1666 906 nobis
1691 851 1837 904 inve-

239 949 348 1003 niat
375 948 519 1002 male
540 946 751 1001 vivendi
778 945 1136 1001 occasionem.
1164 942 1497 998 Providemus
1523 943 1655 996 enim
1681 941 1830 1006 bona,

241 1053 292 1095 ut
320 1043 393 1093 ait
422 1041 562 1094 idem
591 1039 883 1110 apostolus,
913 1054 1014 1091 non
1043 1038 1208 1092 solum
1235 1052 1404 1090 coram
1426 1035 1554 1102 Deo,
1578 1033 1664 1089 sed
1683 1034 1834 1088 etiam

240 1142 410 1178 comm
437 1125 724 1178 hominibus
749 1127 768 1196 (
794 1122 836 1178 ll
861 1121 980 1178 Cor.
1007 1137 1123 1189 vnt,
1150 1121 1215 1176 21
1243 1121 1282 1193 ).
1308 1121 1532 1190 Propter
1558 1133 1675 1186 nos,
1707 1133 1836 1172 con-

239 1219 462 1272 scicntia
495 1227 679 1272 nostra
710 1215 905 1270 sufficit
931 1214 1087 1270 nobis
1113 1235 1128 1268 :
1157 1224 1374 1284 propter
1407 1227 1522 1278 vos,
1560 1210 1697 1264 fama
1737 1223 1835 1263 no-

239 1320 345 1363 stra
391 1325 500 1363 non
543 1308 728 1379 pollui,
769 1306 861 1362 scd
898 1306 1102 1377 pollere
1141 1304 1299 1360 debet
1339 1305 1393 1358 in
1432 1302 1602 1357 vobis.
1632 1301 1834 1355 Tenete

239 1401 379 1472 quod
409 1402 546 1466 dixi,
569 1409 726 1471 atque
747 1399 1076 1470 diStinguite.
1100 1398 1228 1452 Dua:
1255 1411 1342 1452 res
1368 1403 1492 1451 sunt
1510 1391 1834 1449 conscientia

240 1503 292 1548 et
337 1492 502 1546 fama.
549 1492 889 1547 Conscientia
935 1492 1064 1555 tibi,
1113 1490 1254 1544 fama
1302 1487 1548 1559 proximo
1577 1496 1700 1540 tuo.
1731 1485 1834 1551 Qui

244 1584 411 1639 ﬁdens
441 1582 782 1638 conscienti-.c
813 1597 923 1636 sua:
949 1581 1168 1652 negligit
1207 1580 1402 1635 famam
1439 1593 1611 1644 suam,
1641 1575 1833 1630 crude-

244 1679 306 1732 lis
349 1687 434 1731 est
467 1696 480 1730 :
515 1679 746 1731 maxime
789 1676 842 1730 in
889 1676 1007 1731 loco
1048 1675 1151 1729 isto
1192 1675 1418 1744 positus,
1441 1671 1524 1727 .de
1565 1686 1670 1742 quo
1707 1669 1837 1724 dicit

245 1769 534 1838 Apostolus
575 1768 814 1822 scribens
851 1766 919 1821 ad
945 1766 1266 1836 discipulum
1294 1780 1469 1832 suum,
1494 1763 1640 1818 Circa
1666 1777 1835 1816 omnes

243 1872 285 1915 te
325 1865 498 1931 ipsum
542 1862 788 1915 bonorum
833 1877 1042 1932 operum
1093 1860 1318 1932 prtebens
1361 1858 1644 1929 exemplum
1686 1854 1832 1930 (Tit.

242 1970 296 2020 ιι,
342 1956 447 2025 7).

311 2047 363 2100 2.
421 2045 539 2099 Vita
569 2047 868 2113 communis,
898 2047 1044 2117 cujus
1069 2047 1355 2117 exemplum
1395 2046 1448 2100 in
1490 2045 1664 2115 primis
1702 2043 1836 2098 chri-

245 2141 440 2194 stianis.
473 2139 839 2196 Monasterium
859 2142 921 2196 ab
947 2141 1251 2213 Augustino,
1280 2140 1496 2210 primunt
1522 2140 1572 2192 in
1601 2139 1767 2206 horto,
1791 2146 1836 2192 et

245 2244 356 2303 post
387 2235 443 2286 in
465 2235 710 2304 episcopii
735 2236 885 2288 domo
913 2235 1217 2289 institutum.
1244 2231 1313 2287 In
1341 2232 1448 2286 loco
1472 2231 1649 2284 humili
1675 2231 1834 2297 salus,

242 2328 294 2380 in
326 2330 433 2381 alto
472 2328 771 2399 periculum.
810 2326 925 2382 Vita
953 2327 1231 2382 communis
1265 2327 1318 2380 in
1351 2325 1676 2379 monasterio.
1707 2322 1841 2376 Pro-

242 2422 412 2491 prium
440 2421 636 2491 aliquid
663 2420 844 2475 habere
870 2437 1169 2492 quemquam
1190 2421 1303 2473 vita:
1329 2419 1467 2473 illius
1489 2419 1595 2489 lege
1615 2418 1836 2472 vetitum.

245 2512 312 2568 Ut
338 2530 471 2585 ergo
504 2529 609 2568 non
638 2529 736 2568 vos
769 2512 862 2568 diu
889 2521 1119 2581 teneam,
1147 2511 1446 2584 praesertim
1470 2511 1594 2582 quia
1624 2525 1722 2580 ego
1751 2525 1840 2564 se-

244 2605 382 2660 dens
413 2607 626 2676 loquor,
654 2620 752 2660 vos
780 2605 972 2660 stando
1001 2604 1256 2660 laboratis
1283 2623 1296 2658 :
1323 2604 1492 2659 nostis
1515 2618 1722 2669 onmes,
1751 2611 1843 2657 aut

247 2715 388 2768 pene
431 2715 644 2767 omnes,
671 2700 748 2754 sic
774 2714 874 2755 nos
904 2698 1083 2754 vivere
1122 2698 1178 2753 in
1207 2712 1272 2753 ea
1303 2697 1464 2753 domo
1491 2712 1609 2768 quae
1645 2695 1843 2752 dicitur

241 2791 442 2845 domus
473 2791 728 2860 episc0pii
757 2793 798 2857 ι,
827 2800 915 2857 ut,
944 2798 1197 2861 quantum
1231 2804 1536 2859 possumus,
1569 2789 1843 2844 imitemur

244 2903 341 2942 eos
368 2896 606 2955 sanctos,
636 2888 702 2942 de
727 2887 918 2958 quibus
943 2887 1177 2957 loquitur
1203 2887 1341 2942 liber
1367 2888 1596 2941 Actuum
1622 2885 1843 2954 Aposto-

244 2977 448 3045 lorum,
481 2978 645 3032 Nemo
675 2978 869 3032 dicebat
902 2978 1096 3049 aliquid
1139 2979 1423 3049 praprium,
1453 2976 1542 3031 sed
1570 2985 1712 3030 erant
1743 2976 1843 3030 illis

245 3072 422 3125 omnia
450 3073 738 3125 communia
765 3071 899 3143 (Act.
931 3087 1004 3138 tv,
1033 3070 1147 3144 5'2).
1188 3071 1322 3140 Quia
1367 3071 1504 3126 forte
1547 3070 1708 3140 aliqui
1749 3085 1843 3122 ve-

244 3174 422 3218 strum
451 3178 558 3219 non
586 3172 710 3218 sunt
739 3173 846 3218 tam
882 3163 1164 3234 diligentes
1203 3164 1325 3218 vitae
1350 3171 1550 3218 nostra:
1580 3169 1844 3215 scrutato-

245 3272 363 3324 res,
392 3265 454 3312 ut
481 3257 586 3312 hoc
626 3259 704 3312 sic
744 3257 1009 3323 noverint,
1047 3256 1315 3334 quomodo
1354 3257 1477 3310 volo
1512 3271 1608 3310 vos
1649 3269 1841 3320 nosse;

246 3355 377 3410 dico
399 3354 525 3426 quid
547 3355 638 3422 sit,
661 3353 803 3424 quod
827 3353 1056 3409 breviter
1084 3353 1212 3408 dixi.
1239 3353 1372 3422 Ego,
1401 3366 1557 3422 quem
1587 3351 1695 3404 Deo
1726 3365 1846 3418 pro-

250 3449 386 3516 pitio
433 3447 625 3501 videtis
674 3446 986 3517 episcopum
1033 3455 1308 3512 vestrum,
1353 3444 1564 3515 juvenis
1611 3441 1732 3497 veni
1781 3441 1848 3497 ad

251 3541 409 3595 istam
438 3541 728 3607 civitatem,
764 3551 821 3595 ut
858 3539 1010 3594 multi
1048 3550 1284 3594 vestrum
1323 3547 1604 3593 noverunt.
1627 3539 1848 3604 Qumre—

250 3633 377 3686 bam
404 3632 496 3688 ubi
530 3633 916 3687 constituerent
954 3631 1357 3695 monasterium,
1384 3639 1438 3685 et
1463 3630 1694 3684 viverem
1727 3644 1848 3684 cum

252 3724 512 3778 fratribus
538 3726 693 3779 meis.
722 3724 881 3793 Spem
917 3725 1114 3794 quippe
1152 3739 1364 3777 omnem
1407 3724 1586 3778 saeculi
1624 3723 1852 3794 relique-

253 3831 396 3880 ram,
427 3826 483 3870 et
514 3816 656 3885 quod
684 3830 804 3870 esse
831 3815 997 3885 potui,
1023 3829 1142 3872 esse
1172 3813 1317 3868 nolui
1343 3832 1354 3868 :
1382 3830 1481 3870 nec
1508 3824 1681 3869 tamen
1709 3831 1853 3884 qum-

254 3907 356 3961 sivi
400 3921 522 3962 esse
563 3905 703 3977 quod
744 3922 884 3961 sum.
923 3905 1069 3978 Elegi
1113 3906 1166 3959 in
1209 3906 1356 3959 domo
1388 3905 1481 3960 Dei
1510 3907 1605 3959 mei
1629 3906 1852 3977 abjectus

253 4015 384 4063 esse,
412 3998 575 4069 magis
610 4013 762 4069 quam
808 3996 1034 4051 habitare
1072 3997 1126 4050 in
1172 3995 1507 4052 tabernaculis
1535 4007 1853 4068 peccatorum

260 4091 434 4164 (Psal.
458 4107 678 4160 Lxxxnt,
701 4090 815 4162 il).
841 4091 922 4146 Ab
942 4091 1019 4145 eis
1042 4090 1130 4161 qui
1146 4089 1856 4161 diliguntszeculum,segrc-

255 4185 380 4254 gavi
412 4198 503 4239 me
527 4201 542 4236 :
564 4183 658 4239 sed
688 4183 766 4238 eis
791 4183 880 4254 qui
918 4190 1152 4252 praesunt
1187 4181 1426 4252 populis,
1459 4195 1564 4234 non
1601 4196 1688 4235 me
1716 4196 1855 4235 eoa:-

258 4276 440 4347 quavi.
467 4275 581 4331 Nec
605 4277 657 4330 in
682 4274 926 4330 convivio
951 4273 1158 4328 Domini
1189 4273 1294 4328 mei
1324 4273 1654 4343 superiorem
1680 4272 1855 4326 locum

256 4373 429 4444 elegi,
465 4373 561 4428 sed
603 4372 906 4427 inferiorem
938 4382 991 4427 ct
1019 4369 1280 4442 abjcctum
1309 4379 1397 4425 :et
1425 4370 1623 4440 placuit
1659 4370 1737 4424 illi
1775 4369 1858 4424 di-

259 4482 388 4522 cere
410 4465 565 4533 mihi,
590 4466 835 4522 Ascende
871 4480 1104 4520 sursum.
1133 4463 1312 4534 Usque
1340 4463 1475 4519 adeo
1496 4473 1674 4519 autem
1703 4462 1876 4528 times

262 4559 388 4615 bam
418 4560 803 4630 episcopatum,
836 4568 892 4613 ut
921 4559 1171 4629 quoniam
1203 4567 1441 4630 cmperat
1477 4573 1596 4614 esse
1625 4559 1736 4629 jam
1763 4558 1860 4614 ali-

262 4653 415 4722 cujus
457 4651 717 4707 momenti
765 4652 906 4707 inter
944 4652 1034 4706 Dei
1085 4666 1268 4707 servos
1314 4652 1450 4705 fama
1494 4666 1635 4719 mea,
1669 4653 1720 4706 in
1753 4666 1859 4722 quo

265 4746 385 4800 loco
414 4745 652 4800 sciebam
683 4761 789 4799 non
826 4759 945 4800 esse
979 4745 1287 4815 epiSCOpum
1308 4786 1322 4812 ,
1353 4760 1460 4798 non
1506 4743 1595 4798 illo
1638 4743 1874 4799 accedc-_

265 4855 403 4894 rem.
432 4839 698 4895 Cavebam
731 4839 850 4905 hoc,
889 4849 942 4895 et
981 4842 1202 4910 agebam
1231 4847 1483 4911 quantum
1514 4847 1774 4910 poteram,
1804 4847 1862 4894 ut

267 4935 317 4987 in
349 4935 470 4990 loco
497 4935 688 4990 humili
725 4935 981 5002 salvarer,
1014 4950 1082 4989 ne
1123 4935 1177 4989 in
1215 4934 1323 4988 alto
1350 4934 1701 5005 periclitarer.
1731 4933 1857 5001 Sed,

267 5040 324 5084 ut
351 5028 486 5096 dixi,
511 5029 730 5084 domino
758 5044 946 5085 servus
980 5027 1346 5083 contradicere
1380 5042 1487 5083 non
1519 5027 1698 5083 debet.
1731 5027 1860 5082 Veni

266 5123 329 5177 ad
367 5123 524 5175 istam
566 5121 834 5177 civitatem
867 5129 1084 5192 propter
1109 5120 1394 5176 videndum
1425 5121 1676 5187 amicum,
1703 5135 1864 5190 quem

265 5214 522 5282 putabam
555 5228 642 5268 me
671 5213 866 5269 lucrari
899 5227 1058 5284 posse
1081 5212 1212 5278 Deo,
1240 5220 1300 5266 ut
1332 5212 1607 5268 nobiscum
1635 5225 1780 5269 esset
1809 5215 1862 5269 in

268 5307 637 5374 nionasterio;
668 5309 820 5377 quasi
865 5322 1113 5375 securus,
1143 5308 1265 5378 quia
1311 5307 1459 5362 locus
1491 5307 1718 5363 habebat
1747 5308 1863 5379 epi-

269 5416 520 5470 strepum.
551 5401 954 5478 Apprehcnsus,
993 5400 1273 5472 presbyter
1308 5399 1477 5455 factus
1512 5415 1653 5468 sum,
1684 5409 1738 5456 et
1773 5417 1868 5471 per

275 5494 421 5548 hunc
442 5494 666 5564 gradum
697 5494 916 5564 perveni
945 5492 1012 5548 ad
1042 5493 1428 5564 episcopatum.
1456 5492 1571 5548 Non
1599 5493 1747 5547 attuli
1774 5495 1868 5548 alio

273 5587 426 5658 quid,
453 5603 560 5642 non
590 5588 710 5642 veni
737 5587 803 5641 ad
832 5587 968 5641 hanc
995 5586 1310 5654 Ecclesiam,
1343 5586 1446 5640 nisi
1472 5576 1592 5641 cum
1626 5586 1690 5640 iis
1715 5585 1869 5639 indu-

276 5681 477 5736 mentis
519 5681 713 5752 quibus
760 5679 851 5734 illo
898 5688 1140 5749 tempore
1181 5678 1470 5734 vestiebar.
1506 5677 1577 5732 Et
1611 5677 1735 5748 quia
1770 5677 1870 5732 hoc

339 5819 355 5848 ¹
383 5817 525 5874 aliti,
544 5816 714 5867 domus
750 5828 776 5865 e
817 5813 830 5824 '
881 5813 979 5880 opi.
1003 5822 1061 5865 At
1090 5815 1396 5868 Colbertinus
1425 5825 1539 5868 ante
1563 5816 1870 5880 octingentos

339 5894 430 5932 nos
448 5881 722 5932 destrictus
742 5828 1055 5932 ιὶςὲςξιιιὼθι.
1078 5879 1248 5932 domus
1269 5880 1514 5932 euiscovii.

271 5894 430 5938 annos
448 5881 722 5946 descriptus
742 5877 870 5932 liber
885 5877 1055 5944 habet,
1078 5879 1248 5934 domus
1269 5880 1514 5948 episcopii.

1657 361 1891 424 SERMO
1925 357 2167 423 CCCLV.

3398 365 3540 427 1570

1947 478 2318 550 disponebam,
2351 478 2401 534 in
2441 479 2761 536 monasterio
2790 494 2912 538 esse
2938 494 3061 538 cum
3087 474 3339 532 fratribus
3362 476 3404 542 ί,
3435 491 3533 533 eo-

1947 571 2095 640 gnito
2129 570 2370 625 instituto
2403 578 2458 626 et
2488 571 2758 627 voluntate
2785 588 2924 638 mea,
2951 571 3120 630 beata:
3143 569 3415 628 memoriae
3443 584 3530 626 se-

1948 679 2052 718 nex
2083 662 2327 719 Valerius
2369 663 2517 719 dedit
2560 665 2690 719 mihi
2721 664 2930 720 hortum
2962 666 3140 733 illum,
3173 669 3227 722 in
3253 678 3361 736 quo
3389 661 3531 719 nu'ne

1948 765 2029 811 est
2049 756 2451 811 monasterium.
2466 755 2618 826 Coepi
2634 756 2758 812 boni
2775 758 3031 828 propositi
3048 758 3237 813 fratres
3255 758 3528 828 colligere,

1947 863 2228 920 compares
2259 865 2427 916 meos,
2461 849 2594 904 nihil
2628 851 2904 916 habentes,
2933 852 3070 906 sicut
3094 852 3222 906 nihil
3251 851 3530 916 habebam,

1947 949 2002 996 et
2038 940 2310 996 imitantes
2347 957 2434 997 me
2459 959 2472 996 :
2497 950 2557 996 ut
2584 941 2851 1012 quomodo
2884 956 2984 1013 ego
3014 951 3222 997 tenuem
3254 950 3537 1013 pauperta-

1947 1033 2114 1087 tulam
2151 1049 2329 1089 meam
2359 1033 2571 1089 vendidi
2601 1043 2655 1088 et
2685 1033 3005 1104 pauperibus
3026 1035 3260 1104 erogavi,
3282 1035 3359 1089 sic
3386 1033 3533 1089 face-

1946 1135 2066 1182 rent
2091 1135 2144 1182 et
2171 1127 2247 1181 illi
2268 1128 2358 1198 qui
2380 1143 2588 1183 mecum
2612 1142 2731 1183 esse
2751 1129 3063 1195 voluissent,
3091 1138 3147 1184 ut
3170 1129 3237 1184 de
3260 1130 3534 1184 communi

1946 1219 2283 1285 viveremus;
2313 1235 2599 1276 commune
2633 1230 2808 1276 autem
2844 1220 2997 1276 nobis
3025 1230 3168 1276 esset
3195 1236 3444 1292 maguum
3480 1230 3537 1276 et

1943 1310 2272 1366 uberrimum
2299 1313 2556 1382 praedium
2589 1314 2703 1383 ipse
2730 1315 2889 1369 Deus.
2915 1314 3138 1369 Perveni
3167 1313 3234 1369 ad
3263 1314 3537 1384 episcopa-

1945 1411 2057 1456 tum
2089 1419 2102 1456 :
2131 1403 2238 1458 vidi
2266 1419 2489 1461 necesse
2516 1404 2714 1460 habere
2739 1405 3047 1474 episcopum
3073 1405 3325 1460 exhibere
3349 1408 3537 1480 huma-

1943 1493 2166 1550 nitatem
2207 1496 2476 1552 assiduam
2509 1497 2806 1567 quibusque
2840 1498 3175 1553 venientibus
3201 1499 3314 1553 sive
3360 1507 3537 1554 trans-

1945 1587 2380 1659 euntibuszquod
2407 1592 2452 1645 si
2481 1605 2586 1645 non
2617 1589 2832 1646 fecisset
2881 1592 3184 1662 episcopus,
3211 1592 3535 1648 inhumanus

1943 1677 2231 1735 diceretur.
2266 1681 2321 1738 Si
2360 1690 2538 1736 autem
2589 1683 2687 1737 ista
2731 1683 3060 1737 consuetudo
3111 1684 3162 1737 in
3209 1683 3534 1739 monasterio

1945 1772 2206 1839 permissa
2230 1780 2373 1827 esset
2396 1774 2440 1838 ',
2467 1773 2722 1829 indecens
2747 1782 2907 1830 esset.
2934 1774 3002 1828 Et
3028 1774 3147 1830 ideo
3171 1774 3312 1829 volui
3337 1774 3537 1830 habere

1944 1863 1997 1917 in
2043 1864 2141 1919 ista
2185 1863 2347 1920 domo
2391 1866 2647 1936 episcopii
2697 1882 2908 1922 mecum
2953 1868 3334 1923 monasterium
3378 1867 3536 1922 cleri-

1943 1969 2149 2010 corum.
3443 1996 3452 2002 ι

2015 2045 2240 2104 CAPUT
2280 2048 2342 2103 ll.
2371 2080 2445 2089 —
2475 2051 2613 2107 Ecce
2649 2051 2917 2122 quomodo
2949 2053 3202 2108 vivimus.
3229 2053 3370 2108 Nulli
3412 2053 3536 2108 licet

1944 2139 1998 2192 in
2049 2139 2304 2195 societate
2348 2152 2530 2196 nostra
2579 2143 2773 2198 habere
2815 2143 3015 2214 aliquid
3063 2145 3336 2215 proprium
3381 2162 3393 2197 :
3438 2145 3534 2199 sed

1945 2232 2083 2287 forte
2112 2233 2270 2303 aliqui
2300 2233 2516 2289 habent.
2543 2234 2681 2290 Nulli
2711 2237 2834 2293 licet
2863 2255 2875 2291 :
2905 2239 2947 2292 si
2973 2239 3062 2308 qui
3092 2239 3308 2304 habent,
3337 2240 3537 2295 faciunt

1946 2325 2086 2393 quod
2117 2341 2224 2380 non
2258 2327 2400 2381 licet.
2427 2327 2572 2382 Bene
2596 2336 2773 2384 autem
2800 2329 2974 2384 sentio
3003 2329 3071 2384 de
3099 2330 3348 2386 fratribus
3374 2331 3531 2399 meis,

1946 2425 2000 2472 et
2037 2433 2249 2488 semper
2277 2419 2415 2475 bene
2442 2419 2668 2476 credens
2693 2421 2761 2476 ab
2791 2421 2891 2476 hac
2921 2423 3264 2493 inquisitione
3289 2424 3537 2479 dissimu-

1946 2508 2048 2564 lavi
2080 2527 2092 2563 :
2121 2511 2244 2581 quia
2273 2522 2326 2567 et
2364 2513 2462 2567 ista
2491 2529 2754 2584 quazrere,
2792 2515 2944 2586 quasi
2989 2517 3128 2572 male
3171 2518 3369 2573 sentire
3405 2518 3539 2574 mihi

1951 2602 2248 2658 videbatur.
2273 2604 2535 2660 Noveram
2562 2607 2726 2673 enim,
2754 2615 2809 2662 et
2835 2608 2959 2663 novi
2989 2626 3197 2678 omnes,
3220 2612 3309 2682 qui
3329 2627 3539 2667 mecum

1950 2693 2221 2761 viverent,
2268 2711 2426 2752 nosse
2474 2699 2804 2768 propositum
2845 2709 3114 2769 neStrum,
3160 2718 3319 2759 nosse
3365 2704 3538 2775 legem

1949 2786 2069 2841 vita:
2097 2797 2312 2843 nostrm.

1978 2885 1982 2888 ’
2022 2878 2075 2932 5.
2116 2877 2398 2934 Ianuarius
2437 2879 2694 2953 presbyter
2732 2884 2996 2955 proprium
3036 2897 3213 2940 contra
3251 2890 3542 2943 monasterii

1953 2969 2110 3039 legem
2141 2970 2365 3025 retinuit.
2397 2971 2773 3028 Testamentum
2813 2977 2950 3047 fecit.
2981 2976 3343 3034 Hazrcditatem
3380 2980 3544 3051 ipsius

1952 3075 2043 3129 pro
2088 3059 2312 3115 Ecclesia
2353 3065 2606 3134 suscipere
2641 3081 2744 3120 non
2785 3068 2891 3122 vult
2926 3069 3260 3140 Augustinus.
3289 3070 3376 3127 Lis
3416 3073 3547 3128 inter

1949 3148 2192 3205 Januarii
2221 3153 2356 3221 ﬁlios
2386 3155 2450 3208 de
2475 3157 2584 3227 ejus
2613 3155 2925 3214 hazreditate.
2953 3159 3114 3215 Venit
3149 3162 3215 3217 ad
3251 3178 3348 3218 nos
3384 3164 3545 3219 etiam

1951 3243 2234 3314 presbyter
2260 3243 2572 3314 Ianuarius,
2612 3249 2702 3318 qui
2732 3250 3012 3320 videbatur
3049 3270 3144 3308 sua
3175 3255 3399 3312 honeste
3427 3272 3549 3312 ero-

1951 3334 2125 3403 gando
2147 3336 2296 3406 quasi
2323 3339 2741 3409 consumpsisse,
2766 3341 2860 3396 sed
2891 3358 2997 3397 non
3019 3348 3349 3416 consumpsit
3375 3347 3416 3402 ἓ.
3440 3347 3548 3404 Re-

1959 3428 2156 3481 mansit
2188 3428 2261 3482 illi
2291 3429 2534 3499 quaedam
2563 3433 2806 3501 pecunia,
2849 3433 2902 3488 id
2937 3444 3038 3501 est,
3071 3446 3372 3507 argentum,
3404 3440 3548 3510 quod

1955 3516 2162 3572 diceret
2198 3534 2318 3573 esse
2368 3520 2491 3575 filiae
2531 3537 2659 3577 sum.
2691 3523 2825 3578 Filia
2855 3523 3041 3594 ipsius,
3073 3527 3180 3582 Deo
3217 3529 3467 3599 pr0pitio,
3496 3531 3558 3590 iu.

1956 3609 2281 3665 monasterio
2324 3611 2671 3680 feminarum,
2708 3624 2762 3669 et
2802 3615 2956 3671 bonae
2992 3619 3105 3687 spei
3146 3629 3245 3674 est.
3277 3621 3552 3679 Gubernet

1959 3699 2102 3752 illam
2139 3699 2414 3766 Dominus,
2453 3712 2512 3756 ut
2549 3705 2765 3774 impleat
2792 3722 2910 3775 qua:
2946 3707 3012 3762 de
3042 3708 3128 3762 illa
3170 3726 3468 3779 speramus,
3498 3715 3550 3769 in

1959 3788 2101 3864 illius
2132 3791 2517 3859 misericordia,
2549 3810 2656 3849 non
2688 3796 2740 3850 in
2773 3796 2888 3868 ejus
2913 3800 3136 3854 meritis.
3170 3801 3233 3855 Et
3263 3804 3383 3872 quia
3417 3803 3550 3858 infra

1960 3894 2130 3934 armos
2158 3890 2292 3949 erat,
2341 3891 2394 3938 et
2438 3883 2504 3938 de
2546 3899 2639 3939 sua
2682 3889 2905 3956 pecunia
2951 3888 3082 3942 nihil
3129 3889 3306 3947 facere
3347 3902 3555 3962 poterat

1962 3972 2226 4045 (quamvis
2263 3977 2403 4029 enim
2433 3977 2735 4033 videremus
2777 3979 3038 4051 fulgorem
3076 3983 3439 4052 professionis,
3469 3996 3552 4042 ta-

1961 4079 2082 4120 men
2138 4065 2401 4122 lubricuni
2455 4070 2771 4125 timebamus
2821 4072 3072 4144 relatis);
3119 4074 3314 4131 factum
3364 4087 3447 4134 est
3497 4088 3555 4134 ut

1962 4156 2135 4227 ipsum
2165 4168 2446 4230 argentum
2481 4163 2631 4231 quasi
2674 4164 2864 4232 puellm
2905 4177 3229 4237 servaretur,
3254 4179 3309 4224 ut
3334 4186 3454 4227 cum
3485 4173 3556 4230 ad

1963 4253 2232 4324 legitimos
2275 4270 2445 4311 annos
2485 4257 2713 4326 veniret,
2745 4258 2944 4315 faceret
2974 4261 3096 4317 inde
3125 4264 3267 4333 quod
3292 4265 3551 4336 virginem

1961 4345 2158 4400 Christi
2207 4346 2443 4415 deceret,
2486 4349 2699 4418 quando
2744 4353 2947 4422 optimc
2985 4353 3096 4423 jam
3139 4355 3312 4412 facere
3350 4369 3552 4428 posset.

1964 4436 2100 4492 Dum
2123 4437 2238 4494 haec
2260 4448 2656 4509 exspectantur,
2683 4443 2847 4515 coepit
2871 4444 2960 4500 ille
2982 4447 3138 4501 morti
3165 4451 3553 4519 prepinquare:

1966 4533 2058 4604 qui
2079 4532 2169 4587 diu
2199 4542 2448 4604 tanquam
2473 4533 2539 4589 de
2566 4550 2665 4590 suo
2682 4534 2721 4600 ⁸,
2741 4536 2927 4606 jurans
2948 4540 3068 4608 quia
3097 4540 3263 4609 ipsius
3290 4552 3424 4609 erat,
3448 4558 3554 4598 non

1967 4624 2106 4691 filim,
2137 4633 2514 4680 testamentum
2541 4626 2684 4682 fecit.
2713 4628 3134 4698 Testamentum,
3167 4630 3404 4702 inquam,
3434 4634 3552 4690 fecit

1966 4719 2247 4790 presbyter
2272 4729 2325 4775 et
2348 4720 2527 4776 socius
2555 4730 2756 4786 noster,
2783 4721 3062 4780 nobiscum
3094 4739 3336 4793 manens,
3364 4726 3431 4783 de
3458 4729 3558 4784 Ec-

1967 4812 2127 4868 clesia
2157 4814 2362 4880 vivens,
2393 4829 2732 4868 communem
2761 4815 2919 4868 vitam
2952 4818 3240 4886 profiteris;
3273 4828 3562 4883 testamen-

1972 4914 2080 4960 tum
2112 4905 2255 4974 fecit,
2282 4904 2524 4961 haeredes
2550 4905 2799 4960 instituit.
2825 4905 2868 4962 Ο
2892 4906 3047 4964 dolor
3076 4910 3217 4966 illius
3256 4911 3557 4970 societatis!

1969 5013 2002 5054 o
2028 4999 2231 5054 fructus
2258 5007 2433 5066 natus,
2464 5015 2568 5055 non
2600 4997 2668 5055 de
2695 4999 2887 5056 arbore
2917 5017 3074 5073 quam
3102 5005 3358 5074 plantavit
3381 5007 3562 5064 Domi-

2035 5194 2051 5270 ξ
2077 5194 2148 5270 sic
2169 5200 2357 5270 tussiet
2388 5194 2779 5270 Aquisgranense
2817 5199 3090 5270 concilium.
3130 5209 3188 5270 At
3211 5204 3346 5266 editi,
3374 5212 3431 5257 Et
3454 5221 3566 5270 quia

1969 5253 2055 5331 hu:
2075 5255 2386 5331 disponebant
2405 5253 2571 5331 essein
2587 5261 2872 5331 nwnasterio
2896 5277 3005 5313 cum
3018 5253 3269 5331 ﬁjatribus.

2036 5319 2055 5349 ²
2079 5324 2218 5390 Mss...
2251 5319 2302 5367 in
2339 5319 2629 5392 utqtmsterio
2650 5321 2812 5392 missa
2835 5333 2975 5392 esset.
3018 5319 3095 5376 ’δίο
3138 5330 3280 5392 etiam
3306 5330 3355 5378 in
3397 5332 3564 5392 Aquis-

1973 5382 2202 5453 graneusi
2243 5380 2471 5453 concilio“
2485 5381 2696 5453 uitiante
2736 5387 2977 5453 editionis.
3026 5397 3113 5453 A_n,
3153 5390 3336 5450 inissa,
3381 5380 3460 5439 ιω·
3487 5407 3566 5453 μ·-

1972 5443 2116 5514 situm
2133 5456 2239 5514 pro.
2250 5442 2426 5514 gnussa
2448 5442 2471 5494 ?
2493 5445 2572 5514 vel
2593 5446 3022 5514 torte-legendum,
3041 5449 3088 5514 in
3101 5442 3437 5503 malum
3455 5442 3567 5502 nia),-

1971 5518 2045 5576 sa,
2068 5513 2123 5555 ut
2137 5504 2463 5576 iptelligatur,
2482 5509 2606 5576 si_it_a
2628 5504 3045 5576 fieretfindecen's
3061 5513 3182 5570 fore,
3208 5528 3302 5562 non
3328 5526 3567 5564 monasto-

1973 5568 2064 5638 t'io,
2089 5567 2176 5638 sed
2204 5570 2447 5630 episcopo.
2485 5571 2605 5621 Dicit
2628 5584 2757 5638 sane
2777 5567 2858 5621 'de
2899 5567 3251 5625 consuetudine
3273 5579 3417 5638 SUSClj
3438 5580 3568 5628 ιριιαὶ

1973 5628 2210 5702 hospites,
2228 5628 2339 5693 (pne
2357 5628 2471 5682 tunc
2513 5635 2730 5702 ῐῐιειξίιιιθ⁸
2748 5636 2794 5682 in
2820 5639 3122 5702 monasteriis
3145 5639 3327 5702 ubique
3351 5628 3556 5702 vigebat.

1975 5691 2092 5762 Vide
2114 5691 2474 5762 meronymum,
2501 5693 2697 5762 ᾼροιῡςἶ
2719 5698 2766 5762 in
2785 5697 2932 5762 Rufin.
2960 5699 3041 5746 lib.
3069 5700 3116 5756 5,
3142 5691 3316 5762 cap}.

2040 5754 2868 5839 nauigauit“tilebatitrthbere,
2897 5759 3088 5810 honeste
3106 5754 3112 5756 ’
3131 5754 3391 5830 eroganda,
3425 5763 3571 5839 quasi

1977 5820 2289 5883 ωξιειᾳπρδίι,
2307 5825 2460 5883 etnon
2477 5820 2781 5883 consumpsit.
3213 5820 3234 5828 '
3376 5820 3389 5830 υ
3438 5820 3451 5839 υ
3535 5820 3568 5846 ν.

2041 5878 2066 5914 δ
2087 5878 2161 5931 sic
2177 5878 2287 5933 llas.
2312 5880 2429 5933 Editi
2452 5895 2590 5957 vero,
2608 5878 2834 5949 tanquam
2849 5884 2910 5936 de
2929 5888 3016 5935 suo
3029 5883 3204 5942 avens.
