4046 6360
537 375 666 438 1571

533 490 668 546 nus?
690 482 796 554 Sed
823 485 1114 542 Ecclesiam
1147 485 1364 556 scripsit
1397 484 1696 542 hacredem?
1713 485 1849 542 Nolo
1879 499 2106 542 munera

529 559 654 650 ista,
682 565 788 638 non
825 595 946 636 amo
979 577 1348 634 amaritudinis
1387 577 1633 634 fructum.
1675 578 1785 646 Ego
1813 578 1960 634 illum
1997 577 2105 632 Deo

531 673 852 746 quaerebam,
890 671 1194 726 societatem
1232 669 1504 740 professus
1537 679 1673 736 erat,
1713 668 1851 726 hanc
1881 675 2106 734 teneret,

533 765 665 820 hanc
694 763 984 829 exhiberet,
1013 761 1140 816 nihil
1163 762 1400 828 haberet,
1424 769 1798 816 testamentum
1830 775 1935 816 non
1971 759 2109 814 face-

533 865 630 908 ret.
659 854 895 908 llabehat
932 851 1164 923 aliquid?
1189 868 1293 908 non
1338 867 1396 906 se
1439 861 1679 906 nostrum
1720 852 1921 906 socium
1944 850 2108 922 fquasi

533 949 626 1004 Dei
668 964 952 1018 pauperem
987 947 1227 1020 ﬁngeret.
1251 948 1468 1018 Magnus
1503 949 1626 1004 inde
1657 949 1788 1006 mihi
1823 949 1973 1004 dolor
2005 957 2104 1014 est,

531 1041 740 1096 fratres.
767 1041 894 1094 Dico
920 1039 1174 1095 Charitati
1215 1049 1420 1104 vestrae,
1463 1051 1674 1112 propter
1703 1041 1840 1096 hunc
1867 1041 2108 1096 dolorem

531 1132 688 1184 statui
717 1130 1084 1186 hatreditatem
1117 1131 1282 1202 ipsam
1315 1133 1366 1186 in
1393 1132 1631 1188 Ecclesia
1671 1148 1777 1188 non
1816 1133 2106 1202 suscipere.

529 1221 786 1278 Filiorum
836 1223 998 1294 ipsius
1039 1224 1108 1279 sit
1147 1225 1288 1296 quod
1331 1225 1561 1296 reliquit,
1607 1225 1706 1298 ipsi
1747 1225 1871 1280 inde
1913 1223 2110 1282 faciant

527 1315 666 1386 quod
692 1317 974 1372 voluerint.
1001 1317 1220 1374 Videtur
1245 1319 1386 1374 enim
1413 1321 1541 1376 mihi
1569 1323 1688 1392 quia
1715 1323 1760 1378 si
1784 1336 1898 1378 eam
1927 1335 2110 1376 susce-

529 1421 681 1476 pero,
716 1407 766 1461 in
799 1407 900 1462 isto
928 1407 1086 1476 facto,
1111 1409 1251 1480 quod
1279 1410 1406 1466 mihi
1435 1411 1673 1482 displicet
1693 1421 1746 1468 et
1766 1413 1904 1484 quod
1929 1411 2106 1480 doleo,

527 1495 642 1567 ejus
683 1499 945 1570 particeps
985 1515 1096 1554 cro.
1127 1499 1239 1555 Hoc
1265 1501 1404 1556 volui
1441 1518 1544 1558 non
1591 1503 1756 1560 latere
1784 1502 2108 1560 Charitatem

526 1599 778 1644 vestram.
813 1591 946 1646 Filia
987 1591 1150 1664 ipsius
1187 1593 1238 1648 in
1278 1595 1603 1652 monasterio
1643 1595 1958 1652 feminarum
1987 1603 2104 1652 est:

527 1679 668 1735 ﬁlius
695 1681 859 1752 ipsius
883 1682 935 1736 in
963 1669 1287 1740 monasterio
1317 1686 1552 1742 virorum
1577 1696 1676 1742 est.
1707 1687 1906 1744 Ambos
1932 1686 2110 1742 cithae-

527 1771 732 1828 redavit
755 1792 768 1828 :
795 1773 936 1828 illam
980 1790 1100 1830 cum
1145 1775 1320 1844 laude,
1361 1778 1522 1834 istum
1549 1793 1668 1834 cum
1700 1779 1891 1850 elogio,
1921 1777 1973 1834 id
2004 1785 2106 1848 est,

526 1881 648 1922 cum
675 1867 1084 1939 vituperatione.
1123 1869 1498 1926 Commendavi
1523 1871 1540 1902 ί
1563 1879 1736 1926 autem
1765 1870 2020 1928 Ecclesiae
2049 1878 2110 1926 ut

527 1973 634 2014 non
679 1959 942 2030 accipiant
983 1961 1124 2030 ipsas
1167 1962 1552 2031 portiunculas,
1582 1979 1700 2032 quas
1735 1963 2003 2033 pertinent
2039 1961 2108 2018 ad

528 2050 913 2118 exlneredatos,
939 2053 1040 2108 uisi
1067 2067 1188 2108 cum
1215 2053 1282 2108 ad
1307 2053 1592 2124 legitimam
1615 2062 1822 2109 :etatem
1849 2068 2108 2124 pervene-

525 2143 654 2196 rint.
689 2142 800 2198 Hoc
829 2143 906 2198 eis
933 2152 1171 2200 reservat
1197 2143 1457 2200 Ecclesia.
1486 2144 1688 2200 Deinde
1723 2144 1869 2200 litem
1908 2143 2109 2200 dimisit

525 2233 666 2290 inter
701 2233 838 2289 ﬁlios
877 2250 1024 2304 suos,
1065 2236 1120 2290 in
1163 2252 1266 2306 qua
1305 2235 1507 2292 laboro.
1536 2237 1715 2292 Puella
1743 2235 2104 2292 dicit:Meum

525 2333 628 2394 est,
660 2327 827 2382 nostis
857 2327 976 2398 quia
1009 2327 1111 2383 hoc
1129 2327 1338 2384 dicebat
1363 2343 1575 2398 semper
1599 2337 1750 2398 pater
1777 2342 1950 2386 meus.
1970 2327 2107 2382 Puer

527 2416 694 2472 dicit:
718 2417 976 2472 Credatur
1004 2417 1139 2490 patri
1177 2434 1318 2484 meo,
1349 2419 1468 2490 quia
1501 2419 1735 2476 moriens
1761 2419 1972 2474 mentiri
1999 2433 2106 2474 non

524 2507 714 2578 potuit.
757 2507 824 2561 Et
867 2507 965 2563 ista
1007 2507 1276 2564 contentio
1318 2509 1474 2580 quale
1517 2509 1713 2564 malum
1758 2509 1874 2564 est?
1912 2509 2015 2566 Sed
2061 2510 2106 2566 si

525 2603 676 2670 pueri
719 2602 805 2656 isti
847 2604 986 2658 servi
1033 2604 1124 2659 Dei
1162 2614 1306 2674 sunt,
1333 2605 1480 2660 litem
1514 2606 1652 2664 hanc
1691 2607 1830 2662 inter
1859 2607 1977 2662 illos
2001 2607 2107 2662 cito

525 2689 763 2748 ﬁnimus.
793 2695 964 2751 Audio
995 2695 1116 2750 illos
1143 2705 1204 2751 ut
1235 2707 1402 2766 pater,
1444 2706 1499 2753 et
1543 2697 1679 2754 forte
1719 2699 1907 2754 melius
1947 2713 2106 2770 quam

525 2791 678 2851 pater
717 2785 971 2854 ipsorum.
995 2785 1202 2842 Videbo
1231 2787 1352 2858 quid
1385 2791 1455 2842 sit
1475 2788 1630 2858 juris,
1668 2789 1808 2844 sicut
1839 2789 1976 2844 Deus
2010 2804 2106 2844 vo-

527 2872 718 2942 luerit,
747 2891 866 2930 cum
900 2878 1080 2948 paucis
1114 2876 1364 2933 fratribus
1396 2877 1642 2934 ﬁdelibus
1673 2878 1965 2946 honoratis,
1996 2879 2107 2936 Deo

525 2965 775 3034 propitio,
824 2966 889 3022 de
938 2982 1160 3022 numero
1203 2975 1400 3036 vestro,
1448 2965 1499 3022 id
1542 2977 1644 3036 est,
1686 2967 1752 3022 de
1791 2969 1942 3038 plebe
1984 2969 2106 3024 ista.

527 3053 702 3110 Audio
734 3057 872 3113 inter
901 3057 1024 3115 illos
1051 3073 1304 3124 causam;
1331 3067 1385 3115 et
1411 3057 1548 3115 sicut
1579 3059 1832 3116 Dominus
1865 3060 2107 3118 donave-

524 3145 625 3215 rit,
655 3145 802 3202 ﬁnio.

596 3239 649 3293 4.
694 3237 1055 3295 ereditatem
1095 3241 1414 3312 cujusquam,
1455 3233 1787 3296 exhterédatis
1825 3241 1966 3310 ﬁliis,
2007 3257 2110 3296 non

523 3329 732 3400 suscipit
750 3329 1081 3402 Augustinus.
1107 3331 1309 3388 Tamen
1333 3347 1465 3404 rogo
1491 3348 1607 3400 vos,
1640 3348 1800 3388 nemo
1823 3349 1910 3390 me
1935 3349 2112 3404 repre-

527 3419 741 3487 hendat,
771 3421 894 3493 quia
932 3423 1050 3494 ejus
1081 3422 1444 3480 haereditatem
1481 3425 1604 3480 nolo
1634 3425 1888 3496 suscipiat
1919 3425 2109 3482 Eccle-

527 3513 626 3568 sia.
657 3515 860 3583 Primo,
892 3515 1017 3586 quia
1047 3515 1240 3572 factum
1269 3515 1408 3572 illius
1430 3515 1668 3572 detestor
1700 3534 1715 3572 :
1745 3515 1958 3583 deinde,
1986 3514 2110 3586 quia

527 3603 826 3660 institutum
872 3621 1049 3662 meum
1097 3615 1199 3663 est.
1243 3607 1387 3662 Multi
1431 3607 1648 3662 laudant
1687 3607 1828 3678 quod
1873 3607 2111 3664 dicturus

529 3709 667 3762 sum,
688 3696 782 3750 sed
804 3697 964 3766 aliqui
987 3705 1040 3752 et
1062 3697 1482 3770 reprehendunt.
1507 3697 1758 3768 Utrisque
1783 3696 1959 3754 facere
1981 3698 2110 3754 satis

529 3787 681 3842 valde
707 3787 923 3844 difﬁcile
948 3799 1051 3844 est.

597 3879 824 3935 CAPUT
863 3880 950 3935 lli.
972 3911 1046 3921 —
1069 3881 1304 3936 Audistis
1329 3881 1488 3938 modo
1511 3898 1634 3938 cum
1657 3881 2004 3954 Evangeliqu
2029 3883 2110 3941 le-

527 3981 760 4044 geretur,
787 3972 1108 4028 Cantavimus
1136 3973 1294 4043 vobis,
1313 3983 1358 4028 et
1386 3991 1486 4029 non
1513 3975 1769 4040 sattastis;
1796 3975 2106 4047 planximus,

527 4075 574 4120 et
601 4083 700 4121 non
729 4065 946 4122 luxistis.
971 4063 1118 4122 Venit
1147 4064 1370 4121 Joannes
1398 4083 1500 4120 non
1525 4066 1837 4122 manducans
1857 4084 2012 4138 neque
2035 4068 2112 4124 bi-

529 4159 666 4227 bens,
697 4168 743 4214 et
773 4159 965 4228 dicunt,
989 4158 1310 4214 Dwmonium
1341 4157 1484 4214 habet
1510 4160 1678 4214 :uenit
1700 4159 1748 4214 F
1749 4159 1867 4214 ilius
1893 4161 2110 4218 hominis

528 4251 840 4304 ntanducans
869 4260 914 4304 et
941 4250 1129 4318 bibens,
1167 4259 1216 4306 et
1244 4249 1436 4316 dicunt,
1475 4249 1605 4305 Ecce
1636 4253 1784 4306 homo
1812 4269 1985 4320 vorax,
2017 4269 2112 4324 po-

527 4349 660 4394 tator
683 4340 814 4404 uini,
847 4349 891 4393 et
919 4342 1108 4394 amicus
1137 4342 1514 4411 publicanorum
1545 4341 1757 4412 (Matth.
1787 4359 1860 4410 XI,
1897 4343 2106 4412 17—19).

529 4429 664 4497 Quid
691 4444 789 4500 ego
815 4427 950 4484 facio
980 4431 1117 4484 inter
1144 4429 1286 4496 illos,
1311 4430 1399 4500 qui
1426 4439 1613 4500 parant
1639 4445 1724 4485 me
1753 4431 2112 4502 reprehende-

530 4537 610 4590 re,
637 4531 692 4578 ct
723 4523 914 4578 dentes
955 4522 1006 4576 in
1035 4537 1122 4577 me
1147 4521 1360 4587 ducere,
1388 4523 1430 4577 si
1461 4537 1746 4592 suscepere
1773 4521 2110 4580 haereditates

531 4631 716 4671 eorum
759 4614 848 4686 qui
889 4613 1022 4669 ﬁlios
1060 4627 1186 4668 suos
1213 4613 1332 4666 irati
1362 4611 1740 4668 extiteredant?
1760 4611 1956 4668 Iterum
1986 4613 2112 4684 quid

533 4725 650 4764 sum
682 4709 917 4764 facturus
942 4707 1020 4762 eis
1050 4705 1240 4776 quibus
1269 4712 1446 4772 canto,
1477 4711 1532 4760 et
1559 4703 1744 4759 nolunt
1774 4703 2002 4760 saltare?
2022 4705 2110 4776 qui

532 4801 737 4868 dicunt,
769 4799 907 4855 Ecce
933 4813 1098 4870 quare
1125 4813 1282 4853 nemo
1311 4798 1476 4851 donat
1501 4795 1756 4852 Ecclesia:
1785 4797 2112 4867 Hipponeusi

529 4891 726 4962 aliquid
752 4908 765 4944 :
789 4905 912 4946 ecce
941 4905 1106 4961 quare
1141 4903 1244 4944 non
1291 4903 1410 4946 eam
1452 4886 1654 4944 faciunt
1687 4889 1776 4960 qui
1811 4889 2114 4946 moriuntur

532 4982 832 5044 hmredem;
861 4981 982 5051 quia
1014 4979 1294 5050 episeOpus
1322 4980 1648 5050 Augustinus
1667 4981 1733 5036 de
1756 4979 1994 5036 bonitate
2017 4996 2111 5038 sua

532 5075 820 5148 (laudando
857 5075 1002 5131 enim
1041 5073 1310 5142 mordent,
1337 5073 1494 5130 labiis
1531 5073 1782 5141 mulcent,
1812 5073 2024 5130 dentem
2054 5073 2114 5130 ﬁ-

533 5165 684 5238 gunt)
711 5167 874 5222 donat
903 5174 1095 5234 totum,
1120 5180 1224 5220 non
1253 5166 1494 5236 suscipit.
1521 5167 1682 5221 Plane
1705 5167 1956 5238 suscipio,
1986 5183 2112 5240 pro-

533 5262 690 5318 ﬁteor
713 5277 800 5318 me
827 5259 1098 5332 suscipere
1128 5257 1423 5316 oblationes
1451 5259 1638 5328 bonas,
1663 5259 1962 5318 oblationes
1985 5276 2113 5318 san-

531 5365 666 5412 ctas.
689 5353 747 5410 Si
769 5353 887 5424 quis
901 5363 1080 5408 autem
1103 5353 1348 5408 irascitur
1367 5353 1418 5406 in
1443 5353 1606 5407 ﬁlium
1629 5369 1782 5409 suum
1803 5363 1858 5409 et
1879 5355 2114 5411 moriens

535 5445 840 5502 exlimredat
878 5459 1021 5510 eum,
1057 5443 1102 5498 si
1133 5443 1356 5510 viveret,
1389 5459 1496 5500 non
1526 5459 1647 5502 eum
1681 5445 1981 5516 placarem?
2006 5463 2112 5502 non

535 5537 586 5594 ei
615 5537 780 5592 ﬁlium
808 5552 961 5592 suum
993 5535 1342 5592 reconciliare
1369 5535 1660 5594 deberem?
1683 5537 1964 5607 Quomodo
1986 5553 2114 5608 ergo

535 5641 656 5684 eum
690 5628 796 5684 ﬁlio
815 5641 914 5684 suo
933 5627 1053 5683 volo
1079 5635 1137 5682 ut
1157 5627 1352 5684 habeat
1379 5643 1584 5699 pacem,
1608 5629 1758 5700 cujus
1787 5641 1980 5701 appeto
2005 5629 2116 5686 hm-

540 5783 782 5895 η,
821 5780 1192 5837 commendauit.
1229 5789 1372 5838 Forte
1399 5784 1580 5838 melius
1586 5822 1604 5851 ,
1641 5785 1905 5839 referendo
1941 5787 2002 5839 ad
2037 5794 2116 5839 Ja-

1767 371 1826 430 S.
1867 369 2226 432 AUGUSTlNl
2265 365 2562 430 EPISCOPI

3653 373 3792 440 B73

2215 483 2530 540 redilatem?
2565 481 2672 542 Sed
2699 483 2877 556 plane,
2915 485 2965 544 si
3001 484 3160 544 faciat
3197 490 3338 562 quod
3371 503 3516 564 saepe
3545 491 3790 554 hortatus

2213 587 2366 640 sum;
2403 591 2568 632 unum
2615 577 2778 634 ﬁlium
2823 577 3003 648 habet,
3043 587 3189 652 putet
3223 582 3492 640 Christum
3519 585 3786 656 alterum;

2213 665 2347 744 duos
2391 667 2578 734 habet,
2627 679 2773 738 putet
2816 670 3085 728 Christum
3127 675 3368 742 tertium;
3395 675 3577 732 decem
3605 677 3784 746 habet,

2213 756 2478 814 Christum
2523 759 2858 816 undecimum
2901 761 3084 830 faciat,
3125 773 3179 818 et
3221 765 3470 836 suscipio.
3499 768 3632 834 Quia
3661 785 3792 840 ergo

2214 848 2314 906 feci
2359 851 2462 907 hoc
2507 852 2558 908 in
2599 854 2914 924 quibusdam
2945 856 3123 922 rebus,
3150 857 3260 928 jam
3285 860 3470 916 volunt
3498 862 3792 920 bonitatem

2215 957 2386 998 meam
2419 943 2503 998 vel
2530 945 3044 1004 commendationem
3081 947 3236 1004 fama:
3259 965 3392 1006 mete
3419 951 3470 1006 in
3503 952 3642 1008 aliud
3675 970 3795 1009 vcr-

2216 1040 2348 1096 tere,
2377 1043 2434 1088 ut
2459 1035 2567 1090 alio
2597 1035 2758 1092 modo
2787 1052 2874 1094 me
2902 1037 3314 1108 reprehendant,
3343 1043 3464 1110 quia
3495 1043 3794 1102 oblationes

2214 1123 2528 1182 devotorum
2588 1127 2865 1184 hominum
2917 1129 3042 1184 nolo
3097 1131 3390 1200 suscipere.
3441 1134 3796 1191 Considereut

2213 1231 2370 1286 quam
2401 1218 2563 1272 multa
2593 1220 2940 1290 susceperim.
2958 1220 3094 1288 Quid
3123 1237 3258 1292 opus
3287 1232 3366 1280 est
3390 1240 3450 1282 ea
3479 1229 3794 1282 numerare?

2215 1307 2352 1362 Ecce
2389 1323 2552 1364 unum
2583 1309 2724 1378 dico,
2764 1310 2856 1364 ﬁlii
2885 1309 3080 1366 Juliani
3104 1313 3120 1344 ι
3143 1311 3508 1370 haereditatem
3553 1316 3790 1386 suscepi.

2213 1399 2419 1470 Quare?
2440 1399 2572 1468 Quia
2597 1401 2714 1457 sine
2741 1401 2860 1458 ﬁliis
2884 1402 3162 1460 defunctus
3191 1416 3292 1460 est.

2281 1490 2506 1546 CAPUT
2532 1491 2620 1546 Ν.
2649 1522 2719 1533 --
2741 1493 2794 1550 5.
2821 1491 3078 1558 Bonifacii
3117 1495 3458 1552 hereditatem
3489 1514 3648 1569 quare
3691 1517 3794 1556 non

2215 1581 2509 1652 susceperit.
2558 1583 2816 1640 Bonifacii
2873 1584 3240 1642 luereditatem
3293 1589 3564 1658 suscipere
3599 1591 3790 1648 nolui:

2212 1685 2322 1726 non
2359 1673 2756 1744 misericordia,
2801 1675 2896 1732 sed
2938 1675 3148 1734 timore.
3203 1677 3590 1736 Naviculariam
3641 1681 3794 1738 nolui

2212 1778 2331 1820 esse
2358 1763 2652 1822 Ecclesium
2678 1766 2894 1824 Christi.
2917 1768 3068 1826 Multi
3103 1778 3229 1826 sunt
3255 1771 3492 1842 quidem,
3515 1774 3606 1844 qui
3629 1775 3794 1830 etiam

2211 1857 2278 1914 de
2303 1858 2522 1914 navibus
2547 1859 2842 1932 acquirunt.
2869 1860 3072 1918 Tamen
3105 1879 3210 1918 una
3239 1865 3462 1922 tentatio
3486 1877 3653 1934 esset,
3685 1869 3790 1923 iret

2211 1951 2381 2018 navis,
2411 1959 2464 2005 et
2512 1950 2850 2022 naufragaret
2877 1970 2892 2005 :
2919 1952 3163 2010 homines
3210 1955 3277 2010 ad
3310 1963 3575 2012 tormenta
3613 1958 3792 2016 daturi

2211 2055 2442 2108 eramus,
2471 2049 2526 2096 ut
2554 2041 2620 2096 de
2647 2043 3021 2100 submersione
3051 2045 3201 2102 navis
3235 2047 3526 2104 secundum
3563 2064 3794 2106 consue—

2211 2132 2446 2188 tudinem
2489 2141 2838 2204 quaereretur,
2885 2145 2940 2192 et
2987 2145 3360 2210 torquerentur
3401 2156 3432 2196 a
3479 2141 3656 2212 judice
3701 2144 3794 2214 qui

2214 2231 2396 2276 essent
2415 2221 2480 2278 de
2509 2222 2754 2278 ﬂuetibus
2783 2223 3032 2284 liberati?
3069 2225 3174 2284 Sed
3223 2245 3327 2284 non
3371 2245 3467 2286 eos
3518 2231 3792 2288 daremus.

2209 2311 2366 2370 Nullo
2395 2323 2550 2384 pacto
2573 2316 2713 2372 enim
2745 2317 2847 2374 hoc
2865 2317 3042 2376 facere
3069 2320 3282 2378 deceret
3307 2322 3618 2380 Ecclesiam.
3643 2324 3796 2382 Onus

2212 2419 2339 2476 ergo
2365 2406 2546 2464 ﬁscale
2581 2410 2946 2482 persolveret?
2973 2411 3078 2468 Sed
3123 2413 3266 2470 unde
3293 2415 3656 2486 persolveret?
3685 2419 3797 2474 En-

2210 2497 2418 2554 thecam
2471 2499 2550 2572 (a)
2595 2501 2749 2558 nobis
2795 2502 2990 2561 habere
3033 2521 3136 2560 non
3171 2506 3314 2562 licet.
3358 2507 3476 2564 Non
3521 2520 3604 2566 est
3649 2513 3794 2568 enim

2211 2591 2444 2662 episcopi
2472 2607 2686 2650 servare
2723 2609 2931 2664 aurum,
2960 2605 3013 2652 et
3038 2613 3286 2654 revocare
3309 2614 3338 2654 a
3365 2616 3422 2656 se
3447 2603 3798 2662 mendicantis

2209 2698 2444 2738 manum.
2467 2684 2714 2756 Quotidie
2736 2697 2838 2744 tam
2865 2673 3015 2744 multi
3035 2700 3236 2760 petunt,
3252 2701 3356 2748 tam
3379 2695 3528 2750 multi
3553 2704 3796 2767 gemunt.

2211 2781 2320 2828 tam
2346 2775 2496 2831 multi
2531 2791 2630 2836 nos
2679 2779 2868 2850 inopes
2897 2781 3274 2854 interpellant;
3328 2795 3383 2839 ut
3419 2786 3596 2856 plures
3617 2790 3796 2848 tristes

2211 2865 2593 2940 relinquamus,
2617 2871 2738 2942 quia
2765 2872 2906 2943 quod
2944 2875 3208 2946 possimus
3235 2875 3362 2932 dare
3383 2878 3646 2944 omnibus,
3686 2896 3796 2938 non

2215 2959 2493 3016 habemus.
2563 2961 2680 3016 Non
2729 2962 2985 3020 habemus
3047 2981 3174 3038 ergo
3225 2967 3522 3026 enthecam.
3571 2972 3802 3044 Propter

2213 3051 2548 3122 naufragium
2601 3069 2747 3126 ergo,
2803 3055 2905 3112 hoc
2953 3057 3174 3112 vitando
3213 3059 3346 3136 feci,_
3382 3077 3487 3116 non
3519 3063 3792 3122 donando.

2211 3137 2380 3194 Nemo
2406 3141 2476 3196 ibi
2499 3158 2584 3197 me
2615 3141 2812 3210 laudet,
2837 3144 2932 3200 sed
2963 3161 3118 3202 nemo
3145 3149 3302 3203 etiam
3327 3152 3608 3222 vituperet.
3631 3155 3800 3214 Plane

2213 3230 2424 3299 quando
2450 3231 2644 3286 donavi
2671 3233 2796 3299 ﬁlio,
2826 3233 2966 3306 quod
2992 3235 3156 3292 iratus
3175 3245 3325 3308 pater
3351 3241 3585 3298 moriens
3610 3246 3798 3308 abstu-

2215 3320 2294 3386 lit,
2317 3322 2454 3378 bene
2479 3322 2599 3378 feci.
2629 3323 2868 3381 Laudent
2893 3329 2980 3398 qui
3005 3327 3204 3396 volunt,
3229 3341 3447 3400 parcant
3467 3336 3554 3406 qui
3579 3337 3800 3398 laudare

2215 3415 2422 3468 nolunt.
2455 3415 2588 3484 Quid
2641 3416 2812 3488 plura,
2873 3417 3064 3475 fratres
3111 3421 3253 3476 mei?
3302 3423 3631 3498 Quicumque
3683 3431 3801 3488 vult

2218 3505 2556 3564 cxlueredato
2587 3509 2696 3564 ﬁlio
2725 3511 2992 3567 lueredem
3024 3513 3196 3570 facere
3223 3515 3541 3586 Ecclesiam,
3595 3533 3800 3592 quierat

2218 3598 2443 3652 alterum
2475 3601 2562 3670 qui
2615 3599 2891 3672 s'uscipiat,
2939 3619 3043 3659 non
3085 3603 3436 3678 Augustinum
3475 3626 3490 3664 :
3528 3611 3635 3668 imo
3683 3612 3800 3670 Deo

2217 3689 2448 3758 propitio
2493 3691 2760 3745 neminem
2805 3694 3057 3749 inveniat.
3089 3693 3255 3764 Quam
3297 3698 3557 3756 laudabile
3600 3702 3798 3760 factum

2217 3780 2386 3834 sancti
2413 3789 2467 3836 et
2497 3783 2786 3838 venerandi
2826 3785 3061 3856 episc0pi
3105 3787 3304 3843 Aurelii
3343 3789 3798 3865 Carthaginensis,

2219 3873 2487 3940 quomodo
2531 3873 2766 3944 implevit
2792 3875 3042 3932 omnibus
3071 3879 3159 3949 qui
3210 3881 3404 3951 sciunt,
3449 3898 3514 3939 os
3554 3883 3800 3944 laudibus

2217 3963 2346 4019 Dei?
2377 3965 2600 4030 Quidam
2625 3979 2744 4020 cum
2770 3967 2906 4023 ﬁlios
2929 3985 3034 4024 non
3057 3969 3296 4040 haberet,
3339 3989 3510 4046 neque
3533 3985 3798 4048 speraret,

2217 4069 2305 4110 res
2332 4070 2458 4110 suas
2483 4069 2670 4111 omnes
2691 4065 2902 4115 retento
2931 4059 3032 4115 sibi
3053 4061 3328 4119 usufructu
3358 4065 3574 4122 donavit
3601 4067 3796 4125 Eccle-

2218 4145 2331 4200 siar.
2361 4145 2481 4201 Nati
2503 4155 2628 4202 sunt
2655 4148 2732 4203 illi
2763 4148 2877 4216 ﬁlii,
2911 4159 2964 4206 et
2989 4152 3219 4208 reddidit
3255 4156 3535 4228 cpiscopus
3561 4175 3660 4216 nec
3680 4160 3801 4232 opi-

2219 4237 2364 4291 nanti
2396 4251 2512 4307 qua:
2541 4237 2631 4293 ille
2659 4237 2970 4295 donaverat.
2993 4241 3048 4297 In
3069 4251 3332 4316 potestate
3351 4245 3804 4322 habebatnepisco-

2217 4344 2316 4398 pus
2347 4343 2451 4383 non
2477 4329 2738 4397 reddere;
2771 4333 2864 4387 sed
2889 4333 3010 4404 jure
3036 4334 3156 4406 fori,
3190 4354 3293 4393 non
3319 4339 3440 4410 jure
3465 4341 3569 4412 poli
3598 4343 3640 4398 ³.

2289 4419 2341 4472 6.
2373 4418 2580 4473 Clericis
2607 4423 2711 4476 suis
2756 4426 3004 4495 pra'cipit,
3047 4436 3100 4481 ut
3127 4430 3172 4483 si
3197 4431 3280 4496 qui
3307 4431 3487 4486 habent
3511 4434 3800 4506 proprium,

2217 4510 2314 4564 cito
2341 4511 2614 4565 dimittant.
2649 4513 2973 4584 Clericatum,
2999 4519 3044 4572 si
3070 4519 3154 4574 cui
3187 4539 3218 4575 α
3259 4540 3352 4578 sua
3379 4525 3610 4580 societate
3637 4527 3805 4584 disce-

2217 4602 2336 4656 dere
2361 4603 2624 4673 placuerit,
2655 4608 2890 4676 proponit
2911 4625 3011 4664 non
3037 4613 3252 4682 auferre.
3283 4613 3540 4670 Simulare
3567 4617 3810 4688 proposi-

2219 4701 2326 4748 tum
2379 4697 2659 4752 sanctitatis
2708 4699 2853 4770 pejus
2898 4709 2990 4769 est,
3039 4719 3190 4772 quam
3234 4703 3412 4760 cadere
3452 4722 3482 4758 a
3515 4707 3802 4780 proposito.

2223 4784 2502 4842 Clericatus
2542 4791 2706 4861 magis
2731 4807 2860 4846 onus
2907 4809 3058 4863 quam
3105 4794 3284 4849 honor.
3324 4797 3463 4854 Sane
3510 4799 3670 4855 etiam
3696 4799 3808 4860 hoc

2221 4881 2430 4934 noverit
2447 4879 2692 4938 Charitas
2721 4893 2896 4939 vestra
2921 4885 3120 4942 dixisse
3148 4903 3232 4944 me
3255 4887 3504 4946 fratribus
3527 4893 3677 4960 meis,
3708 4893 3808 4966 qui

2221 4985 2428 5026 mecum
2450 4981 2686 5038 manent,
2715 4983 2772 5030 ut
2797 4977 3115 5047 quicumque
3135 4980 3292 5035 habet
3316 4983 3534 5054 aliquid,
3560 4991 3650 5039 aut
3669 4998 3812 5041 ven-

2221 5063 2316 5118 dat
2343 5071 2397 5118 et
2439 5075 2640 5136 eroget,
2669 5077 2760 5120 aut
2809 5066 2973 5122 donet
3023 5077 3078 5124 et
3119 5085 3402 5128 commune
3443 5073 3573 5128 illud
3623 5073 3806 5132 faciat.

2231 5156 2525 5211 Ecclesiam
2557 5157 2738 5224 habet,
2770 5173 2864 5229 per
2891 5175 3048 5230 quam
3075 5176 3172 5217 nos
3199 5164 3338 5220 Deus
3366 5167 3548 5234 pascit.
3583 5165 3650 5222 Et
3677 5165 3810 5227 dedi

2229 5245 2538 5300 dilationem
2569 5263 2734 5318 usque
2762 5249 2828 5304 ad
2855 5250 3222 5320 Epiphaniam,
3247 5263 3468 5326 propter
3487 5273 3581 5314 eos
3601 5260 3692 5332 qui
3719 5259 3812 5318 vel

2225 5350 2346 5391 cum
2373 5338 2624 5393 fratribus
2645 5340 2758 5394 suis
2777 5357 2881 5396 non
2903 5341 3230 5415 diviserunt,
3250 5355 3305 5403 et
3329 5347 3641 5406 dimiserunt
3663 5354 3812 5422 quod

2225 5429 2421 5484 habent
2449 5431 2586 5501 apud
2616 5432 2803 5490 fratres
2830 5449 2976 5506 suos,
3007 5439 3088 5494 vel
3119 5441 3351 5496 nondum
3383 5443 3449 5498 de
3489 5461 3546 5500 re
3585 5461 3678 5501 sua
3705 5447 3812 5503 ali-

2223 5521 2350 5592 quid
2363 5533 2605 5593 egerunt,
2621 5525 2742 5595 quia
2757 5529 3164 5598 exspectabatur
3179 5541 3308 5586 astas
3325 5533 3576 5606 legitima.
3593 5535 3816 5595 Faciant

2227 5613 2351 5670 inde
2377 5615 2517 5686 quod
2547 5615 2732 5673 volunt
2757 5636 2773 5674 :
2801 5618 2925 5675 dum
2951 5629 3130 5678 tamen
3150 5622 3258 5680 sint
3285 5639 3545 5696 pauperes
3570 5641 3810 5701 meeum,

2287 5727 2305 5759 ²
2325 5724 2419 5788 AL,
2449 5726 2663 5779 Iuniani.

2287 5791 2312 5856 ξ
2327 5797 2378 5856 In
2394 5797 2519 5856 uss...
2543 5803 2636 5841 non
2640 5791 2757 5856 jure
2772 5791 2898 5844 creti.

2291 5849 2365 5913 ta)
2395 5849 2606 5905 Erubeca
2635 5849 2712 5906 est
2731 5867 2862 5920 sane
2879 5857 3233 5936 repositorium.
