4080 6360
256 402 400 469 1573

250 523 410 579 simul
439 528 816 593 exspectantes
843 517 1260 575 misericordiam
1310 517 1428 574 Dei.
1461 517 1520 574 Si
1542 527 1719 574 autem
1743 533 1839 575 no-

248 618 384 684 lunt,
413 615 504 686 qui
535 616 670 671 forte
696 613 881 669 nolunt
905 630 917 665 :
937 619 1083 668 certe
1107 612 1124 644 ¹
1152 625 1252 681 ego
1266 624 1382 665 sum
1409 612 1498 682 qui
1525 619 1837 679 statueram,

249 710 387 764 sicut
430 708 602 763 nostis
621 748 634 775 ,
663 705 870 761 nullum
902 703 1150 759 ordinare
1176 703 1450 768 clericum,
1477 702 1576 757 nisi
1603 701 1690 773 qui
1723 717 1838 756 me—

246 815 368 856 cum
390 799 559 854 vellet
584 813 829 863 manere;
853 805 910 851 ut
936 796 978 850 si
1005 795 1163 850 vellet
1189 793 1466 850 discedere
1492 810 1519 846 a
1551 793 1839 865 pr0posito,

249 899 398 947 recte
430 890 509 946 illi
557 890 801 946 tollerem
828 888 1156 955 clericatum,
1188 887 1309 959 quia
1335 886 1605 942 desereret
1647 896 1845 942 sanctae

247 982 523 1038 societatis
579 981 902 1052 promissum
948 988 1290 1050 ereptumque
1327 978 1674 1034 consortium.
1704 975 1845 1034 Ecce

248 1076 302 1130 in
330 1082 628 1145 conspectu
651 1072 749 1129 Dei
770 1081 824 1128 ει
852 1079 1051 1138 vestro,
1081 1079 1228 1127 muto
1253 1071 1536 1126 consilium
1570 1089 1585 1126 :
1628 1070 1716 1142 qui
1748 1085 1842 1125 vo—

248 1169 364 1222 lunt
415 1166 617 1222 habere
665 1164 863 1236 aliquid
909 1164 1203 1236 proprium,
1257 1163 1450 1234 quibus
1497 1178 1601 1218 non
1649 1161 1845 1218 suflicit

253 1261 395 1316 Deus
422 1270 478 1315 et
512 1259 755 1315 Ecclesia
784 1257 925 1330 ejus,
979 1264 1232 1313 maneant
1272 1256 1359 1312 ubi
1396 1255 1600 1322 volunt,
1647 1264 1702 1311 et
1754 1255 1843 1311 ubi

249 1359 494 1420 possunt,
529 1365 635 1404 non
665 1349 744 1405 eis
770 1347 955 1404 aufero
982 1346 1311 1405 clericatum.
1340 1345 1475 1404 Nolo
1518 1347 1715 1404 habere
1744 1346 1843 1418 hy-

248 1441 502 1510 pocritas.
533 1439 725 1494 Malum
767 1441 907 1494 enim
949 1446 1051 1506 est,
1090 1440 1209 1510 quis
1251 1438 1494 1495 nesciat?
1535 1439 1732 1493 malum
1762 1447 1844 1494 est

247 1528 442 1585 cadere
467 1547 497 1583 a
527 1531 834 1602 proposito;
868 1529 961 1585 sed
989 1529 1140 1602 pejus
1191 1539 1272 1586 est
1302 1529 1552 1586 simulare
1595 1533 1840 1602 proposi-

252 1630 382 1674 tum.
419 1621 562 1676 Ecce
605 1621 746 1689 dico,
801 1620 980 1676 audite
1015 1621 1146 1692 :qui
1196 1621 1508 1676 societatem
1538 1622 1839 1679 communis

249 1713 366 1767 vita:
389 1712 501 1783 jam
530 1723 855 1784 susceptam,
885 1729 1003 1784 qure
1025 1712 1272 1768 laudatur
1293 1713 1346 1768 in
1369 1711 1591 1768 Actibus
1612 1714 1843 1783 Aposto-

251 1805 420 1859 lorum
443 1847 460 1874 ,
509 1807 749 1873 deserit,
799 1822 829 1861 a
854 1816 977 1861 voto
1002 1822 1100 1862 suo
1130 1805 1288 1873 cadit,
1344 1816 1398 1862 et
1449 1821 1478 1860 a
1513 1806 1842 1878 professione

249 1904 432 1950 sancta
461 1895 622 1950 cadit.
653 1895 912 1952 Observet
933 1895 1191 1967 jndiccm,
1244 1896 1338 1952 sed
1370 1898 1557 1966 Deum,
1597 1912 1703 1952 non
1731 1913 1837 1954 me.

250 1985 361 2057 Ego
394 1985 445 2040 ei
475 2002 580 2040 non
611 1985 801 2042 aufero
846 1987 1176 2043 clericatum.
1229 1987 1493 2056 Quantum
1523 1989 1592 2042 sit
1626 1989 1838 2058 pericu-

249 2078 376 2145 lum,
409 2087 537 2133 ante
568 2079 753 2134 oculos
783 2079 899 2150 ejus
926 2079 1076 2150 posui
1105 2079 1295 2134 :faciat
1335 2080 1476 2151 quod
1526 2081 1654 2136 vult.
1705 2081 1838 2137 Novi

249 2170 387 2224 cnim
421 2171 546 2242 quia
571 2171 615 2225 si
643 2171 874 2242 aliquem
904 2170 1004 2227 hoc
1025 2166 1304 2228 facientem
1332 2172 1622 2248 degradare
1652 2174 1837 2230 volue-

249 2278 326 2328 ro,
352 2279 460 2318 non
490 2263 542 2318 ei
571 2263 798 2321 deerunt
825 2264 1058 2334 patroni,
1089 2279 1198 2320 non
1248 2265 1297 2320 ei
1322 2265 1546 2320 deerunt
1579 2267 1836 2338 sull'raga-

249 2365 413 2423 tores,
449 2365 505 2411 et
536 2355 621 2411 hic
653 2365 705 2411 et
730 2354 868 2426 apud
895 2357 1177 2426 episcopos
1206 2358 1294 2428 qui
1325 2356 1523 2423 dicant,
1556 2358 1690 2426 Quid
1715 2357 1835 2412 mali

249 2448 405 2505 fecit?
456 2447 573 2504 Non
607 2459 785 2519 potest
813 2458 988 2505 tecum
1017 2449 1244 2506 tolerare
1266 2450 1421 2506 istam
1450 2451 1609 2506 vitam
1641 2470 1654 2506 :
1687 2461 1836 2507 extra

247 2543 574 2616 episcopium
604 2543 714 2598 vult
742 2558 980 2610 manere,
1014 2551 1069 2599 et
1094 2543 1160 2598 de
1179 2544 1393 2614 proprio
1419 2543 1617 2609 vivere,
1648 2544 1836 2600 ideone

246 2633 403 2688 debet
430 2635 658 2705 perdere
683 2635 990 2690 clericatum
1012 2636 1034 2690 ?
1055 2635 1167 2706 Ego
1187 2636 1299 2692 scio
1329 2644 1583 2705 quantum
1615 2635 1738 2692 mali
1769 2637 1838 2692 sit

246 2726 484 2795 profiteri
507 2736 750 2783 sanetum
776 2727 995 2798 aliquid,
1020 2744 1118 2783 nec
1136 2727 1379 2798 implere.
1422 2727 1616 2794 Vovete,
1644 2728 1833 2798 inquit,

243 2827 287 2870 et
311 2817 509 2872 reddite
530 2818 750 2874 Domino
780 2819 888 2874 Deo
918 2829 1076 2875 vestro
1101 2819 1272 2893 (Psal.
1297 2837 1454 2887 Luv,
1486 2821 1573 2892 12)
1597 2838 1607 2872 :
1628 2831 1702 2890 et,
1734 2820 1840 2876 Me-

247 2910 342 2964 lius
368 2921 443 2966 est
472 2928 576 2966 non
601 2927 794 2978 vovere,
819 2929 971 2982 quant
999 2929 1170 2968 vovere
1194 2922 1241 2968 et
1276 2930 1376 2970 non
1402 2914 1610 2970 reddere
1637 2913 1833 2985 (Eccle.

247 3018 297 3070 v,
326 3001 407 3076 4).
445 3004 606 3076 Virgo
632 3005 731 3060 etsi
759 3021 1031 3076 nunquam
1059 3005 1162 3064 fuit
1185 3006 1238 3064 in
1270 3008 1616 3075 monasterio,
1649 3016 1703 3062 et
1728 3008 1836 3062 vir-

245 3109 309 3165 go
334 3111 490 3150 sacra
536 3106 640 3156 est.
666 3097 744 3153 illi
774 3098 978 3158 nubere
1025 3119 1130 3157 non
1184 3103 1328 3166 licet,
1370 3101 1611 3172 quamvis
1635 3115 1756 3158 esse
1780 3100 1834 3156 in

245 3189 570 3245 monasterio
594 3204 702 3249 non
727 3195 1066 3265 compellitur
1085 3196 1128 3246 ’.
1153 3193 1209 3250 Si
1240 3205 1418 3249 autem
1442 3195 1605 3263 cmpit
1627 3207 1750 3249 esse
1779 3193 1834 3248 in

246 3287 594 3353 monasterio,
623 3295 677 3342 et
697 3285 958 3352 deseruit,
987 3296 1040 3342 et
1073 3295 1250 3342 tamen
1286 3286 1434 3356 virgo
1461 3293 1582 3351 est;
1615 3283 1835 3341 dimidia

247 3378 367 3432 ruit.
404 3378 495 3432 Sic
515 3387 570 3433 et
597 3378 824 3433 clericus
850 3379 982 3434 duas
1007 3395 1094 3434 res
1125 3377 1394 3448 professus
1422 3388 1526 3443 est,
1557 3386 1609 3432 et
1635 3378 1835 3434 sancti-

247 3478 428 3534 tatem,
467 3477 524 3524 et
567 3469 876 3526 clericatum
914 3470 1182 3525 :interins
1211 3468 1232 3501 ³
1288 3469 1660 3534 sanctitatem;
1707 3484 1832 3523 nam

248 3562 554 3616 clericatum
585 3570 803 3632 propter
823 3563 1070 3632 populum
1094 3576 1250 3616 suum
1276 3561 1417 3618 Deus
1447 3560 1698 3631 imposuit
1718 3575 1835 3615 cer-

249 3655 451 3710 vicibus
481 3655 672 3724 ipsius,
721 3655 807 3710 cui
829 3655 996 3725 magis
1023 3668 1158 3709 onus
1185 3663 1269 3710 est
1304 3668 1460 3724 quam
1490 3653 1661 3707 honor
1691 3670 1704 3706 :
1737 3652 1833 3708 sed

247 3748 353 3818 quis
399 3748 604 3818 sapiens
653 3757 699 3803 et
749 3748 993 3820 intelliget
1030 3747 1139 3802 [nec
1183 3745 1352 3817 (Psal.
1385 3761 1492 3813 cvt,
1532 3745 1664 3815 45)?
1695 3745 1833 3815 Ergo

249 3839 518 3908 professus
545 3849 628 3896 est
646 3841 1017 3907 sanctitatem,
1056 3839 1326 3908 professus
1365 3846 1448 3893 est
1475 3835 1834 3893 communiter

247 3931 454 3986 vivendi
480 3933 678 3987 societa
687 3941 822 3996 tem;
846 3932 1117 4001 professus
1132 3939 1213 3986 est
1232 3947 1383 4003 quant
1403 3930 1588 3985 bonum
1609 3937 1654 3984 el
1681 3945 1834 4002 quam

181 4039 194 4051 ·
237 4024 545 4095 jucundum,
573 4024 800 4080 habitare
824 4028 1006 4097 fratres
1025 4025 1082 4079 in
1103 4041 1261 4079 unum
1288 4023 1460 4098 (Psal.
1494 4039 1702 4088 cum,
1731 4024 1784 4093 l)
1814 4039 1828 4077 :

243 4119 285 4171 si
314 4117 382 4170 ab
411 4117 517 4172 hoc
546 4119 818 4188 proposito
859 4118 1134 4184 ceciderit,
1165 4128 1220 4174 et
1245 4127 1394 4174 extra
1415 4133 1638 4173 manens
1676 4117 1832 4172 cleri-

244 4224 338 4264 cus
360 4208 553 4275 fuerit;
572 4209 824 4265 dimidius
841 4220 893 4266 et
911 4211 1026 4282 ipse
1053 4211 1262 4266 cecidit.
1289 4198 1426 4279 Quid
1452 4210 1519 4265 ad
1542 4212 1667 4266 me?
1712 4210 1829 4266 Non

243 4315 366 4354 eum
391 4301 596 4369 judico.
630 4301 684 4356 Si
709 4301 840 4358 foris
859 4311 1039 4358 servat
1065 4303 1425 4370 sanctitatem,
1463 4301 1716 4358 dimidius
1741 4318 1831 4358 ce-

242 4391 373 4446 cidit
407 4394 490 4447 :si
524 4408 650 4449 vero
673 4393 816 4448 intus
837 4393 1082 4450 habuerit
1120 4395 1534 4461 simulationem,
1571 4404 1712 4456 totus
1737 4410 1829 4450 ce-

241 4481 389 4538 cidit.
451 4482 592 4538 Nolo
651 4483 845 4541 habeat
905 4486 1276 4541 necessitatem
1339 4486 1643 4542 simulandi.
1706 4486 1830 4544 Scio

239 4576 514 4647 quomodo
565 4577 811 4635 homines
847 4587 1030 4635 ament
1077 4579 1382 4635 clericatum
1414 4597 1428 4634 :
1459 4580 1656 4635 nemini
1705 4595 1826 4636 eum

241 4668 366 4723 tollo
383 4669 588 4724 nolenti
616 4685 824 4726 mecum
847 4671 1204 4727 communiter
1225 4671 1422 4727 vivere.
1446 4672 1615 4727 Habet
1639 4673 1822 4740 Deum,

237 4763 323 4833 qui
353 4777 571 4818 mecum
615 4779 833 4821 manere
867 4764 999 4820 vult.
1038 4764 1094 4822 Si
1136 4775 1350 4836 paratus
1383 4775 1465 4821 est
1490 4767 1632 4836 pasci
1660 4782 1689 4821 a
1719 4768 1828 4824 Deo

237 4868 333 4922 per
358 4853 656 4910 Ecclesiam
696 4855 883 4926 ipsius,
921 4870 1029 4911 non
1061 4855 1260 4912 habere
1291 4855 1489 4926 aliquid
1531 4857 1823 4928 proprium,

236 4945 327 4999 sed
355 4955 451 5000 aut
475 4962 702 5019 erogare
732 4948 1072 5019 pauperibus,
1104 4959 1197 5005 aut
1239 4950 1292 5004 in
1329 4964 1615 5006 commune
1643 4953 1823 5008 mitte-

235 5053 316 5106 re,
349 5050 570 5096 maneat
594 5057 824 5098 mecum.
867 5042 967 5110 Qui
999 5044 1100 5098 hoc
1125 5057 1231 5098 non
1261 5042 1393 5110 vult,
1428 5042 1617 5098 habeat
1657 5044 1823 5099 liber-

236 5140 398 5188 tatem
435 5151 450 5186 :
498 5135 596 5190 sed
645 5134 824 5192 videat
866 5144 1048 5193 utrum
1093 5135 1292 5192 habere
1337 5136 1506 5207 possit
1556 5136 1826 5194 felicitatis

236 5226 611 5281 :cternitatem.

311 5317 366 5372 7.
390 5317 673 5376 Pollicetur
690 5336 969 5377 sermonem
989 5320 1385 5393 subsequentem.
1411 5318 1689 5376 Sufficiant
1709 5321 1827 5378 bare

238 5425 380 5467 nunc
421 5412 633 5467 interim
659 5411 914 5469 Cbaritati
940 5423 1151 5471 vestrae.
1175 5413 1329 5484 Quod
1367 5429 1530 5485 egero
1558 5429 1679 5469 cum
1722 5413 1829 5469 fra-

240 5503 407 5559 tribus
456 5507 610 5574 meis,
657 5506 984 5564 annuntiabo
1038 5506 1207 5563 vobis.
1267 5507 1440 5576 Spero
1477 5507 1620 5561 enim
1665 5507 1822 5562 bona.

241 5593 439 5652 Omnes
469 5597 599 5653 mihi
626 5599 856 5654 libenter
880 5598 1141 5655 obediunt
1173 5617 1187 5654 :
1216 5613 1314 5654 nec
1354 5599 1663 5653 inventurus
1706 5612 1824 5652 sum

302 5709 417 5778 {sic
438 5715 632 5778 Lov._ln
661 5719 742 5775 8.,
784 5725 915 5778 ergo.
981 5720 1038 5762 Μ.

301 5771 323 5802 ³
354 5777 485 5837 Μετξςν
516 5774 660 5837 Virgo
702 5771 800 5834 est,
837 5771 889 5825 ἷςί
926 5787 1169 5836 nunquam
1187 5773 1275 5837 fuit
1310 5773 1357 5825 in
1381 5773 1693 5836 monasterio,
1733 5785 1829 5824 non

241 5834 554 5907 suppeditata
640 5845 807 5907 autem
829 5837 972 5903 coepit
995 5834 1112 5901 esse,
1143 5834 1238 5890 etc.

305 5895 326 5926 ³
355 5902 480 5958 Mss,
506 5897 716 5952 interim.

1643 397 1870 461 SERMO
1907 399 2170 460 CCCLVI.

3398 408 3541 479 1576

1956 518 2162 589 aliquos
2188 517 2384 576 habere
2407 519 2624 592 aliquid,
2653 523 2756 579 nisi
2781 525 2952 599 aliqua
2979 527 3296 585 necessitate
3322 529 3538 602 religio.

1953 614 2057 678 nis,
2087 628 2191 667 non
2225 613 2502 670 occasione
2527 616 2848 686 cupiditatis.
2894 617 3045 688 Quod
3071 636 3197 691 ergo
3230 637 3391 692 egero
3417 633 3539 694 post

1953 705 2330 780 Epiphaniam,
2385 700 2646 766 Charitati
2685 722 2876 769 vestrae
2920 714 2972 769 in
3020 715 3228 772 Domini
3270 718 3538 774 voluntate

1953 801 2243 867 nuntiabo;
2268 812 2320 858 et
2342 803 2609 872 quomodo
2637 805 2783 860 litem
2808 806 2997 863 liniero
3018 806 3154 865 inter
3174 810 3307 866 duos
3324 811 3534 878 fratres,

1954 892 2094 947 lilios
2126 892 2424 966 presbyteri
2467 894 2726 962 Januarii,
2780 913 2884 952 non
2925 899 3074 954 vobis
3123 901 3329 957 tacebo.
3378 903 3535 959 Multa

1952 984 2157 1042 locutus
2173 1002 2309 1053 sum,
2335 988 2458 1044 date
2485 991 2690 1045 veniam
2709 990 2914 1062 loquaci
2931 996 3210 1063 senectuti,
3227 997 3322 1053 sed
3339 998 3536 1054 timida:

1955 1076 2272 1134 inﬁrmitati.
2292 1077 2422 1149 Ego,
2447 1081 2584 1136 sicut
2609 1081 2822 1150 videtis,
2836 1099 2934 1155 per
2956 1094 3165 1141 (etatem
3185 1087 3340 1142 modo
3360 1090 3532 1154 senui,

1952 1168 2044 1222 sed
2076 1184 2169 1238 per
2207 1161 2571 1228 infirmitatem
2621 1175 2860 1244 corporis
2910 1175 3039 1230 olim
3067 1193 3184 1232 sum
3215 1194 3397 1234 senex.
3429 1181 3530 1236 Ta-

1952 1277 2073 1317 men
2119 1263 2165 1318 si
2215 1262 2328 1318 Deo
2377 1265 2570 1336 placet,
2603 1267 2742 1337 quod
2776 1267 2885 1323 dixi
2906 1269 3086 1337 modo,
3116 1271 3228 1341 ipse
3257 1271 3344 1327 det
3373 1273 3532 1334 vires,

1949 1371 2058 1411 non
2080 1371 2175 1412 vos
2195 1356 2408 1413 desero.
2435 1357 2596 1416 Orate
2622 1376 2718 1430 pro
2747 1377 2856 1430 me,
2880 1369 2938 1417 ut
2967 1372 3221 1433 quantum
3253 1365 3390 1421 inest
3417 1368 3532 1420 ani-

1947 1463 2034 1502 ma
2061 1448 2114 1502 in
2139 1447 2241 1503 hoc
2266 1464 2512 1520 corpore,
2543 1460 2598 1506 et
2625 1453 3040 1525 qualescumque
3063 1456 3204 1512 vires
3226 1467 3532 1528 suppetunt,

1948 1539 2002 1594 in
2022 1539 2188 1596 verbo
2215 1541 2307 1596 Dei
2335 1541 2562 1598 serviam
2592 1544 2764 1600 vobis.

2409 1701 2638 1758 sermo
2673 1701 2916 1761 CCCLVI
2947 1706 2964 1728 ·
2990 1705 3085 1778 (α).

2086 1844 2165 1900 De
2196 1844 2310 1899 Vita
2338 1857 2386 1900 et
2412 1845 2638 1902 Moribus
2659 1848 2954 1902 clericorum
2974 1864 3199 1915 suorum,
3228 1862 3265 1902 ιι
3293 1847 3387 1920 (b).

2017 1987 2069 2042 l.
2101 1985 2293 2041 Forma
2322 1987 2520 2042 vivendi
2547 1988 2907 2044 coenobitarum
2932 1992 2984 2045 in
3023 1992 3227 2047 Artibus
3255 1992 3524 2064 Apostolo-

1943 2095 2053 2132 rum
2083 2079 2356 2151 descripta.
2384 2079 2645 2136 Charitali
2674 2090 2866 2136 vestra:
2903 2082 3062 2137 hodie
3105 2083 3170 2138 de
3218 2084 3366 2139 nobis
3399 2085 3528 2154 ipsis

1944 2185 2120 2225 sermo
2162 2171 2465 2226 reddendus
2511 2181 2612 2227 est.
2669 2172 2820 2240 Quod
2884 2174 3024 2229 enim
3089 2175 3161 2228 ait
3206 2176 3526 2244 Apostolus,

1943 2264 2284 2334 spectaculum
2309 2264 2431 2334 facti
2455 2281 2628 2318 sumus
2661 2265 2845 2319 mundo
2873 2276 2916 2320 ct
2961 2266 3166 2338 Angelis
3207 2276 3255 2322 et
3297 2267 3514 2322 homini-

1944 2357 2034 2412 bus
2060 2357 2100 2430 (l
2132 2357 2251 2413 Cor.
2284 2373 2362 2425 tv,
2391 2356 2472 2429 9).
2494 2357 2594 2426 Qui
2623 2374 2722 2414 nos
2751 2368 2950 2424 amant,
2978 2370 3220 2429 qualrnnt
3249 2360 3389 2431 quod
3417 2361 3530 2414 lau-

1942 2446 2072 2502 dent
2123 2449 2174 2502 in
2225 2448 2417 2504 nobis:
2449 2449 2538 2518 qui
2596 2457 2772 2504 autem
2807 2465 2903 2504 nos
2948 2449 3196 2515 oderunt,
3244 2449 3530 2505 detrahunt

1942 2540 2116 2594 nobis.
2144 2538 2254 2595 Nos
2276 2549 2452 2594 autem
2485 2541 2535 2593 in
2578 2551 2805 2610 utroque
2830 2540 3006 2596 medio
3049 2541 3342 2608 constituti,
3373 2540 3527 2611 adju-

1941 2640 2100 2684 vantc
2122 2631 2348 2688 Domino
2380 2632 2492 2688 Deo
2520 2639 2724 2697 nostro,
2747 2632 2973 2686 etvitam
3001 2639 3052 2688 et
3079 2631 3272 2687 famam
3293 2641 3527 2688 nostram

1941 2722 2020 2779 sic
2059 2725 2328 2780 custodire
2356 2724 2634 2793 debemus,
2687 2734 2744 2778 ut
2773 2740 2876 2778 non
2916 2724 3230 2780 erubescant
3259 2723 3325 2778 de
3352 2722 3529 2778 detra-

1941 2817 2176 2872 ctoribus
2207 2817 2529 2872 laudatores.
2546 2817 2844 2885 'QuOmodo
2872 2825 3050 2872 autem
3072 2817 3252 2872 vivere
3278 2817 3524 2884 velimus,

1940 2907 2208 2978 quomodo
2251 2908 2361 2963 Deo
2410 2908 2638 2978 propitio
2680 2907 2792 2979 jam
2845 2909 3106 2974 vivamus,
3163 2902 3404 2978 quamvis
3451 2909 3520 2964 de

1941 3001 2218 3070 Scriptura
2265 3011 2450 3057 sancta
2499 3001 2650 3056 multi
2683 3001 2963 3068 noveritis,
2993 3011 3169 3057 tamen
3187 3001 3257 3062 ad
3286 3017 3526 3058 comme-

1941 3091 2231 3146 morandos
2264 3107 2380 3157 vos,
2424 3093 2539 3163 ipsa
2585 3092 2652 3149 de
2703 3093 2840 3168 libro
2877 3095 3107 3148 Aetnum
3148 3094 3525 3164 Apostolorum

1940 3185 2090 3241 vobis
2117 3186 2273 3241 lectio
2302 3186 2634 3251 recitabitur,
2685 3195 2743 3242 ut
2765 3185 2990 3242 videatis
3017 3186 3106 3242 ubi
3158 3186 3422 3257 descripta
3459 3187 3529 3243 sit

1938 3275 2108 3332 forma
2137 3292 2294 3347 quam
2324 3276 2692 3333 desideramus
2728 3278 2972 3346 implere.
3013 3278 3147 3334 Dum
3176 3294 3304 3350 ergo
3331 3279 3526 3335 recita-

1940 3370 2046 3437 fur,
2070 3384 2165 3424 vos
2195 3369 2582 3424 intentissimas
2605 3369 2747 3435 volo,
2769 3379 2824 3424 ut
2855 3379 2976 3440 post
2996 3370 3110 3440 ejus
3134 3370 3522 3435 recitationem,

1937 3460 2081 3532 quod
2112 3461 2314 3516 institui
2345 3462 2548 3532 loquar,
2576 3461 2686 3516 Deo
2725 3460 2979 3528 donante,
3005 3461 3282 3516 intentioni
3308 3472 3524 3517 vestrae.

1943 3554 2035 3627 (Et
2057 3554 2290 3609 Lazarus
2317 3553 2572 3608 diaconus
2594 3554 2719 3624 legit
2746 3571 2758 3606 :
2787 3553 2807 3623 )
2834 3572 2850 3604 ι
2885 3553 3017 3607 Cum
3048 3562 3310 3619 orassent,
3339 3564 3518 3608 motus

1941 3655 2024 3701 est
2070 3645 2219 3700 locus
2251 3645 2302 3698 in
2348 3661 2453 3714 quo
2490 3652 2645 3700 erant
2687 3645 3014 3715 congregati,
3063 3654 3116 3699 et
3169 3644 3368 3715 impleti
3400 3652 3526 3700 sunt

1941 3753 2128 3794 omnes
2173 3736 2373 3809 Spiritu
2423 3744 2629 3802 sancto,
2677 3745 2732 3792 et
2774 3735 3130 3807 loquebantur
3175 3736 3394 3791 verbum
3429 3735 3526 3792 Dei

1941 3847 2063 3887 cum
2092 3830 2281 3886 ﬁducia
2319 3833 2464 3886 omni
2501 3831 2761 3887 volenti‘.
2791 3831 3138 3887 Multitudinis
3182 3841 3360 3887 autem
3403 3847 3523 3888 cre-

1941 3922 2179 3978 dentium
2206 3932 2321 3979 erat
2346 3923 2522 3977 anima
2552 3937 2656 3977 una
2683 3930 2739 3978 et
2779 3938 2873 3978 cor
2916 3939 3077 3977 unum
3110 3940 3123 3976 :
3153 3932 3208 3978 et
3229 3938 3386 3978 nemo
3429 3938 3523 3978 eo-

1939 4029 2058 4070 rum
2091 4030 2209 4084 qucc
2241 4013 2569 4084 possidebat,
2616 4013 2829 4069 dicebat
2857 4013 3053 4083 aliquid
3082 4029 3236 4069 suum
3263 4031 3401 4080 esse,
3430 4014 3523 4070 sed

1938 4113 2092 4160 erant
2111 4105 2214 4159 illis
2245 4104 2424 4160 omnia
2449 4104 2770 4160 communia.
2795 4103 2863 4158 Et
2887 4104 3079 4159 virtute
3118 4120 3303 4174 magna
3329 4105 3522 4160 redde-

1935 4198 2066 4253 bant
2113 4197 2355 4267 Apostoli
2411 4196 2774 4252 testimonium
2840 4195 3244 4250 resurrectionis
3312 4196 3524 4252 Domini

1935 4290 2063 4346 Jcsu
2090 4310 2102 4345 :
2129 4290 2404 4362 gratiaque
2432 4303 2622 4358 magna
2651 4295 2768 4342 erat
2795 4303 2955 4358 super
2979 4303 3164 4343 omnes
3188 4288 3324 4342 illos.
3344 4288 3524 4358 Neque

1941 4383 2082 4440 enim
2113 4378 2393 4453 quisquam
2420 4394 2583 4453 egens
2607 4387 2724 4434 erat
2748 4378 2888 4433 inter
2913 4379 3052 4433 illos.
3085 4380 3355 4450 Quotquot
3381 4379 3522 4434 enim

1937 4489 2276 4546 possessores
2304 4472 2624 4544 praediorum
2653 4471 2745 4526 vel
2771 4469 3052 4526 domorum
3078 4481 3250 4538 erant,
3285 4473 3522 4527 venden-

1938 4576 2018 4624 tes
2042 4565 2337 4622 allerehant
2363 4565 2528 4636 pretia
2559 4564 2791 4628 illorum,
2817 4572 2872 4619 et
2910 4563 3179 4633 ponebant
3213 4572 3337 4619 ante
3359 4564 3523 4634 pedes

1939 4659 2340 4730 Apostolorum.
2374 4656 2801 4713 Distribuebatur
2829 4664 3007 4709 autem
3047 4655 3330 4726 unicuique
3366 4668 3523 4726 prout

1937 4753 2130 4824 cuique
2150 4767 2282 4823 Opus
2310 4761 2422 4806 erat
2450 4770 2468 4804 ι
2503 4749 2637 4822 (Act.
2662 4765 2734 4815 IV,
2761 4746 2975 4819 51-55).
2995 4747 3254 4820 (Cumque
3288 4750 3521 4808 Lazarus

1935 4846 2189 4902 diaconus
2208 4845 2506 4909 recitasset,
2533 4851 2586 4898 et
2614 4843 2865 4912 episcopo
2893 4841 3132 4898 codicem
3177 4843 3482 4899 tradidisset
3506 4864 3516 4908 ;

1935 4938 2262 5009 Augustinus
2311 4936 2591 5006 episcopus
2629 4932 2848 5004 dixitz)
2902 4934 2968 4988 Et
3017 4949 3119 5005 ego
3152 4934 3330 5006 legere
3377 4938 3519 4990 volo.

1935 5033 2062 5087 Plus
2113 5031 2254 5087 enim
2294 5044 2382 5085 me
2417 5028 2664 5084 delectat
2693 5025 2851 5097 hujus
2896 5027 3044 5082 verbi
3093 5043 3214 5084 esse
3243 5029 3518 5098 lectorem,

1935 5141 2094 5197 quam
2115 5122 2261 5180 verbi
2286 5122 2393 5178 mei
2413 5121 2816 5193 disputatorem.
2851 5139 2869 5174 ‹
2899 5115 3030 5177 Cum
3054 5133 3313 5193 orassent,
3346 5136 3524 5182 motus

1996 5286 2010 5316 ¹
2048 5283 2186 5345 Editi,
2214 5279 2384 5334 volenti
2401 5279 2618 5332 credere.
2643 5281 2810 5343 Abest,
2833 5281 3058 5344 credere,
3085 5294 3115 5334 a
3136 5285 3488 5347 manuscriptis.

1995 5369 2014 5390 ‘
2049 5365 2337 5430 amendatus
2373 5365 2432 5415 ad
2467 5378 2640 5416 omnes
2660 5373 2768 5416 Mss.
2795 5373 2849 5417 et
2870 5365 2981 5416 Edd.
3014 5367 3064 5416 in
3085 5379 3313 5417 sermone
3336 5379 3520 5430 prace-

1933 5432 2067 5482 denti
2089 5429 2230 5479 modo
2251 5429 2549 5492 designatos.

2017 5516 2068 5574 (ι)
2103 5514 2242 5574 Alias,
2266 5512 2333 5562 de
2354 5512 2566 5562 Diversis
2586 5511 2665 5562 50.
2693 5515 2715 5574 ς

2017 5530 2046 5566 a
2103 5516 2242 5574 Alias,
2266 5516 2333 5562 de
2354 5516 2566 5562 Diversis
2586 5516 2665 5562 50.
2711 5516 2715 5538 τ

1993 5516 2068 5642 ibi
2099 5585 2150 5642 tn
2172 5576 2534 5642 (garthaginensi
2558 5572 2742 5642 synodo
2758 5575 2871 5624 anui
2891 5574 2984 5626 525
3004 5572 3274 5642 appellatur
3295 5589 3318 5618 α
3335 5571 3403 5642 (ιε
3422 5578 3493 5622 Ito

1932 5635 2068 5692 ribus
2090 5635 2374 5689 clericorum
2408 5635 2653 5686 secundus
2694 5635 2882 5685 liber.»
2915 5645 2960 5686 tu
2986 5635 3228 5686 tmideriei
3266 5641 3428 5683 autem
3468 5642 3518 5686 et

1933 5703 2186 5754 Bertei'ridi
2221 5699 2494 5762 Privilegio,
2519 5717 2541 5744 ιι
2560 5698 2675 5747 libri
2695 5697 2760 5747 de
2782 5699 3013 5748 Gradibus
3031 5697 3369 5762 ecclesiasticis
3385 5711 3515 5762 svo-

1933 5774 2103 5818 cantur
2126 5765 2271 5814 iidem
2286 5763 2366 5814 isti
2387 5758 2658 5820 sermones,
2684 5768 2798 5822 puta
2819 5762 2947 5824 quod
2970 5762 3048 5810 hic
3065 5761 3356 5824 Augustinus
3377 5758 3520 5824 clerig

1933 5842 2098 5881 eorum
2114 5825 2331 5889 singulos
2353 5824 2531 5889 gradus
2551 5831 2816 5889 percurrat,
2837 5822 2884 5874 ct
2903 5839 2950 5874 ιι.
2964 5826 2996 5875 9
3017 5822 3160 5886 dicat,
3183 5840 3205 5871 α
3221 5823 3292 5872 sic
3309 5822 3440 5872 enim
3459 5822 3519 5874 ad

1932 5903 2022 5942 eos
2042 5884 2277 5950 gradatim
2301 5884 2569 5935 ascendere
2594 5884 2738 5934 volui.
2759 5900 2781 5928 ι)
