4046 6360
523 403 659 464 1573

523 555 606 602 est
637 546 784 598 locus
827 541 1010 611 inquo
1038 547 1189 594 erant
1237 536 1558 608 congregati,
1610 545 1666 590 et
1716 535 1916 604 impleti
1971 543 2094 590 sunt

526 650 710 689 omnes
760 633 958 703 Spiritu
1010 639 1216 696 sancto,
1272 638 1325 684 et
1359 627 1710 698 loquebantur
1750 626 1970 680 verbum
2000 624 2096 680 Dei

523 741 643 780 cum
675 723 864 778 iiducia
885 723 1030 776 omni
1051 721 1265 776 volenti.
1298 717 1645 774 Multitudinis
1666 725 1842 772 autem
1869 715 2094 772 creden-

535 816 664 869 tium
692 824 808 870 erat
854 817 1028 868 anima
1072 827 1174 866 una
1213 821 1267 866 et
1312 824 1406 867 cor
1427 825 1586 864 unum
1612 827 1626 863 :
1655 818 1710 864 et
1727 823 1886 864 nemo
1911 822 2096 863 eorum

527 923 643 978 qua:
673 903 1000 976 possidebat,
1030 903 1238 958 dicebat
1257 901 1455 971 aliquid
1475 915 1628 955 suum
1649 915 1789 967 esse,
1818 899 1912 954 sed
1942 905 2097 954 erant

525 999 627 1053 illis
657 997 832 1051 omnia
863 994 1193 1049 communia.
1239 993 1304 1047 Et
1332 991 1526 1048 virtute
1566 1006 1754 1062 magna
1803 990 2098 1046 reddebant

531 1089 764 1159 Apostoli
816 1087 1176 1141 testiinonium
1221 1085 1629 1140 resurrectionis
1669 1075 1874 1172 Domini
1922 1083 2092 1139 Jesu:

523 1181 794 1250 gratiaque
821 1193 1008 1248 magna
1036 1187 1150 1232 erat
1191 1191 1349 1246 super
1369 1191 1554 1230 omnes
1583 1175 1722 1230 illos.
1746 1175 1928 1245 Neque
1954 1173 2096 1229 enim

525 1272 802 1341 quisquam
830 1283 993 1340 egens
1020 1276 1136 1324 erat
1157 1267 1293 1322 inter
1317 1267 1455 1321 illos.
1485 1266 1754 1336 Quotquot
1795 1266 1938 1320 enim
1969 1279 2094 1334 pos—

525 1377 760 1416 sessores
787 1361 1099 1430 praediorum
1151 1359 1236 1414 vel
1275 1359 1551 1414 domorum
1593 1367 1764 1424 erant,
1807 1357 2096 1412 vendentcs

524 1445 814 1500 all'erebant
867 1446 1034 1514 pretia
1071 1459 1254 1498 eorum
1283 1485 1298 1508 ,
1327 1451 1398 1498 .et
1437 1443 1707 1514 ponebant
1755 1450 1879 1497 ante
1927 1441 2094 1511 pedes

525 1537 926 1606 Apostolorum.
971 1536 1394 1591 Distribuebatur
1428 1543 1606 1590 autem
1635 1534 1917 1603 unicuique
1944 1540 2098 1602 prout

523 1631 714 1699 cuique
774 1645 906 1699 opus
966 1637 1098 1684 erat.
1149 1646 1170 1681 ι
1223 1629 1484 1700 (Cumque
1530 1628 1808 1700 episcopus
1861 1627 2092 1698 legisset,

523 1719 691 1774 dixit:
715 1719 735 1788 )

591 1814 644 1867 2.
691 1813 836 1870 Unde
861 1811 1138 1884 Augustino
1172 1813 1332 1868 visum
1371 1821 1442 1868 est
1477 1813 1541 1867 de
1563 1829 1768 1868 suorum
1804 1811 2098 1866 clericorum

531 1905 630 1958 vita
655 1906 793 1974 apud
817 1904 1008 1973 plebem
1033 1921 1200 1976 agere.
1229 1904 1464 1959 Audistis
1490 1904 1616 1974 quid
1645 1903 1869 1959 velimus
1899 1921 1910 1954 :
1943 1911 2094 1958 orate

527 2005 584 2050 ut
611 1997 892 2067 possimus.
925 1994 1156 2066 Contigit
1201 2005 1374 2051 autem
1405 1995 1648 2065 qumdam
1691 1995 1998 2060 necessitas,
2040 2001 2098 2048 ut

525 2089 959 2159 haecdiligentius
977 2105 1190 2158 agerem
1225 2089 1536 2158 :quoniam,
1577 2087 1712 2142 sicut
1751 2087 1862 2156 jam
1905 2086 2092 2152 nostis,

526 2180 804 2252 presbyter
829 2180 880 2234 in
908 2189 1086 2235 nostra
1119 2180 1372 2235 societate
1391 2180 1726 2242 constitutus,
1757 2177 1896 2246 quali
1923 2177 2096 2230 socie-

525 2269 618 2324 tati
653 2270 893 2338 perhihet
943 2269 1298 2325 testimonium
1349 2269 1525 2336 lectio,
1559 2283 1713 2338 quam
1749 2267 1929 2332 modo,
1976 2281 2096 2321 cum

524 2360 890 2426 recitaremus,
945 2360 1194 2425 audistis,
1243 2361 1477 2414 moriens
1525 2365 1893 2412 testamentum
1941 2356 2092 2423 fecit,

522 2453 646 2522 quia
672 2450 858 2506 habuit
885 2451 1025 2506 unde
1078 2450 1294 2506 faceret.
1343 2451 1472 2505 Erat
1515 2449 1654 2520 quod
1685 2449 1884 2503 diceret
1919 2463 2090 2512 suum,

521 2553 642 2596 cum
669 2540 722 2594 in
739 2555 802 2594 ea
826 2541 1080 2596 societate
1102 2541 1326 2608 viveret,
1355 2541 1444 2595 ubi
1471 2539 1668 2594 nemini
1708 2539 1896 2593 licebat
1919 2538 2098 2593 dicere

521 2630 722 2702 aliquid
751 2648 926 2700 suum,
957 2631 1054 2688 sed
1093 2641 1273 2689 essent
1316 2633 1419 2687 illis
1465 2631 1642 2686 omnia
1670 2629 1990 2686 communia.
2039 2628 2098 2684 Si

522 2723 641 2793 quis
661 2723 886 2780 dilector
903 2731 957 2778 et
983 2723 1227 2780 laudator
1251 2731 1432 2779 noster
1457 2722 1593 2794 apud
1619 2723 1970 2777 detractorem
1997 2735 2096 2775 no-

525 2823 695 2868 strum
727 2814 1044 2886 prtedicaret
1077 2816 1231 2869 istam
1259 2813 1589 2880 societatem,
1626 2823 1682 2868 et
1708 2813 1931 2876 diceret,
1963 2811 2096 2867 Cum

522 2905 775 2974 episcopo
822 2906 1117 2975 Augustino
1165 2905 1241 2960 sic
1269 2905 1452 2958 vivunt
1479 2919 1665 2958 omnes
1700 2903 2094 2958 cohabitatores

523 2993 659 3064 ejus,
687 2995 954 3066 quomodo
979 2994 1233 3064 scriptum
1258 2996 1414 3050 estin
1432 2995 1650 3049 Actibus
1678 2993 2049 3064 Apostolorum
2079 3009 2094 3046 :

524 3085 776 3140 continuo
801 3085 892 3141 ille
920 3085 1187 3141 detractor
1213 3096 1370 3156 caput
1397 3085 1854 3152 movens,deutem
1883 3099 2096 3154 promo-

522 3193 652 3234 vens
674 3220 688 3244 ,
721 3179 942 3243 diceret,
970 3178 1046 3234 lta
1076 3193 1200 3234 vere
1243 3179 1320 3234 sic
1355 3179 1428 3234 ibi
1461 3179 1653 3232 vivitur
1674 3219 1689 3246 ,
1741 3177 2006 3248 quomodo
2042 3185 2097 3231 tu

523 3271 691 3327 dicis?
719 3271 893 3340 Quare
919 3270 1200 3328 mentiris?
1250 3271 1426 3340 Quare
1445 3268 1576 3326 falsa
1599 3270 1754 3325 laude
1775 3269 2099 3325 honorasino

526 3363 750 3434 dignos?
775 3363 964 3422 Nonne
1012 3363 1080 3420 ibi
1119 3363 1278 3419 modo
1305 3364 1357 3418 in
1384 3378 1568 3419 eorum
1615 3363 1870 3418 societate
1895 3363 2098 3433 positus

525 3456 804 3528 presbyter
827 3465 1196 3512 testamentum
1223 3455 1366 3522 fecit,
1395 3465 1451 3512 et
1469 3454 1607 3526 quod
1629 3454 1817 3509 habuit
1833 3455 2098 3525 quomodo

529 3547 696 3602 voluit
722 3547 1004 3619 disposuit,
1053 3555 1108 3604 et
1133 3545 1391 3618 reliquit?
1441 3545 1597 3602 Certe
1637 3545 1813 3600 omnia
1857 3545 1927 3600 ibi
1977 3555 2100 3600 sunt

523 3639 864 3694 communia?
891 3649 1038 3696 certe
1059 3654 1217 3695 nemo
1239 3639 1368 3694 dicit
1409 3639 1604 3709 aliquid
1633 3637 1831 3693 suum?
1860 3638 1970 3694 Sub
2017 3637 2099 3694 his

522 3731 701 3786 verbis
745 3732 870 3802 quid
918 3741 1100 3802 ageret
1153 3733 1398 3787 laudator
1449 3731 1642 3787 meus?
1687 3729 1873 3785 Nonne
1899 3743 1961 3785 os
1985 3731 2099 3800 ejus

527 3821 677 3890 quasi
727 3822 940 3891 plumbo
980 3822 1239 3892 oppilaret
1268 3821 1358 3877 ille
1389 3820 1696 3876 detractor?
1721 3819 1906 3875 Nonne
1945 3821 2092 3875 illum

527 3911 768 3967 laudasse
793 3911 1108 3981 pmtiiteret?
1137 3911 1319 3966 Nonne
1339 3909 1642 3967 reverentia
1671 3910 1916 3978 perfusus
1949 3919 2004 3967 et
2027 3911 2095 3966 il-

527 4003 629 4058 lius
654 4018 900 4058 sermone
927 4005 1194 4072 confusus,
1223 4006 1304 4060 vel
1329 4004 1481 4058 nobis
1507 4005 1588 4059 vel
1623 4005 1859 4060 tcstatori
1883 4003 1958 4058 illi
1981 4019 2096 4059 ma-

527 4093 822 4150 lediceret?
861 4095 984 4150 Haec
1011 4093 1110 4150 fuit
1139 4096 1448 4163 necessitas,
1481 4103 1540 4150 ut
1574 4095 1640 4150 ad
1671 4095 1826 4150 istam
1869 4096 2098 4167 diligen-

527 4187 654 4240 tiam
681 4187 998 4242 veniremus.
1049 4213 1068 4224 η

595 4279 647 4334 5.
691 4279 870 4334 Clerici
906 4295 1077 4336 omnes
1105 4281 1370 4351 Augustini
1405 4282 1456 4336 in
1496 4282 1751 4353 proposito
1793 4281 2100 4354 paupertatis

527 4379 806 4424 constantes
854 4372 1054 4424 inventi.
1107 4370 1288 4426 Valens
1333 4373 1608 4438 diaconus,
1673 4372 1930 4426 Patricius
1979 4372 2100 4425 sub-

530 4461 788 4515 diaconus.
837 4461 1032 4516 Nnntio
1073 4477 1198 4532 ergo
1243 4464 1392 4517 vobis
1419 4464 1557 4518 unde
1585 4464 1874 4533 gaudeatis.
1903 4463 2100 4517 Omnes

527 4551 712 4606 fratres
736 4559 790 4607 et
815 4552 1041 4608 clericos
1069 4568 1238 4618 meos,
1277 4555 1364 4624 qui
1411 4569 1616 4608 mecum
1673 4553 1936 4618 habitant,
1979 4569 2100 4625 pre-

528 4641 788 4713 sbyteros,
803 4643 1070 4707 diaconos,
1085 4643 1456 4708 subdiaconos,
1475 4651 1528 4699 et
1551 4643 1831 4698 Patricium
1853 4652 2099 4713 nepotem

529 4749 724 4796 meum,
747 4735 880 4789 tales
911 4735 1104 4800 inveni,
1133 4735 1313 4805 quales
1329 4735 1642 4789 desideravi.
1673 4735 1776 4790 Sed
1802 4737 1889 4806 qui
1919 4736 1985 4791 de
2005 4751 2098 4790 sua

525 4823 897 4893 qualicumque
945 4832 1280 4896 paupertate,
1313 4823 1458 4894 quod
1503 4832 1819 4890 statuerant,
1866 4823 2097 4880 nondum

525 4917 784 4980 fecerunt,
815 4915 866 4970 hi
885 4913 986 4969 duo
1009 4925 1152 4982 sunt,
1185 4916 1375 4971 Valens
1401 4915 1674 4982 diaconus,
1707 4925 1764 4972 et
1793 4918 1948 4986 paulo
1978 4927 2098 4972 ante

525 5007 697 5059 dictus
727 5021 893 5076 nepos
919 5022 1071 5062 meus
1092 5007 1481 5074 subdiaconus;
1510 5009 1604 5064 sed
1642 5011 1825 5064 matris
1851 5011 1954 5064 vita
1993 5009 2096 5064 im-

525 5096 784 5164 pediebat,
817 5098 940 5168 quia
977 5087 1101 5154 inde
1153 5099 1382 5156 vivebat.
1427 5101 1846 5171 Exspectabatur
1891 5101 1944 5155 in
2001 5101 2092 5156 illo

524 5186 681 5240 etiam
728 5187 974 5258 legitimae
1019 5191 1190 5246 {etatis
1229 5205 1474 5246 accessus
1500 5231 1516 5258 ,
1563 5199 1622 5246 ut
1671 5191 1814 5262 quod
1855 5191 2091 5260 faceret,

525 5275 828 5334 firmissime
867 5279 1084 5335 faceret.
1115 5280 1358 5336 Nondum
1403 5291 1580 5338 autem
1611 5283 1752 5352 fecit,
1799 5285 1922 5356 quia
1953 5285 2096 5356 ipsos

524 5370 724 5438 agellos
752 5371 1054 5428 habetcum
1079 5389 1176 5430 suo
1206 5374 1370 5429 fratre
1395 5389 1726 5440 communes,
1773 5385 1826 5430 et
1870 5377 1968 5431 sub
2010 5378 2094 5432 in—

530 5460 701 5516 diviso
753 5477 847 5518 eos
901 5464 1192 5534 possident.
1242 5463 1296 5520 Si
1349 5473 1522 5520 autem
1560 5464 1714 5520 divisi
1753 5465 1966 5530 fuerint,
2001 5482 2095 5524 eos

524 5551 670 5620 cupit
691 5551 708 5583 ¹
739 5552 988 5609 Ecclesiae
1010 5553 1276 5620 conferre,
1299 5563 1358 5608 ut
1385 5553 1508 5610 inde
1537 5555 1747 5610 alantur
1772 5557 1860 5626 qui
1881 5567 2004 5612 sunt
2041 5557 2094 5612 in

525 5631 797 5711 proposito
845 5644 1172 5712 sanctitatis,
1222 5659 1495 5715 quousque
1539 5645 1712 5702 inhac
1737 5647 1842 5702 vita
1876 5647 2091 5718 degunt.

590 5755 770 5826 ‘.M_ss._,
801 5756 876 5826 sic
917 5763 1074 5826 autem
1111 5757 1242 5822 cupit
1275 5771 1385 5820 eos;
1408 5761 1600 5826 omisso,
1641 5759 1782 5826 divisi
1802 5761 2008 5826 ﬁterint.
2041 5769 2095 5814 Et

525 5815 670 5892 paulo
682 5815 958 5892 infi‘aJoep,
977 5820 1144 5892 adhuc
1165 5815 1322 5872 autem
1342 5815 1710 5886 mancipia'stmt
1725 5839 1744 5888 ,'
1762 5815 1961 5888 habent,
1983 5836 2092 5877 ηπ

526 5885 694 5936 autem
709 5885 950 5948 mmcign'a
969 5888 1094 5935 sunt.

1781 421 1838 477 S.
1881 419 2240 476 AUGUSTINI
2282 421 2577 480 EPISCOPI

3642 431 3782 494 1576

2201 533 2465 606 Scriptum
2496 549 2576 594 cst
2601 542 2762 610 enim,
2785 555 2841 600 et
2889 545 2990 602 hoc
3029 545 3316 618 Apostolus
3357 547 3624 622 loquitur,
3676 549 3782 620 Qui

2201 637 2366 682 autem
2393 631 2515 697 suis,
2547 641 2594 686 et
2619 640 2835 690 maxime
2875 639 3174 706 donwslicis,
3199 657 3300 696 non
3341 641 3583 714 providet,
3625 643 3780 710 [idem

2201 719 2432 791 denegat,
2473 732 2520 776 et
2571 733 2642 779 est
2673 726 2869 796 inﬁdeli
2897 731 3112 786 deterior
3147 731 3189 804 (Ι
3219 731 3348 786 Tim.
3374 749 3430 798 ν,
3459 733 3536 804 8).
3585 732 3778 789 Adhuc

2202 818 2379 866 autem
2409 815 2671 886 mancipia
2698 827 2820 874 sunt
2839 821 2886 875 ei
2909 821 3150 878 similiter
3173 838 3296 880 cum
3344 823 3504 879 fratre
3531 839 3772 880 commu-

2201 901 2308 968 nia,
2340 905 2574 960 nondum
2605 907 2792 963 divisa.
2839 910 3080 981 Disponit
3107 929 3170 968 ea
3213 915 3616 979 manumittere;
3667 930 3774 970 non

2203 999 2376 1059 potest
2394 1003 2674 1065 antequam
2703 997 3020 1056 dividantur.
3046 1001 3180 1068 Quid
3207 1004 3350 1058 enim
3370 1003 3437 1058 ad
3459 1019 3614 1074 quem
3645 1019 3774 1074 per-

2201 1083 2385 1150 tineat,
2408 1085 2580 1141 adhuc
2605 1089 2828 1158 ignorat.
2860 1091 2942 1147 Ad
2971 1093 3143 1164 ipsum
3164 1110 3312 1164 sane,
3335 1098 3455 1168 quia
3471 1097 3642 1166 major
3668 1107 3772 1164 est,

2201 1175 2430 1241 pertinet
2455 1175 2678 1244 divisio;
2723 1189 2777 1234 et
2817 1181 2886 1236 ad
2909 1181 3128 1240 fratrem
3179 1185 3296 1256 ejus
3322 1185 3528 1242 electio.
3559 1187 3626 1241 Et
3660 1187 3773 1256 ipsc

2201 1263 2364 1321 frater
2390 1266 2505 1336 ejus
2531 1268 2641 1324 Deo
2670 1273 2865 1338 servit,
2897 1274 3250 1332 subdiaconus
3291 1287 3372 1332 est
3419 1293 3540 1333 cum
3587 1288 3772 1334 sancto

2200 1353 2362 1410 fratre
2373 1371 2494 1412 meo
2504 1366 2558 1412 et
2575 1361 2890 1432 coepiscopo
2912 1362 3108 1420 Severo
3133 1366 3182 1420 in
3201 1366 3433 1422 Ecclesia
3449 1367 3766 1422 Milevitana.

2202 1444 2313 1499 Hoc
2343 1447 2538 1516 agitur,
2565 1449 2668 1505 hoc
2695 1452 2810 1508 sine
2835 1453 3085 1510 dilatione
3104 1457 3464 1529 peragendum
3487 1469 3586 1524 est,
3615 1468 3674 1512 ut
3695 1458 3773 1511 illi
3821 1449 3838 1466 ⁸

2201 1537 2393 1591 servuli
2420 1537 2740 1609 dividantur,
2769 1545 3226 1614 manumittantur,
3254 1557 3308 1603 et
3345 1549 3424 1604 sic
3451 1548 3540 1604 det
3586 1548 3770 1604 Eccle-

2201 1627 2310 1693 sim,
2329 1637 2386 1682 ut
2403 1645 2588 1686 eorum
2607 1635 2836 1706 excipiat
2859 1637 3187 1693 alimentum.
3216 1638 3390 1708 Nepos
3415 1648 3590 1694 autem
3621 1652 3772 1695 meus

2200 1732 2264 1772 ex
2293 1735 2398 1790 quo
2419 1736 2705 1780 conversus
2731 1735 2833 1794 est,
2856 1737 3140 1784 et'mecum
3162 1745 3280 1786 esse
3305 1731 3484 1801 cmpit,
3516 1730 3772 1801 impedie-

2199 1813 2353 1866 batur
2381 1822 2434 1868 et
2477 1814 2591 1885 ipse
2639 1817 2840 1887 aliquid
2880 1819 2946 1874 de
2987 1821 3225 1892 agellulis
3253 1823 3364 1877 suis
3401 1837 3558 1892 agere
3607 1821 3770 1877 invita

2199 1904 2586 1962 usufructuaria
2616 1918 2784 1966 matre
2829 1926 2925 1967 sua
2953 1913 2996 1980 ¹,
3039 1929 3156 1983 quae
3185 1913 3287 1971 hoc
3333 1929 3474 1970 anno
3519 1913 3772 1969 defuncta

2200 2004 2299 2050 est.
2333 1995 2474 2053 Inter
2515 1999 2684 2068 ipsum
2727 2010 2780 2057 et
2837 2017 3052 2060 sorores
3081 2005 3236 2076 ejus'
3261 2015 3387 2062 sunt
3422 2006 3660 2078 quaedam
3717 2007 3773 2061 in

2201 2085 2393 2141 Christi
2421 2088 2683 2158 adjutorio
2708 2092 2813 2146 cito
2839 2093 3066 2150 finienda
3095 2113 3110 2152 :
3141 2103 3200 2151 ut
3224 2104 3279 2152 et
3307 2097 3420 2167 ipse
3447 2095 3603 2152 faciat
3627 2096 3772 2166 quod

2201 2192 2412 2232 servum
2435 2178 2528 2234 Dei
2550 2179 2722 2250 decet,
2766 2183 2905 2254 quod
2935 2185 3048 2256 ipsa
3074 2186 3353 2257 professio,
3397 2197 3452 2244 et
3479 2189 3580 2243 ista
3607 2187 3774 2258 exigit

2199 2267 2377 2324 lectio.
3507 2283 3532 2319 ί

2270 2361 2322 2414 4.
2365 2359 2646 2419 Faustinus
2706 2364 2964 2422 diaconus.
3007 2368 3268 2426 Diaconus
3293 2369 3598 2436 Faustinus,
3639 2371 3776 2426 sicut

2201 2463 2336 2518 pene
2355 2463 2541 2508 omnes
2571 2453 2758 2520 nostis,
2789 2455 2876 2512 hic
2902 2457 2970 2514 de
2999 2459 3188 2516 militia
3213 2461 3394 2517 szeculi
3417 2461 3482 2516 ad
3504 2471 3776 2519 monaste-

2201 2541 2336 2596 rium
2367 2557 2656 2600 conversus
2671 2555 2754 2604 est
2779 2565 2794 2602 :
2819 2548 2905 2604 hic
2925 2549 3242 2621 baptizatus,
3269 2551 3394 2608 inde
3418 2552 3671 2608 diaconus
3692 2569 3778 2608 or-

2201 2631 2428 2688 dinatus.
2459 2634 2568 2690 Sed
2585 2638 2706 2706 quia
2725 2637 2972 2709 exiguum
2989 2651 3072 2696 est
3097 2641 3235 2712 quod
3255 2642 3461 2698 videtur
3481 2644 3774 2714 possidere,

2201 2716 2338 2771 sicut
2358 2717 2649 2788 jurisperiti
2675 2721 2997 2792 loquuntur,
3023 2723 3168 2794 jure,
3203 2739 3306 2780 non
3354 2740 3576 2797 corpore
3595 2726 3669 2799 (a)
3691 2744 3780 2782 re-

2201 2807 2434 2878 liquerat
2479 2809 2607 2866 illud
2628 2852 2642 2876 ,
2674 2821 2727 2868 et
2765 2812 2832 2868 ab
2873 2813 2989 2884 ejus
3031 2813 3283 2871 fratribus
3308 2817 3602 2873 tenebatur.
3631 2817 3781 2873 Nun-

2202 2913 2358 2969 quam
2381 2899 2503 2956 inde
2527 2901 2778 2972 cogitavit
2812 2919 2877 2958 ex
2917 2920 3024 2974 quo
3065 2921 3354 2962 conversus
3383 2915 3484 2974 est,
3531 2922 3630 2963 nec
3658 2907 3777 2978 ipse

2201 2993 2400 3064 aliquid
2420 2996 2662 3065 quaesivit
2680 3013 2710 3051 a
2735 2997 2983 3053 fratribus
3006 3000 3135 3068 suis,
3157 3015 3258 3058 nec
3282 3001 3348 3056 ab
3377 3001 3468 3056 illo
3483 2999 3782 3071 estaliquid

2203 3087 2504 3156 quaesitum.
2535 3088 2690 3144 Modo
2712 3089 2834 3158 quia
2861 3099 3076 3145 ventum
3103 3099 3186 3146 est
3207 3091 3274 3145 ad
3315 3090 3458 3148 hunc
3495 3091 3779 3146 articulum

2203 3177 2479 3246 temporis,
2512 3191 2632 3232 cum
2659 3177 2884 3234 consilio
2903 3193 3025 3236 meo
3047 3179 3226 3236 divisit
3247 3179 3414 3250 ipsam
3436 3195 3548 3236 rem
3581 3197 3598 3235 :
3624 3190 3679 3236 et
3698 3180 3782 3235 di-

2204 3265 2424 3322 midiam
2475 3266 2690 3322 donavit
2735 3269 2986 3326 fratribus
3032 3270 3164 3336 suis,
3207 3269 3476 3326 dimidiam
3521 3270 3778 3328 Ecclesia:

2203 3360 2421 3430 pauperi
2450 3359 2502 3413 in
2537 3360 2652 3414 loco
2680 3360 2868 3416 eodem
2890 3362 3211 3417 constitutae.

2271 3451 2326 3507 5.
2357 3451 2569 3506 Severus
2581 3451 2822 3507 diaconus
2840 3467 3021 3508 cacus.
3037 3453 3299 3509 Diaconus
3311 3451 3542 3509 Severus
3556 3452 3654 3520 sub
3673 3467 3782 3523 qua

2205 3540 2301 3596 Dei
2323 3540 2598 3612 disciplina
2623 3551 2676 3597 et
2695 3543 2903 3612 ﬂagello
2928 3543 3016 3608 sit,
3037 3544 3232 3598 nostis:
3253 3543 3430 3599 lumen
3457 3553 3632 3598 tamen
3659 3557 3771 3598 non

2205 3633 2434 3703 perdidit
2474 3635 2686 3690 mentis.
2737 3633 2911 3691 Unam
2953 3635 3168 3690 domum
3211 3634 3297 3691 hic
3325 3642 3529 3692 emerat
3555 3644 3778 3705 propter

2205 3735 2432 3782 matrem
2461 3735 2516 3782 et
2562 3743 2802 3783 sororem
2831 3743 3002 3794 suam,
3033 3744 3163 3800 quas
3213 3727 3282 3784 de
3309 3743 3406 3784 sua
3465 3728 3628 3800 patria
3669 3727 3780 3784 huc

2205 3818 2544 3874 desiderabat
2567 3819 2852 3876 adducere.
2867 3819 3083 3876 Emerat
3105 3829 3279 3875 autem
3294 3835 3397 3876 non
3419 3835 3511 3874 sua
3533 3820 3776 3888 pecunia,

2203 3923 2365 3979 quam
2407 3925 2512 3964 non
2539 3910 2802 3975 habebat;
2830 3911 2925 3964 sed
2976 3926 3042 3964 ex
3087 3910 3372 3965 collatione
3399 3909 3770 3980 religiosorum

2204 4000 2461 4063 virorum,
2487 4016 2621 4071 quos
2653 4001 2782 4056 mihi
2802 4001 3058 4072 quaerenti
3087 4002 3247 4058 etiam
3269 4001 3546 4056 nominans
3575 4001 3779 4056 indica-

2207 4093 2298 4148 vit.
2321 4094 2395 4149 De
2417 4095 2530 4164 ipsa
2559 4095 2578 4125 ³
2609 4110 2713 4149 non
2735 4109 2948 4164 possum
2970 4093 3147 4149 dicere
3171 4093 3296 4166 quid
3322 4094 3520 4160 fecerit,
3538 4101 3622 4148 aut
3643 4093 3773 4164 quid

2205 4185 2473 4256 disponat,
2505 4187 2604 4242 nisi
2631 4188 2752 4256 quia
2779 4195 2944 4242 totum
2993 4195 3046 4243 et
3079 4186 3194 4258 ipse
3233 4187 3284 4240 in
3315 4201 3430 4240 mea
3479 4186 3651 4256 posuit
3677 4200 3774 4242 V0-

2207 4277 2432 4344 luntate,
2459 4285 2518 4331 ut
2540 4277 2792 4347 quidquid
2823 4277 2936 4346 ipse
2955 4277 3170 4343 vellem,
3201 4275 3444 4331 hocinde
3471 4275 3638 4330 ﬁeret.
3664 4274 3773 4330 Sed

2206 4366 2367 4422 habet
2385 4367 2640 4438 quasdam
2656 4381 2842 4422 causas
2857 4382 2976 4421 cum
2995 4376 3164 4421 matre
3191 4381 3308 4433 sua,
3345 4381 3567 4437 quarum
3590 4381 3778 4421 causa-

2207 4475 2321 4516 rum
2353 4476 2441 4515 me
2477 4459 2710 4530 judicem
2741 4461 2946 4529 posuit;
2995 4470 3050 4514 ut
3071 4475 3190 4516 cum
3221 4461 3324 4516 illm
3361 4475 3536 4516 causae
3578 4458 3776 4513 fuerint

2211 4551 2528 4615 terminatas,
2561 4551 2652 4604 fiat
2679 4550 2746 4605 de
2763 4554 2873 4620 ipsa
2901 4551 3062 4606 domo
3086 4550 3226 4621 quod
3253 4567 3352 4622 ego
3379 4551 3616 4606 voluero.
3638 4549 3780 4616 Quid

2209 4650 2385 4696 autem
2411 4641 2546 4696 velle
2577 4649 2762 4710 potero
2793 4642 2902 4696 Deo
2925 4651 3163 4712 regente,
3194 4642 3293 4696 nisi
3317 4641 3454 4713 quod
3476 4640 3678 4711 justitia
3691 4641 3779 4712 ju-

2209 4731 2318 4798 bet,
2370 4739 2423 4786 et
2475 4732 2639 4801 pietas
2684 4732 2942 4802 postulat?
2973 4733 3140 4788 liabet
3184 4733 3342 4788 etiam
3391 4735 3444 4788 in
3480 4733 3646 4801 patria
3677 4749 3777 4788 sua

2208 4823 2419 4894 aliquos
2469 4823 2668 4893 agellos
2718 4841 2734 4878 :
2775 4824 3006 4894 diSponit
3057 4839 3148 4880 eos
3205 4826 3280 4880 sic
3349 4825 3685 4892 distribuere,
3722 4835 3779 4880 ut

2207 4915 2365 4968 etiam
2396 4913 2502 4968 illic
2527 4914 2580 4968 in
2607 4915 2696 4969 illo
2726 4915 2843 4970 loco
2897 4915 3082 4986 posita:
3115 4917 3330 4986 pauperi
3371 4915 3624 4988 largiatur
3673 4916 3778 4971 Ec-

2204 5006 2398 5062 clesite.

2275 5097 2330 5151 6.
2390 5097 2734 5168 Hipponensis
2786 5099 3050 5156 diaconus.
3114 5100 3376 5156 Diaconus
3422 5101 3778 5171 Hipponensis

2204 5189 2364 5246 homo
2385 5205 2583 5260 pauper
2603 5199 2703 5258 est,
2731 5191 2856 5260 quid
2883 5191 3042 5247 alicui
3065 5193 3320 5261 conferat,
3345 5207 3452 5248 non
3475 5191 3634 5248 habet
3659 5209 3672 5246 :
3697 5201 3780 5247 ta-

2205 5298 2330 5338 men
2359 5283 2426 5337 de
2453 5283 2722 5338 laboribus
2751 5283 2860 5339 suis
2888 5294 3170 5355 antequam
3197 5295 3339 5342 esset
3379 5285 3604 5342 clericus
3626 5299 3776 5340 eme-

2204 5381 2288 5428 rat
2315 5373 2518 5442 aliquos
2545 5373 2808 5442 servulos,
2833 5373 2991 5430 hodie
3016 5376 3136 5434 illos
3176 5376 3227 5432 in
3269 5385 3556 5446 CODSpectu
3599 5383 3781 5432 vestro

2203 5463 2624 5518 manumissurus
2651 5473 2732 5518 est
2755 5465 3143 5536 episcopalibus
3168 5465 3362 5522 Gestis.

2265 5642 2282 5674 ί
2315 5647 2444 5702 Mss,
2477 5641 2833 5705 usufructuario
2855 5643 3024 5695 matris
3054 5655 3184 5706 suae;
3206 5647 3382 5696 omissa
3403 5657 3538 5706 voce,
3563 5644 3728 5696 inrita.

2263 5705 2285 5736 ³
2316 5706 2388 5774 sic
2409 5711 2516 5774 Mss.
2544 5711 2596 5754 et
2615 5706 3002 5770 Aquisgranense
3024 5705 3293 5758 concilium.
3328 5715 3382 5760 At
3405 5707 3548 5771 editi,
3581 5715 3627 5759 et
3648 5720 3782 5762 soro-

2201 5777 2306 5816 rem
2329 5779 2449 5827 ejus.

2270 5829 2292 5892 ἒ
2322 5835 2454 5892 Mss...
2479 5835 2549 5877 De
2571 5827 2688 5892 ipso.

2265 5890 2339 5956 (a)
2373 5895 2529 5952 Forte,
2553 5890 2768 5954 carpare,
2787 5903 2879 5940 non
2889 5891 3023 5956 jure.
