4080 6360
305 361 440 420 1577

373 478 423 530 7.
466 476 703 531 Eraclins
743 476 1005 531 diaconus.
1040 475 1302 531 Diaconus
1344 475 1585 531 Eraclius
1612 486 1734 529 ante
1783 490 1873 528 ve-

301 579 447 622 stros
472 570 655 623 oculus
681 579 944 637 versatur,
976 585 1137 639 opera
1159 570 1273 640 ejus
1304 570 1482 624 lucent
1502 584 1678 623 coram
1705 567 1875 622 oculis

299 662 514 714 vestris.
559 663 632 717 De
654 678 817 733 opere
843 662 956 732 ejus
982 672 1285 731 etcxpensa
1315 663 1535 733 pecunia
1563 662 1871 715 memoriam

298 754 471 807 sancti
522 754 766 823 Martyris
810 754 1067 809 habemus
1110 754 1206 828 (α).
1261 755 1336 809 De
1364 755 1583 824 pecunia
1619 768 1711 807 sua
1748 753 1875 807 emit

295 846 458 898 etiam
515 845 906 913 possessionem
958 861 1025 900 ex
1072 845 1295 899 consilio
1332 861 1498 900 meo:
1530 861 1648 898 nam
1707 845 1874 914 ipsam

298 936 581 1005 pecuniam
605 937 815 991 volebat
846 952 940 1006 per
964 952 1149 990 manus
1171 952 1314 989 meas
1343 936 1569 1005 erogari,
1589 939 1725 989 sicut
1750 935 1875 988 mihi

296 1029 553 1096 placeret.
580 1029 691 1099 Ego
720 1029 763 1085 si
797 1031 1032 1099 pecuniae
1064 1029 1249 1083 avidus
1273 1039 1571 1093 essem,aut
1594 1030 1879 1082 necessita-

297 1128 378 1172 tes
406 1133 556 1173 meas
581 1119 744 1188 ipsas,
776 1134 907 1188 quas
935 1135 1031 1189 pro
1076 1120 1399 1188 pauperibus
1429 1119 1620 1184 habeo,
1677 1119 1729 1173 in
1780 1120 1878 1173 hac

293 1225 454 1265 eausa
484 1212 604 1281 plus
631 1227 895 1278 curarem,
929 1213 1202 1281 pecuniam
1227 1212 1541 1282 acciperem.
1564 1214 1759 1278 Quare,
1791 1210 1877 1265 di-

292 1303 364 1355 cit
390 1302 622 1371 aliquis?
648 1302 778 1371 Quia
810 1304 1075 1372 possessio
1108 1302 1194 1355 illa
1224 1318 1341 1372 qmc
1371 1304 1438 1357 ab
1473 1302 1564 1357 illo
1607 1311 1780 1372 empta
1824 1309 1879 1356 et

292 1394 553 1465 Ecclesia:
575 1395 764 1449 donata
784 1406 884 1459 est,
911 1395 1085 1449 adhuc
1113 1395 1237 1448 nihil
1257 1405 1470 1465 pnestat
1490 1397 1758 1450 Ecclesiae.
1781 1394 1878 1448 Mi-

292 1486 548 1539 nuscnim
567 1486 869 1540 habebatad
890 1488 1140 1556 pretium,
1161 1497 1213 1539 et
1229 1488 1350 1555 quia
1378 1496 1645 1540 mutuatus
1672 1486 1863 1550 fuerat,

291 1575 393 1631 hoc
428 1577 496 1631 de
520 1578 637 1646 ejus
658 1577 829 1631 adhuc
857 1576 1112 1632 fructibus
1136 1579 1325 1633 reddit.
1346 1579 1516 1632 lintno
1543 1594 1658 1653 sum
1689 1596 1873 1644 senex,

290 1684 525 1741 quantus
553 1672 680 1727 mihi
710 1672 777 1727 de
804 1673 889 1727 illa
916 1674 1256 1743 possessione
1280 1683 1447 1743 potest
1477 1674 1677 1728 fructus
1720 1688 1875 1728 acce-

289 1763 738 1834 dereYNumquid
752 1766 1003 1836 promitto
1026 1766 1149 1819 inibi
1171 1775 1245 1819 tot
1270 1783 1435 1821 annus
1457 1782 1574 1821 esse
1591 1767 1873 1832 victurum,

290 1854 467 1910 donec
519 1871 674 1910 suum
718 1858 941 1925 pretium
984 1858 1069 1911 illa
1126 1858 1424 1926 persolvat?
1452 1858 1602 1926 Quod
1630 1873 1757 1927 ergo
1789 1858 1877 1913 vix

272 1945 379 2000 ’ἀίει
434 1947 675 2015 partibus
721 1948 914 2011 reddit,
946 1948 1014 2002 de
1056 1950 1296 2018 proximo
1335 1949 1584 2004 haberem
1612 1957 1802 2013 totum,
1831 1949 1876 2003 si

289 2039 543 2107 accipere
573 2038 878 2094 voluissem.
930 2038 1045 2094 Non
1098 2040 1217 2103 feci,
1261 2040 1404 2094 aliud
1434 2040 1655 2094 attendi.
1687 2039 1878 2095 Fateor

287 2130 434 2183 enim
452 2129 815 2199 vol:is,etipsa
848 2141 1092 2200 suspecta
1117 2131 1244 2185 mihi
1271 2131 1444 2185 adhuc
1460 2142 1588 2185 mtas
1613 2132 1729 2199 ejus
1758 2132 1872 2197 fuit,

286 2232 340 2276 et
366 2222 598 2276 verebar
625 2238 691 2276 ne
712 2222 870 2289 forte,
896 2233 953 2276 ut
980 2234 1102 2277 sunt
1135 2223 1397 2289 homines,
1432 2223 1582 2277 matri
1614 2225 1728 2291 ejus
1775 2222 1878 2279 huc

286 2312 636 2383 displiceret;
665 2322 718 2368 et
772 2315 969 2370 diceret
1000 2316 1267 2369 inductum
1298 2331 1326 2369 a
1360 2332 1444 2371 me
1492 2314 1659 2370 fuisse
1689 2314 1873 2371 adole-

287 2413 557 2469 sct'ntem,
587 2414 642 2457 ut
668 2404 804 2459 bona
834 2405 947 2474 ejus
978 2415 1196 2475 paterna
1222 2422 1594 2462 consumerem
1618 2449 1632 2472 ,
1663 2416 1716 2461 et
1753 2421 1873 2461 eum

286 2510 539 2567 egentem
590 2500 970 2570 relinquerem.
1027 2500 1150 2555 ldeo
1194 2500 1335 2555 volui
1366 2500 1483 2571 ejus
1511 2501 1789 2571 pecuniam
1822 2501 1874 2555 in

287 2590 377 2646 illa
434 2593 775 2662 possessione
822 2593 1057 2659 servari;
1089 2602 1147 2647 ut
1192 2593 1235 2647 si
1289 2593 1511 2662 aliquid,
1548 2593 1688 2663 quod
1738 2594 1876 2649 Deus

284 2692 523 2749 avertat,
554 2685 708 2739 aliter
735 2701 891 2755 quam
943 2686 1188 2740 volumus
1226 2686 1523 2752 evenisset,
1566 2684 1878 2740 redderetur

284 2777 417 2830 villa
443 2778 460 2810 ³
484 2791 553 2832 ne
575 2777 882 2846 culparetur
906 2778 1141 2847 episcopi
1180 2777 1339 2833 fama.
1372 2778 1495 2833 Scio
1524 2779 1663 2833 enim
1707 2794 1877 2849 quan-

287 2877 404 2921 tum
443 2868 595 2923 vobis
625 2869 693 2922 sit
732 2868 869 2922 fama
907 2885 1024 2923 mea
1056 2871 1354 2925 necessaria
1387 2887 1400 2923 :
1434 2885 1555 2924 nam
1582 2869 1711 2924 mihi
1764 2869 1877 2925 suf-

286 2957 401 3012 ficit
454 2960 781 3014 conscientia
833 2975 973 3016 mea.
1029 2961 1170 3015 Emit
1198 2963 1355 3016 etiam
1404 2963 1633 3032 spatium
1665 2963 1731 3017 ab
1774 2963 1873 3018 ista

286 3058 476 3119 postea
505 3050 733 3105 ecclesia
764 3053 785 3082 ²
814 3061 997 3107 ηοιυιη
1012 3052 1181 3117 vobis,
1207 3061 1261 3107 et
1283 3069 1377 3109 sua
1395 3056 1616 3125 pecunia
1648 3054 1876 3110 :cdifiea-

283 3141 359 3194 vit
405 3140 644 3197 domum.
695 3143 762 3198 Et
790 3144 892 3199 hoc
920 3147 1106 3201 nostis.
1160 3148 1299 3201 Ante
1337 3164 1533 3216 paucos
1558 3149 1673 3204 dies
1700 3150 1869 3220 prius-

288 3248 457 3304 quam
488 3250 790 3289 sermonem
827 3236 893 3291 de
929 3235 1028 3293 hac
1052 3253 1112 3293 re
1156 3237 1405 3293 haberem
1436 3239 1732 3305 vobiscum,
1754 3256 1871 3295 eam

284 3324 509 3380 donavit
532 3325 805 3383 Ecclesize.
838 3328 1195 3399 Exspectahat
1224 3331 1365 3385 enim
1398 3342 1455 3386 ut
1495 3348 1610 3386 eam
1642 3334 1871 3401 perﬁce-

284 3424 389 3480 ret,
423 3426 481 3472 et
509 3417 801 3488 perfectam
822 3419 1069 3475 donaret.
1100 3420 1409 3476 Fabricandi
1449 3432 1625 3477 autem
1655 3423 1871 3478 domum

284 3509 690 3577 necessitasilli
728 3511 873 3566 nulla
900 3520 1035 3576 erat,
1070 3512 1170 3566 nisi
1197 3512 1317 3582 quia
1360 3514 1609 3583 cogitavit
1646 3526 1872 3570 matrem

283 3612 445 3652 suam
496 3598 599 3654 huc
632 3616 753 3657 esse
782 3609 1078 3657 venturam.
1122 3602 1177 3657 Si
1217 3613 1392 3658 autem
1424 3607 1669 3670 venisset,
1708 3608 1758 3661 in
1813 3624 1873 3662 re

285 3688 378 3741 filii
423 3690 506 3741 sui
528 3689 791 3746 habitaret
820 3709 833 3745 :
863 3692 1022 3746 modo
1053 3692 1097 3747 si
1121 3695 1346 3758 venerit,
1385 3695 1435 3748 in
1464 3713 1626 3765 opere
1651 3697 1741 3752 lilii
1783 3698 1867 3754 sui

285 3780 569 3838 habitabit.
603 3782 991 3839 Testinmnium
1019 3786 1065 3838 ei
1108 3785 1381 3855 perhibeo,
1428 3802 1630 3857 pauper
1658 3806 1870 3845 reman‘

283 3875 354 3929 sit
388 3892 403 3928 :
436 3875 532 3929 sed
564 3876 615 3930 in
646 3877 918 3932 eharitatis
947 3878 1280 3946 possessione
1306 3878 1329 3910 ³
1357 3880 1662 3948 permansit.
1695 3883 1869 3953 Aliqui

282 3966 484 4020 servuli
514 3968 563 4021 ei
594 3967 781 4037 reliqui
810 3967 1034 4033 fuerant,
1060 3968 1170 4037 jam
1212 3969 1422 4039 quidem
1456 3971 1506 4025 in
1549 3974 1871 4028 monasterio

282 4059 553 4125 viventes,
586 4074 720 4128 quos
757 4069 931 4115 tamen
958 4060 1134 4116 Gestis
1162 4061 1532 4116 ecclesiasticis
1578 4066 1870 4119 manumis-

284 4166 447 4205 surus
474 4160 558 4205 est
588 4152 765 4207 hodie.
811 4153 978 4207 Nemo
1004 4168 1132 4223 ergo
1180 4153 1339 4219 dicat,
1372 4154 1531 4209 Dives
1556 4164 1637 4210 est
1662 4173 1675 4208 :
1711 4172 1871 4211 nemo

284 4244 577 4309 existimet,
611 4261 768 4299 nemo
808 4247 947 4301 male
977 4247 1238 4318 loquatur,
1294 4263 1449 4304 nemo
1498 4264 1557 4303 se
1588 4250 1758 4318 ipsum
1788 4253 1867 4305 vel

284 4338 522 4392 animam
548 4354 696 4393 suam
727 4340 839 4394 suis
859 4339 1106 4395 dentibus
1138 4340 1321 4395 laniet.
1366 4342 1646 4397 Pecuniam
1674 4344 1868 4399 nullam

286 4429 451 4485 habet
475 4442 737 4486 servatam
788 4451 800 4485 :
848 4434 1046 4487 utinam
1070 4449 1225 4503 quam
1249 4433 1407 4489 debet
1429 4436 1689 4490 restituat.

292 4524 297 4527 ⁷
353 4524 411 4578 8.
448 4523 780 4579 Subdiaconi.
814 4525 1028 4590 Caeteri,
1051 4525 1100 4580 id
1126 4534 1230 4591 est,
1258 4527 1586 4594 subdiaconi,
1612 4543 1870 4599 pauperes

285 4625 434 4680 sunt,
450 4615 559 4670 Deo
574 4616 819 4685 propitio,
835 4617 1249 4671 misericordiam
1268 4617 1361 4672 Dei
1375 4628 1702 4689 exspectant.
1720 4620 1871 4676 Unde

286 4707 384 4775 ipsi
431 4707 625 4762 faciant
658 4725 763 4762 non
810 4708 1004 4762 habent
1034 4727 1045 4761 :
1078 4709 1247 4768 nullas
1274 4709 1527 4767 habentes
1570 4710 1865 4780 facultates,

287 4798 542 4854 finierunt
564 4801 743 4855 mundi
774 4801 1106 4870 cupiditates.
1128 4800 1321 4854 Vivunt
1339 4802 1611 4857 nobiscum
1634 4804 1685 4858 in
1700 4805 1868 4859 socie-

288 4902 393 4946 tate
423 4894 691 4947 communi
717 4910 731 4946 :
752 4907 907 4947 nemo
926 4908 1019 4947 eos
1045 4892 1318 4963 diStinguit
1344 4892 1537 4949 abillis
1556 4895 1645 4966 qui
1670 4895 1868 4967 aliquid

285 4983 597 5038 attulerunt.
623 4981 909 5040 Charitatis
929 4985 1104 5039 unitas
1123 4984 1483 5055 pra-ponenda
1511 4994 1595 5041 est
1637 4994 1866 5043 terrenae

286 5076 568 5132 commodo
597 5076 939 5132 hatreditatis.

347 5211 363 5282 ξ
637 5219 689 5262 et
718 5211 1103 5277 Aquisgranense
1138 5210 1407 5263 concilium.
1449 5221 1503 5263 At
1525 5214 1659 5277 editi,
1694 5216 1870 5269 redde-

286 5278 421 5320 retur
442 5271 545 5322 illa.
769 5271 786 5277 ’
865 5271 887 5276 ⁷

347 5335 367 5396 ξ
390 5341 520 5393 Mss,
543 5332 605 5383 ab
626 5332 719 5385 ista
740 5340 928 5396 postera
950 5333 1181 5387 ecclesiis.

315 5453 326 5464 ,
348 5394 369 5424 ³
400 5396 473 5467 sic
496 5404 600 5445 Mss.
628 5404 679 5446 et
701 5393 1088 5467 Aquisgranense
1108 5393 1379 5447 concilium.
1418 5405 1472 5447 Αι
1494 5398 1651 5460 Ulim.,
1682 5402 1867 5465 profes-

452 5463 584 5515 l.ov.,
607 5463 933 5519 ιποπιέεδτοηιεἓ

346 5517 825 5593 ἔφθιειιιιέωέηἱσςιθ
847 5518 1409 5593 φρ¹ἓοεειιιάίξ.τβ¹ίίῐυίίξο
1448 5533 1575 5593 quia
1596 5535 1693 5593 ποιι
1716 5523 1867 5593 multa

288 5586 398 5626 ante
420 5592 599 5627 annum
640 5580 805 5631 423m
840 5580 1040 5629 Africam
1083 5580 1242 5631 allatze
1263 5580 1409 5639 Sunt,
1454 5580 1747 5633 a‘dificatam.
1795 5588 1867 5637 sic

288 5645 445 5706 temp
468 5638 613 5744 [genio
646 5648 753 5702 post
772 5642 1077 5703 Epiphaniam
1099 5642 1318 5699 habitus,
1351 5643 1409 5691 ad
1435 5644 1618 5693 initium
1641 5646 1751 5694 anni
1775 5646 1867 5696 423'

288 5703 479 5744 nertme
514 5702 565 5744 it.
590 5701 821 5744 Fnclinm
844 5715 1002 5744 norm-
1026 5703 1091 5744 de
1113 5717 1210 5744 mm
1228 5704 1305 5744 hic
1328 5703 1564 5744 lnmnitur-
1587 5704 1760 5744 famam
1785 5722 1845 5744 nn

288 5701 821 5777 Mhi:
844 5701 1003 5777 porro,
1026 5703 1091 5752 de
1113 5717 1210 5766 quo
1228 5704 1305 5775 hic
1328 5703 1564 5777 loquitur,
1587 5704 1760 5756 factum
1784 5722 1861 5769 po.

286 5762 392 5807 utea
413 5758 749 5831 presbyterum
771 5758 1063 5869 Augustinus
1083 5758 1223 5814 su'um
1241 5758 1592 5877 iw'scopatu
1616 5758 1864 5817 διωρθώσ-

287 5827 390 5867 rem
411 5818 684 5882 designavit
703 5832 828 5868 anno
872 5824 951 5886 28,
967 5824 1049 5874 die
1070 5826 1132 5875 26
1152 5834 1263 5889 sept
1401 5829 1472 5888 is,
1498 5840 1562 5879 ex
1586 5828 1728 5879 euist.
1753 5830 1861 5883 215.

559 5900 785 5963 SANCT.
819 5901 1093 5965 Auousr.
1122 5910 1199 5967 V.

1664 355 1896 415 SERMO
1930 355 2195 414 CCCLV'I.

3426 374 3559 430 1578

2057 475 2110 529 9.
2154 475 2231 530 De
2277 478 2593 551 presbyteris.
2625 482 2850 540 Restant
2878 485 3193 559 presbyteri.
3224 486 3310 544 Sic
3332 490 3470 543 enim
3492 493 3558 547 ad

1980 580 2075 621 eos
2096 567 2349 636 gradatim
2373 571 2661 629 ascendere
2689 563 2850 631 volui.
2876 575 2996 632 Cito
3017 576 3263 643 dixerim,
3296 595 3557 650 pauperes

1982 656 2074 712 Dei
2101 666 2245 713 sunt.
2287 658 2427 714 Nihil
2470 661 2537 715 ad
2582 662 2796 719 domum
2824 667 3094 723 societatis
3123 678 3316 723 nostrrc
3362 672 3556 728 attule-

1980 760 2123 816 runt,
2157 752 2254 805 nisi
2302 755 2491 823 ipsam,
2540 770 2642 824 qua
2683 755 2811 811 nihil
2841 758 3051 816 charius
3088 770 3190 827 est,
3219 761 3553 818 cliaritatem.

1982 840 2357 897 Verumtamen
2385 846 2632 914 quoniam
2664 848 2774 901 scio
2815 859 2967 904 natos
3006 850 3167 905 fuisse
3205 868 3447 908 rumores
3492 856 3563 911 de

1981 933 2177 988 divitiis
2201 938 2470 1006 ipsorum:
2517 954 2621 994 non
2650 955 2677 992 a
2707 956 2792 995 me
2827 942 2895 996 ad
2939 943 3135 1013 aliquid
3176 947 3555 1016 compellendi,

1981 1026 2073 1080 sed
2104 1027 2252 1081 vobis
2281 1044 2401 1084 meo
2432 1046 2679 1085 sermone
2702 1034 2955 1103 purgandi
2984 1042 3130 1089 sunt.

2053 1119 2138 1175 10.
2170 1118 2414 1191 Leporius
2445 1122 2717 1194 presbyter.
2746 1124 2909 1179 Vobis
2933 1124 3072 1189 dico,
3104 1127 3191 1197 qui
3224 1126 3355 1184 forte
3381 1128 3554 1184 nesci-

1984 1211 2086 1275 tis;
2132 1224 2252 1263 nam
2284 1220 2517 1267 vestrum
2562 1213 2772 1283 plurimi
2815 1216 2991 1269 sciunt
3021 1233 3034 1268 :
3068 1218 3431 1290 presbyterum
3460 1219 3561 1276 Le-

1980 1301 2187 1371 porium
2219 1342 2232 1365 ,
2259 1304 2500 1372 quamvis
2544 1304 2721 1360 savcnli
2758 1306 3020 1363 natalibus
3049 1310 3248 1365 clarum
3273 1352 3290 1379 ,
3336 1322 3390 1368 et
3419 1314 3560 1383 apud

1981 1406 2107 1445 suns
2148 1390 2526 1449 honestissimo
2554 1396 2670 1449 loco
2696 1407 2874 1451 natum
2901 1441 2915 1463 ,
2964 1409 3139 1455 tamen
3162 1401 3270 1471 jam
3304 1403 3411 1459 Deo
3447 1420 3559 1459 ser-

1979 1484 2231 1547 vientem,
2251 1488 2453 1543 cunctis
2473 1505 2588 1557 qua:
2603 1489 2827 1543 habebat
2846 1492 3061 1556 relictis,
3086 1494 3295 1564 inopem
3312 1497 3518 1565 suscepi
3541 1513 3558 1563 ;

1982 1593 2084 1631 non
2111 1578 2231 1647 quia
2265 1578 2394 1633 nihil
2419 1579 2601 1634 habuit
2625 1623 2639 1645 ,
2669 1582 2760 1636 sed
2785 1585 2906 1651 quia
2936 1584 3044 1653 jam
3085 1583 3284 1641 fecerat
3313 1587 3453 1655 quod
3484 1589 3561 1644 le-

1978 1668 2084 1722 ctio
2115 1669 2211 1723 ista
2254 1670 2554 1738 persuadet.
2602 1673 2695 1727 llic
2740 1688 2845 1727 non
2890 1672 3051 1739 fecit,
3102 1676 3195 1731 sed
3238 1693 3334 1732 nos
3360 1680 3559 1736 scimus

1979 1770 2033 1815 et
2082 1762 2169 1815 ubi
2218 1762 2357 1817 fecit.
2410 1762 2596 1819 Unitas
2638 1765 2830 1819 ChriSti
2875 1776 2927 1820 et
2967 1767 3217 1823 Ecclesia:
3262 1786 3365 1825 una
3408 1784 3490 1826 est
3516 1775 3556 1828 ί.

1980 1851 2310 1923 Ubicumque
2340 1853 2464 1908 fecit
2489 1871 2621 1924 opus
2650 1856 2843 1910 bonum
2865 1900 2881 1924 ,
2928 1861 3156 1927 pertinet
3182 1869 3235 1915 et
3260 1862 3324 1916 ad
3358 1878 3473 1930 nos,
3505 1865 3552 1919 si

1980 1946 2405 2015 congaudeamus
2434 1949 2474 1999 '.
2509 1948 2702 2002 llortus
2731 1961 2813 2003 est
2853 1966 2988 2004 ttnus
3009 1950 3098 2006 ubi
3127 1954 3312 2015 nostis,
3346 1954 3413 2008 ibi
3442 1970 3559 2010 mo-

1979 2037 2274 2090 nasterium
2320 2038 2431 2091 suis
2470 2039 2742 2094 consrituit
2768 2081 2780 2101 ,
2813 2042 2932 2109 quia
2961 2051 3013 2094 et
3041 2043 3140 2110 ipsi
3171 2044 3278 2098 Deo
3298 2044 3555 2101 serviunt.

1978 2128 2070 2183 Ille
2095 2129 2279 2184 hortus
2304 2130 2366 2183 ad
2397 2131 2682 2185 Eccles'am
2718 2148 2818 2185 non
2850 2133 3100 2202 pertinet,
3133 2150 3232 2189 nec
3260 2136 3323 2188 ad
3357 2137 3553 2207 ipsum.

1981 2221 2047 2275 Et
2085 2221 2149 2276 ad
2178 2238 2371 2291 quem,
2417 2223 2607 2277 dixerit
2635 2223 2863 2294 aliquis?
2910 2224 2989 2278 Ad
3035 2226 3325 2295 illudquod
3371 2229 3439 2281 ibi
3476 2238 3559 2284 est

1980 2314 2381 2367 monasterium.
2426 2313 2529 2369 Sed
2578 2314 2715 2383 quod
2766 2330 2948 2368 verum
2991 2326 3111 2379 est,
3159 2334 3323 2388 usque
3351 2319 3416 2373 ad
3460 2316 3573 2375 hoe

1980 2413 2186 2474 tempus
2212 2421 2392 2460 curam
2426 2422 2520 2475 pro
2564 2406 2668 2461 illis
2708 2407 2776 2461 ita
2803 2408 3050 2477 gerebat,
3092 2420 3148 2463 ut
3189 2412 3557 2480 sumptieulos,

1978 2499 2170 2567 quibus
2200 2508 2565 2556 sustentantur
2587 2540 2603 2565 ,
2630 2499 2771 2569 apud
2795 2514 2853 2554 se
2882 2499 3134 2568 haberet,
3164 2510 3216 2556 et
3237 2503 3315 2556 eis
3342 2503 3472 2572 ipse,
3502 2514 3563 2559 ut

1976 2592 2284 2659 videbatur,
2316 2593 2670 2663 impenderet.
2715 2592 2820 2649 Sed
2865 2609 2931 2648 ne
2956 2605 3173 2664 propter
3216 2595 3316 2651 hoc
3344 2595 3561 2651 daretur

1979 2683 2125 2737 locus
2143 2684 2462 2748 hominibus,
2490 2685 2817 2754 suspiciones
2835 2700 2960 2739 suas
2985 2686 3316 2751 rodentibus,
3346 2695 3400 2741 et
3425 2702 3556 2742 ven-

1979 2784 2113 2830 trem
2158 2790 2263 2829 non
2295 2775 2637 2846 implentibus
2660 2818 2674 2841 ,
2724 2776 2823 2830 hoc
2867 2776 3066 2846 placuit
3102 2786 3157 2831 et
3190 2778 3319 2833 mihi
3350 2786 3404 2833 et
3435 2779 3556 2851 ipsi,

1977 2874 2037 2921 ut
2070 2866 2147 2921 sic
2183 2881 2242 2921 se
2285 2866 2359 2921 illi
2392 2867 2723 2937 transigant,
2772 2868 2921 2937 quasi
2961 2868 3061 2923 iste
3099 2868 3207 2938 jam
3252 2869 3319 2924 de
3361 2871 3561 2926 szeculo

1978 2958 2190 3013 exierit.
2224 2957 2488 3028 Numquid
2514 2958 2652 3012 enim
2680 2974 2800 3013 cum
2830 2959 3020 3014 obierit
3047 2960 3180 3028 ipse,
3208 2960 3312 3014 illis
3337 2960 3558 3033 dispen-

1977 3061 2188 3106 saturus
2210 3059 2293 3106 est
2319 3051 2514 3121 aliquid
2538 3051 2561 3105 ?
2592 3051 2776 3106 Melius
2801 3060 2884 3106 est
2910 3052 3157 3107 utvidcat
3184 3053 3299 3108 illos
3328 3053 3396 3109 ibi
3424 3056 3559 3111 bene

1977 3150 2355 3198 conversantes
2374 3184 2388 3207 ,
2420 3151 2473 3199 et
2500 3152 2713 3213 regente
2742 3144 2849 3200 Deo
2875 3143 2926 3198 in
2951 3143 3226 3213 disciplina
3256 3144 3452 3200 Christi
3481 3146 3560 3203 sic

1982 3233 2243 3299 viventes,
2271 3242 2326 3289 ut
2355 3233 2422 3288 de
2451 3233 2552 3289 illis
2575 3234 2939 3289 tantummodo
2962 3234 3211 3305 gaudeat,
3240 3251 3347 3292 non
3372 3251 3559 3293 eorum

1979 3325 2388 3380 necessitatibus
2411 3335 2720 3395 occupetur.
2752 3325 3037 3381 Pecuniam
3059 3342 3165 3381 non
3189 3326 3367 3395 habet,
3396 3344 3557 3400 quam

1974 3430 2127 3471 suam
2155 3415 2336 3471 dicere
2362 3417 2528 3486 possit
2555 3435 2570 3473 :
2600 3416 2827 3471 habebat
2864 3415 3251 3473 xenodochium
3291 3416 3559 3475 :cdillcan—

1974 3508 2121 3569 dum,
2152 3508 2291 3579 quod
2324 3508 2481 3563 modo
2506 3508 2694 3563 videtis
2722 3508 3060 3565 aedificatum.
3092 3511 3203 3580 Ego
3229 3510 3301 3567 illi
3329 3512 3555 3583 injunxi,

1974 3615 2073 3667 ego
2097 3599 2251 3667 jussi.
2298 3599 2694 3669 Obtempcravit
2728 3600 2855 3654 mihi
2899 3600 3301 3675 libentissime,
3328 3613 3382 3660 et
3418 3605 3557 3661 sicut

1975 3692 2203 3757 videtis,
2253 3701 2503 3761 Operatus
2555 3701 2637 3745 est
2668 3709 2680 3744 :
2714 3692 2982 3762 quomodo
3027 3710 3149 3749 meo
3193 3695 3345 3765 jussu
3392 3696 3553 3752 etiam

1972 3783 2245 3839 basilicam
2285 3783 2351 3838 ad
2390 3795 2512 3839 octo
2554 3784 2811 3857 Martyres
2856 3785 3167 3856 fabricavit,
3213 3787 3281 3843 de
3318 3787 3401 3843 his
3435 3804 3555 3860 qua:

1975 3891 2071 3946 per
2097 3892 2192 3931 vos
2223 3877 2362 3930 Deus
2395 3876 2632 3931 donavit.
2672 3876 2845 3947 Cmpit
2890 3876 3032 3932 enim
3076 3877 3142 3932 de
3185 3879 3406 3949 pecunia
3435 3895 3554 3952 quae

1972 3967 2093 4021 data
2119 3976 2234 4023 erat
2255 3968 2509 4023 Ecclesire
2540 3976 2755 4037 propter
2779 3968 3190 4036 xenodochium,
3219 3980 3273 4025 et
3299 3986 3416 4026 cum
3445 3988 3555 4029 cm-

1974 4060 2140 4129 pisset
2162 4060 2455 4128 aediﬁcare,
2497 4070 2557 4115 ut
2585 4070 2705 4115 sunt
2736 4060 2967 4130 religiosi
2996 4060 3359 4117 desiderantes
3385 4078 3549 4131 opera

1975 4164 2068 4206 sua
2096 4151 2146 4204 in
2184 4150 2322 4205 coelo
2362 4152 2556 4215 scribi,
2587 4151 2905 4221 adjuvcruut
2932 4159 3088 4219 prout
3113 4152 3334 4221 quisque
3361 4155 3548 4218 voluit,
3590 4144 3593 4151 ’

1975 4250 2027 4294 et
2054 4230 2343 4295 fabricavit.
2358 4240 2516 4310 -Opus
2536 4249 2659 4294 ante
2679 4240 2861 4294 oculos
2878 4239 3131 4294 habemus
3164 4258 3177 4295 :
3201 4242 3374 4296 omnis
3391 4243 3553 4299 homo

1975 4329 2099 4399 quid
2129 4331 2321 4385 factum
2352 4331 2422 4385 sit
2445 4330 2610 4386 videt.
2666 4330 2740 4384 De
2776 4331 2995 4400 pecunia
3020 4372 3035 4396 ,
3079 4334 3201 4403 quia
3230 4347 3335 4387 non
3368 4333 3550 4401 habet,

1974 4421 2103 4476 mihi
2146 4423 2399 4489 credant,
2447 4421 2659 4476 dentem
2709 4430 3090 4489 compescant,
3132 4436 3238 4476 non
3284 4421 3549 4497 frangant.

1975 4513 2195 4569 Emerat
2219 4514 2284 4568 de
2312 4513 2423 4584 ipsa
2448 4512 2669 4582 pecunia
2696 4511 3009 4566 xenodochii
3032 4512 3315 4582 quamdam
3334 4514 3550 4571 domum

1974 4605 2025 4659 in
2058 4604 2331 4667 Carraria,
2381 4619 2536 4675 quam
2567 4603 2668 4657 sibi
2707 4602 3044 4658 existimabat
3090 4613 3307 4674 propter
3344 4606 3548 4676 lapides

1974 4697 2301 4767 profuturam
2327 4712 2342 4760 ;
2389 4694 2484 4751 sed
2515 4694 2717 4765 lapides
2743 4694 2858 4764 ejus
2899 4694 3088 4749 domus
3119 4694 3333 4751 fabrica:
3364 4712 3552 4754 neces-

1974 4788 2099 4842 sarii
2148 4803 2252 4843 non
2303 4786 2551 4852 fuerunt,
2610 4785 2858 4856 quoniam
2903 4784 3116 4839 aliunde
3162 4785 3358 4856 provisi
3402 4797 3549 4844 sunt.

1974 4883 2174 4938 Domus
2204 4896 2333 4949 ergo
2363 4881 2472 4951 ipsa
2503 4880 2579 4934 sic
2605 4876 2897 4943 remansit,
2942 4878 3249 4947 pensionem
3296 4891 3550 4951 prmstat;

1973 4975 2066 5031 sed
2088 4972 2341 5029 Ecclesiae
2365 5013 2380 5037 ,
2413 4986 2518 5024 non
2549 4970 2882 5041 presbytero.
2909 4969 3077 5025 Nemo
3104 4971 3332 5041 amplius
3360 4973 3503 5032 dicat
3532 4993 3550 5032 :

1974 5068 2029 5121 In
2062 5067 2278 5122 domum
2321 5063 2652 5135 presbyteri,
2701 5071 2826 5118 ante
2870 5063 3089 5119 domum
3118 5066 3414 5139 presbyteri
3437 5111 3454 5139 ,
3483 5070 3551 5126 ad

1972 5158 2189 5214 domum
2236 5155 2553 5227 presbyteri.
2596 5155 2737 5211 Ecce
2760 5155 2847 5211 ubi
2885 5165 2968 5211 est
2988 5155 3181 5213 domus
3210 5160 3546 5233 presbyteri:

1973 5247 2060 5303 ubi
2090 5255 2172 5302 est
2209 5246 2399 5301 domus
2435 5260 2581 5310 mea,
2634 5245 2705 5299 ibi
2730 5245 3022 5302 estdomus
3053 5248 3348 5320 presbyteri
3380 5270 3395 5306 :
3424 5252 3561 5308 alibi:

1972 5353 2080 5395 non
2112 5336 2270 5392 habet
2294 5334 2539 5401 domum;
2569 5335 2663 5391 sed
2691 5335 3005 5407 ubicumque
3030 5335 3053 5368 ⁸
3083 5337 3241 5394 habet
3267 5340 3455 5398 Deum.

2042 5432 2133 5487 11.
2175 5429 2262 5483 Lis
2291 5430 2420 5483 inter
2440 5427 2678 5483 Januarii
2703 5430 2855 5498 ﬁlios,
2884 5439 3064 5500 sponte
3083 5430 3246 5500 ﬁnita.
3276 5433 3413 5500 Quid
3433 5448 3554 5491 am-

2034 5588 2049 5619 ¹
2088 5592 2216 5645 Mss,
2247 5582 2411 5636 Unitas
2431 5582 2609 5636 Christi
2628 5589 2717 5643 est,
2740 5583 2951 5637 Ecclesia
2974 5600 3068 5636 una
3090 5594 3175 5638 est.

2032 5649 2057 5711 ξ
2087 5654 2152 5697 Ita
2174 5649 2349 5711 inuss.
2372 5654 2424 5697 et
2446 5648 2493 5711 in
2516 5647 2717 5711 concilio
2736 5648 3112 5711 Carthaginensi.
3153 5656 3201 5698 In
3221 5647 3363 5700 editis
3384 5659 3549 5705 autem

1971 5714 2023 5759 et
2035 5708 2491 5778 ju_A_guisgranensi
2504 5707 2721 5766 concilio,
2746 5715 2796 5778 ut
2817 5707 3328 5778 sibi'congaudcmnus.
3399 5770 3410 5778 _
3482 5772 3493 5778 _
3512 5716 3543 5778 Α·

2033 5768 2237 5883 ξωεῗιξι,
2263 5768 2372 5822 ⁷1ιὶδὶ
2415 5768 2712 5833 ubicumque.
2749 5777 2909 5836 Longe
2948 5768 3113 5820 verius
3149 5776 3292 5834 Mss,
3324 5770 3410 5824 sed
3444 5772 3549 5829 ubi.

2129 5847 2143 5880 Ι
2162 5867 2189 5883 ρ.
3086 5850 3091 5853 “

2786 5912 3223 5996 (Cinqttnnth
3268 5896 3269 5901 γ
