4046 6360
493 385 631 447 1579

489 514 626 583 plius
655 509 926 584 qua'ritis?
949 506 1060 563 Nisi
1087 504 1209 575 quia
1239 517 1326 559 me
1355 501 1476 556 illud
1507 499 1727 556 memini
1750 499 1912 555 etiam
1941 513 2063 569 pro-

492 606 722 670 misisse,
755 611 810 658 ut
833 599 898 656 ad
925 615 1018 654 vos
1048 596 1336 669 perferrem
1356 593 1480 666 quid
1505 593 1729 663 egissem
1753 591 1892 644 inter
1906 588 2057 652 duos,

485 702 704 754 fratrem
737 693 984 748 videlicet
1016 699 1070 745 et
1104 703 1343 743 sororem
1362 727 1378 753 ,
1407 685 1546 739 ﬁlios
1573 682 1808 738 Januarii
1837 680 2063 752 presby-

487 789 626 853 teri,
671 785 791 856 quia
822 793 937 840 orta
969 785 1106 837 inter
1152 780 1272 835 illos
1311 777 1483 833 fuerat
1507 775 1872 830 controversia
1904 787 2061 842 pecu-

489 880 656 934 niaria
687 895 700 932 :
731 874 827 931 sed
873 884 1050 928 tamen
1088 871 1225 928 sicut
1269 868 1408 925 inter
1449 867 1674 931 fratres,
1721 864 1862 918 salva
1886 904 1900 928 ,
1954 861 2061 916 Deo

485 971 732 1042 prepitio,
762 967 1038 1024 charitate.
1068 964 1423 1021 Promiseram
1457 975 1590 1030 ergo
1604 957 1808 1021 audire,
1841 965 1897 1011 ut
1926 955 2063 1009 inter

482 1067 607 1122 illos
635 1062 885 1135 quidquid
913 1069 1092 1126 esset,
1135 1055 1421 1128 iudicando
1466 1053 1692 1108 (inirem.
1743 1050 2059 1106 Paraveram

486 1175 570 1212 me
612 1155 843 1226 iudicem
879 1172 893 1208 :
924 1151 1018 1207 sed
1051 1159 1360 1218 'antequam
1397 1145 1688 1217 judicarem
1712 1184 1727 1208 ,
1778 1141 1878 1212 ipsi
1923 1138 2062 1194 unde

480 1249 813 1321 judicaturus
851 1245 1088 1310 fueram,
1132 1241 1399 1297 finierunt.
1446 1236 1564 1293 Non
1600 1233 1774 1291 inveni
1805 1231 1944 1286 unde
1977 1231 2062 1300 ju-

483 1341 752 1402 dicarem,
799 1335 892 1392 sed
940 1335 1078 1390 unde
1115 1334 1344 1388 ltetarer.
1401 1328 1790 1399 Acquieverunt
1839 1323 2061 1378 omnino

483 1427 818 1486 concorditer
843 1425 1100 1481 voluntati
1127 1439 1258 1479 mea:
1281 1432 1334 1476 et
1357 1421 1578 1476 consilio
1605 1433 1724 1472 meo
1751 1459 1766 1483 ,
1811 1425 1868 1469 ut
1905 1427 2063 1485 pares

482 1529 662 1577 essent
699 1519 750 1573 in
801 1517 1054 1587 pecunia,
1098 1529 1255 1585 quam
1283 1512 1493 1581 reliquit
1533 1518 1681 1580 pater
1709 1522 1917 1566 eorum,
1955 1504 2056 1558 Ec.

481 1611 641 1667 clesia
670 1609 1023 1664 renuntiante.

555 1701 643 1757 12.
694 1701 1096 1755 Obtrectatorum
1136 1694 1408 1750 calumnia
1453 1693 1561 1747 sine
1599 1691 1712 1746 rixa
1748 1686 2055 1758 refellenda.

483 1793 612 1848 Post
650 1805 951 1846 sermonem
982 1802 1158 1842 meum
1204 1783 1430 1841 locuturi
1473 1790 1596 1836 sunt
1641 1779 1923 1842 homines;
1963 1775 2058 1831 sed

481 1895 536 1941 et
565 1883 839 1956 quodlibet
877 1881 1118 1935 homines
1164 1878 1446 1947 loquantur
1469 1916 1484 1939 ,
1531 1873 1904 1944 qualicumque
1931 1884 2059 1924 aura

480 1979 639 2032 ﬂante
660 2018 676 2045 ,
708 1974 1028 2046 perducetur
1055 1970 1178 2026 inde
1203 1967 1401 2039 aliquid
1429 1966 1494 2021 ad
1524 1981 1678 2019 aures
1706 1978 1870 2018 meas.
1926 1961 1989 2015 Et
2014 1959 2059 2014 si

479 2069 642 2124 fuerit
671 2068 793 2131 tale,
829 2066 970 2120 utsit
989 2065 1178 2119 iterum
1206 2075 1423 2116 necesse
1443 2074 1539 2114 nos
1564 2071 1808 2128 purgare,
1838 2068 2062 2124 respon-

479 2161 618 2217 debo
646 2158 1034 2216 detractoribus
1057 2198 1073 2224 ,
1121 2153 1458 2225 respondebo
1488 2149 1761 2206 maledicis
1785 2190 1802 2216 ,
1841 2162 2062 2216 respon-

477 2253 617 2309 debo
660 2250 949 2307 incredulis
974 2291 989 2315 ,
1039 2263 1145 2302 non
1188 2245 1340 2300 nobis
1384 2241 1721 2298 credentibus
1763 2235 2063 2308 prtepositis

478 2345 590 2400 suis
616 2345 658 2410 ¹,
687 2354 744 2399 ut
774 2352 978 2414 potero,
1007 2336 1340 2407 respondebo
1368 2333 1511 2405 quod
1536 2332 1789 2386 Dominus
1817 2328 2056 2384 dederit:

483 2437 698 2493 interim
743 2433 904 2491 modo
933 2447 1038 2487 non
1080 2439 1163 2485 est
1200 2442 1450 2492 necesse,
1494 2425 1615 2495 quia
1656 2423 1784 2476 nihil
1815 2420 1951 2476 forte
1975 2419 2058 2475 di-

478 2531 615 2587 cturi
658 2539 801 2586 sunt.
848 2527 948 2594 Qui
992 2541 1091 2580 nos
1115 2532 1329 2585 amant,
1375 2519 1541 2574 libere
1581 2514 1889 2588 gaudebunt
1925 2511 2060 2583 :qui

481 2638 578 2677 nos
605 2620 854 2684 oderunt,
885 2618 1042 2674 tacite
1067 2614 1342 2670 dolebunt.
1372 2610 1571 2664 Tamen
1601 2608 1644 2662 si
1675 2607 1881 2676 linguas
1906 2618 2061 2660 exer-

479 2713 706 2780 cuerint,
732 2710 982 2774 audient,
1013 2707 1124 2761 Deo
1153 2702 1414 2776 propitio,
1455 2700 1728 2754 vobiscum
1759 2694 2062 2765 responsio-

479 2823 602 2863 nem
647 2821 857 2870 meam,
913 2818 1020 2857 non
1069 2801 1214 2854 litem
1247 2812 1440 2852 meam.
1489 2793 1606 2850 Non
1650 2792 1790 2846 enim
1817 2789 2061 2845 homines

479 2899 848 2955 nominaturus
876 2911 993 2950 sum
1015 2902 1068 2948 et
1093 2892 1335 2946 dicturus
1359 2930 1374 2951 .
1407 2888 1500 2942 llle
1527 2887 1628 2941 hoc
1651 2885 1783 2940 dixit
1809 2925 1825 2950 ,
1854 2883 1954 2936 iste
1983 2881 2060 2936 sic

476 2989 741 3053 detraxit;
768 3001 889 3042 cum
915 2983 1140 3039 fortasse
1163 2983 1328 3037 etiam
1352 2978 1419 3033 ad
1440 2994 1524 3033 me
1552 2975 1708 3040 falsa,
1738 2974 1858 3045 quia
1881 2972 2060 3029 ethoc

479 3090 654 3152 potest
698 3076 851 3144 fieri,
897 3073 1255 3145 perferantur.
1305 3069 1684 3124 Verumtamen
1707 3077 2060 3136 quaecumque

481 3172 678 3241 perlata
723 3167 958 3233 fuerint,
1007 3164 1052 3220 si
1096 3172 1343 3234 Oportere
1370 3160 1662 3224 videbitur,
1711 3157 1901 3227 loquar
1936 3155 2061 3209 inde

479 3259 732 3318 Charitati
776 3267 989 3315 vestrze.
1036 3259 1174 3311 Ante
1221 3255 1405 3309 oculos
1441 3259 1650 3307 vestros
1687 3248 1808 3303 volo
1854 3247 1923 3302 sit
1949 3245 2057 3300 vita

481 3361 683 3410 nostra.
734 3351 859 3406 Scio
884 3350 1004 3420 quia
1023 3353 1320 3417 quaerentes
1351 3343 1617 3399 licentiam
1646 3341 1785 3395 male
1812 3337 2058 3405 faciendi,

481 3455 726 3519 quaerunt
751 3445 850 3502 sibi
878 3443 1120 3513 exempla
1166 3441 1302 3496 male
1331 3437 1618 3492 viventium
1640 3476 1655 3502 ,
1681 3444 1738 3490 et
1766 3436 1960 3489 multos
1981 3431 2054 3486 in-

482 3539 720 3603 famant,
751 3546 810 3592 ut
835 3536 1006 3592 socios
1027 3533 1294 3588 invenisse
1316 3530 1616 3585 videantur.
1651 3527 1771 3582 Ideo
1797 3524 1936 3596 quod
1965 3539 2060 3578 no-

481 3641 648 3686 strum
677 3635 796 3694 est,
846 3626 1068 3683 fecimus
1097 3641 1110 3678 :
1144 3624 1262 3695 plus
1288 3621 1414 3693 quid
1451 3619 1705 3675 faciamus
1723 3660 1738 3684 ,
1769 3633 1874 3672 non
1899 3616 2060 3670 habe-

482 3739 621 3780 mus.
667 3725 808 3777 Ante
832 3719 1014 3775 oculos
1039 3726 1247 3772 vestros
1270 3728 1473 3770 sumus.
1510 3713 1716 3768 Nullius
1741 3709 1939 3782 aliquid
1966 3709 2060 3763 de.

483 3815 799 3879 sideramus,
829 3811 929 3867 nisi
956 3810 1095 3865 bona
1125 3823 1287 3878 opera
1312 3817 1509 3862 vestra.

558 3906 645 3960 15.
695 3901 763 3957 1η
800 3915 1112 3956 communem
1148 3913 1292 3950 nsum
1328 3896 1502 3950 cedere
1538 3892 1674 3955 ruit.
1719 3908 1832 3963 qua:
1869 3890 2062 3946 clericis

484 3997 588 4051 suis
614 3992 896 4061 offeruntur
922 4008 954 4044 a
981 3988 1233 4061 ﬁdelibus.
1274 3986 1542 4058 Augustini
1566 3983 1829 4038 modestia.
1878 3983 1945 4037 Et
1970 3995 2064 4036 vos

489 4086 762 4149 exhortor,
791 4081 981 4138 fratres
1008 4079 1109 4135 mei
1135 4120 1150 4144 ,
1188 4077 1232 4132 si
1264 4075 1461 4147 aliquid
1493 4075 1650 4130 vultis
1681 4073 1887 4129 clericis
1913 4073 2060 4136 dare,

486 4179 664 4235 sciatis
705 4176 825 4248 quia
889 4189 995 4229 non
1041 4171 1248 4228 debetis
1284 4171 1433 4240 quasi
1477 4169 1604 4222 vitia
1643 4183 1827 4223 eorum
1883 4165 2066 4220 fovere

482 4283 671 4328 contra
697 4284 802 4324 me.
848 4253 1110 4322 Omnibus
1134 4263 1320 4319 olferte
1358 4260 1499 4333 quod
1541 4259 1698 4313 vultis
1722 4301 1739 4325 ,
1787 4255 1974 4312 oll'erte
1999 4256 2066 4313 de

485 4365 762 4419 voluntate
801 4367 999 4414 vestra.
1045 4357 1196 4426 Quod
1225 4370 1512 4411 commune
1535 4354 1674 4417 erit,
1718 4351 2066 4407 distribuetur

481 4455 772 4524 unicuique
797 4451 934 4507 sicut
957 4450 1156 4523 cuique.
1177 4462 1310 4518 opus
1339 4447 1460 4502 erit.
1503 4443 1947 4514 Gazophylacium
1986 4447 2064 4496 a’t-

480 4548 690 4604 tendite
712 4588 726 4614 ,
766 4555 822 4602 et
846 4558 1032 4600 omnes
1060 4541 1394 4598 habebimus.
1428 4537 1589 4594 Valde
1612 4553 1697 4592 me
1725 4536 1991 4602 delectat,
2020 4535 2066 4591 si

481 4643 662 4710 ipsum
693 4638 848 4694 fuerit
879 4649 1116 4712 praesepe
1145 4640 1406 4695 nostrum,
1435 4639 1494 4684 ut
1519 4643 1615 4684 nos
1643 4629 1807 4683 simus
1828 4627 2064 4697 jumcuta

495 4733 617 4800 Dei,
649 4745 746 4787 vos
785 4745 910 4800 ager
953 4727 1070 4783 Dei.
1120 4725 1287 4782 Nemo
1313 4723 1404 4778 det
1429 4721 1716 4793 byrrhum,
1763 4721 1845 4775 vel
1871 4719 2064 4775 lineam

482 4825 722 4880 tunicam
743 4861 758 4884 .
789 4837 884 4876 seu
909 4817 1107 4890 aliquid
1130 4858 1147 4885 ,
1192 4816 1296 4872 nisi
1326 4816 1378 4870 in
1416 4829 1697 4870 commune
1723 4815 1744 4846 ²
1773 4832 1786 4867 :
1819 4815 1885 4868 de
1918 4828 2065 4869 com-

551 4977 567 5008 ί
603 4974 674 5024 sic
694 4979 800 5022 uss.
820 4977 875 5022 At
897 4969 1032 5030 editi,
1057 4981 1152 5021 non
1172 4965 1299 5020 vobis
1319 4965 1622 5030 credentibus
1635 4963 1924 5030 presbyteris
1945 4963 2064 5030 suis.

549 5039 572 5070 ³
602 5035 798 5106 (missis
819 5025 1145 5093 ωαιιυεσέίριίν
1169 5039 1326 5106 cm
1341 5025 1714 5106 fit“.
1736 5025 2066 5106 ξῷθὲἒὲῃῖ

486 5110 613 5173 emit,
632 5093 787 5146 nisiin
801 5105 1048 5145 commune
1060 5087 1078 5155 ξ
1092 5087 1286 5150 omisso,
1301 5088 1392 5151 vel,
1411 5087 1583 5149 et,'seu
1599 5087 1802 5164 aliquid.
1824 5087 2068 5152 Pyrrham

485 5161 570 5210 lue
582 5158 684 5221 legi
707 5155 901 5221 volebat
921 5160 1157 5214 Erasmus,
1181 5150 1362 5221 pileum
1384 5153 1581 5221 rubrum
1599 5164 1656 5212 et
1663 5162 1823 5221 weepo
1838 5151 2068 5221 usitatum

483 5331 824 5394 indumentum
844 5336 1086 5389 nonnullis
1127 5331 1354 5389 clericalé
1395 5341 1473 5385 est
1508 5340 1592 5384 aut
1610 5331 1923 5396 episcopale,
1962 5333 2070 5384 aliis

487 5393 611 5456 vero
629 5402 925 5474 menius
945 5400 1182 5463 quoddam
1201 5409 1392 5472 μεικιιιε
1416 5397 1562 5445 etiam
1574 5393 1706 5505 gruit
1728 5393 1948 5457 prdzanos
1961 5396 2067 5445 vul-

491 5479 628 5505 nare-
669 5470 957 5505 Αυαιιςιιιιιιε
989 5473 1156 5505 supra.
1199 5472 1250 5505 in
1293 5469 1521 5505 sermone
1547 5458 1566 5505 1
1639 5490 1653 5505 .
1677 5469 1782 5505 can.
1811 5457 1886 5505 10.
1912 5469 1960 5505 n.
1991 5457 2066 5505 10.

491 5479 629 5529 gare.
666 5457 1156 5526 Augustinus'supra,
1199 5461 1250 5508 in
1293 5457 1521 5507 sermone
1547 5457 1653 5528 161,
1677 5469 1786 5532 cap.
1811 5457 1886 5516 10,
1912 5469 1960 5505 n.
1991 5457 2066 5517 10,

495 5529 561 5577 de
585 5526 762 5577 femina
805 5524 864 5573 ad
886 5523 1114 5572 amsium
1137 5532 1278 5571 suum
1313 5533 1330 5569 :
1369 5536 1391 5565 ι
1413 5517 1491 5568 tlla
1513 5519 1713 5577 dixerit,
1755 5517 1867 5568 nolo
1886 5519 2071 5569 habeas

498 5607 524 5637 ι
548 5589 697 5651 talem
717 5586 964 5651 Iern-hum.
988 5597 1085 5651 προ
1114 5583 1329 5651 habet-3
1375 5581 1636 5651 manus
1659 5579 1712 5651 in.
1727 5581 1922 5651 αςΨῆ
1949 5581 2066 5651 Vile:

490 5663 543 5700 n.
561 5650 611 5711 9,
629 5639 836 5712 ipsedue
863 5639 1094 5712 Caesarius
1114 5645 1166 5712 in
1184 5648 1600 5712 suo_jrestamento
1622 5639 2071 5712 amicularisbyj'rhi

489 5713 567 5763 sui
598 5703 841 5760 'm'emihit.
867 5707 1071 5772 pyrrhus
1086 5705 1231 5772 albus
1250 5703 1414 5772 dictus
1449 5704 1594 5772 etiam
1634 5711 1727 5762 est,
1764 5715 1862 5772 quo
1896 5703 2072 5772 i_nil_ue_.

493 5774 859 5882 ξειέᾞζῖῗωδ
879 5764 1121 5832 liaptinti,
1139 5764 1265 5829 apud
1285 5765 1564 5827 Gregorium
1583 5777 1767 5828 papam,
1784 5764 1874 5814 lib.
1898 5765 1949 5826 7,
1970 5766 2070 5816 ind.

529 5873 541 5894 ,
567 5845 709 5896 epist.
730 5845 778 5880 δ.

1723 376 1782 432 3.
1821 372 2182 432 AUGUSTIM
2222 375 2517 434 EPISCOPI

3610 381 3749 436 1580

2173 495 2315 549 muni
2342 495 2542 566 aecipio
2567 504 2620 550 et
2657 495 2784 550 mihi
2823 494 2952 562 ipsi,
2993 508 3113 550 cum
3152 493 3313 547 sciam
3339 509 3619 549 commune
3658 511 3747 550 me

2176 585 2372 641 habere
2399 586 2530 640 velle
2570 585 2821 656 quidquid
2856 585 3045 642 habeo.
3097 584 3230 640 Nolo
3258 585 3376 640 talia
3401 584 3586 640 offerat
3611 585 3748 642 San-

2173 677 2328 731 ctitas
2355 687 2526 732 vestra
2547 717 2564 744 ,
2593 678 2783 754 quibus
2809 693 2908 748 ego
2948 678 3091 732 solus
3114 677 3262 747 quasi
3289 676 3565 733 decentius
3587 686 3706 732 utar
3730 693 3749 744 ;

2171 768 2361 823 efferat
2380 768 2508 822 mihi
2526 810 2549 836 ,γ
2569 769 2714 824 verbi
2740 771 2932 840 gratia,
2955 769 3206 842 byrrhum
3240 770 3530 839 pretiosum
3565 787 3580 825 :
3610 770 3750 826 forte

2172 861 2325 916 decet
2357 863 2664 932 episcopum
2689 903 2702 925 ,
2744 862 2984 933 quamvis
3018 879 3124 916 non
3153 863 3337 917 deccat
3369 863 3742 932 Augustinum,

2173 952 2222 1026 id
2255 962 2365 1018 cst,
2416 951 2684 1008 hominem
2717 968 3002 1024 pauperem
3025 994 3040 1018 ,
3078 953 3146 1008 de
3177 953 3495 1023 pauperibus
3540 961 3748 1008 natum.

2169 1041 2324 1096 Modo
2350 1042 2539 1098 dicturi
2570 1053 2689 1097 sunt
2726 1043 2964 1098 homines
3001 1044 3120 1113 quia
3165 1044 3338 1098 inveni
3373 1045 3632 1113 pretiosas
3660 1061 3752 1098 ve-

2169 1144 2278 1188 stes
2301 1176 2316 1201 ,
2360 1150 2494 1205 quas
2519 1151 2621 1188 non
2651 1135 2936 1204 potuissem
2964 1135 3160 1190 habere
3195 1134 3276 1189 vel
3306 1136 3356 1189 in
3395 1135 3557 1190 domo
3583 1136 3749 1204 patris

2172 1229 2296 1292 mei,
2329 1228 2414 1284 vel
2443 1229 2492 1282 in
2517 1229 2600 1282 illa
2627 1228 2863 1283 sweulari
2896 1227 3225 1298 professione
3249 1243 3385 1282 mea.
3410 1227 3525 1282 Non
3555 1228 3750 1283 decet:

2171 1319 2327 1375 talem
2353 1318 2521 1376 debeo
2549 1320 2771 1386 habere,
2818 1320 3025 1390 qualem
3051 1329 3298 1388 pessum,
3325 1320 3368 1374 si
3399 1335 3504 1374 non
3543 1320 3747 1374 habue-

2171 1410 2272 1475 rit,
2316 1409 2465 1465 fratri
2511 1426 2630 1465 meo
2656 1411 2803 1465 dare.
2832 1411 3054 1479 Qualem
3090 1420 3264 1480 potest
3294 1409 3489 1465 habere
3521 1411 3748 1480 presby-

2171 1510 2270 1568 ter,
2311 1502 2520 1572 qualem
2552 1513 2725 1573 potest
2752 1504 2946 1558 habcre
2983 1503 3239 1558 decenter
3262 1501 3513 1557 diaconus
3541 1513 3593 1558 et
3620 1503 3747 1558 sub«

2169 1591 2440 1657 diaconus,
2467 1594 2622 1648 talem
2652 1595 2780 1648 volo
2797 1595 3037 1664 accipere
3071 1613 3083 1648 :
3115 1594 3236 1665 quia
3269 1594 3318 1648 in
3346 1609 3628 1649 commune
3644 1597 3746 1649 'ac-

2168 1684 2327 1754 cipio.
2377 1685 2432 1741 Si
2481 1687 2599 1757 quis
2644 1688 2918 1742 meliorem
2969 1687 3211 1750 dederit,
3254 1687 3470 1742 vendo:
3505 1687 3647 1757 quod
3689 1695 3748 1742 et

2169 1775 2345 1831 facere
2365 1777 2511 1831 soleo
2535 1793 2550 1841 ;
2593 1785 2650 1832 ut
2675 1778 2886 1848 quando
2913 1795 3020 1833 non
3061 1788 3234 1848 potest
3259 1780 3425 1834 vestis
3448 1795 3565 1834 esse
3590 1795 3745 1834 como

2170 1869 2344 1924 munis
2365 1909 2379 1933 ,
2408 1869 2633 1939 pretium
2662 1871 2825 1925 vestis
2869 1871 3034 1940 possit
3053 1885 3172 1926 esse
3197 1885 3497 1926 commune.
3531 1871 3743 1936 Vendo,

2168 1968 2222 2014 ct
2242 1974 2405 2030 crogo
2427 1961 2765 2030 pauperibus.
2803 1962 2859 2016 Si
2891 1961 2990 2015 hoc
3026 1978 3147 2016 eum
3173 1960 3423 2026 delectat,
3445 1969 3502 2016 ut
3521 1977 3620 2032 ego
3645 1961 3745 2015 ha-

2170 2049 2320 2104 beam
2347 2068 2366 2116 ;
2396 2053 2550 2107 talem
2572 2053 2680 2118 det,
2709 2053 2848 2107 unde
2876 2068 2978 2107 non
3008 2053 3341 2108 erubescam.
3369 2052 3563 2108 Fateor
3593 2053 3742 2107 enim

2169 2143 2362 2208 vobis,
2405 2143 2474 2197 de
2509 2145 2736 2213 pretiosa
2773 2154 2918 2198 veste
2955 2143 3213 2199 erubesco
3244 2161 3257 2198 :
3285 2144 3405 2214 quia
3445 2158 3549 2198 non
3588 2143 3748 2198 decet

2168 2233 2304 2290 hanc
2340 2236 2720 2306 professionem
2748 2279 2763 2299 ,
2793 2237 2928 2290 hanc
2955 2237 3371 2292 admonitionem
3393 2278 3407 2300 ,
3453 2253 3558 2291 non
3587 2236 3745 2292 decet

2169 2326 2282 2380 base
2307 2328 2568 2393 membra,
2595 2343 2698 2382 non
2729 2327 2882 2384 decet
2907 2326 3007 2382 hos
3028 2343 3209 2382 canos.
3239 2328 3407 2382 Etiam
3430 2327 3556 2382 illud
3580 2327 3699 2382 dico
3731 2345 3748 2381 :

2166 2418 2210 2472 si
2255 2416 2388 2472 forte
2419 2418 2469 2472 in
2505 2427 2684 2474 nostra
2713 2419 2874 2474 domo
2896 2419 2978 2474 vel
3023 2420 3074 2473 in
3120 2428 3298 2474 nostra
3325 2421 3578 2474 societate
3602 2435 3750 2490 inger

2171 2519 2248 2564 est
2271 2509 2495 2580 aliquis,
2523 2511 2603 2566 vel
2633 2519 2750 2580 post
2774 2511 3163 2580 :rgritudiuem,
3191 2519 3249 2564 ut
3279 2527 3498 2566 necesse
3523 2511 3591 2565 sit
3619 2526 3746 2567 eum

2171 2611 2293 2655 ante
2323 2600 2504 2655 horam
2531 2602 2737 2671 prandii
2764 2601 3014 2667 reﬁcere;
3043 2617 3150 2656 non
3173 2602 3430 2671 prohibeo
3466 2602 3752 2671 religiosos

2165 2692 2248 2747 vel
2296 2693 2570 2763 religiosas
2615 2694 2824 2748 mittere
2866 2692 2945 2747 eis
2987 2692 3126 2762 quod
3153 2693 3230 2747 eis
3271 2693 3481 2747 videtur
3518 2701 3574 2746 ut
3617 2693 3745 2746 mit-

2167 2794 2279 2840 tant
2311 2803 2323 2838 :
2354 2785 2630 2855 prandium
2683 2795 2856 2839 tamen
2903 2793 2958 2840 et
3001 2799 3208 2839 cicutam
3255 2793 3406 2838 extra
3454 2799 3610 2838 nemo
3640 2783 3746 2837 Ita-

2168 2877 2328 2932 bcltit.

2238 2971 2305 3024 M
2331 2966 2640 3025 Clerieorum
2659 2967 2772 3022 albo
2794 2969 3178 3039 expungendum
3195 2967 3385 3031 statuit,
3412 2965 3497 3038 qui
3521 2980 3750 3037 pauper-

2167 3063 2289 3117 tatis
2315 3062 2624 3132 propositum
2649 3060 2922 3114 violaverit.
2987 3060 3124 3115 Ecce
3163 3059 3286 3113 dico
3307 3101 3323 3125 ,
3363 3057 3583 3112 audistis
3601 3100 3616 3124 ,
3645 3073 3748 3110 au-

2165 3154 2318 3208 diunt
2346 3170 2358 3206 :
2392 3153 2490 3221 Qui
2538 3153 2736 3207 habere
2762 3151 2989 3207 voluerit
3017 3150 3288 3220 proprium
3329 3158 3383 3203 et
3420 3147 3488 3203 de
3527 3147 3749 3218 pr0prio

2167 3245 2362 3310 vivere,
2393 3255 2446 3300 et
2475 3253 2658 3300 contra
2689 3245 2787 3298 ista
2811 3251 3076 3313 praecepta
3107 3251 3287 3296 nostra
3318 3241 3524 3304 facere;
3557 3255 3749 3310 parum

2166 3346 2248 3390 est
2278 3344 2335 3390 ut
2362 3335 2531 3390 dicam
2560 3378 2576 3402 ,
2627 3349 2731 3390 non
2762 3349 2967 3389 mecum
3018 3332 3252 3388 manebit
3281 3349 3295 3388 :
3322 3332 3416 3387 sed
3443 3340 3498 3385 et
3521 3331 3749 3384 clericus

2167 3445 2270 3482 non
2301 3427 2423 3483 erit.
2456 3426 2697 3481 Dixeram
2734 3427 2874 3481 enim
2900 3468 2914 3493 ,
2939 3435 2992 3482 et
3019 3427 3129 3481 scio
3157 3439 3243 3480 me
3267 3425 3462 3487 dixisse
3485 3464 3500 3489 ,
3533 3421 3671 3492 quod
3698 3421 3748 3475 si

2169 3522 2370 3577 nollent
2412 3521 2682 3589 suscipere
2707 3519 2959 3574 socialem
2987 3521 3148 3574 vitam
3181 3528 3414 3572 nostram
3442 3557 3456 3580 ,
3506 3529 3609 3570 non
3637 3513 3749 3569 illis

2169 3615 2408 3670 tollerem
2449 3613 2793 3676 clericatum;
2834 3611 2927 3667 sed
2974 3626 3214 3665 seorsum
3245 3616 3554 3673 manerent,
3596 3621 3750 3662 seor-
3803 3669 3814 3681 .

2167 3723 2284 3763 sum
2331 3709 2610 3770 viverent,
2641 3705 2908 3776 quomodo
2951 3711 3172 3758 nossent
3217 3703 3325 3757 Deo
3365 3702 3619 3755 viverent.
3676 3698 3748 3754 Et

2169 3807 2254 3852 ta-i
2279 3814 2342 3852 en
2372 3806 2493 3853 ante
2519 3797 2700 3851 oculos
2738 3787 2888 3865 posui
2914 3836 2930 3861 ,
2959 3801 3210 3863 quantum
3241 3792 3435 3846 malum
3471 3790 3592 3845 sita
3623 3804 3750 3859 pro-

2170 3889 2341 3959 posito
2363 3887 2573 3942 cadere.
2594 3886 2750 3940 Malui
2774 3887 2916 3940 enim
2947 3885 3144 3940 habere
3171 3883 3252 3939 vel
3273 3884 3490 3939 claudos
3513 3884 3552 3948 ί,
3583 3897 3745 3953 quam

2172 3979 2422 4049 plangere
2451 3987 2709 4032 mortuos.
2753 3977 2851 4045 Qui
2877 3976 3017 4032 enim
3045 3975 3322 4047 hypocrita
3348 3983 3462 4040 est,
3507 3981 3746 4029 mortuus

2171 4077 2271 4122 est.
2325 4067 2605 4135 Quomodo
2638 4081 2767 4137 ergo
2809 4068 3127 4137 quicumque
3171 4065 3429 4119 voluisset
3456 4074 3603 4119 extra
3632 4079 3748 4116 ma-

2173 4172 2300 4212 nere
2339 4171 2393 4213 et
2433 4159 2501 4215 de
2529 4174 2628 4214 suo
2668 4159 2848 4212 vivere
2871 4199 2886 4219 ,
2918 4171 3024 4212 non
3053 4158 3102 4211 ei
3129 4155 3370 4211 tollerem
3398 4155 3702 4210 clericatum
3725 4171 3744 4207 :

2171 4260 2241 4314 ita
2273 4252 2433 4308 modo
2460 4252 2583 4323 quia
2613 4250 2805 4321 placuit
2832 4248 2957 4313 illis,
2984 4250 3090 4302 lico
3116 4248 3367 4318 propitio,
3395 4246 3605 4302 socialis
3629 4244 3750 4299 hmc

2169 4351 2276 4403 vita
2302 4387 2316 4411 ,
2344 4343 2579 4416 quisquis
2607 4356 2728 4395 cum
2757 4338 3021 4410 hypocrisi
3049 4336 3272 4402 vixerit,
3304 4337 3543 4408 quisquis
3563 4337 3750 4390 inven-

2174 4449 2263 4494 tus
2293 4436 2450 4492 fuerit
2475 4433 2678 4488 habens
2699 4430 2969 4501 proprium
2990 4472 3006 4496 ,
3039 4445 3142 4483 non
3169 4429 3244 4483 illi
3271 4429 3518 4499 permitto
3547 4437 3603 4482 ut
3622 4425 3753 4482 inde

2173 4531 2338 4586 faciat
2361 4534 2756 4588 testamentum,
2789 4523 2883 4578 sed
2911 4521 3102 4576 delebo
3134 4537 3254 4576 eum
3282 4519 3349 4575 de
3379 4518 3555 4574 tabula
3583 4517 3748 4573 cleri—

2174 4635 2379 4676 eorum.
2410 4615 2716 4685 lnterpellet
2741 4622 2926 4668 contra
2955 4627 3041 4667 me
3067 4611 3212 4666 mille
3239 4611 3461 4666 concilia
3487 4649 3502 4675 ,
3533 4609 3750 4678 naviget

2174 4721 2358 4767 contra
2383 4724 2468 4762 me
2490 4721 2597 4777 quo
2625 4704 2871 4771 voluerit,
2901 4704 2971 4757 sit
2999 4713 3144 4758 certe
3173 4703 3258 4758 ubi
3287 4702 3518 4773 potuerit
3549 4718 3564 4754 :
3593 4699 3749 4770 adiu-

2173 4801 2318 4856 vabit
2345 4813 2431 4854 me
2456 4798 2595 4851 Deus
2615 4835 2631 4860 ,
2659 4803 2718 4849 ut
2749 4793 2832 4847 ubi
2855 4811 2953 4863 ego
2981 4794 3266 4862 episcopus
3289 4807 3435 4858 sum,
3470 4791 3559 4846 ille
3585 4791 3749 4845 cleri—

2173 4906 2269 4947 cus
2304 4903 2422 4944 essc
2451 4902 2556 4942 non
2597 4885 2782 4954 possit.
2814 4883 3079 4948 Audistis,
3107 4883 3409 4938 audierunt.
3459 4880 3564 4936 Sed
3587 4895 3751 4950 spero

2174 4982 2225 5036 in
2259 4981 2421 5035 Deum
2461 4985 2701 5033 nostrum
2741 4982 2796 5030 et
2821 4974 3232 5028 miscricordiam
3268 4976 3421 5042 ejus,
3463 4972 3585 5044 quia
3609 4973 3752 5026 sicut

2173 5074 2576 5146 dispositionem
2602 5084 2776 5124 meam
2818 5068 2971 5122 istam
3000 5068 3239 5122 hilariter
3275 5073 3628 5138 acceperunt,
3668 5070 3751 5122 sic

2174 5182 2293 5222 eam
2326 5177 2456 5234 pure
2481 5161 2814 5230 fideliterque
2837 5159 3146 5217 servabunt.

2246 5259 2332 5313 15.
2364 5256 2633 5328 Presbyter
2657 5255 2941 5309 Barnabas.
2972 5253 3088 5308 Dixi
3113 5251 3307 5324 aliquid
3332 5266 3487 5307 suum
3513 5265 3616 5306 non
3648 5248 3752 5305 ha-

2176 5350 2303 5404 bere
2333 5349 2676 5420 presbyteros
2695 5345 3086 5401 cohabitatores
3113 5361 3264 5400 meos
3287 5387 3304 5412 ,
3342 5345 3482 5398 inter
3505 5358 3642 5413 quos
3667 5353 3753 5398 est

2176 5450 2229 5494 et
2270 5440 2547 5510 presbyter
2591 5437 2881 5493 Barnabas.
2928 5435 3034 5492 Sed
3081 5436 3150 5491 de
3185 5437 3272 5489 illo
3304 5435 3479 5490 audivi
3507 5434 3755 5504 qumdam

2177 5523 2341 5579 fuisse
2365 5523 2580 5593 iactata,
2616 5531 2740 5578 ante
2761 5522 2938 5576 omnia
2973 5520 3113 5592 quod
3139 5522 3268 5575 emit
3294 5520 3474 5574 villam
3500 5535 3531 5572 a
3555 5519 3754 5572 dilecto

2176 5624 2232 5672 et
2271 5614 2565 5670 honorabili
2611 5614 2720 5669 filio
2763 5628 2884 5670 meo
2924 5611 3199 5669 Eleusino.
3248 5611 3360 5667 Hoc
3400 5608 3588 5664 falsum
3629 5613 3748 5658 est'

2177 5787 2428 5909 ﬂii,
2446 5799 2604 5839 ravos
2642 5784 2954 5851 vastandos.
2995 5791 3116 5846 Vox,
3151 5795 3319 5840 cirros,
3350 5777 3488 5828 abest
3521 5789 3548 5826 a
3582 5789 3729 5827 omni
