4080 6360
300 418 430 474 1581

295 534 629 590 monasterio
654 532 999 600 donavitille,
1017 546 1121 587 non
1142 531 1400 588 vendidit.
1428 531 1540 603 Ego
1564 547 1680 588 sum
1705 533 1874 589 testis.

294 623 441 692 Quid
490 625 719 693 amplius
774 624 1065 694 quamuis,
1116 621 1321 693 ignoro.
1372 623 1481 693 Ego
1524 637 1641 677 sum
1692 624 1876 679 testis:

292 716 521 770 donavit
572 717 698 779 ille,
742 731 846 770 non
892 715 1143 769 vendidit.
1195 714 1300 769 Sed
1335 714 1459 768 dum
1507 729 1613 769 non
1647 715 1882 771 creditur

290 806 500 861 donare
562 806 839 875 potuisse,
892 805 1129 860 creditus
1172 814 1253 859 est
1298 804 1617 860 vendidisse.
1687 806 1879 861 Beatus

298 899 485 963 homo,
518 900 609 969 qui
639 910 745 953 tam
776 900 970 952 bonum
997 913 1131 967 Opus
1158 898 1299 964 fecit,
1328 907 1386 951 ut
1412 914 1514 952 non
1541 899 1875 953 crederetur.

294 991 499 1044 Tamen
526 991 610 1044 vel
638 990 797 1045 modo
822 990 1047 1054 credite,
1069 1000 1122 1045 et
1140 989 1468 1045 detractor-es
1495 991 1677 1045 audire
1708 991 1877 1045 liben-

293 1091 376 1135 ter
417 1081 667 1136 desinite.
712 1082 829 1137 Jam
859 1081 1003 1146 dixi,
1047 1097 1145 1150 ego
1176 1096 1292 1134 sum
1337 1081 1505 1135 testis.
1546 1082 1750 1136 Dictum
1794 1090 1879 1136 est

290 1171 361 1226 de
384 1174 477 1227 illo
503 1172 580 1245 (a)
603 1174 741 1244 quod
766 1190 908 1227 anno
928 1173 1289 1243 praposilune
1311 1188 1422 1227 suze
1448 1190 1542 1243 per
1566 1174 1874 1229 industriam

285 1264 469 1318 debita
498 1265 681 1318 fecerit
701 1306 717 1330 ,
760 1275 818 1319 ut
844 1265 969 1319 dum
998 1266 1119 1319 Volo
1143 1280 1243 1335 ego
1269 1265 1416 1319 reddi
1443 1264 1618 1319 debita
1641 1306 1657 1331 ,
1686 1265 1874 1320 darem

291 1353 367 1407 illi
408 1355 680 1408 licentiam
733 1356 749 1387 ⁸
804 1355 1054 1424 poscendi
1100 1355 1317 1410 fundum
1376 1357 1873 1412 Victorianensem:

289 1452 549 1514 tanquam
592 1445 813 1501 dixisset
844 1445 968 1499 mihi
994 1488 1010 1513 ,
1058 1446 1127 1502 Ut
1165 1447 1384 1501 reddam
1414 1447 1590 1501 debita
1617 1464 1731 1502 mea
1756 1490 1773 1515 ,
1808 1448 1874 1502 da

290 1536 422 1590 mihi
470 1538 522 1590 in
570 1537 756 1593 decem
798 1554 968 1592 annos
1016 1535 1236 1592 fundum
1274 1538 1749 1593 Victoriancnscm.
1808 1539 1875 1593 Et

290 1630 393 1683 hoc
416 1628 609 1684 falsum
636 1638 741 1684 est.
771 1629 876 1685 Sed
912 1630 1004 1683 fuit
1040 1630 1179 1684 unde
1222 1645 1404 1683 rumor
1434 1640 1766 1693 nasceretur,
1792 1630 1873 1684 le-

283 1721 361 1774 cit
386 1720 570 1775 debita
619 1720 909 1776 reddenda.
971 1724 1013 1775 A
1044 1721 1196 1775 nobis
1239 1720 1441 1775 reddita
1491 1730 1611 1775 sunt
1656 1722 1870 1791 partim,

286 1812 435 1866 unde
461 1821 768 1882 potuerunt.
820 1812 1094 1868 Remansit
1122 1812 1319 1883 aliquid
1348 1812 1485 1883 quod
1516 1828 1620 1866 non
1644 1812 1877 1866 debeba-

292 1906 459 1967 tur',
514 1905 676 1959 etiam
721 1907 1045 1961 monasterio
1092 1906 1168 1959 illi
1217 1906 1357 1975 (ptod
1390 1921 1483 1975 per
1526 1906 1695 1974 ipsum
1732 1906 1872 1960 Dens

290 1996 547 2050 instituit.
597 1996 732 2052 Cum
770 2014 897 2067 ergo
926 1999 1300 2065 remansisset,
1346 1999 1605 2067 coepimus
1631 2014 1873 2068 quaerere

286 2086 431 2142 unde
477 2088 717 2142 debitum
757 2090 1121 2144 redderemus.
1171 2090 1249 2143 Ad
1281 2089 1684 2144 conductionem
1710 2090 1872 2157 ipsius

285 2177 437 2231 fundi
469 2178 646 2231 nullus
666 2180 930 2245 accessit,
978 2181 1076 2233 nisi
1102 2180 1448 2249 quadraginta
1475 2180 1761 2233 solidorum
1793 2178 1872 2232 of-

286 2269 465 2323 ferens
482 2270 812 2339 pensionem.
844 2270 947 2325 Sed
968 2270 1193 2324 vidimus
1217 2269 1437 2324 fundum
1462 2271 1691 2339 amplius
1718 2285 1873 2339 posse

280 2355 446 2419 dare,
501 2367 558 2409 ut
601 2356 830 2409 celerius
870 2356 1183 2411 redderetur
1225 2356 1503 2421 debitum;
1552 2354 1871 2410 etcommisi

287 2446 409 2501 tidei
436 2446 583 2513 ejus,
618 2458 673 2501 ut
698 2448 765 2503 de
795 2449 905 2517 ipsa
936 2449 1290 2503 conductione
1316 2449 1462 2504 lucra
1496 2465 1603 2503 non
1632 2449 1873 2517 require--

286 2547 409 2591 rent
459 2539 683 2603 fratres;
742 2540 835 2593 sed
879 2539 1131 2608 quidquid
1165 2540 1319 2594 daret
1362 2539 1584 2606 fundus,
1633 2539 1701 2594 de
1744 2539 1872 2609 ipsis

284 2629 549 2686 fructibus
578 2631 901 2700 imputarent
929 2632 993 2686 ad
1025 2632 1283 2687 debitum.
1314 2632 1445 2687 Fide
1471 2635 1662 2703 agitur.
1703 2633 1870 2688 Para-

288 2733 371 2776 tus
400 2733 484 2777 est
510 2724 793 2794 presbyter
820 2733 876 2776 ut
895 2724 1053 2777 alium
1080 2725 1422 2790 constituam,
1457 2724 1543 2793 qui
1582 2723 1649 2777 de
1676 2722 1868 2777 fructi-

286 2814 385 2867 bus
412 2813 669 2869 fratribus
694 2814 883 2868 reddat
910 2815 951 2867 ³.
985 2815 1056 2869 Ex
1088 2831 1313 2869 numero
1341 2826 1518 2869 vestro
1557 2814 1626 2868 sit
1654 2815 1867 2884 aliquis,

281 2907 367 2959 cui
402 2905 520 2959 [nec
547 2906 907 2972 committam;
948 2922 1013 2960 ex
1036 2921 1265 2960 mimero
1305 2907 1539 2975 ipsorum
1566 2906 1655 2975 qui
1685 2905 1750 2959 ad
1774 2920 1872 2961 nos

284 2998 408 3051 talia
454 2998 806 3068 pertulerunt.
849 2999 985 3052 Sunt
1014 3000 1155 3053 enim
1189 2999 1238 3053 in
1268 2999 1418 3052 vobis
1463 2998 1705 3052 homines
1742 2998 1873 3052 reli-

284 3092 419 3162 giosi
446 3134 461 3159 ,
512 3093 602 3161 qui
657 3108 778 3147 eum
823 3108 1093 3147 rumorem
1150 3092 1283 3147 falso
1330 3092 1710 3162 reprehensum
1753 3106 1873 3146 esse

282 3182 607 3250 doluerunt,
657 3190 713 3237 et
757 3192 935 3236 tantum
974 3182 1316 3237 crediderunt
1358 3182 1573 3237 factum.
1622 3181 1702 3235 Ex
1742 3180 1872 3250 ipsis

284 3287 416 3341 ergo
454 3272 645 3341 aliquis
677 3272 854 3327 veniat
888 3272 953 3326 ad
986 3288 1116 3335 nos,
1163 3272 1414 3341 suscipiat
1452 3272 1868 3340 possessionem,

279 3379 473 3418 omnes
503 3363 705 3418 fructus
732 3364 915 3433 pretiis
940 3364 1049 3418 suis
1076 3363 1303 3419 fideliter
1343 3363 1571 3429 vendat,
1623 3372 1681 3417 ut
1720 3363 1871 3418 reddi

284 3455 453 3523 possit
497 3454 704 3509 facilius
750 3454 894 3524 quod
938 3454 1163 3509 debetur
1188 3495 1203 3521 ,
1251 3466 1304 3508 et
1332 3453 1492 3508 hodie
1520 3453 1716 3509 recedit
1749 3453 1872 3508 inde

280 3560 405 3599 cura
433 3545 751 3616 presbyteri.
782 3545 955 3598 Locus
976 3545 1134 3597 etiam
1178 3546 1319 3614 ipse,
1358 3544 1448 3598 ubi
1487 3542 1869 3598 monasterium

254 3638 628 3691 .constitutum
645 3647 725 3691 est
744 3654 773 3690 a
797 3647 1090 3690 memorato
1118 3636 1415 3690 honorabili
1445 3636 1551 3691 lilio
1578 3652 1696 3691 meo
1722 3635 1873 3691 Eleu-

282 3727 421 3793 sino,
465 3729 565 3796 ipsi
600 3728 915 3799 presbytero
943 3728 1196 3782 Barnaba:
1216 3727 1442 3782 donatus
1478 3736 1561 3781 est
1585 3735 1869 3797 antequam

278 3819 623 3874 ordinaretur
646 3820 954 3891 presbyter;
1000 3820 1052 3874 in
1084 3820 1199 3889 ipso
1236 3820 1353 3873 loco
1380 3820 1760 3873 monasterium
1788 3818 1869 3873 iu-

277 3912 470 3966 stitnit.
524 3909 630 3967 Sed
681 3921 854 3967 tamen
899 3912 1019 3981 quia
1060 3913 1276 3967 nomine
1306 3912 1471 3981 ipsius
1499 3911 1724 3965 donatus
1753 3919 1868 3965 erat

279 4004 465 4066 iocus,
517 4005 739 4058 mutavit
788 4005 1173 4069 instrumenta,
1225 4014 1281 4057 ut
1319 4004 1531 4058 nomine
1559 4003 1865 4057 monasterii

278 4099 637 4167 possideatur.
687 4100 762 4154 De
792 4098 954 4153 fundo
978 4097 1363 4153 Victorianensi
1384 4138 1399 4162 ,
1437 4112 1535 4166 ego
1563 4111 1690 4165 rogo
1710 4136 1724 4160 ,
1766 4110 1865 4165 ego

279 4189 494 4254 hortor,
522 4206 623 4260 ego
653 4201 797 4259 peto,
833 4198 889 4243 nt
915 4190 958 4242 si
987 4189 1105 4259 quis
1136 4188 1415 4257 religiosus
1445 4195 1547 4251 est,
1580 4186 1683 4241 ﬁde
1718 4197 1861 4256 agat,

276 4289 333 4335 et
372 4281 631 4335 exhibeat
653 4281 906 4335 Ecclesia:
949 4280 1103 4333 istam
1135 4294 1383 4348 operam,
1416 4286 1471 4332 ut
1498 4278 1604 4331 cito
1625 4277 1863 4332 debitum

277 4373 527 4428 reddam.
575 4372 725 4441 Quod
757 4372 800 4427 si
830 4387 986 4427 nemo
1016 4371 1082 4425 de
1110 4370 1260 4425 laicis
1286 4368 1445 4423 fuerit
1474 4369 1737 4431 inventus,
1764 4384 1864 4436 ego

276 4480 536 4534 praepono
562 4463 584 4495 ⁸
611 4465 793 4530 alium,
827 4464 924 4517 iste
955 4463 1078 4517 iliuc
1105 4477 1208 4515 non
1247 4459 1483 4514 accedet.
1536 4458 1674 4526 Quid
1706 4458 1865 4513 vultis

273 4555 543 4625 amplius?
578 4555 743 4609 Nemo
781 4556 981 4609 laceret
1023 4567 1212 4608 servos
1243 4552 1333 4606 Dei
1375 4569 1388 4605 :
1421 4551 1542 4621 quia
1572 4567 1677 4605 non
1704 4566 1865 4619 expc—

273 4649 353 4701 dit
380 4647 764 4702 lacerantibus.
794 4647 975 4702 Servis
1001 4646 1093 4701 Dei
1122 4645 1336 4715 quidem
1370 4660 1577 4699 merces
1601 4642 1748 4697 falsis
1772 4642 1859 4697 de-

274 4740 626 4796 tractionibus
670 4741 866 4794 crescit
896 4757 908 4792 :
940 4738 1034 4795 sed
1076 4737 1269 4792 crescit
1298 4739 1457 4791 etiam
1491 4751 1641 4806 [anno
1687 4735 1865 4789 detra-

276 4831 551 4887 bentihus.
584 4830 699 4885 Non
734 4832 851 4885 sine
884 4846 1041 4884 causa
1071 4829 1269 4884 dictant
1300 4838 1415 4893 est,
1460 4827 1686 4883 Gaudete
1705 4836 1749 4882 et
1778 4845 1866 4881 ca:-

272 4927 479 4989 suuate,
513 4925 718 4995 quando
739 4924 1006 4978 detrahunt
1027 4922 1090 4976 de
1118 4922 1275 4988 vobis,
1300 4922 1521 4975 dicentes
1551 4920 1684 4993 falsa
1705 4935 1725 4974 :
1743 4922 1865 4993 quia

277 5035 464 5072 merces
498 5028 661 5071 vestra
696 5034 879 5086 magna
915 5016 1064 5069 estin
1089 5014 1228 5069 cretis
1261 5014 1470 5085 (Matth.
1500 5030 1568 5078 ν,
1600 5015 1657 5068 Η
1680 5055 1694 5077 ,
1747 5013 1860 5084 12).

272 5108 535 5178 Eolumns
592 5125 713 5165 cum
761 5109 1081 5163 detrimento
1134 5117 1311 5161 vestro
1367 5122 1611 5176 magnam
1665 5106 1863 5162 habere

277 5199 606 5253 mercedem.
663 5198 836 5253 Minus
864 5199 932 5253 ibi
958 5198 1268 5263 habeamus,
1300 5204 1355 5251 et
1379 5206 1555 5251 tamen
1586 5196 1861 5251 vobiscum

278 5291 345 5344 ibi
375 5304 689 5359 regnemus.

336 5463 354 5493 ¹
394 5470 506 5525 Mss,
537 5469 706 5525 carent
730 5475 877 5525 voce,
910 5456 1169 5513 licentiam.
1198 5458 1295 5525 ttae
1316 5462 1454 5525 ,l‘orte
1498 5463 1673 5525 omissa
1695 5498 1709 5523 ,
1736 5462 1859 5525 loco,

279 5521 523 5589 poscendi,
541 5524 825 5589 ⁸ιεξειξιιίιιιιιι
851 5521 973 5589 erat,
998 5522 1225 5589 poscenti,
1252 5524 1350 5587 vel,
1386 5537 1476 5588 pro
1507 5523 1645 5576 mntis
1677 5521 1860 5589 decem.

338 5587 359 5651 ξ
393 5590 445 5634 tu
475 5585 751 5638 Colbe'rtino
783 5587 950 5636 codice
980 5585 1211 5649 scriptum
1242 5599 1271 5637 a
1312 5585 1465 5651 prima
1494 5599 1639 5636 manu
1672 5587 1861 5651 fuerat,

281 5644 535 5767 deﬁt},
560 5707 769 5759 debitum
793 5708 984 5759 reddat.
1010 5714 1065 5759 At
1084 5714 1194 5759 Mss.
1218 5721 1315 5759 non
1338 5709 1539 5769 habent,
1567 5708 1796 5761 debitum.

340 5771 363 5836 ξ
393 5768 532 5836 illiti,
556 5770 959 5836 proponthelius
980 5776 1366 5836 Mss._,prtepona.
1524 5768 1532 5769 ί
1578 5832 1590 5836 _
1778 5834 1789 5836 _
1842 5828 1845 5829 ,

284 5828 414 5941 mg)
435 5828 595 5894 Forte,
622 5828 804 5883 dictum
825 5839 893 5883 est
923 5837 968 5883 et
998 5830 1059 5884 de
1084 5828 1186 5897 illo,
1222 5828 1407 5885 scilicet
1430 5832 1639 5885 Barnaba
1663 5828 1861 5899 presby-

1661 416 1887 471 SlillMO
1924 416 2206 473 CCCLVII.

3426 444 3583 501 1582'

2416 538 2644 597 SERMO
2682 543 2990 602 CCCLVII‘
3030 550 3131 622 (a).

2547 650 2625 706 De
2656 654 2807 711 laude
2840 660 2993 729 paria.

1984 757 2116 821 Apud
2127 759 2670 843 Cardmginenrlialiitus,
2680 767 2895 843 instante
2906 770 2976 843 col
2984 771 3125 824 lation
3131 789 3276 843 ecum
3287 781 3560 843 Donatistis,

2349 835 2476 873 anno
2493 824 2548 873 4t
2560 828 2603 887 t,
2623 830 2816 878 circiter
2833 832 2894 881 15
2910 832 3038 882 diem
3060 824 3189 886 maii.

2055 944 2106 998 1.
2136 942 2289 1000 Pacis
2326 945 2459 1002 laus.
2500 949 2733 1019 Tempus
2776 964 2857 1009 est
2906 957 3177 1015 exhortari
3229 962 3560 1023 Charitatem

1980 1047 2232 1104 vestram,
2260 1055 2353 1109 pro
2375 1041 2570 1097 viribus
2590 1060 2721 1113 quas
2753 1047 3001 1103 Dominus
3026 1051 3208 1121 donat,
3262 1057 3327 1111 ad
3372 1074 3557 1128 pacem

1982 1129 2283 1197 amandum,
2310 1141 2363 1184 et
2391 1147 2485 1201 pro
2530 1149 2658 1203 pace
2698 1136 2978 1194 Dominum
3020 1142 3431 1213 deprecandum.
3480 1151 3562 1207 Sit

1979 1234 2107 1290 ergo
2141 1236 2235 1289 pax
2267 1222 2455 1277 dilecta
2477 1236 2652 1280 nostra
2678 1239 2731 1283 et
2769 1232 2956 1299 amica,
2978 1249 3098 1289 cum
3121 1252 3221 1307 qua
3262 1240 3330 1294 sit
3351 1249 3559 1297 castum

1978 1312 2151 1366 cubile
2179 1328 2272 1368 cor
2294 1327 2567 1383 nostrum;
2596 1334 2717 1374 cum
2764 1338 2865 1393 qua
2894 1327 2964 1378 sit
2992 1326 3093 1382 lida
3125 1329 3334 1399 requies
3361 1341 3416 1387 et
3450 1349 3556 1387 non

1979 1419 2217 1459 amarum
2246 1412 2597 1475 consortium,
2625 1428 2747 1467 cum
2796 1432 2895 1485 qna
2928 1418 2996 1472 sit
3045 1420 3217 1477 dulcis
3250 1425 3558 1494 complexus

1977 1504 2030 1547 et
2053 1495 2228 1566 insepa
2239 1498 2417 1553 rabilis
2438 1502 2686 1556 amicitia.
2717 1504 2905 1560 Pacem
2935 1509 3147 1564 laudare
3162 1512 3433 1569 diflicilius
3451 1528 3555 1583 est,

1978 1600 2134 1654 quam
2168 1587 2381 1644 habere.
2414 1589 2468 1644 Si
2497 1592 2639 1646 enim
2688 1610 2805 1649 eam
2854 1597 3070 1655 laudare
3104 1602 3366 1669 volumus,
3415 1606 3556 1661 vires

1972 1684 2241 1743 Optamus,
2265 1694 2453 1736 sensus
2476 1698 2785 1753 qnmrnnus,
2810 1688 2966 1743 verba
2989 1691 3241 1748 libranius
3270 1714 3282 1749 :
3308 1697 3350 1750 si
3377 1680 3571 1754 autem.

1979 1767 2175 1822 habere
2218 1771 2481 1839 volumus,
2504 1777 2618 1831 sine
2644 1778 2819 1849 aliquo
2844 1781 3023 1845 labore
3061 1785 3315 1843 habemus
3357 1800 3411 1845 et
3437 1807 3559 1862 pos-

1977 1858 2233 1915 sitiemus.
2266 1863 2541 1921 Laudandi
2576 1879 2700 1923 sunt
2733 1874 2819 1941 qui
2858 1884 3038 1930 amant
3078 1894 3257 1947 pacem
3290 1899 3301 1934 :
3329 1884 3418 1953 qui
3437 1858 3555 1938 tau-

1978 1958 2081 2003 tem
2108 1953 2355 2021 inierunt,
2386 1959 2575 2014 melius
2596 1961 2805 2017 interim
2840 1964 3086 2023 docendo
3127 1987 3188 2025 ac
3221 1976 3444 2029 tacendo
3464 1993 3558 2046 pa-

1974 2044 2152 2108 eandi,
2194 2064 2349 2114 quam
2399 2053 2748 2121 vituperando
2796 2061 3137 2125 provocandi.
3181 2062 3352 2119 Verus
3413 2044 3557 2137 pacis

1976 2144 2182 2188 amator
2212 2137 2542 2195 inimicm-um
2575 2144 2690 2212 ejus
2714 2155 2921 2201 amator
2960 2160 3062 2205 est.
3098 2151 3556 2220 Quemadmodum

1975 2225 2139 2287 enim,
2160 2228 2202 2279 si
2225 2228 2393 2283 lucem
2420 2232 2571 2286 istam
2602 2251 2834 2299 amares,
2866 2241 3023 2294 c:ecis
3069 2258 3171 2296 non
3210 2245 3514 2303 irascereris
3536 2288 3554 2314 ,

1976 2317 2067 2371 sed
2094 2334 2185 2372 eos
2213 2320 2455 2388 doleres;
2488 2327 2642 2395 quale
2667 2328 2809 2382 enim
2835 2330 3029 2385 bonum
3059 2344 3110 2389 tu
3155 2352 3396 2405 caperes,
3416 2356 3559 2403 nos-

1974 2425 2080 2473 ses,
2110 2420 2163 2465 et
2191 2412 2309 2468 ideo
2329 2426 2528 2484 quanto
2554 2418 2694 2473 bono
2717 2421 2790 2475 iiIi
2811 2421 3183 2481 frandarentur
3201 2431 3553 2500 conspiciens,

1974 2501 2335 2559 misericordia
2371 2507 2458 2561 tibi
2487 2508 2632 2577 digni
2665 2511 3004 2581 viderentur;
3050 2526 3103 2571 et
3145 2518 3188 2573 si
3228 2534 3360 2589 opes
3388 2521 3557 2577 habe-

1976 2608 2083 2655 res,
2112 2596 2154 2649 si
2186 2605 2378 2664 artem,
2427 2600 2470 2653 si
2503 2601 2970 2672 medicamentum,
3019 2611 3193 2678 potius
3236 2612 3301 2667 ad
3342 2629 3437 2670 eos
3472 2632 3559 2670 sa-

1975 2684 2181 2741 nandos
2203 2703 2470 2755 curreres,
2495 2708 2651 2761 quam
2675 2694 3005 2754 damnandos
3034 2718 3046 2753 :
3078 2702 3144 2755 ita
3167 2704 3211 2757 si
3239 2707 3384 2774 pacis
3407 2724 3556 2762 ama-

1976 2787 2059 2831 tor
2082 2795 2159 2844 es,
2193 2781 2432 2849 quisquis
2464 2799 2543 2849 cs,
2574 2786 2830 2843 miserere
2858 2805 2978 2843 cum
3010 2793 3096 2862 qui
3126 2809 3229 2847 non
3253 2808 3393 2851 ainat
3413 2799 3565 2868 quod;

1973 2884 2141 2933 amas,
2179 2872 2265 2939 qui
2297 2888 2401 2926 non
2441 2874 2600 2930 habet
2646 2879 2795 2947 quod
2844 2880 3023 2937 habes.
3074 2883 3220 2940 Talis
3243 2888 3434 2958 quippe
3472 2902 3558 2947 est

1974 2973 2061 3013 res
2086 2976 2242 3031 quam
2264 2963 2459 3033 diligis,
2484 2976 2540 3020 ut
2580 2974 2683 3022 nun
2715 2970 2957 3028 invideas
2992 2981 3409 3046 compossessori
3440 2992 3554 3038 tuo.

1975 3049 2143 3105 [labet
2164 3062 2335 3107 tecum
2385 3069 2595 3124 pacem,
2647 3068 2703 3113 et
2742 3062 2836 3115 tibi
2876 3080 2982 3118 non
3048 3079 3294 3137 angustat
3339 3088 3558 3141 posses-

1970 3141 2197 3196 sionem.
2222 3144 2485 3215 Quidquid
2511 3158 2779 3206 terrenum
2809 3171 2978 3222 amas,
3007 3158 3221 3216 difﬁcile
3263 3172 3346 3217 est
3372 3173 3429 3219 ut
3463 3164 3557 3222 ha-

1975 3232 2121 3288 benti
2153 3251 2258 3289 non
2282 3237 2539 3294 invideas.
2588 3241 2789 3299 Deinde
2831 3246 2876 3300 si
2906 3246 3041 3304 forte
3069 3255 3307 3308 ascendit
3340 3256 3391 3311 in
3436 3260 3557 3313 ani—

1974 3341 2119 3381 mum
2170 3338 2339 3393 tuum,
2381 3341 2610 3398 terram,
2654 3352 2812 3405 quam
2857 3341 3120 3409 possides,
3160 3353 3557 3409 communicare

1971 3431 2092 3471 cum
2123 3420 2314 3485 amico,
2338 3430 2394 3475 ut
2422 3423 2663 3479 laudetur
2690 3428 3056 3487 benevolentia
3087 3446 3194 3501 tua,
3228 3444 3462 3496 utetiam
3498 3445 3550 3499 in

1975 3509 2089 3564 istis
2120 3515 2499 3582 temporalibus
2530 3518 2689 3573 rebus
2717 3521 2950 3580 eharilas
2972 3528 3293 3596 prmdicetur
3315 3551 3328 3586 :
3350 3533 3396 3588 si
3425 3551 3556 3607 ergo

1973 3602 2105 3655 velis
2134 3607 2523 3673 possessionem
2570 3620 2710 3666 tuam
2751 3622 3048 3686 terrenam,
3094 3622 3239 3678 velut
3273 3602 3553 3695 praedium,

1973 3693 2119 3747 velut
2155 3693 2392 3760 domum,
2443 3700 2529 3755 vel
2574 3703 2846 3770 quodlibet
2885 3706 3210 3779 hujusmodi,
3260 3693 3557 3777 communi;

1969 3798 2095 3838 care
2123 3800 2241 3840 cmn
2282 3789 2486 3855 amico;
2525 3797 2885 3854 cmnmunicas
2910 3815 3030 3855 cum
3083 3819 3208 3873 uno,
3248 3818 3303 3862 et
3322 3810 3555 3870 admittis

1971 3891 2091 3971 eum
2119 3878 2184 3932 ad
2216 3880 2547 3949 societatem,
2578 3896 2631 3941 et
2672 3889 2869 3958 gaudes
2894 3907 3016 3948 cum
3068 3896 3177 3952 illo.
3222 3897 3434 3971 Cogitas
3461 3904 3556 3960 ad-

1972 3969 2183 4024 mittere
2210 3973 2422 4026 tertium
2445 3974 2708 4044 fortassis,
2768 3989 2821 4035 et
2865 3995 3109 4053 quartum
3140 4008 3152 4043 :
3172 3990 3280 4060 jam
3307 3969 3555 4052 attendit:

1970 4069 2198 4128 quantos
2222 4064 2416 4132 capiat,
2449 4078 2676 4135 quantos
2707 4070 2859 4139 ferat,
2910 4074 2990 4129 vel
3017 4079 3209 4134 dcnnls
3232 4082 3297 4136 ad
3339 4084 3553 4142 inhabi-

1971 4150 2209 4215 tandam,
2241 4155 2324 4207 vel
2354 4171 2480 4225 ager
2505 4158 2570 4211 ad
2600 4163 2957 4230 pascendum;
2985 4177 3039 4221 et
3065 4168 3216 4233 dicis,
3247 4172 3363 4228 Jam
3393 4178 3549 4247 quin-

1971 4251 2079 4296 tum
2112 4260 2216 4297 non
2244 4246 2405 4314 capit,
2430 4260 2609 4302 sextus
2632 4249 2872 4308 habitare
2904 4271 3009 4311 non
3051 4269 3223 4327 potest
3250 4265 3548 4335 nobiscum,

1969 4334 2254 4404 septimum
2287 4337 2498 4406 quando
2528 4342 2693 4409 pascit
2720 4344 2921 4399 tantilla
2952 4351 3262 4418 posseSsio?
3307 4334 3553 4416 Excludit

1969 4440 2097 4493 ergo
2122 4436 2364 4493 cmteros,
2391 4444 2495 4483 non
2519 4437 2593 4497 tu,
2620 4431 2711 4486 sed
2732 4438 2990 4506 angustia.
3016 4440 3149 4496 Ama
3174 4459 3374 4512 pacem,
3410 4448 3546 4508 habe

1968 4529 2175 4584 pacem,
2202 4518 2414 4586 posside
2442 4538 2646 4590 pacem,
2688 4541 2819 4597 cape
2844 4526 2908 4581 ad
2949 4538 3000 4585 te
3037 4545 3263 4601 quantos
3300 4548 3451 4607 potes
3478 4543 3547 4600 ad

1971 4606 2342 4702 possidendam
2371 4626 2551 4680 pacem
2579 4632 2591 4667 :
2628 4626 2775 4670 tanto
2803 4618 2958 4674 latior
2984 4624 3103 4688 erit,
3136 4606 3333 4695 quanto
3374 4646 3401 4683 a
3428 4633 3547 4702 plu—

1970 4698 2115 4752 ribus
2140 4702 2512 4769 possidebitur.
2542 4706 2743 4762 Domus
2768 4720 2975 4767 terrena
2993 4715 3385 4778 cohabitatores
3412 4698 3550 4781 mul-

1927 4816 1939 4827 -
1968 4797 2051 4882 tos
2079 4807 2181 4845 non
2208 4794 2386 4861 capit:
2415 4798 2683 4867 possessio
2707 4803 2852 4872 pacis
2878 4820 2996 4859 cum
3029 4808 3207 4863 multis
3232 4810 3545 4882 habitatori-

1967 4878 2075 4936 bus
2088 4883 2299 4937 crescit.

2037 4974 2093 5026 2.
2126 4973 2313 5028 Pacem
2339 4976 2434 5030 hoc
2482 4988 2554 5032 est
2595 4980 2792 5044 habere,
2839 4987 2976 5055 quod
3018 4976 3207 5046 amare.
3250 4966 3419 5061 Quam
3446 4999 3537 5056 bo-

1969 5072 2095 5118 num
2117 5074 2198 5119 est
2221 5069 2432 5122 amare!
2466 5069 2580 5125 Hoc
2615 5074 2759 5127 enim
2820 5068 2907 5131 est
2943 5077 3160 5138 habere.
3198 5083 3325 5154 Quis
3364 5103 3536 5149 autem

1968 5155 2102 5209 nolit
2122 5170 2366 5212 crescere
2408 5160 2549 5229 quod
2578 5163 2831 5221 amat?Si
2878 5184 3072 5237 paucos
3103 5183 3275 5231 tecum
3303 5179 3383 5233 vis
3426 5196 3546 5238 esse

1969 5246 2019 5299 in
2054 5262 2203 5317 pace,
2234 5262 2393 5317 parva
2429 5250 2522 5306 tibi
2543 5252 2646 5307 erit
2673 5258 2865 5324 ρει.δί
2899 5260 2978 5314 vis
3005 5277 3219 5321 crecere
3240 5267 3395 5324 istam
3417 5285 3543 5341 pos-

1968 5339 2283 5429 sessionem,
2311 5341 2448 5398 adde
2469 5359 2857 5413 possessorem.
2887 5351 3018 5406 Nam
3049 5354 3177 5411 illud
3223 5344 3369 5429 quod
3410 5339 3539 5426 dixi,

1970 5428 2183 5498 fratres,
2209 5431 2412 5488 Bonum
2440 5446 2523 5490 est
2547 5452 2728 5495 amare
2758 5456 2963 5511 pacem,
2991 5454 3045 5500 et
3065 5428 3445 5517 ipsumiamare
3466 5465 3549 5509 est

1970 5520 2185 5587 habere,
2207 5524 2387 5593 quanti
2417 5530 2660 5583 constat?
2685 5547 2786 5601 qua
2810 5548 2938 5590 voce
2964 5536 3224 5605 laudetur,
3257 5558 3362 5611 quo
3383 5526 3547 5601 corde

1967 5612 2267 5682 cogitetur:
2305 5615 2415 5671 lloe
2452 5628 2534 5672 est
2570 5619 2786 5688 habere,
2812 5626 2951 5695 quod
3004 5634 3223 5683 amare?
3259 5629 3546 5692 Considera

1968 5712 2182 5770 caetera,
2214 5721 2440 5776 quorum
2465 5708 2708 5768 homines
2740 5716 3026 5786 cupiditate
3053 5721 3545 5794 eonilagranLVide

2034 5838 2373 5903 firmendatus
2415 5844 2475 5893 ad
2517 5844 2580 5896 cl.
2626 5862 2673 5895 v.
2718 5857 2770 5900 et
2823 5853 2883 5901 ad
2925 5855 3061 5903 sirm.

2036 5900 2108 5963 (a)
2128 5900 2248 5950 Alias
2290 5904 2417 5953 inter
2438 5907 2784 5959 Sirmondianos
2799 5900 2874 5962 35.
