4080 6360
475 415 619 474 ηδε

475 526 847 588 εὶὶιιωὲιιιιπθ
870 524 1080 587 fundos,
1109 530 1409 594 argentum,
1440 532 1654 588 aurum,
1698 516 1834 571 filios
1863 529 2055 571 nume-

477 638 653 688 rosos,
701 622 961 693 pretiosas
1003 626 1058 674 et
1084 623 1300 672 ornatas
1339 613 1549 677 domos,
1598 609 1958 666 ammnissima
2005 613 2062 671 et

477 715 860 786 pretiosissima
878 711 1096 783 praedia.
1114 712 1268 764 Amat
1289 707 1391 762 hoc
1407 707 1431 760 ’ἔ
1453 707 1626 761 Amat.
1644 700 1908 771 Numquid
1924 699 2056 769 jam,

478 807 571 878 qui
594 815 755 868 amat.
775 803 978 858 habet?
1008 803 1190 858 Potest
1214 799 1327 856 fieri
1349 809 1405 853 ut
1432 798 1622 852 horum
1646 794 1882 850 omnimn
1909 805 2061 846 ama-

481 907 567 954 tor
591 897 764 954 inanis
789 898 875 952 sit.
898 893 1120 964 Quando
1145 908 1250 948 non
1280 892 1439 947 habet
1466 897 1630 954 amat,
1658 886 1946 958 cupiditate
1970 899 2064 938 ar-

481 993 572 1047 det
597 1001 654 1046 ut
683 990 875 1045 habeat
906 1008 919 1040 :
948 1003 1069 1044 cum
1108 996 1282 1042 autem
1341 984 1536 1040 habere
1579 981 1823 1052 cmperit,
1873 977 2067 1032 timore

483 1085 751 1140 cruciatur
780 1096 845 1135 ne
871 1078 1080 1150 perdat.
1113 1078 1270 1132 Amat
1315 1074 1614 1136 honorem,
1648 1079 1792 1125 amat
1834 1076 2070 1140 potesta-

485 1188 613 1233 tem.
637 1173 827 1244 Quanti
858 1171 1100 1225 homines
1128 1167 1478 1239 potestatibus
1519 1161 1843 1233 accipiendis
1880 1158 2066 1230 privati

485 1269 778 1340 suSpirant‘?
793 1275 847 1322 et
863 1266 1170 1336 plerumque
1186 1271 1308 1316 ante
1321 1260 1440 1315 illos
1455 1264 1680 1326 occupat
1697 1255 1915 1308 ultimus
1927 1251 2068 1318 dies,

485 1376 643 1434 quam
672 1357 984 1432 perveniant
1002 1354 1072 1410 ad
1100 1353 1153 1409 id
1179 1352 1316 1422 quod
1339 1357 1538 1405 amant.
1569 1345 1761 1415 Quanti
1788 1359 1916 1415 ergo
1937 1358 2070 1397 con-

488 1462 612 1520 stat,
644 1453 786 1525 quod
815 1467 936 1508 cum
959 1448 1240 1511 amaveris,
1275 1444 1537 1500 habebis?
1564 1442 1680 1497 Non
1711 1440 1884 1513 pretio
1926 1452 2071 1508 qua:-

489 1547 567 1603 ris
585 1545 725 1617 quod
755 1559 932 1610 amas;
967 1557 1073 1596 non
1101 1539 1343 1595 ambulas
1366 1537 1430 1592 ad
1457 1544 1759 1608 patronum,
1796 1547 1895 1602 per
1914 1543 2071 1600 quem

493 1638 796 1710 pervenias.
821 1635 958 1690 Ecce
977 1633 1069 1689 ubi
1111 1643 1240 1696 stas,
1287 1644 1409 1684 ama
1430 1643 1635 1698 pacem,
1681 1635 1735 1680 et
1777 1633 1949 1679 tecum
1994 1629 2076 1676 est

491 1706 631 1799 quod
660 1741 826 1781 amas.
860 1725 964 1779 [les
992 1725 1091 1778 ista
1119 1721 1295 1776 cordis
1331 1728 1450 1774 est:
1482 1732 1581 1773 nec
1623 1717 1699 1770 sic
1727 1729 1850 1770 cum
1891 1706 2090 1765 amicis

489 1817 854 1874 communicas
881 1830 1084 1886 pacem,
1115 1810 1383 1884 quomodo
1414 1824 1624 1879 panem.
1656 1807 1854 1861 Panem
1881 1804 2077 1874 quippe

493 1909 539 1964 si
593 1909 992 1963 communicare
1036 1904 1192 1968 velis,
1242 1909 1442 1971 quanto
1495 1899 1674 1968 plures
1718 1905 1843 1950 snnt
1887 1893 2077 1964 quibus

501 2001 776 2072 frangitur,
815 2007 961 2052 tanto
989 1997 1165 2051 minus
1199 1994 1254 2048 fit
1286 1992 1427 2049 unde
1466 1992 1642 2045 datur.
1668 1989 1775 2045 Pax
1799 1997 1974 2042 autem
2003 1985 2077 2040 illi

493 2099 616 2166 pani
643 2095 832 2151 similis
860 2104 964 2159 est,
997 2094 1084 2163 qui
1104 2091 1155 2145 in
1179 2089 1423 2144 manibus
1462 2087 1842 2156 discipulorum
1869 2081 2079 2137 Domini

486 2185 788 2257 "frangendo
818 2195 866 2239 ct
898 2184 1074 2238 dando
1099 2181 1391 2237 crescebat.

565 2279 620 2334 5.
654 2276 980 2336 Schismatici
1029 2274 1098 2328 ad
1123 2289 1298 2343 pacem
1337 2271 1549 2343 paciﬁca
1593 2266 1878 2322 revocandi.
1914 2263 2084 2318 Dona-

495 2373 725 2426 tistarum
755 2371 955 2424 aninms
979 2367 1040 2420 ab
1089 2368 1284 2420 unitate
1304 2365 1518 2417 alienus.
1548 2361 1750 2415 llabcle
1798 2358 1956 2428 igitur
1987 2372 2081 2428 pa-

474 2480 635 2529 cem,
661 2463 867 2517 fratres.
889 2460 946 2517 Si
978 2459 1138 2513 vultis
1154 2457 1219 2511 ad
1248 2457 1390 2510 illam
1415 2455 1625 2508 trahere
1649 2459 1893 2514 carteros,
1924 2448 2079 2518 primi

499 2560 643 2612 illam
675 2557 886 2619 habete,
943 2553 1098 2625 primi
1158 2552 1300 2606 illam
1355 2559 1547 2604 tenete.
1580 2547 1636 2602 la
1691 2546 1845 2600 vobis
1883 2544 2086 2625 ferveat

451 2643 458 2650 ’
498 2649 638 2718 qttod
674 2649 900 2712 habetis,
931 2656 987 2700 ut
1032 2645 1167 2699 alios
1214 2641 1489 2697 accendat.
1511 2638 1635 2695 Odit
1662 2652 1845 2708 pacem
1875 2622 2090 2690 ltmreti?

489 2757 613 2808 cus,
645 2751 698 2796 et
718 2741 888 2795 lucem
920 2739 1115 2808 lippus.
1155 2734 1419 2804 Numquid
1471 2731 1590 2787 ideo
1641 2731 1778 2785 mala
1829 2729 1940 2794 lux,
1963 2727 2082 2796 quia

499 2832 671 2903 lippus
701 2847 805 2886 non
844 2839 1021 2902 potest
1042 2843 1158 2883 eam
1203 2824 1471 2882 tolerare?
1497 2822 1619 2878 Odit
1667 2822 1838 2876 lucem
1866 2821 2038 2890 lippus
2068 2835 2085 2873 :

490 2922 591 2978 sed
620 2933 792 2977 tamen
841 2928 1060 2993 propter
1099 2919 1273 2973 lucem
1300 2926 1509 2971 creatus
1537 2921 1618 2969 est
1667 2912 1876 2967 oculus.
1919 2911 2085 2965 Datur

499 3015 678 3085 itaque
700 3027 862 3083 opera
891 3011 960 3066 ab
996 3013 1074 3066 eis
1103 3009 1193 3080 qui
1234 3017 1414 3063 amant
1450 3021 1659 3076 pacem,
1689 3014 1742 3058 et
1785 3003 1970 3057 volunt
1999 3017 2086 3057 se-

498 3121 621 3162 cum
648 3102 906 3175 possideri
932 3101 1073 3173 quod
1096 3110 1295 3162 amant,
1323 3106 1380 3153 ut
1400 3109 1712 3170 possessore
1741 3094 1926 3149 addito
1969 3108 2088 3149 cre-

501 3209 615 3255 seat
653 3196 941 3269 possessio.
970 3195 1111 3249 Dent
1158 3208 1287 3264 ergo
1317 3206 1532 3262 operam
1574 3188 1747 3242 curari
1777 3187 1962 3242 oculos
1982 3177 2085 3256 lip-

503 3307 710 3364 porum,
745 3289 980 3361 qualibet
1007 3301 1131 3357 ope,
1164 3284 1408 3356 quolibet
1432 3289 1650 3338 conatu.
1694 3279 1892 3335 Nolens
1935 3294 2089 3334 cura-

501 3392 611 3450 tur,
644 3398 749 3436 non
781 3381 891 3434 vult
918 3378 1042 3434 dum
1089 3385 1308 3432 curatur
1339 3392 1352 3429 :
1383 3372 1476 3428 sed
1507 3371 1632 3428 dum
1674 3371 1846 3426 lucent
1874 3369 2084 3434 viderit,

505 3473 874 3530 delectabitur.
905 3469 1038 3526 Puta
1065 3469 1186 3539 quia
1217 3472 1523 3529 succenset;
1569 3465 1675 3519 noli
1699 3461 1945 3517 instando
1989 3461 2087 3515 de-

507 3565 733 3635 fatigari.
759 3565 978 3619 Amator
1000 3559 1166 3631 pacis,
1195 3555 1429 3622 attende,
1453 3565 1507 3610 et
1551 3555 1819 3610 delectare
1859 3563 1914 3606 tu
1945 3552 2090 3621 prior

502 3655 901 3731 pulchritudine
921 3654 1128 3709 dilectm
1157 3660 1280 3716 true,
1305 3659 1359 3706 et
1378 3649 1655 3705 inardesco
1677 3647 1742 3702 ad
1772 3643 2086 3700 trahendum

501 3753 755 3808 alterum.
788 3747 980 3804 Videat
1003 3745 1144 3816 quod
1175 3744 1344 3809 vides,
1376 3750 1519 3798 amet
1546 3741 1688 3812 quod
1715 3754 1884 3803 amas,
1913 3743 2091 3792 teneat

501 3843 643 3913 quod
676 3852 847 3898 tenes.
881 3838 1182 3908 Alloquitur
1208 3844 1260 3891 te
1285 3835 1476 3890 dilecta
1534 3843 1646 3900 tua,
1687 3847 1843 3903 quam
1867 3829 2041 3898 diligis
2071 3843 2085 3880 :

509 3935 740 4003 loquitur
768 3931 882 3990 tibi.
915 3931 1046 3985 Ama
1089 3943 1194 3993 me,
1225 3934 1280 3981 et
1324 3927 1576 3981 continuo
1621 3924 1784 3978 habes
1835 3937 1944 3977 me.
1983 3919 2091 3976 Ad-

501 4024 605 4082 duc
637 4037 806 4080 tecum
837 4037 970 4094 quos
995 4029 1144 4091 potes
1163 4019 1229 4074 ad
1259 4017 1545 4073 amandum
1577 4032 1695 4080 me;
1724 4029 1869 4070 casm
1896 4029 2011 4079 ero,
2039 4021 2092 4068 et

511 4120 712 4187 integra
758 4112 1104 4186 permanebo.
1156 4109 1342 4165 Adduc
1385 4123 1521 4178 quos
1574 4117 1744 4177 potes,
1797 4106 2090 4170 inveniant,

505 4214 746 4272 teneant,
767 4203 1131 4276 perfruantur.
1154 4199 1208 4256 Si
1229 4201 1404 4255 lucem
1435 4199 1588 4252 istam
1620 4215 1726 4252 non
1744 4205 2092 4265 corrumpant

462 4324 463 4328 η
504 4299 655 4353 multi
687 4296 968 4359 videntes;
994 4308 1080 4348 me
1107 4299 1455 4361 corrumpunt
1486 4289 1636 4342 multi
1661 4287 1941 4343 amantes?
1980 4287 2087 4342 Sed

506 4389 695 4444 nolunt
721 4386 924 4450 venire,
947 4384 1070 4455 quia
1101 4398 1206 4438 non
1239 4382 1438 4436 habent
1466 4380 1606 4436 unde
1645 4395 1730 4434 me
1769 4380 1979 4451 possint
2010 4380 2088 4433 vi-

505 4482 656 4539 dere.
681 4478 880 4534 Nolunt
912 4474 1120 4540 venire,
1148 4473 1271 4544 quia
1303 4473 1555 4542 splendor
1591 4472 1735 4542 pacis
1782 4471 2090 4527 reverberat

504 4570 874 4643 lippitudinem
918 4565 1290 4622 dissensionis.
1323 4563 1457 4618 Vide
1499 4561 1854 4618 miserandam
1901 4577 2090 4616 vocem

506 4663 793 4733 lipporum.
845 4656 1126 4713 Nuntiatur
1169 4654 1292 4720 illis,
1323 4653 1508 4708 Visum
1559 4661 1642 4708 est
1685 4661 1744 4708 ut
1786 4668 1966 4723 pacem
1999 4653 2092 4707 ha-

511 4755 672 4809 beant
717 4747 1029 4806 Christiani.
1053 4745 1168 4801 Tali
1195 4745 1381 4800 nuntio
1406 4744 1480 4799 illi
1513 4753 1754 4814 accepto,
1783 4743 1930 4798 aiunt
1955 4742 2094 4798 inter

493 4843 714 4913 βαίνω
740 4843 916 4898 nobis.
949 4840 1127 4910 Quare
1147 4839 1173 4894 ἵ
1197 4837 1384 4894 Unitas
1410 4837 1576 4892 venit.
1622 4835 1759 4904 Quid
1807 4835 1928 4891 est?
1971 4851 2094 4905 qua:

505 4951 635 4998 vos,
665 4933 754 4989 Var
783 4931 959 4996 nobis,
981 4930 1159 4985 unitas
1199 4927 1388 4984 venit?
1416 4927 1630 4994 Quanto
1671 4925 1863 4996 justius
1891 4924 2096 4980 dicere-

505 5025 595 5094 tis',
615 5025 708 5081 Vat
729 5023 904 5089 nobis,
927 5021 1190 5078 dissensio
1213 5018 1696 5082 venit?Absithoc,
1721 5026 1777 5072 ut
1797 5017 2096 5073 veniatdis-

503 5119 683 5176 sensio
703 5137 717 5174 :
735 5117 850 5173 haec
869 5115 1104 5172 tenebrae
1121 5123 1246 5169 sunt
1258 5111 1570 5168 videntium.
1583 5110 1716 5166 Nam
1740 5109 1882 5164 venit
1897 5110 2094 5178 unitas,

502 5210 844 5284 gaudendum
871 5218 971 5275 est,
996 5207 1208 5262 fratres.
1241 5203 1378 5273 Quid
1408 5201 1704 5273 expavisti?
1721 5200 1909 5258 Unitas
1927 5201 2091 5266 venit,

505 5304 708 5359 dictum
725 5311 826 5358 cst.
839 5300 976 5356 Num
993 5299 1193 5354 dictum
1205 5304 1307 5363 est,
1321 5294 1457 5351 Fera
1469 5294 1633 5362 venit,
1650 5294 1784 5365 ignis
1796 5293 1964 5348 venit?
1977 5292 2098 5348 Uni-

511 5404 594 5450 tas
619 5393 786 5461 venit,
805 5393 892 5448 lus
905 5390 1070 5447 venit.
1095 5388 1153 5446 Si
1174 5387 1303 5444 velit
1327 5385 1560 5442 veridice
1578 5382 1926 5455 respondere,
1952 5383 2096 5438 dicet

509 5488 668 5544 vobis
693 5504 706 5541 :
734 5486 850 5542 Non
871 5483 1081 5556 expavi,
1108 5482 1231 5553 quia
1253 5479 1364 5536 fera
1383 5479 1558 5535 venit:
1590 5493 1695 5532 non
1717 5477 1859 5533 enim
1882 5477 2096 5532 timidus

499 5594 631 5636 sum
661 5598 674 5634 :
707 5576 802 5633 sed
828 5574 1039 5647 expavi,
1067 5573 1190 5644 quia
1219 5572 1308 5626 lux
1334 5571 1520 5636 venit;
1547 5569 1720 5639 lippus
1767 5569 1911 5624 enim
1952 5584 2092 5623 sum.

511 5672 694 5727 Danda
746 5671 904 5742 igitur
949 5681 1114 5738 opera
1165 5662 1407 5720 curandi.
1451 5660 1963 5728 communicandum
2012 5670 2096 5716 est

483 5781 630 5822 tcum
663 5764 789 5831 illis,
830 5761 972 5834 quod
1000 5755 1482 5815 communicatione
1527 5769 1633 5810 non
1685 5756 1744 5808 tit
1789 5761 2092 5824 angustum,

489 5874 609 5930 pro
623 5856 823 5912 viribus
842 5897 858 5922 ,
880 5859 1136 5924 quantum
1169 5848 1425 5916 valemus,
1457 5853 1710 5917 quantum
1739 5843 1900 5903 donat
1928 5844 2090 5902 Deus.

1706 403 1766 460 S.
1805 396 2166 458 AUGUSTINI
2207 395 2509 456 EPISCOPI

2287 308 2331 328 ad

3609 395 3750 455 158⁸

2234 515 2288 569 4.
2323 514 2657 571 Mansuetudo
2671 515 2916 572 Iurreticis
2939 513 3217 570 exhibenda
3231 515 3542 588 litigantibus
3561 525 3608 571 et
3626 533 3752 572 con-

2165 607 2479 663 sidentibus.
2503 606 2625 662 Non
2637 607 2846 679 jurgiis,
2865 605 2955 662 sed
2982 607 3143 678 magis
3165 608 3302 676 apud
3326 607 3486 661 Deum
3513 607 3746 678 precibus

2165 697 2417 768 agendum
2455 709 2530 753 est
2584 707 2762 753 contra
2799 699 3079 754 lucreticos.
3127 698 3376 765 Proinde,
3420 698 3748 768 charissimi,

2167 789 2422 846 exhortor
2447 790 2774 847 Charitatem
2794 803 3046 853 vestram.
3078 799 3134 846 ut
3162 791 3455 846 exhibeatis
3475 792 3582 847 illis
3597 791 3751 847 chri-

2169 882 2396 937 stianam
2425 892 2480 938 et
2502 884 2818 939 catholicam
2847 885 3332 940 mansuetudinem.
3359 884 3510 942 Nunc
3553 901 3753 940 curan-

2169 975 2253 1030 dis
2297 976 2542 1031 iustatur.
2604 975 2662 1032 In
2721 977 2932 1033 fervore
2983 987 3110 1036 sunt
3177 979 3318 1033 oculi
3375 985 3680 1034 sanctorum
3705 979 3751 1043 ⁸,

2171 1075 2326 1122 caute
2344 1068 2584 1131 curandi,
2613 1069 2910 1139 leniterque
2938 1069 3195 1124 tractandi
3222 1077 3365 1124 sunt.
3388 1069 3557 1126 Nemo
3581 1071 3751 1126 susclc

2173 1159 2283 1227 piat
2321 1174 2442 1212 cum
2488 1159 2668 1230 aliquo
2696 1160 2866 1226 litem,
2911 1174 3075 1215 nemo
3120 1161 3246 1215 velit
3275 1176 3418 1217 nunc
3449 1163 3532 1217 vel
3581 1163 3755 1231 ipsam

2173 1263 2324 1304 suam
2355 1249 2515 1305 fidem
2547 1251 2853 1306 altercando
2899 1251 3208 1317 defendere,
3256 1269 3324 1308 ne
3361 1253 3430 1308 de
3457 1254 3549 1309 lite
3603 1255 3752 1309 scin-

2176 1341 2286 1395 tilla
2327 1350 2594 1407 nascatur,
2642 1357 2710 1397 ne
2754 1343 3114 1413 qurerentibus
3167 1345 3500 1400 occasionem
3545 1347 3762 1401 occasio

2176 1434 2494 1503 prmbea-tur.
2541 1435 2769 1490 Prorsus
2803 1423 3100 1490 convicium
3149 1436 3322 1504 audis,
3361 1437 3551 1504 tolera,
3594 1437 3770 1493 dissii

2176 1525 2356 1591 mula,
2401 1526 2631 1595 praeteri.
2684 1526 2951 1582 Memento
3001 1526 3313 1582 curandum.
3361 1526 3552 1582 Videte
3601 1542 3765 1598 quam

2179 1614 2360 1670 blandi
2384 1625 2508 1671 sunt
2531 1617 2720 1672 medici
2750 1619 2828 1672 eis
2856 1633 2995 1689 quos
3018 1620 3176 1674 etiam
3200 1618 3522 1674 mordaciter
3547 1629 3758 1675 curant.

2186 1708 2423 1762 Audiunt
2481 1709 2798 1774 convicium,
2857 1711 3093 1780 pra-bent
3139 1711 3616 1779 medicamentum,
3663 1729 3769 1770 nec

2181 1801 2409 1855 reddunt
2459 1803 2756 1856 convicium
2808 1804 3069 1858 convicio.
3106 1803 3339 1859 Verbum
3367 1805 3438 1859 sit
3467 1808 3632 1860 verbo
3660 1825 3674 1862 :
3702 1815 3761 1862 ut

2183 1907 2319 1946 unus
2343 1893 2414 1946 sit
2454 1895 2744 1958 curandus,
2773 1894 2908 1949 alter
2935 1905 3087 1950 curat
3114 1912 3126 1947 :
3163 1911 3269 1958 non
3321 1894 3430 1950 duo
3475 1896 3766 1966 litigantes.

2183 1981 2418 2049 Fertotc,
2441 1982 2686 2048 obsecro,
2723 1983 2913 2038 fratres
2944 1985 3068 2038 mei.
3098 1984 3201 2040 Sed
3240 1999 3350 2038 non
3379 1985 3515 2051 fero,
3555 1986 3772 2056 inquit;

2183 2077 2305 2146 quia
2341 2077 2676 2148 blasphcmat
2717 2078 3032 2133 Ecclesiam.
3076 2078 3189 2133 lloc
3231 2088 3281 2134 te
3312 2087 3462 2150 rogat
3508 2079 3778 2153 Ecclesia,

2185 2178 2242 2224 ut
2271 2171 2430 2236 feras,
2481 2173 2601 2240 quia
2649 2170 3047 2240 blaSphcmatur
3096 2175 3351 2231 Ecclesia.
3389 2179 3647 2246 Detrahit,
3689 2182 3774 2235 in-

2183 2261 2317 2330 quit,
2385 2260 2638 2331 episcopo
2687 2277 2835 2326 meo;
2896 2264 3098 2318 crimen
3150 2266 3280 2322 dicit
3351 2269 3404 2324 in
3459 2271 3774 2342 episcopum

2185 2361 2459 2418 meum,ct
2481 2352 2670 2407 taceo?
2695 2354 2908 2409 (Iritnen
2949 2355 3110 2418 dicat,
3157 2368 3209 2413 et
3237 2367 3391 2426 tace;
3445 2378 3549 2418 non
3605 2374 3781 2434 πεπυ-ι’

2187 2442 2404 2506 scendo,
2451 2443 2548 2496 sed
2585 2442 2822 2498 ferendo.
2883 2444 2995 2500 Hoc
3027 2457 3248 2516 praestas
3289 2452 3541 2524 episcOpo
3576 2463 3686 2522 tuo,
3724 2457 3776 2511 si

2188 2535 2390 2603 proillo
2419 2544 2656 2604 tempore
2681 2553 2784 2591 non
2809 2537 3107 2594 miscearis.
3139 2539 3381 2614 lntellige
3414 2554 3642 2618 tempus,
3677 2550 3775 2604 ha-

2188 2626 2314 2680 beto
2333 2628 2637 2682 consilium.
2665 2629 2831 2684 Deum
2862 2640 3008 2686 tuum
3039 2635 3221 2703 quanti
3248 2636 3666 2708 blaSphemant?
3691 2643 3775 2698 Tu

2187 2719 2360 2783 audis,
2391 2728 2444 2773 et
2469 2720 2555 2774 ille
2583 2737 2686 2774 non
2725 2721 2916 2776 audit?
2946 2731 2999 2777 tu
3041 2725 3202 2791 nosti,
3246 2736 3301 2782 et
3327 2729 3414 2784 ille
3445 2746 3549 2786 non
3588 2735 3778 2790 novit?

2190 2811 2254 2865 Et
2287 2821 2466 2865 tamen
2492 2814 2613 2883 facit
2635 2815 2758 2868 oriri
2781 2817 2936 2869 solent
2955 2835 3108 2887 super
3128 2819 3282 2875 bonos
3306 2830 3354 2876 et
3371 2824 3550 2890 malos,
3577 2836 3622 2880 et
3642 2825 3777 2898 pluit

2188 2921 2342 2975 super
2373 2905 2544 2974 justas
2567 2917 2613 2958 et
2664 2907 2877 2974 injustas
2911 2907 3134 2978 (Matth.
3170 2928 3220 2977 v,
3250 2912 3364 2984 45).
3398 2913 3642 2971 Ostendit
3691 2934 3776 2988 pa-

2191 2995 2447 3059 tientiam,
2475 2995 2653 3050 differt
2673 2999 2984 3066 potentiam.
3016 3001 3104 3082 Sic
3132 3012 3187 3057 ct
3213 3010 3267 3056 tu
3292 3018 3520 3073 agnosce
3541 3015 3776 3078 tempus,

2191 3086 2296 3139 noli
2322 3101 2608 3155 provocare
2626 3092 3095 3146 tumentesoculos
3119 3093 3186 3147 ad
3213 3095 3508 3151 turbandos
3529 3113 3587 3153 se
3609 3099 3777 3169 ipsos.

2189 3180 2415 3233 Amator
2444 3179 2586 3248 pacis
2616 3180 2713 3234 es?
2750 3181 2830 3235 Sit
2860 3182 2950 3235 tibi
2981 3183 3034 3236 in
3058 3184 3220 3239 corde
3241 3186 3379 3242 bene
3414 3203 3533 3243 cum
3581 3190 3779 3249 dilecta

2195 3282 2303 3327 tua.
2329 3273 2396 3326 Et
2421 3273 2546 3341 quid
2572 3274 2959 3343 agam‘Hlabcs
3009 3277 3154 3346 quod
3200 3295 3345 3348 agas.
3387 3280 3538 3338 Tolle
3578 3283 3774 3356 iurgia,

2191 3375 2510 3421 convertere
2532 3366 2596 3420 ad
2628 3382 2832 3435 preces.
2863 3369 2978 3423 Noli
3027 3371 3313 3446 conviciis
3342 3375 3606 3446 repellere
3642 3393 3775 3433 con-

2191 3459 2494 3522 viciantcm,
2524 3459 2618 3515 sed
2639 3476 2730 3514 ora
2757 3477 2850 3531 pro
2871 3477 2955 3516 eo.
2985 3462 3153 3534 Loqui
3181 3464 3259 3519 vis
3286 3445 3356 3522 illi
3381 3445 3565 3524 contra
3589 3470 3732 3525 illum
3758 3489 3778 3526 :

2193 3553 2414 3625 loquere
2442 3555 2552 3610 Deo
2576 3571 2670 3624 pro
2699 3555 2808 3609 illo.
2842 3555 2957 3611 Non
2988 3557 3077 3612 tibi
3107 3559 3225 3613 dico
3255 3561 3394 3630 quod
3433 3571 3606 3617 taceas
3640 3583 3653 3619 :
3681 3564 3783 3620 sed

2193 3647 2339 3717 elige
2368 3647 2539 3716 magis
2565 3647 2651 3703 nbi
2681 3648 2933 3718 loquaris,
2963 3650 3101 3719 apud
3132 3667 3286 3720 quem
3311 3653 3502 3708 tacitus
3523 3654 3776 3725 loqueris,

2196 3737 2349 3794 labiis
2378 3739 2596 3807 clausis,
2623 3739 2786 3795 corde
2815 3741 3101 3796 clamante.
3150 3741 3245 3798 Ubi
3279 3759 3385 3797 non
3417 3753 3468 3798 te
3496 3745 3659 3814 videt,
3707 3746 3781 3802 ibi

2193 3839 2310 3884 esto
2337 3829 2506 3885 bonus
2537 3847 2630 3901 pro
2662 3831 2772 3887 illo.
2799 3831 2873 3886 illi
2902 3841 3077 3886 autem
3109 3849 3290 3901 pacem
3321 3851 3424 3888 non
3457 3838 3677 3900 amanti,
3717 3847 3773 3892 et

2195 3921 2401 3992 litigare
2427 3921 2644 3986 volenti,
2675 3923 2938 3992 rcSponde
2960 3923 3209 3992 pacificus
3241 3925 3543 3996 :Qtlidquid
3586 3928 3667 3982 vis
3695 3927 3781 3982 di-

2194 4029 2304 4080 cas,
2334 4016 2722 4086 quantumlibet
2739 4016 2940 4082 oderis,
2971 4027 3027 4071 ιιι
3053 4017 3308 4086 placuerit
3337 4019 3642 4082 detesteris.
3677 4022 3783 4074 fra-

2195 4115 2276 4162 ter
2309 4123 2458 4162 tncus
2478 4123 2556 4163 es.
2585 4107 2722 4174 Quid
2748 4109 2880 4179 agis,
2912 4118 2968 4162 ut
2989 4125 3092 4163 non
3116 4111 3189 4164 sis
3220 4109 3383 4166 frater
3407 4113 3597 4168 meus?
3623 4113 3785 4166 Pror-

2196 4214 2287 4253 sus
2315 4201 2508 4266 bonus,
2543 4201 2960 4267 malus,volens,
2993 4202 3202 4267 nolens,
3238 4202 3400 4257 frater
3421 4219 3670 4259 incuses.
3713 4204 3783 4258 Et

2197 4291 2286 4345 ille
2316 4306 2332 4342 :
2363 4290 2512 4346 Unde
2540 4307 2657 4345 sum
2705 4291 2869 4345 frater
2920 4302 3057 4356 tuus,
3106 4292 3294 4357 hostis,
3322 4294 3534 4350 inimice
3563 4296 3665 4366 (a)?
3693 4297 3783 4352 Sic

2195 4383 2462 4452 quomodo
2486 4383 2582 4437 ista
2609 4383 2764 4449 dicis,
2797 4383 2962 4438 frater
2996 4400 3144 4439 meus
3171 4400 3248 4439 es.
3283 4385 3474 4440 Mirum
3527 4387 3734 4441 videtur
3764 4405 3782 4441 :

2195 4473 2328 4538 odit,
2359 4472 2674 4540 detestatur,
2710 4483 2763 4527 et
2789 4473 2952 4528 frater
2986 4475 3108 4529 est?
3147 4475 3222 4529 Illi
3265 4476 3406 4530 enim
3441 4480 3522 4530 vis
3567 4478 3784 4533 credam

2198 4568 2455 4623 nescienti
2484 4566 2609 4636 quid
2631 4566 3086 4637 loquatur?cnjus
3115 4576 3244 4637 cpto
3272 4568 3574 4632 sanitatem,
3618 4580 3672 4622 nt
3707 4571 3784 4623 lu-

2195 4674 2312 4714 cem
2342 4658 2540 4722 videat,
2572 4666 2626 4713 et
2654 4659 2868 4712 fratrem
2898 4666 3169 4727 agnoscat.
3198 4658 3273 4713 Illi
3298 4675 3426 4730 ergo
3443 4660 3521 4714 vis
3546 4660 3787 4725 credam,

2132 4807 2142 4815 ,
2197 4750 2318 4819 quia
2348 4766 2452 4804 non
2479 4763 2596 4805 sum
2625 4748 2789 4804 frater
2811 4749 2998 4819 ipsius,
3022 4749 3146 4819 quia
3168 4749 3482 4820 detestatur,
3513 4753 3632 4821 quia
3651 4753 3782 4817 odit,

2198 4853 2252 4897 et
2280 4857 2386 4897 non
2428 4842 2601 4912 potius
2648 4841 2747 4912 ipsi
2799 4840 2938 4895 luci?
2977 4841 3268 4896 Audiamus
3310 4842 3434 4912 quid
3487 4843 3630 4897 dicat
3673 4845 3787 4913 ipsa

2200 4932 2309 4987 lux.
2343 4933 2661 5003 Prophetam
2691 4933 2806 5002 lege
2836 4949 2848 4984 :
2876 4932 3077 4997 Audite,
3099 4933 3186 5000 qui
3207 4934 3418 5002 pavetis,
3442 4935 3644 4988 verbum
3679 4934 3786 4988 Do-

2199 5024 2341 5076 mini.
2367 5023 2594 5092 Spiritus
2612 5033 2825 5076 sauctus
2848 5022 3081 5091 loquitur
3102 5037 3195 5092 per
3219 5022 3402 5077 Isaiam
3428 5027 3740 5094 prophetam
3770 5044 3785 5078 :

2200 5117 2400 5183 Audite,
2444 5116 2532 5187 qui
2577 5115 2784 5186 pavetis,
2821 5115 3023 5168 verbum
3063 5114 3290 5169 Domini.
3343 5113 3526 5176 Dicite.
3576 5114 3790 5171 Fratres

2266 5297 2283 5328 ε
2319 5301 2479 5353 vorte,
2503 5290 2795 5345 sauciorum.

2263 5357 2337 5421 fa)
2359 5356 2618 5421 ANolebant
2646 5353 2885 5421 videlicet
2900 5366 2961 5421 se
2997 5353 3174 5405 fratres
3193 5354 3286 5404 dici
3314 5355 3599 5421 Donatistae,
3625 5361 3676 5421 et
3719 5360 3793 5403 ta-

2199 5415 2586 5490 mcn'ifratresa
2623 5416 3142 5490 mstris_dicebantur.
3187 5424 3400 5490 Optatos,
3441 5415 3530 5490 lib.
3554 5418 3575 5488 ι
3615 5416 3792 5490 adver-

2198 5495 2286 5534 sus
2328 5481 2756 5537 Parmenianum,»
2805 5477 3010 5542 uolunt,
3034 5495 3057 5523 ν
3100 5477 3287 5542 inquit,
3328 5495 3350 5524 ι
3376 5491 3441 5542 se
3483 5477 3587 5542 dici
3614 5478 3793 5542 fratres

2208 5562 2231 5590 α
2254 5550 2459 5610 nostros.
2496 5547 2613 5602 sunt
2650 5542 2759 5610 sine
2795 5540 3415 5610 dubiofratres,‘quau_tvis
3451 5552 3548 5588 non
3579 5540 3734 5610 honr;
3759 5555 3787 5582 ι

2202 5613 2254 5656 et
2275 5599 2363 5655 lib.‘
2385 5604 2434 5665 4,
2467 5621 2490 5651 ι
2509 5599 2610 5653 Non
2648 5604 2778 5652 enim
2806 5600 3015 5665 potestis
3049 5613 3146 5651 non
3169 5599 3282 5653 es'se
3316 5602 3519 5665 fratres,
3542 5612 3679 5665 quos
3703 5599 3789 5665 iis-

2208 5686 2231 5716 s
2251 5667 2366 5718 dent
2387 5659 2796 5716 sacramentorum
2811 5659 3082 5714 visceribus
3103 5676 3197 5712 una
3207 5670 3361 5712 mater
3376 5659 3590 5712 Eadesia
3597 5661 3788 5722 genuit,

2208 5749 2232 5778 ι
2253 5741 2377 5798 aues
2399 5728 2576 5778 eodem
2596 5727 2736 5798 ωορο
2773 5725 3023 5798 adeam?
3050 5723 3333 5798 “hapsus
3355 5723 3784 5798 ecrescere:

2199 5785 2301 5864 Qui)
2322 5791 2372 5864 in
2395 5801 2606 5864 genere
2639 5787 2776 5850 plura
2814 5785 2960 5840 etiam
3001 5787 3320 5849 Angustinus,
3345 5796 3456 5834 cum
3484 5785 3586 5848 agit
3619 5785 3792 5835 ωιιιῆ

2200 5857 2480 5903 Donatistas.
2557 5857 2687 5900 Sunt.
