4080 6360
291 352 422 409 I585

290 468 444 522 nostri
466 465 602 531 estis,
628 465 698 519 eis
717 463 803 533 qui
846 477 932 516 vos
957 459 1191 522 oderunt,
1218 464 1264 509 et
1282 454 1368 525 qui
1410 466 1496 506 vos
1539 448 1863 503 detestantur.

288 558 419 629 Quid
444 554 567 612 est?
620 555 865 611 Radiavit
914 552 1027 617 lux,
1076 546 1309 605 ostendit
1356 540 1738 599 fraternitatem
1771 555 1783 591 :
1811 544 1865 590 et

288 627 460 704 adhuc
489 648 617 704 dicit
641 648 836 717 lippus,
880 640 1080 699 Claude
1124 639 1429 694 fenestram.
1458 631 1645 688 l’rmbe
1684 627 1870 683 oculos

293 753 409 796 tuos
429 740 537 796 luci
566 755 580 792 :
614 751 842 808 agnosce
870 735 1089 789 fratrem
1121 731 1176 785 iu
1206 726 1440 784 tenebris
1472 738 1577 779 non
1605 719 1867 775 constitu-
1954 798 1957 801 Α

289 839 421 895 tum,
443 830 497 883 in
521 826 755 883 tenebris
776 824 1129 881 constitutus:
1151 827 1207 875 et
1223 818 1326 883 dic,
1348 816 1434 871 dic
1451 828 1690 874 securus,
1710 808 1870 863 verba

294 922 383 976 Dei
409 920 545 975 dicis
570 927 626 974 et
654 933 759 973 non
799 931 940 972 mea.
970 914 1155 977 Dicite,
1183 910 1315 966 dicit
1340 909 1502 970 Deus,
1536 904 1750 959 Fratres
1775 917 1870 956 no-

292 1016 378 1068 stri
400 1013 522 1068 estis
544 1028 565 1066 :
593 1009 828 1082 quibus?
852 1009 921 1061 eis
947 1006 1034 1079 qui
1075 1020 1162 1058 vos
1189 1002 1420 1056 oderunt.
1451 997 1582 1054 Nam
1614 993 1740 1066 quid
1770 993 1872 1047 mi-

290 1120 412 1159 rum
429 1104 478 1159 si
509 1101 685 1156 dicitis
706 1100 786 1155 eis
810 1098 899 1169 qui
944 1110 1042 1151 vos
1067 1091 1329 1165 diligunt?
1352 1089 1449 1144 His
1485 1088 1571 1159 qui
1611 1102 1699 1140 vos
1742 1084 1867 1138 ode-

292 1203 428 1258 rum1
455 1203 504 1247 et
531 1192 617 1258 qui
639 1208 724 1245 vos
750 1190 1076 1243 detestantur.
1097 1183 1295 1255 thuid
1323 1182 1460 1237 hoc?
1482 1178 1637 1244 Audi,
1669 1186 1720 1233 et
1746 1191 1873 1230 cau-

292 1299 364 1339 sa:
417 1284 596 1355 aspice
638 1282 889 1338 fructum.
941 1280 1096 1335 Velut
1136 1274 1544 1344 interrogaveris
1586 1271 1872 1328 Dominum

293 1376 457 1429 Deum
491 1385 658 1440 tuum,
714 1382 770 1428 et
816 1372 1034 1435 dixeris,
1076 1368 1322 1434 Domine,
1359 1363 1626 1437 quomodo
1676 1362 1867 1427 dicam,

292 1465 481 1521 Frater
503 1480 651 1519 meus
700 1479 782 1529 es,
821 1462 911 1532 qui
939 1462 1067 1524 odit,
1095 1459 1184 1530 qui
1207 1456 1535 1513 deteSIatur?
1564 1454 1660 1509 Dic
1681 1466 1869 1522 quare.

293 1556 364 1611 Ut
398 1572 578 1610 nomen
619 1553 824 1608 Domini
874 1552 1251 1620 honoriﬁcetur.
1300 1548 1558 1616 Appareat
1596 1542 1673 1598 vel
1713 1544 1765 1597 in
1780 1544 1875 1612 ju-

291 1648 593 1702 cunditate:
616 1646 715 1717 ipsi
742 1655 908 1698 autent
949 1642 1238 1697 erubescant
1278 1638 1446 1711 (lsai.
1492 1652 1635 1702 uvt,
1663 1636 1717 1700 5,
1770 1650 1869 1688 sec.

290 1737 505 1807 LXX).
552 1737 702 1802 Vide,
752 1737 1013 1799 obsecro,
1071 1734 1301 1789 fructum
1348 1730 1655 1801 patientite,
1712 1736 1875 1781 tanttc

293 1827 733 1883 mansuetudinis.
767 1826 953 1892 Dicite,
997 1823 1206 1878 Fratres
1227 1823 1382 1877 nostri
1397 1821 1533 1875 estis.
1565 1817 1773 1887 Quare?
1806 1814 1875 1871 Ut

292 1938 474 1975 nomen
525 1919 730 1974 Domini
791 1919 1167 1987 honori/iretur.
1215 1916 1390 1984 Quare
1435 1923 1612 1969 autem
1660 1928 1766 1967 non
1822 1920 1875 1966 te

291 2015 537 2083 agnoscit
563 2011 830 2067 fratrem?
859 2011 990 2078 Quia
1020 2024 1214 2066 nomen
1246 2007 1475 2063 hominis
1498 2006 1744 2060 homines
1776 2003 1874 2057 bo-

294 2103 611 2157 norificavit.
636 2103 778 2172 Ergo
808 2101 912 2168 die,
940 2101 1127 2155 Frater
1167 2113 1319 2154 meus
1350 2097 1567 2153 :oderis
1606 2096 1750 2160 licet,
1781 2094 1879 2149 de-

298 2197 511 2250 testeris
539 2194 677 2259 licet,
712 2193 877 2249 frater
901 2207 1051 2248 meus
1090 2207 1171 2246 es.
1204 2192 1455 2267 Agnosce
1484 2188 1535 2242 in
1569 2196 1620 2241 te
1662 2187 1873 2256 signum

295 2286 461 2356 patris
483 2287 607 2340 mei.
638 2286 827 2341 Sermo
859 2285 1023 2355 patris
1048 2282 1236 2337 nostri.
1281 2280 1415 2335 Male
1441 2276 1626 2345 frater,
1650 2276 1878 2346 litigiosa

293 2380 476 2440 frater,
503 2378 666 2432 frater
686 2393 837 2433 meus
863 2393 922 2432 es
966 2386 1043 2431 tu.
1074 2375 1219 2430 Dicis
1255 2373 1452 2429 etenim
1489 2381 1564 2439 tu,
1609 2369 1877 2441 quomodo

294 2478 345 2522 et
372 2484 493 2536 ego,
532 2467 684 2521 Pater
734 2477 903 2521 noster
952 2466 1037 2535 qui
1089 2483 1139 2520 es
1175 2466 1227 2518 in
1273 2464 1409 2518 ctelis
1452 2462 1664 2533 (Matth.
1693 2476 1764 2527 vt,
1797 2458 1874 2531 9).

298 2558 470 2614 Unum
498 2559 727 2613 dicimus
752 2575 767 2611 :
800 2573 963 2627 quare
990 2558 1043 2611 in
1084 2570 1191 2612 uno
1222 2571 1326 2610 non
1356 2552 1582 2609 sumus?
1612 2552 1758 2622 Rogo
1802 2559 1876 2614 te,

296 2651 481 2716 frater,
513 2664 743 2720 agnosce
783 2648 923 2720 quod
972 2663 1180 2703 mecum
1229 2646 1380 2709 dicis,
1410 2654 1465 2699 et
1509 2644 1700 2699 damna
1738 2639 1880 2711 quod

294 2752 479 2797 contra
508 2758 592 2797 me
622 2743 771 2796 facis.
802 2741 1035 2797 Adverte
1056 2740 1214 2795 verba
1243 2738 1491 2794 exeuntia
1531 2736 1599 2791 de
1640 2749 1735 2789 ore
1762 2743 1873 2788 tuo.

297 2832 458 2897 Audi,
517 2849 621 2886 non
674 2849 796 2899 me,
845 2831 939 2886 sed
985 2838 1057 2886 te.
1108 2830 1238 2885 Vide
1283 2828 1365 2883 cui
1420 2827 1667 2891 dicimus,
1722 2822 1880 2876 Pater

299 2932 468 2976 noster
508 2923 594 2992 qui
648 2939 700 2976 es
744 2923 797 2975 in
845 2922 1001 2976 cretis.
1047 2919 1165 2975 Non
1207 2919 1430 2984 amicus,
1480 2931 1585 2971 non
1631 2914 1879 2977 vicinus;

299 3016 395 3069 sed
447 3015 562 3084 ipse
586 3015 671 3069 cui
698 3014 946 3077 dicimus,
993 3011 1320 3068 concordare
1360 3025 1458 3065 nos
1484 3009 1654 3079 jubet.
1712 3006 1883 3062 Simul

300 3106 564 3161 habemus
581 3106 721 3176 apud
746 3107 954 3160 Patrem
982 3121 1143 3161 unam
1162 3119 1346 3160 vocem
1370 3120 1385 3159 :
1408 3117 1572 3174 quare
1594 3116 1699 3156 non
1725 3098 1883 3156 simul

300 3200 561 3254 habemus
587 3215 745 3253 unam
776 3199 995 3269 pacem?

371 3294 427 3347 5.
460 3291 559 3345 Pia
585 3309 739 3361 opera
768 3309 860 3363 pro
891 3290 1133 3345 Ecclesia:
1156 3287 1425 3343 obtinenda
1455 3302 1595 3359 pace.
1620 3283 1886 3356 Jejunium

299 3388 525 3438 solemne
561 3395 672 3454 post
702 3382 1050 3437 Pentecosten.
1082 3379 1415 3450 Hospitalitas
1449 3380 1501 3432 in
1531 3393 1615 3431 eos
1646 3376 1732 3447 qui
1762 3374 1887 3429 Car-

302 3476 563 3545 lltaginem
592 3475 793 3528 veniunt
818 3473 1102 3536 collationis
1129 3488 1302 3525 causa.
1330 3469 1479 3524 Talia
1505 3466 1665 3522 dicite
1690 3465 1885 3519 arden-

305 3578 407 3634 ter,
440 3568 603 3621 dicite
630 3567 839 3621 leuiter.
874 3566 1041 3620 Dicite
1075 3563 1324 3619 ardentes
1360 3562 1564 3615 fervore
1593 3556 1886 3621 charitatis,

304 3678 412 3715 nun
433 3672 641 3714 tumore
657 3659 1023 3724 dissensionis,
1042 3668 1097 3714 et
1111 3656 1468 3726 deprecamini
1486 3653 1760 3707 uobiscum
1780 3651 1887 3705 Do-

305 3752 509 3806 minum
540 3751 868 3805 solemnibus
892 3750 1129 3820 jejuniis.
1154 3749 1282 3815 Quae
1315 3747 1425 3817 jam
1459 3745 1730 3800 reddimus
1756 3743 1887 3809 Deo,

306 3843 595 3898 reddamus
638 3852 692 3897 et
738 3857 835 3913 pro
874 3855 1051 3896 causa.
1092 3839 1207 3895 Jam
1253 3839 1393 3893 enim
1434 3836 1736 3907 jejunamus
1773 3842 1892 3902 post

308 3937 664 3990 Pentecosten
730 3933 1039 3987 solemniter
1083 3948 1098 3984 :
1148 3941 1200 3985 et
1251 3929 1430 3998 utique
1477 3927 1844 3997 jejunarcmus
1871 3966 1888 3991 ,

309 4025 519 4079 etiamsi
561 4025 659 4078 ista
689 4038 847 4078 causa
875 4037 978 4077 non
1003 4030 1163 4076 esset.
1188 4019 1324 4088 Quid
1347 4033 1477 4087 ergo
1501 4018 1755 4072 debemus
1782 4014 1893 4069 fra-

312 4120 483 4173 tribus
506 4114 724 4180 tiostris,
751 4131 884 4185 quos
909 4115 960 4168 in
985 4113 1200 4169 nomine
1223 4112 1427 4166 Domini
1450 4111 1543 4165 Dei
1566 4109 1754 4175 nostri,
1778 4124 1893 4163 me-

313 4210 419 4265 dici
448 4208 635 4272 nostri,
661 4205 925 4261 curandos
951 4204 1321 4273 sanandosque
1343 4201 1681 4271 suscipimus,
1706 4199 1781 4253 illi
1807 4197 1893 4252 of-

311 4305 547 4358 ferentes
570 4309 625 4353 ut
645 4309 916 4365 sanentur,
944 4313 1050 4352 non
1078 4297 1229 4350 nobis
1255 4309 1444 4349 manus
1472 4292 1663 4347 medici
1696 4305 1897 4361 praesu-

310 4392 558 4449 mentes?
582 4390 684 4445 Sed
708 4390 831 4460 quid
859 4388 1117 4443 facimus?
1142 4388 1499 4455 Deprecemur
1523 4384 1695 4453 ipsum
1722 4382 1895 4436 medi-

310 4507 433 4548 cum
464 4531 481 4556 ,
540 4489 846 4557 jejunautes
910 4484 1093 4539 humili
1145 4482 1348 4547 corde,
1402 4480 1484 4549 pia
1538 4476 1893 4540 confessione,

313 4585 507 4639 timore
551 4583 807 4636 fraterno.
833 4576 1192 4633 Eshibeamus
1227 4573 1450 4627 Domino
1493 4570 1763 4640 pietatem,
1795 4568 1897 4622 fra-

313 4678 486 4732 tribus
506 4674 843 4730 charitatem.
867 4670 1121 4725 Crescunt
1141 4665 1283 4720 enim
1304 4664 1657 4732 eleemosynzn
1678 4670 1893 4725 nostrae,

310 4770 507 4840 quibus
549 4765 902 4847 exaudiantur
946 4761 1155 4816 facilius
1198 4757 1465 4811 orationes
1504 4763 1700 4807 nostra:
1725 4753 1763 4804 ί.
1791 4751 1899 4805 Ho-

310 4859 660 4928 spitalitatem
682 4843 981 4909 sectamini.
1000 4851 1233 4918 Tempus
1253 4854 1335 4902 est
1353 4863 1365 4898 :
1386 4844 1523 4900 servi
1550 4844 1639 4899 Dei
1659 4843 1894 4897 veniunt.

312 4950 550 5018 Tempus
577 4957 681 5011 est,
710 4945 921 5000 occasio
964 4950 1067 5007 est,
1108 4954 1274 5009 quare
1313 4937 1482 5006 perit?
1516 4934 1744 4989 Attende
1771 4934 1897 5004 quid

312 5041 479 5095 habes
525 5039 580 5092 in
618 5035 892 5092 caenaculo
931 5033 1123 5087 domus
1160 5039 1266 5084 tua:
1285 5030 1325 5080 ¹.
1350 5025 1580 5082 Attende
1603 5035 1654 5081 et
1684 5041 1895 5080 sursum

310 5131 438 5202 quid
470 5143 720 5199 reponas,
752 5124 878 5196 quid
908 5123 1003 5177 tibi
1043 5135 1244 5183 serves,
1277 5118 1344 5173 de
1368 5132 1475 5187 quo
1500 5115 1749 5171 thesauro
1781 5116 1899 5171 solo

314 5239 538 5278 securus
565 5236 648 5276 es.
676 5220 822 5273 Pone
854 5230 1087 5277 sursum,
1108 5209 1421 5267 commenda
1452 5224 1556 5263 non
1594 5222 1749 5263 servo
1783 5216 1895 5273 tuo,

315 5315 408 5369 sed
440 5313 666 5367 Domino
694 5319 802 5363 tuo.
832 5304 1095 5375 Numquid
1124 5303 1229 5357 illic
1264 5302 1419 5356 times
1448 5314 1514 5354 ne
1544 5299 1629 5353 fur
1652 5298 1895 5366 obrepat,

314 5422 385 5462 ne
422 5403 673 5459 etl‘mctor
711 5397 945 5461 invadat,
986 5411 1053 5450 ue
1096 5393 1264 5448 hostis
1311 5391 1642 5445 turbulentus
1677 5389 1897 5459 eripiat?

380 5581 397 5612 ¹
434 5586 485 5627 tn
505 5590 604 5640 uno
624 5582 728 5636 his,
752 5571 1065 5640 crebrescunt
1087 5567 1230 5640 etiam
1261 5564 1571 5640 elemosyna
1590 5570 1779 5627 vestrm,
1792 5563 1900 5629 qui-

319 5640 405 5689 bus
427 5633 756 5688 extmdimttnr
779 5633 971 5699 facilius
994 5633 1231 5699 orationes
1248 5635 1437 5699 uestra.

382 5685 403 5733 ά
431 5685 485 5749 1;;
512 5685 695 5748 eodem
721 5685 822 5757 γε’..
868 5692 1065 5745 Attende
1098 5692 1215 5756 quid
1254 5690 1395 5741 habes
1432 5688 1482 5739 in
1522 5687 1713 5740 sacculo
1734 5685 1902 5739 domus

317 5770 431 5816 ω.

1613 328 1839 387 SERMO
1875 325 2182 382 CCCLVlll‘.

3426 316 3565 374 11⁵386

1976 438 2080 493 Fac
2107 448 2160 493 ul
2185 439 2377 495 habeas
2407 440 2544 511 quod
2577 441 2667 497 tibi
2690 441 2963 497 reddatur.
2992 441 3100 498 Nec
3130 442 3230 496 hoc
3258 442 3352 497 tibi
3377 441 3554 497 reddi-

1978 532 2122 597 tur‘,
2148 532 2285 601 quod
2323 534 2581 602 prsueris.
2619 535 2992 591 Feucratorcm
3034 546 3084 591 te
3124 538 3226 591 vult
3269 536 3550 600 Dominus,

1975 624 2066 677 sed
2093 638 2267 689 suum,
2298 639 2400 678 non
2430 625 2654 695 proximi
2680 628 2775 681 tui.

2383 780 2613 836 SERMO
2660 772 2949 837 CCCLVltl
2980 788 2997 806 ο
3027 783 3126 854 (τι).

2470 913 2544 968 De
2571 931 2694 983 pace
2711 924 2758 970 et
2787 916 3050 970 charitate.

2026 1065 2308 1130 carthagine
2332 1067 2539 1129 habitus,
2563 1076 2678 1120 ante
2695 1068 3001 1121 collationem
3023 1084 3131 1122 cum
3153 1072 3424 1134 Donatistis,
3450 1088 3507 1122 ιι.

2048 1217 2101 1270 1.
2133 1215 2286 1270 Pacis
2310 1216 2643 1271 concilianda:
2666 1233 2787 1271 cura
2812 1217 3071 1273 catholicis
3099 1218 3372 1288 episcopis.
3409 1216 3561 1272 Vinci

1976 1306 2149 1361 nolens
2173 1324 2204 1360 a
2231 1307 2458 1371 veritate,
2503 1307 2715 1361 uincitur
2760 1306 2822 1361 ab
2869 1324 3056 1363 errore.
3095 1307 3287 1364 Curam
3318 1319 3557 1366 nostram

1978 1413 2074 1468 pro
2104 1398 2285 1463 vobis,
2328 1408 2384 1453 et
2408 1414 2505 1469 pro
2530 1399 2759 1453 inimicis
2801 1400 2999 1456 nosuis
3023 1408 3079 1456 et
3100 1394 3336 1469 vestris,
3359 1410 3415 1458 et
3458 1419 3556 1473 pro

1973 1491 2145 1543 salute
2172 1490 2411 1544 omnium
2432 1531 2448 1555 ,
2480 1504 2576 1559 pro
2604 1491 2781 1561 quiete
2799 1534 2815 1558 ,
2842 1506 2939 1561 pro
2975 1506 3102 1562 pace
3125 1494 3430 1562 communi,
3459 1508 3567 1564 pro

1976 1580 2177 1633 unitate
2213 1595 2369 1649 quam
2404 1580 2655 1635 Dominus
2693 1582 2882 1650 jussit,
2925 1582 3178 1637 Dominus
3219 1583 3421 1653 diligit,
3459 1583 3558 1639 ad-

1971 1670 2157 1741 juvent
2185 1685 2368 1740 preces
2393 1671 2696 1726 Sanctitatis
2725 1666 2943 1739 vestrae,
2977 1682 3036 1727 ut
3062 1673 3129 1729 de
3159 1673 3243 1727 illa
3265 1674 3555 1730 identidem

1974 1770 2033 1817 et
2058 1761 2124 1815 ad
2148 1776 2241 1816 vos
2270 1762 2565 1831 loquamur,
2596 1770 2650 1817 et
2674 1763 2944 1818 vobiscum
2973 1763 3316 1833 gaudeamus.
3347 1766 3567 1820 Etenim

1976 1851 2045 1907 de
2075 1867 2203 1922 pace
2223 1860 2276 1907 et
2304 1852 2562 1907 charitate
2591 1852 2766 1923 loqui,
2799 1853 2842 1908 si
2862 1869 3073 1924 semper
3101 1870 3371 1918 amamus.
3413 1870 3557 1911 sem-

1976 1958 2073 2015 per
2098 1943 2372 1999 debemus.
2406 1942 2569 1997 Multo
2597 1944 2763 2014 magis
2782 1959 2909 2015 ergo
2932 1945 3032 1999 isto
3055 1953 3290 2015 tempore
3308 1986 3324 2011 ,
3345 1944 3562 2016 quando

1978 2050 2081 2105 pax
2108 2034 2185 2089 sic
2204 2044 2411 2088 amatur
2429 2075 2444 2100 ,
2473 2034 2602 2088 utin
2626 2034 2859 2103 periculo
2874 2034 2989 2104 ejus
3018 2035 3259 2089 amanda:
3288 2044 3343 2090 et
3370 2036 3559 2091 tenen-

1975 2123 2062 2179 dae
2085 2125 2356 2180 constituti
2385 2125 2489 2189 illi,
2511 2124 2703 2195 quibus
2731 2124 2928 2179 malum
2959 2140 3054 2194 pro
3082 2126 3223 2180 malo
3249 2141 3352 2181 non
3384 2127 3564 2181 reddi-

1981 2233 2100 2271 mus
2119 2258 2133 2279 ,
2165 2228 2218 2271 et
2244 2231 2365 2271 cum
2393 2216 2606 2287 quibus,
2632 2216 2769 2270 sicut
2794 2216 3049 2286 scriptum
3070 2225 3149 2272 est
3168 2258 3184 2283 ,
3211 2216 3335 2272 odio
3362 2216 3562 2273 haben-

1982 2311 2119 2365 tibus
2144 2325 2328 2379 pacem
2356 2325 2538 2366 sumus
2567 2309 2768 2380 paciﬁci
2789 2352 2804 2377 ,
2848 2319 2902 2366 et
2927 2310 3047 2381 quia
3078 2326 3262 2381 pacem
3296 2310 3564 2381 loquimur

1980 2403 2078 2467 eis,
2095 2402 2363 2458 debellare
2382 2418 2479 2459 nos
2500 2402 2681 2457 volunt
2714 2401 2876 2473 gratis
2896 2401 3065 2473 (Psal.
3080 2416 3229 2476 ctus,
3251 2400 3329 2473 '7).
3349 2402 3565 2473 llliergo

1980 2495 2070 2564 qui
2088 2494 2221 2549 tales
2243 2502 2385 2558 sunt,
2412 2494 2774 2564 periclitantur
2790 2494 2929 2550 inter
2948 2509 3183 2549 amorem
3205 2496 3349 2564 pacis
3371 2503 3424 2550 et
3445 2509 3565 2550 con-

1982 2586 2247 2642 fusionem
2273 2586 2524 2657 pudoris:
2556 2601 2655 2643 nec
2672 2586 2721 2641 id
2743 2595 2924 2657 agunt,
2947 2601 3068 2642 cum
3088 2588 3228 2642 vinci
3252 2588 3436 2643 nolunt
3457 2629 3473 2653 ,
3507 2598 3566 2641 ut

1983 2678 2161 2733 invicti
2187 2678 2311 2733 sint.
2335 2677 2432 2748 Qui
2456 2677 2597 2733 enim
2622 2676 2802 2732 vincia
2823 2678 3045 2733 veritate
3068 2678 3275 2744 nolunt,
3294 2679 3361 2732 ab
3380 2693 3566 2733 errore

1984 2770 2286 2825 vincuntur.
2327 2767 2372 2824 0
2409 2769 2455 2823 si
2481 2782 2573 2822 eos
2598 2767 2831 2823 charitas
2857 2769 3033 2837 potius
3060 2783 3217 2837 quam
3258 2769 3568 2824 animositas

1984 2860 2295 2930 superaret!
2332 2858 2458 2914 Inde
2484 2859 2714 2913 victores
2752 2857 2968 2922 fierent,
3016 2858 3156 2913 unde
3199 2858 3321 2913 victi
3361 2868 3564 2914 essent.

1985 2949 2094 3005 Nos
2118 2960 2294 3003 autem
2324 2948 2616 3003 Ecclesium
2643 2948 2955 3003 catholicam
2976 2989 2993 3014 ,
3033 2947 3100 3001 ad
3129 2949 3283 3016 cujus
3304 2963 3485 3014 pacem
3514 2957 3583 3002 et.

1986 3040 2323 3095 concordiam
2363 3047 2419 3093 et
2458 3039 2945 3093 reconciliationem
2996 3038 3278 3093 iuvitamus
3324 3038 3569 3092 inimicos

1986 3131 2135 3201 ejus,
2172 3145 2279 3186 non
2309 3129 2556 3185 humanis
2576 3129 2944 3199 opinionibus,
2977 3128 3069 3183 sed
3110 3129 3302 3183 divinis
3328 3131 3566 3183 testimo-

1987 3224 2115 3287 niis,
2163 3237 2430 3285 amamus,
2477 3231 2717 3276 tenemus
2770 3230 2825 3276 et
2864 3220 3216 3276 defendimus.
3264 3220 3401 3288 Quid
3444 3235 3567 3275 cum

1988 3314 2079 3369 illo
2098 3328 2282 3383 agam,
2314 3313 2403 3382 qui
2428 3328 2523 3383 pro
2542 3320 2693 3383 parte
2713 3312 2939 3377 clamat,
2972 3321 3025 3366 et
3053 3320 3236 3368 contra
3266 3320 3431 3367 totum
3460 3311 3569 3364 liti-

1987 3408 2117 3478 gat?
2140 3407 2329 3462 Nonne
2351 3406 2547 3462 bonum
2581 3407 2654 3460 illi
2681 3414 2763 3461 est
2787 3406 2922 3459 vinci
2944 3446 2958 3465 .
2990 3405 3077 3475 qui
3104 3408 3147 3460 si
3180 3406 3349 3460 victus
3378 3404 3566 3468 fuerit.

1992 3508 2158 3553 totum
2184 3498 2411 3560 tenebit;
2444 3497 2486 3552 si
2519 3497 2720 3560 vicerit,
2756 3498 2808 3549 in
2842 3505 2989 3565 parte
3019 3495 3359 3551 remanebit?
3386 3494 3497 3549 lmo
3523 3497 3578 3549 si

1991 3592 2203 3647 vincere
2227 3591 2330 3646 sibi
2356 3590 2638 3645 videbitur.
2668 3589 2799 3644 Nam
2839 3604 2945 3644 non
2988 3588 3152 3647 vincit
3180 3588 3281 3643 nisi
3324 3590 3523 3643 veritas
3553 3605 3570 3641 :

1990 3684 2207 3739 victoria
2234 3684 2473 3739 veritatis
2499 3692 2582 3737 est
2610 3682 2862 3737 charitas.

2061 3774 2117 3827 2.
2144 3773 2450 3828 Testimonia
2475 3789 2566 3844 pro
2589 3772 2827 3827 Ecclesia:
2846 3771 3107 3826 catholica:
3123 3772 3331 3825 unitate.
3355 3768 3576 3826 Conten-

1995 3868 2064 3922 tio
2089 3866 2451 3920 catholicorum
2466 3864 2716 3935 quomodo
2744 3863 3026 3917 dilectionis
3050 3871 3142 3929 est,
3164 3878 3265 3916 non
3287 3862 3407 3916 litis.
3436 3860 3574 3929 Quid

1995 3972 2123 4027 ergo
2148 3956 2327 4022 vobis,
2375 3955 2567 4010 fratres
2586 3996 2601 4021 ,
2636 3954 2926 4009 Ecclesium
2954 3952 3266 4008 catholicam
3293 3960 3407 4007 toto
3444 3952 3580 4006 orbe

1998 4058 2259 4103 terrarum
2302 4045 2706 4101 fructificantem
2745 4052 2904 4114 atque
2929 4050 3255 4098 crescentem
3298 4056 3576 4097 commeo.

1996 4137 2118 4193 dem
2144 4135 2326 4191 multis
2345 4135 2521 4190 verbis
2542 4177 2556 4201 ,
2587 4143 2643 4189 et
2678 4133 2831 4187 meis.
2860 4132 3128 4187 Habemus
3154 4131 3318 4185 verba
3367 4128 3587 4183 Domini,

1999 4243 2095 4297 pro
2116 4226 2233 4293 illa,
2264 4235 2317 4281 et
2342 4240 2440 4295 pro
2460 4224 2632 4279 nobis.
2663 4223 2912 4277 Dominus
2930 4261 2945 4287 ,
2979 4220 3180 4291 inquit,
3207 4219 3335 4273 dixit
3364 4217 3431 4273 ad
3457 4234 3579 4271 me:

2000 4318 2167 4373 Filius
2186 4334 2323 4372 meus
2347 4334 2398 4371 es
2420 4325 2473 4370 tu
2490 4358 2505 4383 ,
2533 4332 2624 4387 ego
2650 4314 2799 4369 hodie
2824 4314 2975 4385 genui
3002 4322 3067 4367 te.
3096 4310 3309 4367 Postulo
3337 4327 3369 4364 a
3389 4326 3468 4363 me
3486 4351 3502 4373 ,
3531 4319 3578 4364 et

1998 4410 2129 4465 dabo
2150 4410 2238 4464 tibi
2257 4418 2425 4480 gentes
2441 4408 2782 4463 Itwreditatem
2804 4415 2963 4472 tuam,
2992 4415 3039 4460 et
3064 4405 3422 4475 possessionem
3440 4412 3581 4456 tuam

2001 4504 2126 4570 ﬁnes
2155 4511 2301 4556 terra:
2337 4499 2512 4571 (Psal.
2540 4515 2595 4565 ιι,
2628 4500 2660 4554 7
2690 4508 2733 4552 et
2757 4496 2852 4569 8).
2885 4497 3061 4565 Quare
3083 4511 3229 4566 ergo,
3273 4493 3487 4559 fratres,
3513 4493 3586 4548 de

2000 4593 2338 4665 possessione
2366 4592 2652 4662 litigamus,
2685 4599 2738 4645 et
2778 4604 2883 4644 non
2924 4587 3100 4657 potius
3137 4595 3346 4640 sanctas
3374 4583 3582 4638 tabulas

2001 4683 2330 4739 recitamus?
2362 4682 2583 4737 Venisse
2630 4695 2728 4735 nos
2770 4680 3051 4750 opinemur
3095 4676 3162 4731 ad
3205 4675 3461 4746 judicem.
3506 4674 3583 4729 De

2001 4774 2339 4845 possessione
2361 4771 2630 4827 contentio
2651 4778 2770 4825 est:
2800 4778 2852 4823 et
2880 4768 2994 4823 haec
3016 4766 3288 4821 contentio
3317 4780 3422 4820 non
3451 4762 3577 4826 litis,

2001 4864 2097 4920 sed
2126 4863 2427 4918 dilectionis
2447 4870 2547 4917 est.
2582 4861 2816 4927 Denique
2855 4858 3091 4930 litigator
3111 4867 3337 4912 terrenae
3365 4869 3583 4926 posses-

2002 4955 2169 5009 sionis
2193 4953 2259 5008 ad
2291 4955 2391 5008 hoc
2410 4952 2593 5021 litigat,
2623 4958 2680 5005 ut
2701 4949 2951 5005 excludat
2975 4948 3339 5005 adversarium
3363 4964 3376 4996 :
3404 4960 3502 4999 nos
3527 4954 3586 4999 ut

2002 5044 2437 5099 intromittamus.
2470 5042 2725 5111 Litigator
2769 5049 2992 5095 terrente
3027 5036 3415 5108 possessionis,
3460 5051 3585 5091 cum

2002 5134 2229 5190 audierit
2266 5132 2627 5188 adversarium
2656 5131 2919 5185 dicentem
2942 5170 2957 5194 ,
3001 5127 3284 5184 Possidere
3313 5127 3473 5190 volo;
3499 5141 3593 5180 re-i

2003 5222 2251 5295 spondet,
2281 5221 2396 5276 Non
2424 5222 2691 5290 permitto.
2723 5218 2836 5291 Ego
2859 5228 3034 5274 autem
3064 5219 3211 5273 fratri
3231 5218 3373 5283 dico,
3402 5216 3584 5271 Possi-

2004 5316 2132 5371 deas
2158 5328 2362 5368 mecum
2390 5313 2512 5367 volo
2540 5330 2553 5366 :
2586 5312 2674 5367 ille
2698 5311 2952 5382 lltigando
2977 5311 3134 5376 dicit,
3156 5309 3309 5364 Nolo.
3340 5307 3455 5363 Non
3487 5308 3584 5361 ita-

2005 5423 2109 5478 que
2138 5406 2298 5461 timeo
2324 5419 2391 5459 ne
2415 5413 2721 5459 contemnat
2759 5418 2846 5459 me
2870 5402 3161 5467 Dominus,
3204 5408 3259 5455 et
3294 5397 3580 5467 corripiat,

2058 5563 2087 5596 ἰ
2123 5569 2174 5610 tn
2187 5573 2288 5610 uno
2309 5567 2411 5618 Ms.,
2436 5567 2529 5610 Nec
2551 5558 2639 5609 hoc
2661 5555 2746 5609 tibi
2766 5538 2920 5607 solum
2940 5554 3179 5613 redditur,
3199 5549 3327 5618 quod

2020 5652 2035 5695 ζ
2069 5624 2088 5642 ·
2100 5610 2409 5695 .Emendatus'
2419 5622 2477 5671 ad
2501 5629 2605 5671 Mss.
2626 5626 2679 5669 et
2694 5620 2804 5668 Edd.
2826 5621 2875 5667 in
2891 5628 3117 5668 sermone
3135 5610 3429 5683 pricede'nti
3442 5610 3586 5666 modo

2005 5685 2110 5735 desi
2181 5691 2302 5732 atos.

2072 5698 2303 5809 ((311325,
2320 5746 2447 5795 inter
2468 5742 2822 5794 sirmondianos
2837 5740 2917 5790 56.
