4046 6360
521 339 655 396 158¹τ

517 480 654 534 sicut
695 478 812 533 illos
839 475 1060 540 fratres,
1090 470 1177 527 vei
1201 472 1346 526 illum
1374 470 1620 534 fratrem,
1651 469 1742 539 qui
1770 484 1890 523 eum
1923 469 2092 523 inter-

517 570 734 640 pellavit
753 569 806 622 in
832 565 1026 638 populo
1050 605 1066 628 ,
1090 573 1144 619 et
1169 564 1242 617 ait
1269 581 1282 616 :
1314 561 1531 617 Domine
1550 603 1565 626 ,
1592 561 1672 615 dic
1699 561 1844 632 fratri
1873 577 1980 613 meo
2000 601 2018 626 ,
2045 570 2098 612 ut

515 662 706 714 dividat
748 675 940 713 meeum
987 655 1348 710 hwreditatem.
1393 653 1656 708 Continuo
1684 651 1936 706 Dominus
1976 667 2098 716 pro-

515 749 696 804 ferens
722 747 1136 817 eorrcptionem,
1187 746 1310 815 quia
1355 744 1543 799 oderat
1587 740 2094 807 divisionemzbic,

515 844 665 896 Iconio
684 883 697 903 ,
731 841 935 910 inquit,
967 839 1077 908 quis
1101 855 1180 892 me
1208 837 1464 891 constituit
1480 835 1742 906 judicem,
1773 845 1860 887 aut
1900 835 2091 888 diviso-

515 947 623 985 rem
649 931 953 985 haereditatis
975 916 1104 983 inter
1126 945 1210 983 vos
1227 929 1253 982 2
1284 927 1396 998 Ego
1417 936 1584 981 autem
1604 927 1715 980 dico
1743 925 1898 988 vobis,
1928 935 2097 979 cavete

513 1021 577 1074 ab
598 1022 733 1074 omni
768 1017 1208 1091 cupiditate(Luc.
1252 1034 1358 1083 ιιι,
1391 1018 1596 1087 15-15).
1628 1017 1781 1070 Istam
1806 1018 2096 1086 correptio-

517 1127 640 1166 ue'm
665 1129 768 1166 non
794 1112 974 1166 timeo.
997 1110 1283 1179 luterpello
1311 1110 1452 1164 enim
1479 1109 1758 1162 Dominum
1778 1125 1954 1162 meum
1978 1149 1991 1170 ,
2019 1107 2092 1162 fa-

517 1213 635 1261 teor
658 1246 674 1270 ,
704 1203 1003 1274 interpello.
1035 1203 1148 1258 Non
1180 1213 1357 1258 tamen
1379 1202 1518 1268 dico,
1563 1201 1798 1268 Domine,
1830 1204 1912 1256 die
1946 1205 2095 1274 fratri

516 1312 651 1360 meo,
679 1304 736 1349 ut
755 1295 945 1348 dividat
965 1295 1302 1348 liwreditatem
1324 1311 1515 1348 mecum
1531 1310 1551 1348 :
1571 1294 1665 1349 sed
1686 1294 1828 1355 dico,
1850 1294 2093 1361 Domine,

519 1386 607 1442 die
627 1386 773 1442 fratri
799 1403 936 1450 meo,
970 1395 1030 1441 ut
1055 1394 1233 1441 teneat
1272 1402 1477 1441 mecum
1506 1387 1781 1442 unitatem.
1813 1385 1950 1441 Ecce
1976 1401 2094 1455 posv

519 1477 780 1534 sessionis
808 1478 965 1550 hujus
1011 1479 1212 1534 tabulas
1244 1479 1450 1545 recito,
1495 1496 1597 1534 non
1627 1480 1691 1534 ad
1728 1479 1830 1536 hoc
1860 1490 1914 1534 ut
1952 1480 2098 1535 solus

519 1569 820 1639 possideam
843 1611 858 1635 ,
889 1569 981 1626 sed
1013 1579 1068 1624 ut
1097 1571 1310 1625 fratrem
1357 1586 1536 1626 meum
1581 1587 1788 1626 mecum
1831 1571 2095 1626 nolentem

520 1659 796 1728 possidere
832 1661 1162 1715 convincam.
1208 1661 1342 1716 Ecce
1371 1661 1611 1720 tabulas.
1661 1661 1858 1716 frater:
1884 1661 2099 1716 Postulo

519 1764 554 1802 α
575 1765 687 1813 me,
713 1749 902 1820 inquit,
924 1760 972 1804 et
1006 1749 1134 1804 dabo
1159 1750 1246 1804 tibi
1269 1760 1438 1821 gentes
1469 1751 1811 1805 hereditatem
1850 1761 2019 1818 tuam,
2052 1762 2098 1806 et

520 1842 882 1912 possessionem
903 1852 1039 1895 tuam
1058 1843 1184 1910 ﬁnes
1207 1852 1369 1896 teme.
1400 1843 1610 1899 Christo
1635 1843 1834 1898 dictum
1859 1855 1962 1899 est.
1990 1844 2100 1898 No-

520 1930 606 1986 bis
624 1946 752 2002 ergo
769 1931 970 1987 dictum
989 1940 1069 1986 est
1083 1974 1097 1997 ,
1120 1934 1240 2002 quia
1267 1933 1464 1988 Christi
1485 1935 1719 1989 membra
1737 1951 1938 1990 sumus.
1963 1935 2098 2002 Quid

521 2025 693 2079 curris
722 2024 773 2080 in
805 2026 995 2095 parte?
1021 2034 1112 2079 aut
1138 2026 1264 2096 quid
1289 2042 1533 2082 remanes
1563 2027 1613 2081 in
1643 2029 1831 2097 parte?
1860 2029 1996 2084 Ecce
2022 2041 2102 2084 to—

522 2123 635 2170 tum
667 2125 786 2171 tene
814 2117 953 2185 quod
980 2117 1032 2172 in
1061 2117 1272 2173 tabulis.
1299 2119 1505 2186 Qumris
1530 2120 1666 2174 inter
1685 2137 1841 2190 quem
1867 2130 1922 2176 et
1943 2137 2099 2191 quem

523 2203 818 2272 possideas,
839 2205 1106 2275 quomodo
1128 2208 1299 2261 solent
1319 2208 1681 2263 instrumentis
1703 2211 1868 2279 qmeri
1891 2226 2103 2280 posses-

523 2306 695 2359 sores,
728 2295 865 2350 inter
885 2311 1019 2365 quos
1056 2297 1162 2352 sint
1188 2299 1393 2353 attines.
1410 2300 1512 2366 Qui
1542 2300 1634 2355 tibi
1659 2301 1804 2356 dedit
1831 2317 2018 2358 omnes
2042 2304 2104 2357 li-

525 2397 642 2446 nes,
671 2385 842 2439 nullus
860 2385 1064 2440 dimisit
1086 2385 1293 2441 affines.

596 2473 650 2528 5.
678 2471 1036 2530 Testimonium
1055 2494 1149 2546 pro
1169 2477 1418 2533 catholica
1444 2479 1685 2535 Ecclesia.
1705 2483 1862 2537 Aliud
1879 2485 2101 2539 testimo-

526 2564 686 2619 nium.
724 2566 859 2620 Audi
898 2577 1197 2623 sanctarum
1226 2570 1369 2625 aliud
1402 2571 1757 2628 testimonium
1786 2574 2101 2630 tabularum.

527 2655 605 2711 De
635 2657 857 2712 Domino
883 2658 1076 2714 dicitur
1094 2660 1304 2716 Christo
1338 2663 1389 2716 in
1418 2662 1582 2733 figura
1623 2665 1923 2720 Salomonis
1948 2684 1962 2721 :
1993 2665 2104 2721 Do-

526 2747 802 2802 minabitur
827 2766 860 2802 a
885 2751 1016 2804 mari
1040 2768 1193 2821 usque
1219 2753 1288 2806 ad
1312 2770 1469 2819 mare,
1497 2764 1540 2808 et
1568 2772 1600 2808 a
1620 2757 1830 2825 ﬂumine
1857 2774 2013 2825 usque
2035 2760 2103 2812 ad

528 2841 764 2894 terminos
792 2842 925 2895 orbis
950 2852 1113 2897 terra.
1141 2843 1427 2899 Coramillo
1445 2847 1701 2916 procidant
1723 2848 1996 2918 /Ethiopcs
2013 2892 2028 2917 ,
2054 2862 2106 2906 et

531 2933 724 2988 inimici
743 2936 850 2999 eius
869 2945 1053 2989 terram
1071 2937 1281 3008 liugent.
1320 2936 1478 3009 Reges
1494 2939 1703 2994 Tharsis
1722 2952 1767 2994 et
1786 2943 1966 2997 insula:
1994 2961 2107 2997 mu-

527 3041 652 3078 nera
672 3024 880 3091 σθεν-ειη
897 3043 917 3080 :
937 3043 1076 3098 rcges
1099 3027 1319 3083 Arabum
1341 3039 1387 3083 et
1414 3030 1552 3084 Saba
1572 3032 1706 3085 dona
1744 3034 2014 3088 adducent.
2041 3035 2108 3090 Et

532 3113 817 3168 adorabunt
836 3133 948 3169 eum
965 3134 1135 3170 omnes
1156 3135 1296 3188 reges
1315 3129 1459 3173 terra
1479 3136 1498 3174 :
1520 3138 1689 3176 omnes
1707 3135 1875 3193 gentes
1894 3127 2106 3180 servient

529 3204 625 3258 illi.
652 3203 821 3276 (Psal.
857 3222 997 3267 uxr.
1019 3207 1186 3276 8-H).
1205 3208 1425 3276 Quando
1439 3210 1734 3275 dicebatur,
1758 3213 2104 3271 credebatur:

530 3293 743 3365 quando
757 3296 1020 3365 impletur,
1044 3309 1284 3368 negatur.
1302 3299 1446 3355 Tene
1465 3316 1593 3370 ergo
1606 3317 1811 3357 mecum
1831 3305 2108 3362 haeredita-

531 3395 638 3440 tem
655 3404 684 3441 a
699 3388 826 3442 mari
841 3403 1006 3458 usque
1015 3389 1080 3444 ad
1095 3405 1258 3456 mare,
1277 3401 1369 3446 eta
1389 3391 1621 3457 ﬂumine,
1642 3395 1840 3449 scilicet
1853 3395 2106 3466 Jordane,

531 3477 620 3531 ubi
637 3487 868 3547 emptum
882 3490 964 3534 est
979 3479 1174 3535 Christi
1190 3483 1570 3552 magisterium,
1592 3500 1759 3555 usque
1772 3486 1836 3540 ad
1854 3489 2107 3542 terminos

531 3569 676 3622 orbis
700 3578 874 3623 terrm.
895 3573 1069 3636 Quare
1093 3588 1196 3626 non
1219 3573 1336 3627 vis?
1356 3573 1530 3642 Quare
1552 3574 1676 3630 huic
1700 3579 2033 3645 promissioni
2052 3589 2108 3635 et

537 3656 856 3724 hrrreditati,
880 3660 1077 3714 divitiis
1103 3657 1227 3723 tuis,
1258 3663 1501 3718 inimicus
1524 3679 1582 3720 es
1606 3665 1631 3718 ἲ
1653 3666 1828 3733 Quare
1855 3683 1958 3724 non
1989 3671 2108 3726 vis?

533 3748 758 3818 Propter
780 3751 1076 3805 Donatum?
1104 3765 1317 3823 prepter
1336 3755 1674 3812 Cmcilianum
1695 3759 1720 3813 ?
1738 3761 1867 3828 Quis
1887 3760 1986 3816 fuit
2003 3762 2112 3817 Do-i

531 3847 686 3893 natus
699 3840 724 3894 ?
735 3840 852 3911 quis
868 3841 1177 3898 Caecilianus
1190 3845 1214 3898 ?
1228 3845 1416 3916 Utique
1437 3846 1699 3904 homines.
1722 3850 1777 3905 Si
1802 3851 1922 3906 boui
1933 3895 1946 3917 ,
1968 3854 2109 3910 bono

531 3944 631 3983 suo
653 3971 669 3995 ,
699 3946 802 3985 non
835 3948 954 3988 meo
981 3952 994 3988 :
1022 3950 1148 4004 ergo
1184 3945 1238 3990 et
1261 3937 1305 3990 si
1333 3938 1488 4001 mali,
1519 3940 1658 3994 malo
1687 3955 1803 4012 suo,
1835 3958 1938 3998 non
1967 3961 2105 4000 meo.

531 4019 611 4074 Tu
641 4022 905 4078 Christum
946 4026 1126 4094 accipe
1149 4067 1164 4093 ,
1206 4037 1260 4081 et
1287 4028 1548 4084 zelantem
1575 4030 1788 4087 Christo
1815 4034 1933 4102 ejus
1960 4037 2103 4106 Apo-

531 4112 726 4166 stolum
771 4115 1018 4170 attende:
1050 4115 1311 4181 Numquid
1350 4118 1544 4174 Paulus
1588 4125 1862 4192 cruciﬁxus
1901 4138 1973 4183 est
2015 4148 2107 4200 pro

529 4203 664 4256 vobis
685 4204 713 4256 ?
734 4216 818 4256 aut
844 4208 894 4260 in
924 4209 1123 4261 nomine
1149 4206 1302 4263 Pauli
1341 4209 1583 4281 baptizati
1619 4216 1777 4270 estis?
1820 4217 1887 4274 Ut
1931 4231 2106 4277 autem

532 4291 633 4348 hoc
654 4295 855 4350 diceret
879 4337 895 4359 ,
938 4298 1055 4352 vide
1078 4299 1201 4366 quid
1230 4299 1435 4356 horruit
1465 4319 1480 4356 :
1511 4302 1866 4374 Unusquisque
1893 4323 2106 4365 vestrum

529 4381 671 4446 dicit,
709 4383 814 4452 Ego
842 4386 1039 4454 quidem
1068 4405 1180 4441 sum
1207 4388 1388 4454 Pauli,
1435 4408 1529 4461 ego
1567 4405 1734 4448 autem
1770 4399 1953 4467 Apollo
1973 4442 1988 4466 ,
2015 4418 2106 4471 ego

529 4487 644 4525 vero
684 4473 866 4544 Cepha’
885 4516 899 4537 ,
931 4493 1022 4546 ego
1045 4489 1210 4532 autem
1233 4477 1440 4535 Christi.
1484 4482 1686 4540 Divisus
1724 4499 1798 4542 est
1833 4489 2059 4545 Christus
2081 4494 2106 4546 ?

531 4559 797 4630 Numquid
847 4562 1039 4620 Paulus
1071 4584 1161 4636 pro
1187 4570 1321 4624 vobis
1347 4573 1617 4642 cruciﬁxus
1646 4587 1720 4630 est
1741 4578 1766 4630 2
1793 4589 1882 4633 aut
1923 4581 1976 4634 in
2014 4600 2106 4636 no—

529 4654 665 4707 mine
691 4653 846 4710 Pauli
873 4658 1110 4727 baptizati
1131 4661 1289 4736 estis(
1316 4663 1334 4718 l
1362 4663 1479 4718 Cor.
1525 4681 1562 4732 ι,
1596 4667 1664 4722 12
1683 4678 1728 4722 ct
1756 4671 1843 4740 l3)
1865 4671 1889 4724 ?
1914 4672 1967 4728 Si
1997 4691 2100 4729 non

531 4744 583 4798 in
616 4747 829 4802 nomine
856 4748 1043 4816 Pauli,
1075 4754 1244 4809 multo
1271 4756 1446 4812 minus
1477 4758 1528 4812 in
1559 4761 1773 4816 nomine
1801 4763 2100 4832 (Imciliani;

530 4835 698 4890 multo
736 4839 980 4908 amplius,
1008 4852 1062 4896 et
1085 4845 1250 4900 multo
1295 4847 1508 4903 minus‘
1541 4849 1591 4903 in
1638 4855 1850 4909 nomine
1892 4858 2099 4914 Donati.

530 4924 600 4979 Et
624 4936 795 4983 tamen
821 4931 995 4986 adhuc
1021 4945 1139 5002 post
1165 4939 1483 5005 apostolicas
1504 4957 1680 5008 voces,
1712 4955 1828 5014 post
1853 4948 2102 5006 Ecclesize

528 5016 941 5075 declarationem
971 5032 1025 5077 et
1065 5033 1175 5080 toto
1221 5028 1417 5083 mundo
1458 5031 1820 5090 dilatatiouem
1845 5077 1859 5101 ,
1908 5037 2104 5096 dicitur

528 5106 682 5174 mihi,
709 5109 822 5165 Non
845 5111 1052 5169 dimitto
1078 5117 1360 5184 Donatum,
1389 5138 1492 5177 non
1509 5125 1717 5182 dimitto
1741 5132 1920 5185 nescio
1942 5148 2099 5203 quem

511 5195 717 5254 'Gaium
740 5243 756 5268 ,
803 5203 1020 5259 Lucium
1051 5208 1071 5239 ’
1097 5247 1115 5275 ,
1145 5208 1548 5269 Parmenianum
1577 5233 1593 5280 ;
1655 5220 1798 5275 mille
1851 5195 2060 5279 nomina
2081 5269 2097 5294 ,

529 5290 672 5348 mille
691 5295 964 5352 scissuras.
990 5298 1230 5356 Privabis
1255 5312 1326 5369 te,
1351 5307 1620 5374 sequendo
1641 5309 1931 5379 hominem,
1955 5290 2097 5372 tanta

593 5468 1060 5548 3339.19rtaagn
1093 5472 1294 5548 nemine.
1310 5475 1597 5548 ςςεσίιξωιίι
1623 5479 1771 5548 multo
1787 5483 2011 5548 ,αηιριειιε
2052 5494 2099 5538 ει

527 5525 868 5593 Meuanas,
892 5525 1067 5584 alienat
1085 5547 1114 5584 a
1136 5542 1239 5584 Mss.
1264 5525 1606 5589 cumaea
1624 5525 2010 5593 videatis"...
2043 5525 2056 5579 ζ

590 5591 800 5666 insit-mw
823 5601 1018 5654 carum,
1052 5594 1260 5666 Lucium.
1288 5598 1575 5666 tegendum
1590 5591 1986 5666 videturtiaium,
2010 5619 2098 5660 Lu-

526 5647 654 5728 εέτιξτξ
671 5647 843 5728 istis
877 5647 1157 5718 ρτοιιδωίιιε
1191 5665 1319 5728 wet.
1339 5647 1451 5718 υἱοί
1487 5647 1987 5728 solitajr'é‘qwisa
2007 5647 2096 5720 Ea;

528 5675 686 5710 suun,
732 5675 843 5712 quae
878 5675 1157 5718 pronounua
1191 5675 1304 5706 sunt.
1339 5675 1451 5718 pom
1487 5675 1627 5710 senta

528 5713 676 5768 mine.
701 5721 752 5763 ut
773 5727 917 5777 supra
939 5729 988 5766 in
1009 5728 1237 5767 sermone
1259 5717 1336 5779 42,
1361 5732 1462 5783 cap.
1489 5720 1538 5782 3,
1561 5735 1610 5771 ιι.

1749 333 1806 389 S.
1847 327 2214 388 AUGUSTINI
2251 329 2555 386 EPISCOPI

3617 327 3780 394 1583

2207 465 2548 532 haereditate,
2587 467 2656 522 de
2686 467 2788 538 qua
2820 466 2976 523 modo
2999 467 3228 534 audisti,
3262 469 3306 522 Α
3353 469 3483 523 mari
3517 486 3672 535 usque
3707 473 3777 525 ad

2201 575 2370 624 mare,
2403 575 2434 610 a
2453 558 2661 629 ﬂumine
2687 575 2842 628 usque
2865 559 2934 612 ad
2958 561 3193 614 (emines
3219 560 3350 614 orbis
3373 569 3518 614 terra:
3537 561 3563 614 2
3604 561 3781 626 Quare

2202 651 2344 705 illam
2375 667 2478 706 non
2499 653 2684 707 leues?
2708 653 2837 720 Quia
2857 652 3125 707 hominem
3147 667 3308 706 amas.
3337 652 3470 719 Quid
3497 661 3576 707 est
3595 653 3778 716 homo,

2202 743 2302 797 nisi
2328 743 2519 797 animal
2549 743 2807 799 rationale
2837 745 3029 798 factum
3057 743 3124 798 de
3153 753 3290 798 terra
3313 743 3336 796 ?
3367 743 3489 797 Ideo
3515 757 3645 813 ergo
3673 744 3778 797 ini.

2203 831 2370 885 micus
2412 847 2503 895 es,
2531 833 2652 902 quia
2697 842 2889 887 terram
2941 834 3116 904 lingis.
3163 834 3384 903 Despice
3434 834 3535 887 hoc
3583 835 3757 903 potius

2200 920 2315 976 Noli
2343 921 2542 992 lingere
2569 931 2786 987 terram,
2816 931 2873 977 ut
2897 939 3045 994 spem
3077 937 3242 992 ponas
3275 926 3325 977 in
3360 939 3479 978 eum
3520 925 3608 994 qni
3655 923 3781 978 fecit

2200 1014 2391 1068 cmlum
2420 1024 2473 1070 et
2499 1024 2711 1069 terram.
2739 1015 2863 1069 Haec
2884 1031 3007 1085 spes
3033 1026 3211 1070 nostra
3238 1057 3253 1079 ,
3289 1017 3402 1070 haec
3450 1016 3774 1070 testimonia.

2199 1102 2338 1157 Deus
2358 1105 2560 1158 deorum
2585 1105 2831 1159 Dominus
2854 1106 3049 1160 locutus
3071 1117 3162 1170 est,
3191 1116 3237 1160 et
3258 1107 3447 1160 vocavit
3473 1116 3656 1159 terram
3680 1149 3696 1172 ,
3740 1123 3774 1160 a

2199 1193 2320 1248 solis
2345 1206 2455 1248 ortu
2481 1213 2636 1266 usque
2662 1196 2728 1248 ad
2748 1212 2976 1250 occasum
3000 1195 3018 1269 (
3048 1195 3187 1251 Psal.
3220 1213 3343 1252 nix
3366 1237 3380 1260 ,
3416 1199 3434 1252 Ι
3460 1195 3502 1269 ).
3529 1195 3647 1251 Noli
3692 1212 3778 1251 re-

2201 1301 2416 1341 manere
2441 1287 2490 1339 iu
2521 1295 2656 1340 terra
2683 1329 2697 1350 ,
2727 1286 2819 1341 sed
2849 1303 2954 1357 quo
2986 1296 3168 1341 vocata
3197 1296 3278 1343 est
3307 1296 3468 1342 terra.

2269 1377 2323 1431 4.
2351 1377 2582 1432 Charitas
2608 1378 2765 1431 latum
2793 1379 3104 1444 mandatum,
3127 1396 3225 1446 quo
3254 1397 3354 1450 pax
3379 1381 3768 1453 redintegratur.

2200 1468 2267 1523 Et
2295 1469 2413 1538 quis
2443 1479 2615 1538 potest
2647 1470 2715 1526 ibi
2760 1473 2936 1526 omnia
2966 1471 3033 1526 de
3077 1473 3267 1527 tabulis
3313 1474 3511 1528 sanctis
3557 1489 3778 1543 posses—

2201 1562 2367 1616 sionis
2411 1562 2566 1631 hujus
2613 1564 2913 1618 testimonia
2961 1564 3230 1619 recitare?
3278 1565 3453 1634 Quare
3497 1581 3624 1637 ergo
3669 1582 3774 1619 non

2201 1662 2584 1707 convertuntur
2621 1653 2687 1707 ad
2715 1653 3042 1720 Ecclesiam,
3088 1654 3187 1708 nisi
3219 1656 3339 1726 quia
3379 1655 3543 1724 ipsius
3569 1665 3650 1710 est
3673 1671 3778 1710 vox

2203 1743 2475 1806 Ecclesiu‘,
2509 1742 2874 1798 Convertuntur
2900 1749 2967 1797 ad
2993 1763 3072 1799 me
3095 1746 3182 1816 qui
3211 1747 3382 1799 timent
3408 1755 3454 1799 te
3472 1789 3485 1812 ,
3517 1755 3564 1800 et
3589 1763 3779 1817 cogno-

2202 1844 2346 1888 scant
2377 1835 2658 1888 testimonia
2687 1836 2821 1889 tua?
2857 1833 3001 1890 Vidit
3043 1835 3142 1890 hoc
3185 1837 3417 1892 Ecclesia
3438 1879 3451 1898 .
3480 1837 3620 1907 quod
3646 1838 3780 1892 dixit

2205 1923 2256 1978 in
2287 1925 2541 1979 Psalmo:
2575 1923 2732 1979 modo
2775 1925 3034 1988 audistis;
3084 1927 3314 1980 recentia
3362 1935 3485 1980 sunt
3519 1927 3674 1981 verba
3721 1914 3776 1980 in

2203 2015 2418 2069 auribus
2460 2025 2514 2069 ct
2556 2015 2804 2070 cordibus
2845 2017 3057 2071 vestris.
3117 2016 3294 2070 Omnis
3337 2017 3778 2071 consummationis

2205 2105 2308 2158 vidi
2358 2107 2531 2173 ﬁnem.
2600 2103 2734 2172 Quid
2778 2114 2899 2170 est,
2957 2104 3134 2159 Omnis
3185 2090 3626 2159 consummationis
3677 2105 3782 2159 vidi

2210 2196 2406 2266 ﬁnem?
2449 2195 2932 2250 Consummationis
2961 2195 3331 2265 perfectionis.
3379 2214 3482 2251 non
3526 2212 3778 2251 consum-

2210 2287 2404 2357 ptionis
2444 2304 2458 2341 :
2503 2287 2606 2340 vidi
2658 2288 2814 2342 linem
2865 2289 3244 2357 perfectionis,
3295 2305 3402 2344 non
3453 2291 3776 2344 abolitionis.

2209 2377 2387 2432 Omnis
2413 2379 2852 2432 consummationis
2880 2378 2984 2432 vidi
3009 2381 3181 2448 ﬁnem.
3228 2381 3356 2448 Quis
3381 2389 3460 2435 est
3487 2381 3583 2434 iste
3613 2381 3736 2434 linis
3757 2381 3784 2435 ἲ

2210 2465 2391 2520 Latum
2432 2469 2721 2522 mandatum
2766 2478 2906 2522 tuum
2947 2470 3093 2524 valde
3125 2469 3292 2541 (Psal.
3321 2486 3512 2535 cxvut,
3547 2470 3633 2536 79,
3661 2471 3777 2542 96).

2211 2557 2356 2612 Finis
2400 2559 2539 2612 enim
2595 2560 2832 2628 prtece’pti
2879 2571 2991 2624 est,
3053 2561 3161 2630 jam
3211 2576 3302 2616 vos
3359 2561 3517 2616 dicite
3568 2577 3780 2617 mecum

2209 2650 2275 2715 (a
2319 2650 2512 2719 popqu
2555 2651 2900 2704 acclamatum
2931 2651 3068 2721 est),
3113 2652 3334 2706 charitas
3373 2654 3435 2706 de
3472 2654 3619 2707 corde
3653 2670 3781 2724 puro

2211 2739 2250 2808 (Ι
2283 2738 2413 2793 Tim.
2443 2755 2479 2800 ι,
2513 2738 2592 2808 5).
2639 2739 2838 2794 Omnes
2867 2740 3108 2808 dixistis,
3140 2742 3280 2812 quod
3309 2758 3414 2796 non
3459 2744 3784 2798 infructuose

2209 2844 2420 2899 semper
2445 2829 2685 2884 audistis.
2736 2829 2883 2885 Finis
2913 2833 3148 2903 praxepti
3171 2843 3245 2886 est
3287 2833 3506 2886 charitas
3534 2833 3597 2888 de
3631 2833 3786 2887 corde

2212 2937 2356 2989 puro.
2405 2921 2552 2975 Finis
2576 2962 2590 2984 ,
2629 2937 2735 2991 quo
2763 2922 3097 2992 perficimur,
3130 2940 3233 2977 non
3260 2940 3365 2994 quo
3399 2925 3782 2980 consumimur.

2210 3011 2316 3065 Iste
2345 3012 2463 3065 linis
2509 3011 2646 3064 latus
2677 3021 2791 3076 est,
2834 3013 2954 3080 quia
2985 3013 3286 3068 mandatum
3321 3015 3410 3070 Dei
3441 3026 3555 3081 est,
3583 3015 3650 3071 de
3677 3031 3786 3087 quo

2210 3099 2408 3154 dictum
2439 3109 2541 3166 est,
2573 3100 2757 3154 Latum
2783 3103 3078 3156 mandatum
3103 3114 3242 3158 tuum
3273 3106 3438 3161 valde.
3475 3106 3782 3161 Mandatum

2212 3206 2392 3243 novum
2429 3191 2494 3242 do
2530 3190 2699 3257 vobis,
2746 3203 2798 3244 ut
2833 3209 2920 3246 vos
2955 3193 3166 3248 invicem
3203 3196 3422 3266 diligatis
3464 3195 3638 3267 (Joan.
3666 3214 3780 3260 xui,

2211 3277 2324 3350 54).
2357 3280 2492 3335 Vide
2517 3280 2845 3336 latitudinem
2881 3285 3110 3338 mandati
3141 3285 3315 3354 hujus.
3348 3286 3446 3342 Ubi
3477 3287 3634 3340 latum
3665 3291 3784 3343 est?

2213 3371 2464 3438 numquid
2512 3372 2562 3424 in
2607 3373 2812 3427 carne?
2857 3373 2913 3428 in
2956 3375 3120 3429 corde
3155 3378 3349 3444 potius.
3400 3376 3529 3432 Nam
3561 3378 3605 3432 si
3634 3388 3689 3432 et
3728 3379 3784 3434 in

2211 3475 2371 3515 carne
2401 3462 2564 3515 latum
2595 3471 2770 3530 esset,
2801 3463 3069 3519 auditores
3097 3465 3353 3532 studiosi,
3382 3469 3648 3537 angustias
3675 3485 3784 3523 non

2213 3555 2546 3624 pateremini.
2600 3555 2653 3609 In
2681 3555 2843 3610 corde
2869 3557 3032 3611 latum
3059 3566 3162 3612 est.
3213 3557 3311 3613 Ubi
3343 3558 3503 3612 latum
3533 3569 3614 3614 est
3638 3561 3784 3624 vide,

2211 3647 2254 3700 si
2287 3646 2356 3700 sit
2400 3646 2540 3701 unde
2564 3647 2780 3713 videas,
2825 3657 2880 3703 et
2923 3649 3045 3705 hinc
3090 3649 3211 3705 audi
3238 3652 3583 3721 Apostolum,
3623 3671 3783 3722 quam

2210 3736 2374 3791 latum
2413 3747 2498 3792 est
2525 3739 2829 3793 mandatum
2867 3740 3160 3797 charitatis.
3205 3742 3437 3797 Charitas
3477 3755 3643 3798 autem
3692 3745 3788 3800 Dei

2212 3827 2400 3895 diﬂ‘usa
2425 3838 2495 3882 est
2538 3831 2591 3883 in
2627 3831 2861 3884 cordibus
2884 3834 3059 3887 vestris
3085 3832 3260 3903 (Rom.
3291 3850 3346 3899 ν,
3378 3834 3456 3902 5).
3484 3835 3599 3889 Non
3627 3836 3782 3900 dixit,

2213 3919 2418 3974 inclusa
2442 3936 2456 3984 ;
2488 3919 2604 3984 sed,
2637 3920 2842 3988 diffusa.
2870 3922 3098 3977 Verbum
3125 3925 3264 3978 enim
3287 3925 3425 3993 quod
3454 3935 3535 3979 est
3563 3926 3782 3991 inclusa,

2211 4011 2365 4078 quasi
2394 4011 2662 4079 angustias
2689 4021 2843 4065 sonat
2875 4029 2888 4064 :
2925 4013 3064 4082 quod
3092 4024 3173 4068 est
3200 4013 3387 4080 diffusa
3406 4055 3422 4080 ,
3453 4015 3786 4071 latitudinem

2212 4098 2464 4154 insinuat.
2511 4099 2694 4154 Latum
2719 4117 2847 4172 ergo
2877 4103 3170 4157 mandatum
3197 4114 3338 4157 tuum
3364 4105 3528 4160 valde.
3564 4108 3787 4162 Domine

2215 4189 2353 4244 Deus
2383 4200 2580 4257 noster,
2613 4193 2844 4261 approba
2874 4195 2992 4264 quia
3021 4206 3236 4264 propter
3261 4197 3426 4265 ipsam
3456 4197 3782 4253 latitudinem

2212 4280 2404 4337 fratres
2453 4290 2666 4336 nostros
2717 4283 2782 4337 ad
2845 4286 3232 4352 possessionem
3286 4289 3430 4356 pacis
3479 4289 3783 4344 invitamus.

2213 4371 2457 4440 Episcopi
2488 4373 2646 4426 vultis
2672 4375 2836 4428 esse?
2862 4375 3143 4431 Nobiscum
3171 4387 3364 4434 estote.
3397 4379 3509 4434 Non
3542 4381 3650 4435 vult
3682 4397 3784 4450 po-

2210 4462 2367 4530 pulus
2385 4462 2519 4517 duos
2543 4464 2837 4533 episcopos.
2863 4466 3146 4522 Nobiscum
3177 4471 3226 4523 in
3257 4470 3564 4526 hmrcditate
3592 4472 3788 4529 fratres

2209 4562 2400 4608 estote.
2431 4553 2547 4608 Non
2575 4565 2787 4624 propter
2815 4557 3044 4614 honores
3070 4571 3279 4615 nostros
3314 4563 3660 4631 impediamus
3688 4582 3784 4634 pa-

2209 4659 2324 4698 rem
2355 4645 2570 4700 Christi.
2617 4645 2784 4712 Quem
2816 4648 3068 4704 honorem
3114 4651 3165 4704 iu
3205 4653 3407 4707 cmlesti
3456 4670 3583 4722 pare
3626 4671 3784 4710 aere-

2208 4735 2348 4802 pturi
2380 4751 2562 4790 sumus
2585 4777 2600 4800 ,
2645 4737 2691 4790 si
2737 4738 2992 4793 honorem
3039 4750 3274 4794 nostrum
3315 4758 3454 4795 nunc
3491 4744 3541 4796 in
3573 4754 3780 4798 terrena

2209 4824 2300 4878 lite
2328 4824 2714 4881 defendamus?
2757 4827 2997 4882 Tollatur
3043 4831 3216 4899 paries
3250 4833 3483 4898 erroris,
3529 4843 3580 4888 et
3623 4837 3784 4890 simul

2207 4915 2393 4968 simus.
2425 4915 2667 4984 Agnosce
2709 4933 2796 4973 me
2836 4918 3052 4973 fratrem
3092 4937 3105 4972 :
3149 4937 3380 4991 agnosco
3422 4931 3474 4977 te
3517 4923 3729 4978 fratrem
3767 4943 3780 4978 :

2207 5004 2300 5059 sed
2331 5015 2552 5073 excepto
2577 5007 2860 5062 schismate
2881 5049 2898 5072 ,
2932 5020 3155 5081 excepto
3179 5026 3391 5078 errore,
3424 5023 3640 5083 excepta
3666 5015 3783 5070 dis-

2206 5097 2476 5152 sensione.
2537 5097 2661 5154 "me
2701 5101 3030 5170 cnrrigatur,
3074 5113 3128 5156 et
3169 5118 3319 5158 meus
3358 5119 3436 5158 es.
3484 5107 3673 5158 Annon
3703 5108 3782 5160 vis

2205 5202 2323 5242 esse
2352 5188 2545 5243 meus?
2584 5189 2714 5259 Ego,
2745 5191 2788 5244 si
2819 5199 2870 5244 te
2895 5193 3150 5262 corrigas,
3178 5195 3300 5249 volo
3321 5209 3439 5250 esse
3465 5205 3606 5249 tuus.
3639 5198 3779 5264 Ergo

2205 5278 2414 5332 sublato
2451 5294 2632 5334 errore
2656 5279 2724 5334 de
2750 5281 2954 5347 medio,
3005 5291 3251 5352 tanquam
3300 5286 3498 5354 pariete
3528 5288 3774 5340 maceria:

2203 5368 2636 5423 contradictionis
2665 5379 2717 5424 et
2745 5371 3040 5438 divisionis,
3071 5386 3187 5430 esto
3215 5378 3374 5431 frater
3397 5393 3563 5440 meus,
3593 5387 3646 5432 et
3670 5394 3771 5449 ego

2204 5459 2302 5511 sim
2332 5457 2498 5513 frater
2528 5469 2667 5524 tuus,
2701 5471 2758 5516 ut
2783 5464 2941 5519 ambo
2967 5467 3132 5521 simus
3158 5467 3272 5537 ejus
3300 5469 3388 5538 qui
3419 5469 3670 5524 Dominus
3695 5479 3779 5525 est

2204 5555 2258 5604 et
2283 5563 2452 5616 meus,
2482 5559 2537 5605 et
2564 5561 2703 5606 tuus.

2273 5639 2327 5695 5.
2358 5638 2604 5696 Catholici
2629 5659 2728 5714 quo
2759 5643 2928 5702 animo
2955 5648 3156 5702 veniunt
3189 5648 3258 5702 ad
3283 5649 3617 5706 collationem.
3665 5649 3778 5706 Hoc

2205 5727 2432 5786 dicimus
2459 5747 2640 5786 amore
2673 5734 2816 5802 pacis
2839 5774 2856 5801 ,
2902 5749 3006 5789 non
3045 5737 3336 5794 diffidentia
3361 5740 3614 5796 veritatis.
3665 5740 3776 5798 lloc
