4080 6360
329 346 473 407 1589

332 548 437 604 128
460 558 508 603 et
539 546 697 621 129);
726 550 848 620 quia
874 563 1089 605 causam
1119 548 1493 605 conferendam
1520 564 1623 605 non
1655 550 1902 619 fugimus,

332 640 442 693 imo
484 649 542 694 ut
565 639 869 695 conferatur
897 641 1189 707 instamus;
1232 647 1288 694 ut
1316 655 1436 694 cum
1473 640 1907 695 dcmonstravero

1685 347 1913 403 SERMO
1951 345 2214 403 CCCLIX.

328 461 475 517 enim
505 458 875 529 rescripsimus
896 500 912 525 ,
957 458 1061 517 hoc
1090 458 1420 531 propositum
1460 457 1661 530 legistis
1697 458 1907 532 (Epistt.

3454 361 3588 418 £590

2014 477 2105 529 pro
2142 477 2251 528 me,
2300 472 2354 514 ut
2378 462 2523 517 detur
2551 465 2671 519 mihi
2713 483 2876 522 sermo
2922 466 3137 540 (Ephes.
3164 468 3377 540 v1.19).
3434 470 3585 527 illum

2011 566 2140 622 ergo
2164 567 2259 622 pro
2287 552 2439 608 nobis
2468 557 2682 626 rogetis,
2713 558 2764 612 in
2798 574 2904 630 quo
2930 574 3079 629 spem
3108 575 3401 632 posuimus,
3433 570 3491 616 ut
3515 562 3584 618 de

2010 656 2190 699 nostra
2235 645 2588 718 disputatione
2615 650 2908 721 gaudeatis.
2958 652 3158 708 Tenete
3199 654 3318 718 ista,
3370 655 3581 722 fratres,

332 731 757 797 possessionem,
795 732 873 786 sic
913 746 1033 786 cum
1076 732 1168 785 illo
1207 731 1594 787 communicem
1625 731 1907 786 haeredita-
2007 734 2351 791 obsecramus
2376 752 2471 793 vos
2500 755 2513 792 :
2546 754 2642 810 per
2667 756 2861 797 nomen
2892 741 3056 812 ipsius
3085 743 3324 810 Domini,
3367 760 3461 815 per
3486 762 3583 801 au.

332 830 462 874 tem.
518 820 815 893 intrepidus
868 821 1084 887 veniat,
1131 836 1352 876 securus
1413 822 1620 887 veniat,
1669 821 1856 875 doctus
1885 821 1901 851 ί

332 910 513 964 veniat
554 928 567 963 :
618 911 745 965 nolo
795 911 1107 966 auctoritate
1158 910 1523 981 prarjudicare.
1588 911 1902 979 Aperiamus

326 1000 517 1055 oculos
554 999 623 1054 ad
672 1002 817 1055 illum
861 1001 949 1071 qui
993 1016 1175 1056 errare
1218 1016 1319 1054 non
1370 1011 1542 1070 potest
1583 1019 1597 1056 :
1647 1001 1760 1069 ipse
1805 1016 1901 1055 nos

327 1089 520 1144 doceat
566 1105 684 1160 qum
721 1090 791 1145 sit
834 1091 1089 1146 Ecclesia.
1142 1091 1380 1147 Audistis
1425 1092 1722 1146 testimonia
1761 1092 1895 1161 ejus.

324 1180 443 1235 Non
486 1198 607 1237 eam
656 1185 1017 1238 contaminant
1065 1183 1293 1238 humana
1321 1183 1542 1249 delicta,
1595 1199 1750 1254 quam
1792 1199 1897 1237 nou

324 1275 553 1330 redemit
577 1276 802 1331 humana
825 1277 1049 1346 justitia.
1073 1276 1140 1331 Et
1165 1286 1361 1340 tamen,
1384 1292 1501 1329 cum
1524 1276 1624 1329 alia
1650 1278 1717 1329 sit
1742 1290 1898 1331 causa

322 1365 619 1431 Ecclesia,
668 1366 770 1421 alia
815 1366 1121 1433 hominum,
1171 1375 1225 1421 et
1264 1366 1481 1421 omnino
1522 1364 1766 1421 distincta
1806 1367 1892 1431 sit,

319 1472 421 1510 nec
450 1455 725 1511 hominum
756 1472 968 1513 causam
1008 1457 1387 1523 formidamus,
1432 1472 1566 1527 quos
1608 1472 1896 1512 accusave-

319 1558 447 1603 runt
472 1558 527 1603 et
549 1550 865 1605 convincere
891 1565 995 1605 non
1027 1559 1326 1620 potuerunt.
1353 1550 1609 1620 Purgatos
1632 1550 1893 1613 noi'imus,

320 1656 575 1715 purgatos
604 1646 847 1716 legimus.
892 1645 993 1715 Qui
1023 1646 1065 1699 si
1097 1662 1198 1699 non
1226 1653 1403 1700 essent
1434 1645 1635 1715 purgati
1661 1686 1677 1703 .
1707 1661 1809 1698 non
1841 1644 1892 1698 in

316 1751 479 1789 causa
504 1752 688 1791 eorum
714 1737 1005 1793 Ecclesium
1033 1736 1430 1801 constituerent,
1455 1752 1554 1791 nec
1577 1736 1892 1791 aulilicarcm

318 1840 483 1895 super
521 1842 773 1893 arenam,
818 1836 871 1881 et
914 1827 1197 1896 dejiccrcm
1239 1826 1305 1881 de
1348 1838 1516 1896 petra.
1568 1825 1700 1893 Quia
1745 1842 1894 1896 super

315 1917 450 1968 lianc
490 1926 715 1986 petram,
760 1918 961 1987 inquit,
1011 1917 1272 1985 a'di/icabo
1302 1916 1576 1971 Ecclesium
1606 1933 1799 1982 meam,
1846 1926 1893 1970 et

316 2019 479 2073 porta:
520 2007 797 2078 inferorum
843 2025 943 2062 non
992 2009 1188 2062 vincent
1233 2025 1342 2061 eam
1389 2008 1596 2077 (Matth.
1628 2006 1887 2079 “1,18).

314 2097 474 2154 Petra
500 2108 676 2154 autem
704 2109 819 2155 erat
836 2099 1097 2155 Christus.
1130 2099 1390 2171 Numquid
1414 2099 1608 2155 Paulus
1636 2117 1727 2170 pro
1754 2100 1890 2154 vobis

310 2190 589 2257 cruciﬁxus
614 2190 732 2245 est?
774 2191 885 2245 lloc
911 2200 1116 2257 tenete,
1156 2190 1256 2245 hoc
1286 2200 1488 2257 amate,
1532 2190 1632 2245 hoc
1658 2192 1889 2246 fraterne

312 2288 369 2333 ct
400 2280 618 2349 pacitice
641 2280 819 2337 dicite.

382 2372 438 2428 6.
468 2374 629 2445 Rogat
651 2390 714 2427 ne
734 2376 997 2444 quisquam
1021 2375 1083 2428 de
1107 2373 1248 2445 plebe
1272 2374 1435 2427 irruat
1461 2375 1513 2427 in
1540 2374 1706 2429 locum
1732 2375 1891 2429 colla-

315 2465 488 2518 tionis.
538 2464 619 2518 Ad
656 2464 956 2519 collationis
998 2464 1173 2519 locum
1219 2465 1394 2518 nullus
1428 2476 1660 2519 vestrum
1701 2466 1885 2529 irruat,

314 2554 507 2611 fratres
536 2556 661 2611 mei.
708 2557 952 2621 Prorsus,
983 2557 1026 2611 si
1056 2557 1170 2611 ﬁeri
1202 2566 1403 2627 potest,
1434 2558 1590 2612 etiam
1619 2573 1713 2628 per
1740 2559 1887 2613 illum

313 2645 489 2699 locum
518 2647 801 2701 transitum
827 2647 1090 2710 devitate,
1124 2663 1191 2702 ne
1217 2648 1347 2701 forte
1370 2648 1560 2717 aliquis
1588 2648 1887 2702 contentio-

314 2738 397 2792 uis
421 2747 476 2794 et
500 2738 606 2793 litis
632 2740 812 2793 aditus
853 2740 1171 2805 inveniatur,
1206 2739 1287 2794 vel
1313 2739 1522 2793 occasio
1547 2739 1721 2809 aliqua
1750 2755 1886 2808 pra:-

313 2829 539 2895 heatur,
568 2838 625 2885 et
660 2830 929 2884 inveniant
969 2830 1135 2899 ipsam
1160 2830 1492 2883 occasionem
1519 2829 1607 2898 qui
1647 2838 1889 2899 quaerunt

314 2921 671 2975 occasionem.
737 2920 963 2975 Maxime
1020 2920 1266 2989 quoniam
1326 2920 1417 2990 qui
1477 2935 1662 2990 parum
1720 2920 1887 2975 Deum

315 3010 542 3073 timent,
584 3018 673 3065 aut
709 3010 1123 3065 admonitionem
1163 3020 1399 3065 nostram
1446 3011 1590 3079 parvi
1631 3010 1884 3081 pendunt,

313 3100 399 3155 vel
439 3100 561 3170 quia
600 3100 877 3170 praesentia
921 3100 1163 3171 diligunt,
1207 3100 1401 3155 debent
1444 3102 1630 3155 saltem
1660 3111 1886 3156 terrente

313 3190 592 3258 potestatis
632 3192 964 3245 severitatem
996 3192 1236 3245 venerari
1262 3193 1305 3243 ¹.
1353 3190 1595 3246 Edictum
1625 3192 1724 3246 viri
1766 3192 1885 3246 illu-

314 3281 443 3334 stris
473 3279 550 3352 (α)
591 3281 799 3350 publice
837 3283 1162 3352 propositum
1208 3280 1410 3351 legistis
1445 3299 1458 3335 :
1499 3281 1640 3351 quod
1670 3282 1883 3353 quidem

314 3389 421 3429 non
467 3384 682 3443 propter
707 3389 801 3428 vos
837 3376 1163 3446 propositum
1202 3382 1284 3429 est
1326 3374 1415 3445 qui
1459 3376 1626 3430 Deum
1666 3376 1884 3444 timetis,

312 3474 366 3517 et
389 3464 859 3519 commonitionem
890 3466 1258 3534 episcoporum
1285 3475 1578 3520 vestrorum
1621 3481 1725 3520 non
1759 3481 1888 3521 con-

314 3553 592 3617 temnitis;
638 3553 731 3608 sed
775 3570 842 3608 ne
880 3556 999 3624 quis
1041 3556 1136 3610 ista
1166 3571 1270 3610 non
1308 3566 1490 3622 curet,
1524 3572 1591 3611 ne
1628 3558 1747 3628 quis
1788 3559 1886 3613 ista

316 3653 643 3698 contemnat.
686 3645 910 3700 Videant
940 3646 1097 3715 igitur
1120 3647 1301 3715 quales
1328 3656 1451 3702 sunt
1481 3666 1493 3699 :
1527 3665 1593 3702 ne
1622 3649 1756 3704 forte
1784 3649 1886 3704 illis

310 3738 519 3791 eveniat
544 3737 681 3806 quod
710 3740 783 3795 ait
804 3739 1110 3807 Apostolus,
1141 3736 1240 3805 Qui
1262 3740 1395 3792 enim
1422 3740 1602 3793 resistit
1630 3741 1881 3812 potestati,

313 3829 409 3883 Dei
470 3831 780 3883 ordinationi
841 3831 1045 3884 resistit.
1109 3828 1374 3900 Principes
1427 3831 1560 3883 enim
1615 3848 1715 3884 non
1768 3842 1884 3886 sunt

312 3921 521 3973 timendi
543 3920 672 3973 bono
699 3936 868 3990 opere,
896 3919 985 3973 sed
1010 3921 1144 3973 malo
1170 3919 1345 3989 (Rom.
1373 3936 1485 3983 xm,
1512 3920 1548 3974 Ξ
1570 3931 1614 3973 et
1630 3922 1707 3990 5).
1736 3920 1879 3975 Vite-

311 4024 433 4063 mus
482 4024 671 4063 omnes
715 4010 1045 4076 seditiones,
1100 4024 1285 4064 omnes
1340 4024 1528 4064 causas
1587 4011 1879 4064 seditionis.

311 4098 472 4155 Forte
502 4100 679 4154 dicitis
710 4117 723 4154 :
756 4098 944 4154 Intenti
976 4115 1156 4153 sumus
1195 4100 1318 4169 quid
1350 4099 1533 4153 facturi
1566 4116 1769 4154 sumus.
1817 4102 1883 4156 Et

308 4191 433 4259 quid
465 4191 613 4245 vobis
652 4190 1023 4260 injungamus?
1052 4190 1234 4245 Partes
1260 4189 1394 4244 forte
1432 4190 1622 4244 uberes
1650 4192 1877 4260 pietatis.

309 4282 417 4336 Nos
460 4282 792 4351 disputemus
838 4298 933 4351 pro
979 4283 1128 4337 vobis
1170 4300 1182 4334 :
1229 4297 1322 4336 vos
1366 4290 1516 4335 orate
1562 4297 1658 4351 pro
1707 4282 1876 4338 nobis.

312 4373 592 4427 Orationes
630 4373 791 4427 etiam
822 4380 1060 4438 vestras,
1106 4373 1242 4426 sicut
1277 4371 1387 4440 jam
1415 4379 1537 4425 ante
1564 4372 1881 4439 praemonui-

308 4478 450 4527 mus,
474 4462 691 4530 jejuniis
718 4468 771 4515 et
795 4462 1148 4532 eleemosynis
1171 4463 1436 4531 adjuvate.
1461 4461 1651 4516 Addite
1681 4477 1880 4530 pennas

308 4553 447 4620 illis,
475 4555 667 4623 quibus
693 4553 873 4608 volant
910 4554 974 4608 ad
1003 4555 1187 4608 Deum.
1217 4553 1304 4609 Sic
1330 4563 1546 4624 agentes
1585 4555 1875 4625 negotium,

306 4643 533 4698 fortasse
559 4645 795 4700 utiliores
826 4644 979 4699 nobis
1006 4646 1175 4711 eritis,
1203 4660 1359 4715 quam
1388 4659 1486 4699 nos
1509 4646 1678 4699 vobis.
1709 4645 1876 4700 Nemo

302 4736 446 4789 enim
476 4744 712 4789 nostrum
741 4733 795 4790 in
836 4736 934 4790 hac
961 4736 1314 4805 disputatione
1341 4736 1409 4791 de
1435 4751 1492 4791 se
1520 4736 1791 4806 prmsumit
1814 4737 1835 4769 ³
1858 4755 1873 4793 :

303 4824 356 4877 in
390 4824 499 4878 Deo
542 4834 626 4879 est
666 4833 774 4878 tota
821 4840 962 4895 spes.
1012 4826 1193 4895 Neque
1220 4826 1361 4880 enim
1403 4826 1649 4881 meliores
1692 4841 1877 4881 sumus

301 4915 581 4984 Apostolo,
612 4914 703 4985 qui
736 4917 892 4981 dicit,
921 4915 1082 4973 Orate
1119 4932 1218 4987 pro
1246 4917 1420 4972 nobis.
1470 4916 1656 4986 Orate,
1684 4917 1873 4990 inquit,

362 5128 379 5159 ¹
415 5134 499 5176 Its.
524 5141 594 5186 v.,
615 5126 831 5177 indoctus
859 5125 1029 5177 veniat.

360 5191 380 5220 ¹
417 5197 498 5237 ns.
554 5189 637 5249 cl.,
667 5196 873 5239 terrente
908 5188 1144 5252 potestatis
1185 5189 1351 5239 timere
1400 5190 1709 5239 scieritatcm.
1760 5189 1875 5241 Edi-

298 5255 571 5359 “magis?
597 5310 769 5360 eodem
787 5317 867 5358 Ms.
892 5306 954 5360 cl.
981 5309 1153 5374 [prose
1174 5310 1457 5375 prwsumitJ

359 5392 433 5451 (α)
456 5391 502 5454 Id
524 5402 618 5449 est,
636 5388 890 5439 Marcellini
925 5391 1101 5454 tribuni
1126 5400 1176 5454 et
1200 5392 1387 5450 notarii,
1411 5392 1491 5453 qui
1511 5391 1662 5454 judex
1682 5394 1873 5443 Honorii

301 5450 496 5512 Augusti
530 5454 724 5501 nomine
772 5465 871 5515 pra:
893 5453 964 5500 uit
994 5450 1251 5501 collationi.
1292 5455 1401 5515 Ejus
1430 5450 1614 5515 edicto,
1652 5454 1779 5515 quod
1822 5456 1871 5503 in

301 5520 460 5577 Gestts
497 5514 664 5577 prima:
686 5514 983 5577 cognitionis
1023 5515 1324 5569 continetur,
1358 5514 1423 5562 de
1454 5514 1750 5577 admouenda
1787 5529 1875 5577 per

305 5572 555 5635 episcopos
594 5572 904 5635 plebe'iuter
940 5582 1117 5635 extera
1152 5577 1429 5633 cavebatur,
1464 5582 1519 5623 ut
1550 5592 1572 5619 ι
1604 5574 1765 5623 nullus
1787 5572 1873 5624 'vel

311 5588 555 5635 episcopos
619 5588 745 5621 neue
778 5588 904 5622 tuter
940 5588 1117 5623 uetera
1152 5588 1429 5633 cavebatur,
1464 5588 1519 5623 ut
1550 5592 1572 5619 ι
1604 5588 1765 5623 nuttus
1794 5588 1873 5624 vet

311 5650 330 5675 σ
356 5633 505 5683 laicus
528 5588 613 5683 vei
633 5635 902 5696 episoomts,
913 5633 1037 5696 ultra
1055 5648 1305 5683 numerum
1330 5637 1645 5696 prmtitutum
1669 5638 1715 5684 in
1742 5636 1790 5683 ill
1827 5650 1875 5683 ιιι

312 5712 333 5738 ι
356 5695 797 5758 tranquillissimum
820 5695 1002 5745 concilii
1021 5695 1348 5746 locumcontra
1373 5697 1521 5758 probi.
1544 5698 1659 5744 itum
1683 5698 1874 5747 molire-

314 5773 337 5801 ι
361 5765 435 5805 tur
458 5757 714 5816 accedere,
740 5772 760 5800 ι
795 5763 889 5807 etc.
915 5768 1043 5806 erant.
1375 5757 1385 5758 “
1546 5778 1551 5782 ·
1705 5778 1709 5781 -

2007 833 2208 881 ctorem
2238 828 2415 895 pacis,
2459 828 2809 898 plautatorem
2843 834 2984 903 pacis
3006 873 3024 900 ,
3069 833 3379 891 dilectorem
3412 836 3578 905 pacis,

2005 931 2219 972 oramus
2244 932 2340 973 vos
2368 919 2409 985 ι,
2440 929 2498 974 ιιι
2522 936 2644 976 eum
2673 922 2891 992 pacifice
2916 924 3111 990 oretis,
3142 928 3360 996 pacifica
3386 926 3581 998 depre-

2001 1008 2196 1064 cemini
2222 1025 2237 1075 ;
2281 1019 2336 1065 et
2360 1013 2710 1069 memineritis
2738 1030 2859 1071 esse
2887 1015 2980 1072 filii
3008 1017 3122 1087 ejus
3141 1059 3159 1085 ,
3185 1035 3214 1073 a
3242 1035 3347 1091 quo
3374 1020 3574 1076 dictum

2002 1112 2085 1156 est
2109 1141 2127 1167 ,
2178 1100 2323 1157 Beati
2373 1105 2612 1176 paciﬁci,
2668 1107 2909 1178 quoniam
2963 1109 3063 1179 [itii
3114 1108 3212 1165 Dei
3268 1111 3577 1167 vocabuntur

2005 1191 2215 1267 (Matth.
2245 1209 2301 1262 v,
2328 1196 2409 1267 9).

2441 1349 2670 1407 saeuo
2706 1350 2949 1409 cccth
2975 1356 2996 1379 ο
3028 1354 3128 1427 (α).

1997 1458 2075 1513 De
2104 1476 2160 1513 eo
2188 1461 2322 1531 quod
2349 1462 2589 1532 scriptum
2620 1473 2693 1519 est
2720 1465 2771 1519 in
2801 1464 3174 1531 Ecclesiustico,
3203 1484 3321 1537 cap.
3356 1483 3479 1534 xxv,
3512 1469 3571 1535 2,

2069 1555 2361 1609 Concordia
2402 1553 2642 1621 fratrum,
2675 1566 2729 1612 et
2765 1572 2916 1614 amor
2948 1559 3342 1628 proximorum,
3373 1571 3465 1615 etc.
3498 1559 3572 1616 Ds

2066 1646 2154 1703 lite
2178 1657 2223 1701 et
2247 1649 2519 1704 concordia
2540 1665 2657 1703 cum
2687 1649 2967 1706 Donatistis
2992 1650 3091 1727 (b).

2442 1786 2641 1837 Habitus
2660 1794 2770 1851 post
2785 1786 3121 1840 collationem.

2065 1913 2115 1965 ι.
2147 1910 2269 1965 Tria
2312 1914 2624 1967 excellentia.
2670 1912 2954 1970 Concordia
2977 1931 3129 1983 rara,
3168 1931 3344 1987 quare.
3392 1916 3565 1971 Prima

1993 2000 2150 2056 lectio
2177 2002 2479 2058 divinorum
2510 2004 2840 2073 eloquiorum
2860 2046 2877 2073 ,
2905 2006 2973 2061 de
2998 2006 3136 2061 libro
3160 2008 3249 2076 qui
3275 2005 3571 2078 appellatur

1993 2091 2396 2150 Ecclesiasticus
2414 2136 2429 2161 ,
2468 2095 2862 2150 commendavit
2894 2097 3049 2152 nobis
3079 2098 3179 2152 tria
3205 2097 3446 2167 qumdam
3474 2112 3569 2151 ex-

1990 2184 2235 2239 cellentia
2272 2197 2326 2240 et
2366 2188 2792 2244 consideratione
2834 2188 3141 2259 dignissima
3166 2231 3183 2256 ,
3229 2189 3565 2244 concordiam

1992 2276 2236 2340 fratrum,
2261 2285 2316 2331 et
2344 2291 2577 2332 amorem
2606 2278 2990 2348 proximorum,
3019 2286 3077 2335 et
3100 2280 3269 2334 virum
3294 2293 3358 2334 ac
3378 2278 3567 2334 mulie-

1992 2381 2104 2420 rem
2131 2367 2229 2419 sibi
2257 2368 2672 2423 consentientes.
2705 2369 2847 2423 Bona
2880 2368 2993 2424 haec
3018 2376 3141 2423 sunt
3168 2368 3346 2439 plane,
3374 2368 3566 2437 jucun-

1990 2456 2056 2511 da
2094 2466 2148 2513 et
2194 2458 2470 2512 laudabilia
2516 2459 2567 2512 in
2612 2460 2771 2514 rebus
2810 2458 3092 2525 humanis;
3140 2460 3234 2515 sed
3276 2460 3327 2514 in
3365 2459 3562 2515 divinis

1989 2549 2150 2604 rebus
2178 2548 2344 2605 multo
2378 2550 2700 2621 potentiora.
2745 2551 2875 2620 Quis
2904 2559 2989 2607 est
3014 2551 3156 2608 enim
3184 2554 3272 2623 qui
3308 2567 3416 2606 non
3439 2567 3568 2607 con-

1987 2642 2183 2711 gaudet
2229 2642 2584 2697 concordibus
2632 2643 2928 2699 fratribus?
2976 2644 3043 2701 Et
3086 2645 3227 2716 quod
3275 2644 3563 2701 dolendum

1987 2738 2068 2788 est
2088 2772 2105 2798 ,
2148 2732 2199 2786 in
2231 2732 2389 2787 rebus
2417 2731 2659 2787 humanis
2686 2742 2792 2788 tam
2822 2748 3007 2805 magna
3041 2750 3131 2790 res
3171 2751 3290 2790 rara
3319 2746 3401 2791 est
3429 2753 3441 2789 :
3474 2750 3563 2791 res

1988 2822 2057 2876 ab
2083 2823 2328 2877 omnibus
2357 2823 2619 2891 laudatur,
2648 2839 2676 2877 a
2705 2826 3035 2893 paucissimis
3060 2826 3373 2882 custoditur.
3415 2828 3563 2882 Beati

1990 2912 2081 2982 qui
2126 2913 2179 2966 in
2227 2928 2286 2968 se
2330 2913 2459 2982 ipsis
2496 2915 2918 2983 amplectuntur,
2968 2916 3109 2985 quod
3152 2918 3311 2972 etiam
3350 2918 3405 2972 in
3442 2918 3562 2973 aliis

1988 3002 2210 3059 laudare
2235 3015 2515 3075 coguntur.
2562 3006 2704 3062 Nulli
2741 3006 2929 3063 fratres
2964 3024 3067 3062 non
3103 3008 3318 3064 laudant
3342 3025 3565 3064 concor-

1988 3095 2177 3151 dantcs
2208 3098 2415 3152 fratres.
2458 3099 2529 3154 Et
2570 3098 2711 3153 unde
2744 3098 2937 3155 fratres
2961 3101 3256 3157 concordes
3283 3117 3404 3157 esse
3423 3102 3563 3157 diffi-

1987 3188 2089 3243 cile
2132 3188 2252 3244 est?
2294 3189 2427 3256 Quia
2468 3191 2675 3260 litigant
2714 3190 2781 3246 de
2830 3200 2969 3246 terra
2995 3233 3010 3257 ,
3056 3192 3178 3262 quia
3218 3195 3401 3248 volunt
3443 3209 3563 3250 esse

1987 3290 2151 3335 terra.
2196 3282 2411 3336 Audivit
2444 3283 2586 3338 enim
2615 3282 2683 3336 ab
2724 3283 2873 3338 initio
2904 3293 3149 3353 peccator
3181 3284 3374 3350 homo,
3406 3286 3563 3341 Terra

1985 3390 2072 3440 es,
2115 3382 2163 3427 et
2190 3374 2243 3427 in
2273 3382 2456 3428 terram
2484 3374 2579 3428 ibis
2604 3373 2753 3447 (Gen.
2782 3391 2836 3429 ιιι
2856 3417 2871 3437 .
2901 3376 3013 3446 i9).
3044 3376 3198 3433 Unde
3220 3377 3562 3432 discutiamus

1984 3471 2043 3520 et
2066 3473 2465 3534 perscrutemur
2488 3480 2709 3531 vocem,
2738 3481 2895 3535 quam
2922 3466 3094 3535 justus
3130 3466 3288 3521 debet
3321 3468 3504 3523 audire
3528 3484 3559 3523 ι

1985 3555 2275 3609 contrario.
2322 3554 2380 3610 Si
2404 3556 2545 3609 enim
2576 3565 2717 3611 recte
2742 3556 2941 3611 dictum
2968 3566 3050 3611 est
3080 3557 3339 3627 peccaturi
3358 3600 3372 3623 ,
3400 3558 3562 3614 Terra

1984 3662 2035 3701 es
2054 3687 2070 3713 ,
2100 3656 2147 3699 et
2174 3646 2225 3699 in
2252 3656 2436 3699 terram
2466 3648 2599 3713 ibis;
2639 3658 2783 3705 recte
2821 3648 3013 3703 dicitur
3036 3650 3212 3719 justo,
3240 3652 3448 3707 Caelum
3476 3668 3557 3718 es,

1983 3747 2037 3791 et
2078 3738 2132 3791 in
2157 3738 2352 3793 caelum
2390 3738 2509 3792 ibis.
2553 3740 2659 3795 Aut
2696 3754 2801 3794 non
2827 3749 2949 3795 sunt
2983 3741 3113 3811 justi
3152 3742 3297 3808 caeli,
3342 3758 3463 3798 cum
3491 3744 3558 3800 de

1986 3827 2339 3898 Evangelistis
2379 3830 2714 3897 apertissime
2756 3831 2954 3886 dictum
2993 3834 3101 3898 sit,
3150 3832 3273 3889 Cteli
3318 3846 3559 3890 enarrant

1983 3919 2198 3991 gloriam
2227 3917 2370 3974 Dei?
2414 3920 2481 3974 Et
2525 3921 2737 3990 quidem
2781 3923 2902 3991 quia
2943 3923 3011 3978 de
3053 3924 3183 3994 ipsis
3217 3924 3415 3979 dictum
3453 3934 3555 3988 est.

1982 4008 2358 4078 consequentia
2384 4010 2513 4063 satis
2536 4010 2782 4066 edocent.
2809 4011 2877 4065 Et
2901 4028 3077 4083 Opera,
3100 4013 3288 4082 inquit,
3315 4031 3554 4068 manuum

1982 4098 2091 4168 ejus
2116 4099 2383 4152 annuntiat
2406 4100 2797 4167 firmamentum.
2846 4101 2989 4169 Quos
3012 4102 3145 4156 dixit
3179 4105 3345 4160 caelos
3364 4145 3380 4169 ,
3412 4104 3555 4174 ipsos

1981 4188 2116 4243 dixit
2132 4178 2550 4242 'lirmamentum.
2598 4189 2720 4245 Dies
2747 4190 2846 4244 diei
2874 4200 3063 4244 eructat
3100 4193 3299 4246 verbum
3318 4234 3334 4259 ,
3372 4204 3418 4247 et
3447 4210 3559 4250 non

1980 4278 2114 4331 nocti
2142 4278 2333 4331 indicat
2358 4279 2635 4333 scientiam.
2670 4277 2793 4333 Non
2818 4289 2935 4334 sunt
2964 4281 3176 4351 loquella
3194 4322 3208 4346 ,
3259 4299 3416 4352 neque
3441 4300 3551 4337 ser-

1979 4385 2179 4433 mones,
2227 4385 2438 4439 quorum
2479 4386 2583 4423 non
2623 4372 2897 4425 audiantur
2924 4389 3065 4427 voces
3108 4389 3301 4429 eorum.
3341 4375 3550 4442 Quaeris

1979 4474 2205 4530 quorum
2224 4502 2238 4524 ,
2276 4469 2333 4515 et
2358 4476 2462 4515 non
2492 4462 2699 4516 invenis
2728 4464 2826 4518 nisi
2866 4464 3141 4521 cmlorum.
3190 4466 3394 4522 Dictum
3424 4483 3555 4537 ergo

1978 4550 2045 4603 de
2081 4550 2353 4620 Apostolis
2376 4592 2392 4617 ,
2438 4550 2636 4605 dictum
2677 4551 2745 4607 de
2789 4553 3253 4611 annuntiatoribus
3289 4556 3551 4612 veritatis.

1979 4640 2131 4696 Unde
2156 4640 2423 4710 sequitur,
2471 4640 2539 4696 In
2563 4659 2761 4697 omnem
2788 4653 2973 4698 terram
2998 4646 3149 4700 exivit
3174 4663 3326 4701 sonus
3355 4664 3549 4713 eorum,

1977 4741 2025 4786 et
2047 4728 2100 4785 in
2127 4732 2254 4800 lines
2279 4731 2411 4785 orbis
2436 4740 2582 4786 terra
2604 4732 2750 4786 verba
2774 4749 2968 4787 eorum.
3015 4733 3134 4789 Non
3173 4746 3290 4791 sunt
3315 4736 3550 4808 loquele,

1977 4837 2135 4890 neque
2160 4838 2413 4876 sermones
2434 4862 2450 4886 ,
2494 4839 2707 4891 quorum
2740 4840 2844 4878 non
2884 4825 3158 4880 audiantur
3198 4843 3340 4882 voces
3376 4845 3555 4883 eorum

1979 4913 2148 4983 (Psal.
2179 4928 2306 4968 xvnt
2325 4955 2342 4980 ,
2366 4912 2512 4981 2-5).
2541 4914 2763 4981 Quando
2799 4915 2850 4968 in
2877 4930 2970 4970 eos
2994 4918 3141 4973 venit
3163 4918 3394 4989 Spiritus
3421 4936 3549 4975 san.-

1974 5013 2127 5068 ctus,
2177 5012 2231 5058 et
2270 5004 2431 5072 cmpit
2460 5004 2600 5057 Deus
2643 5003 2881 5060 habitare
2905 5007 3098 5062 caelum
3144 5009 3285 5078 quod
3320 5010 3443 5065 fecit
3479 5009 3567 5066 do'

1976 5103 2136 5159 terra,
2161 5094 2319 5147 locuti
2340 5101 2483 5158 sunt,
2514 5093 2764 5164 implente
2788 5104 2843 5149 et
2865 5095 3097 5152 donante
3116 5099 3312 5168 Spiritu
3339 5110 3540 5165 sancto,

2048 5239 2063 5269 ¹
2092 5251 2156 5315 tta
2181 5243 2441 5315 legendum
2465 5257 2573 5294 cum
2595 5258 2692 5294 uno
2713 5252 2812 5315 ωε.-
2827 5244 2889 5297 cl.
2909 5247 3015 5312 [per
3052 5250 3435 5315 amorempaa's,
3456 5266 3546 5315 per

1974 5302 2288 5368 plantatorein
2311 5305 2461 5369 pacis,
2483 5318 2676 5356 oramus
2694 5310 2813 5371 τοι]

2037 5388 2057 5409 ⁶
2089 5387 2375 5438 Emendatus
2400 5387 2459 5438 ad
2493 5387 2554 5439 cl.
2578 5403 2627 5439 ν.
2652 5396 2704 5440 et
2731 5390 2791 5440 ad
2828 5399 2965 5442 sum.

2058 5469 2110 5529 a)
2134 5469 2273 5527 Alias,
2294 5470 2359 5519 de
2382 5471 2593 5520 Diversis
2606 5471 2686 5529 91,
2711 5478 2762 5522 et
2782 5485 2847 5522 ex
2868 5473 3301 5523 Sirmondianis37.

2061 5530 2109 5593 Ir)
2131 5530 2511 5597 Citat‘lflorusad
2535 5534 2553 5580 l
2580 5532 2746 5582 Thess.
2784 5549 2847 5582 ιιι.
2884 5533 3097 5597 διεοιειιιε
3118 5538 3266 5583 Faber
3301 5537 3348 5584 in
3372 5534 3535 5597 praef?»

1977 5589 2108 5664 tione
2131 5592 2188 5639 ad
2225 5589 2701 5664 tlilarii__tragmenta
2715 5629 2729 5653 ,
2757 5609 2768 5656 ι
2782 5607 2863 5664 ag.
2888 5595 2981 5664 ιρι
3015 5597 3237 5664 opinatur
3257 5589 3543 5664 Carthagine

1976 5653 2190 5702 habitum
2226 5653 2273 5700 in
2308 5653 2663 5703 dedicationem
2692 5653 2900 5705 basilica:
2938 5653 3214 5713 Florentiaa,
3249 5670 3313 5705 cx
3352 5653 3549 5707 Aurelio

1977 5725 2220 5779 episcopo,
2242 5715 2323 5779 qui
2360 5722 2407 5761 et
2433 5714 2626 5779 ﬂoreis
2645 5718 2910 5776 diceretur,
2932 5719 3293 5779 cognominatae.
3330 5720 3441 5767 \ide
3461 5734 3525 5769 ιω

1977 5729 2141 5773 episco
2164 5729 2220 5771 io,
2278 5729 2323 5761 ut
2360 5729 2407 5761 ct
2433 5729 2626 5764 ﬂoreis

1977 5780 2074 5823 tum
2100 5729 2168 5836 (υ)
2196 5729 2330 5833 inpia,
2357 5790 2463 5836 Iug.
2498 5778 2626 5824 1537.
