4080 6360
537 371 666 433 1591

529 493 724 568 linguis
773 496 1010 554 omnium
1057 493 1312 568 gentium.
1363 491 1493 550 Inde
1535 491 1772 558 dictum,
1823 487 1943 543 Non
1990 496 2110 542 sunt

529 587 770 659 loquelte,
805 603 960 658 neque
983 602 1264 654 sermones,
1304 601 1517 657 quorum
1544 601 1645 638 non
1668 581 1942 636 audiantur
1970 595 2110 633 vocrs

527 695 719 732 eorum.
774 677 842 732 Et
880 676 1002 748 quia
1043 677 1168 732 inde
1209 676 1359 732 missi
1403 684 1528 730 sunt
1565 673 1632 728 ad
1677 671 2110 744 prardieationem

527 770 799 838 Evangelii
844 785 935 838 per
961 785 1148 824 omnes
1174 778 1388 840 gentes,
1421 766 1488 823 In
1515 783 1716 822 onmem
1743 775 1930 820 terram
1959 763 2110 818 exivit

522 878 675 915 sonus
703 878 896 927 eorum,
925 871 972 916 et
1001 862 1054 915 in
1079 863 1207 932 ﬁnes
1233 861 1367 916 orbis
1395 871 1544 916 terra:
1568 861 1716 914 verba
1745 875 1937 913 eorum.
1965 858 2106 926 Quo-

520 953 682 1008 rum?
720 953 1014 1021 (Italorum,
1057 955 1415 1026 quibus‘recte
1444 954 1656 1021 dicitur,
1699 952 1906 1010 Caelum
1949 967 2029 1018 es,
2053 957 2109 1006 et

518 1043 572 1096 in
610 1043 803 1098 ccelum
833 1045 973 1100 ibis;
1002 1047 1138 1100 sicut
1177 1057 1324 1102 recte
1367 1045 1656 1116 peccatori,
1689 1044 1846 1099 Terra
1873 1061 1946 1111 es,
1977 1052 2023 1097 et
2050 1043 2104 1098 in

519 1141 704 1187 terram
735 1133 849 1190 ibis.
1517 1139 1524 1146 ”

589 1225 646 1280 2.
679 1225 911 1282 Terrena:
939 1228 1269 1297 possessionis
1297 1245 1441 1284 amor
1465 1245 1620 1284 causa
1655 1227 1938 1283 discordite.
1973 1227 2103 1282 Fra-

520 1323 634 1372 tres
651 1315 778 1388 ergo
800 1319 844 1372 si
869 1318 1048 1374 volunt
1070 1333 1190 1374 esse
1213 1320 1529 1387 concordes,
1545 1335 1651 1374 non
1675 1329 1856 1376 ament
1880 1329 2099 1375 terram.

518 1406 627 1462 Sed
671 1409 719 1463 si
765 1409 949 1464 volunt
992 1425 1102 1466 non
1140 1425 1321 1466 amare
1363 1420 1588 1478 terram,
1635 1426 1740 1466 non
1787 1410 1890 1466 sint
1935 1420 2096 1466 terra.

513 1501 771 1568 Qumraut
816 1503 1212 1572 possessionem
1259 1520 1380 1576 qua:
1422 1504 1586 1558 dividi
1635 1520 1742 1559 non
1797 1514 2000 1576 potest,
2045 1516 2100 1559 et

512 1607 728 1663 semprr
766 1593 1060 1650 concordes
1101 1604 1280 1650 erunt.
1315 1595 1463 1652 Unde
1493 1596 1631 1652 inter
1659 1594 1854 1652 fratres
1895 1596 2099 1652 discor-

511 1683 638 1740 dia?
669 1685 810 1742 unde
843 1688 1172 1756 perturbatio
1199 1689 1446 1760 pietatis?
1467 1688 1612 1745 unde
1641 1704 1778 1744 unus
1804 1699 2016 1754 uterus,
2044 1697 2099 1743 et

511 1788 620 1829 non
643 1791 778 1830 unus
804 1777 1034 1842 animus,
1060 1778 1163 1833 nisi
1189 1779 1314 1834 dum
1344 1790 1595 1834 curvatur
1612 1781 1787 1833 anima
1813 1795 2019 1845 eorum,
2041 1788 2098 1834 et

511 1873 720 1935 partem
747 1879 896 1921 suam
917 1868 1142 1939 quisque
1161 1871 1397 1939 respicit,
1419 1879 1474 1925 et
1499 1871 1634 1940 parti
1663 1886 1775 1926 suae
1797 1870 2096 1940 opimandm

509 1963 568 2012 et
605 1958 988 2028 exaggeranda
1021 1974 1239 2030 operam
1277 1961 1564 2032 impendit,
1595 1970 1648 2017 et
1675 1964 1728 2016 in
1758 1964 2095 2032 possessione

509 2059 605 2101 sua
633 2048 739 2103 vult
760 2047 956 2105 habere
971 2051 1227 2106 unitatem
1247 2093 1264 2118 ,
1294 2053 1521 2123 quicum
1539 2053 1703 2108 fratre
1730 2068 1829 2108 suo
1860 2055 2096 2124 possidet

509 2137 866 2198 divisionem?
887 2141 1031 2198 Bona
1053 2153 1137 2199 est
1157 2144 1253 2199 ista
1279 2145 1566 2215 possessio,
1589 2147 1741 2214 cujus
1761 2146 1884 2200 est?
1901 2145 2090 2200 Nostra

508 2239 612 2286 est.
652 2231 840 2303 Magna
866 2237 1176 2305 possessio!
1219 2236 1308 2291 Sic
1341 2237 1444 2292 diei
1487 2237 1644 2294 Solet.
1683 2237 1816 2294 Tota
1857 2247 2090 2304 tuaest,

507 2318 710 2376 frater?
738 2321 888 2389 Non;
917 2325 1086 2380 habeo
1113 2325 1200 2381 hic
1219 2337 1522 2381 consortem
1554 2346 1566 2382 :
1597 2328 1690 2382 sed
1717 2329 1760 2382 si
1789 2328 1899 2382 vnlt
1927 2329 2088 2396 Deus,

507 2413 704 2468 vendet
725 2415 851 2470 mihi
878 2426 1090 2487 partem.
1105 2434 1273 2474 suam.
1299 2417 1558 2476 Adulator
1577 2421 1883 2491 respondet,
1911 2421 2090 2478 Faciat

509 2504 672 2560 Deus.
715 2507 852 2574 Quid
883 2509 1042 2564 faciat
1089 2511 1266 2566 Dens?
1301 2512 1370 2567 Ut
1411 2514 1743 2583 opprimatur
1769 2515 1970 2568 vicinus
1990 2555 2006 2580 ,
2036 2524 2090 2570 et

505 2607 712 2666 partem
754 2613 904 2656 suam
945 2603 1138 2657 vendat
1177 2605 1370 2658 vicino.
1405 2605 1586 2660 Faciat
1617 2607 1759 2662 Deus
1789 2627 1802 2662 :
1831 2607 1964 2662 bene
1991 2623 2086 2662 co-

504 2690 659 2758 gitas,
693 2693 960 2763 compleat
987 2696 1080 2750 tibi
1114 2697 1272 2752 Deus.
1313 2699 1567 2765 Quoniam
1597 2700 1835 2754 laudatur
1858 2710 2090 2770 peccator

465 2839 470 2842 ,
503 2781 558 2836 in
585 2781 852 2839 desideriis
875 2787 1059 2841 anima:
1081 2804 1214 2852 suae;
1237 2799 1284 2842 et
1310 2790 1398 2860 qui
1421 2791 1593 2860 iniqua
1611 2793 1756 2862 gerit,
1779 2791 2089 2846 benedicitur

507 2871 680 2944 (Psal.
707 2890 762 2936 x,
796 2875 874 2948 ὅ).
899 2877 1034 2943 Quid
1059 2888 1162 2932 tam
1192 2879 1455 2950 iniquum,
1477 2899 1636 2951 quam
1660 2882 1798 2938 velle
1825 2883 2088 2947 ditescere

501 2961 724 3020 alterius
752 2969 1107 3037 paupertate?
1135 2969 1202 3024 Et
1231 2979 1407 3025 tamen
1435 2971 1667 3028 abundat
1697 2973 1798 3028 hoc
1825 2974 1954 3042 :‘qui
1983 2975 2084 3028 ini—

502 3073 604 3128 qua
639 3063 801 3130 gerit,
849 3062 1189 3130 benedicitur;
1233 3075 1288 3120 et
1327 3065 1464 3121 forte
1504 3067 1815 3135 praevaluit,
1854 3077 1909 3122 et
1949 3066 2088 3123 forte

503 3153 697 3220 pressit
725 3161 774 3207 et
803 3155 1089 3223 oppressit,
1121 3157 1272 3210 torsit
1300 3165 1353 3212 et
1377 3158 1620 3224 estorsit,
1646 3173 1748 3213 non
1771 3173 2085 3228 quemcum-

501 3257 606 3312 que
647 3250 984 3308 consortem',
1029 3247 1124 3301 sed
1170 3247 1387 3302 forsitan
1430 3248 1667 3304 fratrem.
1709 3248 1893 3304 Melius
1920 3259 2086 3305 estut

501 3348 604 3404 ego
623 3350 816 3400 emam,
845 3351 1002 3406 quam
1031 3349 1334 3394 extraneas.
1361 3341 1424 3394 Et
1458 3340 1547 3394 ille
1579 3340 1732 3395 facile
1760 3355 2079 3411 oppressus,

500 3426 546 3480 si
571 3434 654 3480 est
683 3426 894 3495 justus,
925 3427 1083 3483 habet
1122 3429 1563 3486 consolationem.
1605 3429 1802 3487 Audiat
1841 3431 2082 3503 Scriptu-

499 3532 616 3572 ram
637 3558 653 3584 ,
690 3536 848 3590 quam
885 3521 1045 3576 modo
1065 3522 1284 3577 audivit.
1308 3523 1402 3578 llle
1437 3523 1639 3578 laborat
1677 3525 1883 3593 inOpia,
1915 3525 2083 3582 frater

501 3608 618 3678 ejus
644 3611 830 3680 plenus
855 3621 936 3666 est
962 3615 1132 3682 copia.
1160 3613 1262 3670 Sed
1289 3615 1478 3684 plenus
1507 3623 1590 3668 est
1617 3625 1754 3670 terra
1773 3658 1787 3680 ,
1821 3625 1874 3671 et
1909 3617 2081 3672 inanis

491 3701 734 3772 justitiaz.
761 3704 994 3760 Advorte
1023 3716 1191 3773 terra,
1214 3708 1340 3777 quid
1370 3707 1550 3762 audiat
1585 3709 1673 3763 ille
1711 3725 1926 3779 pauper.
1953 3710 2082 3766 Noli

495 3795 690 3860 timete,
719 3811 830 3849 cum
856 3797 991 3851 dives
1017 3803 1180 3869 factus
1205 3801 1354 3870 fuerit
1378 3803 1525 3855 homo
1545 3843 1562 3868 ,
1593 3819 1750 3873 neque
1773 3821 1884 3857 cunt
1907 3807 2082 3859 multi-

496 3883 686 3954 plicata
705 3885 856 3954 fuerit
890 3887 1055 3956 gloria
1083 3891 1264 3944 domus
1289 3891 1398 3960 ejus
1434 3908 1453 3945 :
1491 3894 1729 3962 quoniam
1757 3910 1870 3946 cum
1895 3897 2078 3950 morie-

497 3985 612 4042 tur,
641 3993 742 4031 non
769 3979 984 4051 accipiet
1018 3999 1078 4036 ea
1117 3981 1292 4050 (Psal.
1338 3999 1534 4050 vatu,
1565 3986 1662 4051 17,
1694 3987 1806 4056 l8).
1847 3987 1992 4043 Tene
2019 3997 2075 4043 tu

495 4082 698 4138 pauper
721 4072 862 4136 quod
887 4087 990 4126 non
1021 4073 1256 4128 dimittas
1281 4077 1513 4131 moriens
1533 4119 1549 4145 ,
1577 4087 1630 4132 et
1667 4080 1805 4149 quod
1833 4083 2076 4168 acquiras

493 4159 546 4213 in
577 4171 834 4217 aeternum
861 4165 1066 4220 vivens.
1099 4167 1245 4240 Tene
1265 4167 1546 4238 justitiam,
1579 4187 1684 4225 non
1717 4180 1766 4226 te
1795 4159 2072 4241 paeniteat.

490 4249 833 4309 Contristaris
861 4256 984 4324 quia
1013 4257 1063 4310 in
1096 4267 1236 4312 terra
1277 4274 1476 4329 pauper
1513 4275 1570 4314 es
1611 4260 1704 4314 tu?
1743 4262 1956 4332 Pauper
1987 4263 2072 4319 hic

494 4345 590 4399 luit
613 4346 706 4415 qui
736 4348 936 4401 creavit
972 4357 1189 4402 terram.
1219 4349 1537 4406 Consolatur
1565 4361 1616 4407 te
1645 4353 1900 4408 Dominus
1933 4355 2073 4410 Deus

488 4445 614 4491 tuus
636 4477 651 4495 .
679 4439 986 4493 consolatur
1015 4449 1066 4495 te
1099 4441 1322 4496 Creator
1359 4453 1479 4498 tuus
1499 4486 1513 4510 ,
1554 4447 1860 4500 consolatur
1889 4457 1942 4501 te
1969 4447 2074 4502 Rc-

489 4527 736 4597 demptor
765 4539 906 4584 tuus.
947 4529 1264 4587 Consolatur
1291 4543 1342 4588 te
1377 4551 1482 4588 non
1517 4551 1710 4591 avarus
1735 4538 1897 4592 frater
1927 4547 2068 4592 tuus.

487 4616 746 4687 Dignatus
789 4628 872 4674 est
907 4621 1048 4676 enim
1092 4629 1210 4676 esse
1253 4621 1416 4678 frater
1459 4635 1640 4678 noster
1684 4625 1772 4681 il!e
1816 4627 2071 4682 Dominus

486 4719 691 4766 noster.
719 4711 876 4768 Solus
901 4713 1063 4768 frater
1092 4714 1209 4770 sine
1232 4713 1563 4771 dubitatione
1597 4718 1883 4774 fidissimus
1901 4759 1917 4784 ,
1948 4733 2070 4774 cum

487 4815 598 4870 quo
620 4803 902 4858 concordia
934 4803 1252 4874 possidenda
1278 4817 1378 4861 est.
1413 4809 1530 4862 Dixi
1552 4823 1672 4862 eum
1699 4824 1802 4862 non
1827 4823 2066 4874 avarum,

485 4903 542 4948 et
579 4895 716 4948 forte
753 4895 965 4950 invenio
993 4911 1232 4951 avarum.
1278 4899 1486 4953 Avarus
1528 4908 1612 4954 est
1644 4917 1656 4954 :
1686 4899 1780 4955 sed
1823 4914 1921 4954 nos
1959 4901 2072 4955 vult

487 4984 707 5054 habere,
730 5001 828 5043 nos
849 4989 961 5042 vult
983 4990 1281 5060 acquirere.
1308 4991 1412 5046 Pro
1437 4991 1592 5046 nobis
1614 5001 1814 5045 tantum
1837 4990 2070 5061 pretium

485 5077 636 5132 dedit
662 5091 720 5132 se
759 5079 929 5148 ipsum
962 5097 976 5134 :
1007 5080 1139 5135 nihil
1185 5081 1253 5136 ad
1294 5081 1398 5137 hoc
1439 5083 1664 5152 pretium
1707 5082 1830 5137 addi
1873 5091 2064 5151 potest.

487 5166 645 5222 Dedit
669 5169 898 5237 pretium
924 5185 983 5224 se
1011 5171 1206 5240 ipsum,
1235 5179 1289 5226 et
1319 5171 1487 5227 factus
1513 5181 1596 5228 est
1621 5171 1946 5241 Redemptor
1972 5187 2070 5226 no-

486 5267 614 5314 ster.
639 5257 755 5313 Non
777 5261 920 5316 enim
947 5261 1027 5316 sic
1060 5275 1118 5317 se
1143 5261 1288 5317 dedit
1315 5262 1569 5332 pretium,
1604 5270 1666 5316 ut
1699 5277 1794 5316 nos
1822 5261 2068 5318 inimicus

485 5349 812 5416 dimitteret,
841 5362 898 5407 et
941 5352 1114 5422 ipsum
1141 5352 1456 5422 possideret.
1487 5353 1640 5408 Dedit
1667 5368 1729 5408 se
1755 5353 1943 5418 morti,
1971 5369 2066 5408 oc-

484 5442 671 5497 cidens
703 5454 951 5498 mortem.
993 5443 1164 5500 Morte
1201 5444 1399 5514 quippe
1433 5459 1526 5498 sua
1565 5452 1792 5498 mortem
1831 5444 2064 5512 occidit,

485 5547 593 5588 non
620 5542 792 5590 morte
811 5536 1018 5590 occisus
1041 5543 1151 5602 est;
1181 5544 1236 5591 et
1263 5543 1435 5590 morte
1455 5535 1630 5591 occisa
1649 5575 1666 5604 ,
1695 5535 1944 5592 liberavit
1966 5551 2066 5592 nos

483 5641 514 5678 ι
537 5634 728 5680 morte.
767 5627 987 5683 Vivebat
1005 5628 1148 5683 enim
1179 5628 1527 5684 morientibus
1559 5628 1716 5684 nobis
1741 5643 1888 5685 mors
1906 5670 1922 5696 ,
1949 5644 2066 5685 mo-

487 5713 655 5768 rietur
683 5713 982 5773 viventibus
1021 5717 1174 5773 nobis
1198 5759 1217 5786 ,
1254 5717 1468 5789 quando
1505 5720 1557 5775 ei
1591 5719 1800 5776 dicetur
1819 5761 1838 5791 ,
1867 5717 1964 5776 Ubi
1990 5729 2066 5777 est

485 5816 640 5874 mors,
672 5797 921 5865 contentio
946 5820 1032 5866 tua
1057 5811 1112 5884 (l
1135 5809 1250 5869 Cor.
1274 5827 1364 5882 xv,
1389 5805 1538 5884 55)?

1733 373 1789 429 s.
1830 367 2188 428 AUGUSTINI
2229 370 2530 430 EPISCOPI

3664 393 3803 452 £599.

2289 488 2344 544 5.
2378 489 2622 548 Dominus
2645 493 2992 568 interpellatus
3017 509 3070 553 ut
3089 495 3240 570 fratri
3259 501 3426 568 iubeat
3451 503 3795 564 hereditatem

2215 581 2394 650 partiri
2413 623 2429 648 ,
2465 599 2556 636 cur
2583 584 2748 653 facere
2785 588 2969 642 renuit.
3005 587 3320 662 Prteceptum
3355 603 3413 646 ut
3444 595 3619 650 demus
3654 600 3796 652 omni

2215 674 2442 742 petenti,
2471 677 2722 746 quomodo
2751 679 3080 750 implendum.
3109 681 3254 737 Talis
3277 699 3403 753 ergo
3433 685 3596 742 frater
3623 687 3794 744 inter-

2212 763 2442 833 pellatus
2479 775 2562 820 est
2599 782 2626 822 a
2665 770 2894 838 quodam
2939 772 3098 827 fratre
3135 783 3317 829 contra
3360 774 3615 846 fratrem,
3653 779 3794 837 inter

2213 872 2346 926 quos
2375 875 2481 914 non
2516 871 2630 916 erat
2669 864 2953 918 concordia
2995 876 3212 936 pr0pter
3237 876 3430 924 terram
3453 910 3466 932 ,
3497 879 3550 926 et
3575 873 3648 926 ait
3673 875 3746 928 illi
3771 894 3787 931 :

2211 945 2449 1016 Domine,
2475 953 2560 1006 die
2583 955 2733 1025 fratri
2759 973 2886 1017 meo,
2914 965 2969 1010 ut
2993 957 3181 1011 dividat
3207 975 3398 1014 mecum
3427 960 3788 1020 Ittereditatem.

2211 1039 2400 1095 Totam
2425 1044 2568 1108 tulit,
2600 1046 2730 1100 mihi
2761 1056 2966 1116 partem
2993 1064 3166 1103 meam
3197 1064 3304 1104 non
3330 1051 3443 1106 vult
3467 1053 3595 1110 dare
3613 1097 3630 1122 ,
3657 1071 3789 1110 con-

2211 1135 2396 1188 temnit
2421 1152 2527 1204 me,
2559 1137 2740 1192 audiat
2775 1141 2856 1194 vel
2889 1149 2958 1196 te.
2999 1142 3132 1208 Quid
3163 1129 3466 1212 pertinebat
3503 1147 3570 1201 ad
3609 1149 3790 1204 Domi-

2208 1225 2373 1278 num?
2397 1226 2542 1281 Sicut
2569 1229 2865 1298 cogitamus
2887 1246 2984 1284 nos
3006 1231 3232 1288 humiles
3255 1233 3497 1302 humilia,
3517 1246 3792 1307 reptantes

2207 1311 2259 1368 in
2289 1323 2427 1370 terra
2451 1358 2465 1382 ,
2497 1321 2767 1374 constituti
2799 1321 2849 1374 in
2881 1321 2981 1376 hac
3008 1323 3112 1378 vita
3133 1364 3148 1388 ,
3175 1333 3230 1379 et
3255 1327 3521 1380 neminem
3550 1329 3789 1384 volentes

2205 1407 2543 1476 contristari,
2567 1420 2620 1464 et
2647 1412 2954 1482 plerumque
2983 1413 3104 1469 inde
3142 1416 3353 1486 gravius
3373 1419 3750 1475 contristantes
3769 1462 3784 1487 ,

2205 1496 2330 1565 quid
2353 1497 2694 1555 diceremus?
2721 1502 2870 1569 Veni,
2897 1503 3079 1570 frater,
3104 1507 3270 1562 redde
3299 1509 3444 1563 fratri
3470 1521 3560 1566 tuo
3581 1523 3786 1580 partem

2204 1601 2376 1641 suam.
2405 1589 2518 1644 Non
2547 1589 2650 1646 hoc
2677 1591 2810 1647 dixit
2841 1594 3115 1652 Dominus.
3157 1597 3225 1651 Et
3267 1599 3392 1669 quid
3433 1599 3524 1654 illo
3553 1601 3787 1671 jnstius?

2203 1676 2334 1743 Quis
2361 1679 2518 1734 talem
2545 1681 2778 1751 judicem
2800 1681 3053 1751 inveniat,
3077 1702 3235 1756 quem
3267 1689 3570 1758 interpellet
3597 1702 3786 1747 contra

2201 1771 2474 1825 avaritiam
2499 1772 2678 1829 fratris
2703 1775 2824 1830 sui?
2853 1775 3040 1854 Nonne
3073 1779 3336 1849 gaudebat
3366 1781 3454 1836 ille
3485 1781 3645 1836 homo
3669 1793 3787 1838 tan-

2201 1861 2322 1917 dem
2346 1878 2404 1918 sc
2433 1865 2702 1922 invenisse
2724 1884 2971 1938 magnum
2994 1870 3240 1925 solatium
3257 1871 3280 1922 't
3297 1871 3543 1943 Magnum
3572 1889 3786 1944 quoque

2199 1951 2521 2023 adjutorium
2565 1959 2682 2013 sine
2718 1957 3050 2015 dubitatione
3089 1959 3370 2032 sperabat,
3411 1963 3595 2020 dicens
3636 1974 3784 2020 tanto

2193 2043 2378 2113 judici,
2410 2043 2646 2112 Domine,
2677 2050 2758 2103 dic
2788 2052 2936 2122 fratri
2955 2067 3085 2116 meo,
3114 2062 3169 2106 ut
3193 2053 3383 2107 dividat
3406 2072 3599 2108 meeum
3618 2056 3784 2110 latere-

2202 2137 2424 2192 ditatem.
2455 2143 2520 2196 At
2551 2142 2638 2196 ille
2665 2143 2790 2212 quid
2821 2143 2990 2198 dixit?
3023 2145 3066 2198 0
3093 2146 3264 2210 homo,
3287 2147 3399 2216 quis
3428 2164 3505 2200 me
3524 2149 3782 2202 constituit

2198 2229 2464 2286 divisorem
2487 2233 2795 2290 luereditatis
2823 2237 2953 2290 inter
2981 2237 3338 2307 vos?Repulit
3359 2239 3610 2294 Dominus
3627 2282 3642 2304 ,
3673 2256 3781 2295 non

2196 2323 2347 2378 dedit
2367 2326 2508 2395 quod
2541 2327 2836 2396 petebatur,
2870 2345 2975 2384 non
3003 2331 3270 2384 concessit
3297 2332 3586 2400 gratuitum
3614 2332 3782 2386 bene-

2197 2419 2395 2474 ficium.
2422 2419 2558 2488 Quid
2585 2436 2832 2492 magnmn
2855 2423 3009 2477 erat?
3030 2422 3163 2490 Quid
3193 2423 3316 2478 inde
3337 2423 3627 2493 perdebat?
3651 2421 3780 2494 quid

2197 2510 2246 2564 in
2275 2525 2342 2566 eo
2367 2511 2623 2566 beneficio
2643 2512 2833 2566 saltem
2860 2512 3174 2568 laborabat?
3200 2513 3315 2568 Non
3341 2513 3508 2568 dedit.
3531 2513 3631 2570 Ubi
3659 2525 3742 2569 est
3759 2555 3777 2583 ,

2198 2601 2350 2656 Omni
2387 2603 2573 2672 petenti
2603 2613 2684 2669 te,
2718 2603 2786 2656 da
2812 2601 2960 2676 (Luc.
2995 2619 3070 2670 Vt,
3101 2604 3189 2674 50)
3209 2605 3231 2656 ?
3253 2605 3370 2660 Non
3399 2607 3500 2660 hoc
3524 2606 3630 2676 egit
3657 2605 3776 2672 ille,

2193 2693 2280 2761 qui
2311 2693 2464 2746 nobis
2493 2693 2700 2748 vivendi
2739 2693 2967 2764 praebuit
2991 2695 3317 2765 exemplum.
3360 2695 3638 2764 Quomodo
3679 2709 3780 2751 nos

2193 2781 2247 2836 id
2287 2782 2475 2836 facturi
2503 2783 2728 2838 sumus?
2757 2784 2861 2838 Aut
2903 2785 3170 2854 quomodo
3209 2785 3454 2840 dabimus
3492 2785 3632 2856 quod
3677 2786 3779 2840 im-

2193 2874 2494 2944 pendimus,
2524 2876 2568 2930 si
2605 2891 2710 2930 non
2739 2875 2925 2930 damus
2955 2877 3269 2930 beneficium
3295 2877 3383 2932 ubi
3413 2875 3542 2930 nihil
3573 2875 3779 2946 impen-

2191 2964 2387 3030 dimus,
2417 2965 2506 3018 ubi
2535 2964 2668 3019 nihil
2694 2980 2996 3036 erogamus,
3026 2967 3112 3020 ubi
3139 2967 3267 3021 nihil
3303 2967 3632 3021 amittimus?
3659 2965 3774 3021 Non

2190 3055 2336 3110 dedit
2375 3057 2633 3110 Dominus
2673 3056 2808 3123 hoc,
2852 3072 2951 3112 nec
2997 3068 3170 3112 tamen
3216 3057 3346 3112 nihil
3389 3049 3554 3113 dedit.
3600 3057 3774 3113 Minus

2190 3148 2426 3218 negavit,
2451 3146 2542 3202 sed
2580 3147 2720 3217 quod
2757 3148 2873 3216 plus
2901 3156 2981 3202 est
3007 3147 3243 3202 donavit.
3278 3148 3417 3201 Dixit
3449 3146 3730 3202 manifeste
3753 3188 3772 3216 ,

2191 3239 2342 3304 dixit,
2375 3236 2529 3292 Omni
2555 3239 2740 3308 petenti
2765 3249 2830 3304 te,
2859 3239 2945 3292 da.
2977 3237 3134 3306 Quid,
3155 3239 3199 3293 si
3226 3238 3416 3308 aliquis
3443 3247 3588 3308 petat
3615 3253 3645 3292 a
3677 3248 3728 3294 te
3747 3281 3765 3306 ,

2191 3349 2294 3386 non
2337 3332 2457 3386 dico
2494 3332 2637 3402 quod
2681 3331 2866 3386 inutile
2893 3340 2976 3385 est
3005 3330 3163 3396 dare,
3192 3331 3286 3386 sed
3327 3331 3472 3401 quod
3513 3339 3664 3401 turpe
3690 3341 3775 3386 est

2187 3422 2350 3478 dare?
2374 3423 2532 3491 Quid,
2557 3423 2597 3476 si
2622 3432 2770 3492 petat
2799 3423 2993 3478 mulier
3018 3423 3216 3493 aliqua,
3235 3423 3376 3492 quod
3399 3423 3546 3493 petiit
3579 3423 3774 3479 mulier

2185 3530 2214 3568 a
2245 3513 2485 3583 .loseph?
2511 3513 2670 3580 Quid,
2703 3513 2746 3568 si
2769 3522 2914 3582 petat
2937 3513 3015 3566 vir
3040 3513 3253 3584 aliquis,
3276 3513 3416 3583 quod
3449 3513 3567 3568 falsi
3587 3514 3771 3570 senio-

2189 3620 2276 3658 res
2301 3621 2329 3658 a
2361 3605 2600 3659 Susanna
2623 3604 2927 3673 petierunt?
2955 3603 3128 3657 Etiam
3161 3604 3247 3658 hic
3272 3604 3542 3674 sequenda
3569 3613 3651 3660 est
3680 3603 3771 3658 illa

2187 3705 2435 3764 tanquam
2479 3693 2744 3765 generalis
2781 3693 3081 3760 sententia,
3131 3691 3284 3746 Omni
3325 3694 3514 3764 petenti
3547 3702 3594 3748 te
3616 3734 3631 3758 ,
3661 3693 3772 3748 da.’

2183 3785 2355 3839 Absit.
2386 3784 2665 3840 Faciemus
2687 3800 2815 3854 ergo
2845 3785 2930 3838 hic
2957 3793 3140 3838 contra
3168 3793 3493 3854 praeceptum
3523 3783 3772 3838 Domini?

2184 3876 2295 3931 lino
2325 3875 2577 3929 faciamus
2607 3875 2899 3930 secundum
2925 3885 3246 3944 praeceptum
3279 3875 3484 3930 Domini
3505 3915 3521 3941 ,
3544 3883 3600 3928 et
3625 3875 3766 3930 mala
3849 3929 3852 3931 _

2183 3967 2484 4038 petentibus
2513 3983 2621 4022 non
2657 3967 2878 4032 demus,
2909 3983 3005 4022 nec
3038 3979 3227 4022 contra
3254 3966 3412 4022 istam
3443 3967 3767 4022 sententiam

2182 4060 2460 4114 faciemus.
2492 4059 2699 4113 Dictum
2733 4067 2818 4114 est
2847 4059 3011 4126 enim,
3045 4057 3196 4112 Omni
3219 4057 3404 4127 petenti
3429 4067 3494 4124 te,
3529 4055 3614 4109 da.
3645 4055 3764 4111 Non

2179 4161 2264 4204 est
2287 4150 2510 4216 dictum,
2535 4148 2724 4204 Omnia
2755 4149 2954 4219 petenti
2985 4159 3036 4203 te
3060 4147 3146 4203 da.
3181 4147 3334 4202 Omni
3353 4149 3540 4224 petenti
3566 4155 3631 4213 te,
3655 4146 3722 4200 da
3741 4161 3767 4202 :

2183 4255 2400 4310 prorsus
2431 4240 2496 4295 da
2518 4256 2533 4306 ;
2555 4239 2654 4296 etsi
2677 4255 2781 4294 non
2806 4239 2947 4309 quod
2972 4239 3122 4306 petit,
3149 4249 3207 4293 tu
3231 4247 3406 4294 tamen
3429 4226 3626 4308 aliquid
3650 4237 3716 4292 da
3743 4256 3761 4293 :

2180 4331 2375 4386 malum
2407 4333 2557 4401 petit,
2587 4341 2643 4386 tu
2667 4331 2804 4386 bona
2833 4329 2920 4384 da.
2945 4329 3092 4384 Fecit
3116 4329 3216 4384 hoc
3235 4329 3456 4399 .loseph.
3479 4329 3595 4383 Non
3617 4329 3762 4384 dedit

2178 4421 2317 4492 quod
2358 4422 2569 4491 petebat
2599 4421 2791 4476 mulier
2823 4419 3126 4490 impudica;
3155 4429 3209 4474 et
3241 4419 3390 4475 dedit
3415 4429 3593 4476 tamen
3619 4419 3762 4489 quod

2178 4515 2362 4568 audire
2391 4512 2643 4580 deberet,
2672 4529 2740 4566 ne
2781 4512 3047 4582 impudica
3091 4521 3236 4567 esset
3262 4513 3506 4582 exemplo
3534 4528 3632 4568 suo
3661 4530 3675 4566 :
3707 4519 3764 4567 et

2179 4605 2291 4675 ipse
2313 4620 2418 4659 non
2441 4603 2626 4660 incidit
2645 4605 2697 4658 in
2725 4602 2934 4658 foveam
2958 4603 3213 4668 libidinis,
3241 4613 3296 4658 et
3315 4603 3460 4659 dedit
3479 4603 3760 4658 consilium

2175 4699 2456 4754 castitatis.
2500 4696 2614 4752 Hoc
2647 4696 2790 4752 enim
2821 4697 3096 4767 reSpondit
3127 4713 3141 4750 :
3168 4695 3309 4750 Absit
3345 4712 3378 4749 a
3415 4713 3529 4763 me,
3564 4713 3628 4751 ne
3665 4697 3764 4750 hoc

2175 4789 2363 4860 [nciam
2393 4787 2596 4841 domino
2621 4803 2748 4852 meo,
2777 4803 2841 4840 ne
2865 4786 3096 4857 polluam
3123 4795 3286 4839 torum
3313 4786 3424 4854 ejus
3442 4786 3524 4856 qui
3547 4785 3762 4840 credidit

2174 4881 2298 4934 mihi
2322 4881 2493 4934 omnia
2518 4881 2572 4933 in
2599 4881 2749 4933 domo
2782 4896 2876 4933 sua
2909 4879 3058 4950 (Gen.
3097 4881 3311 4950 χχχιχ).
3339 4879 3395 4932 Si
3437 4893 3623 4934 servus
3652 4896 3762 4936 tere

2174 4981 2387 5040 emptus
2417 4969 2553 5024 hanc
2583 4969 2742 5024 fidem
2787 4969 3019 5024 servavit
3061 4969 3313 5034 domino,
3349 4970 3561 5039 qualem
3599 4969 3762 5024 debet

2172 5062 2366 5131 coniux
2415 5075 2632 5116 scrvare
2677 5059 2910 5114 marito?
2956 5061 3069 5115 lloc
3118 5069 3234 5115 erat
3277 5061 3594 5136 admonere.
3645 5061 3760 5131 Ego

2171 5169 2363 5210 servus
2388 5153 2490 5209 hoe
2517 5169 2620 5208 non
2650 5153 2836 5207 faciam
2861 5153 3077 5208 domino
3103 5169 3226 5209 meo
3252 5171 3264 5208 :
3293 5163 3348 5208 tu
3368 5153 3562 5224 coniux
3587 5153 3756 5209 debes

2171 5247 2274 5300 hoc
2305 5247 2480 5302 facere
2509 5246 2700 5301 marito
2733 5247 2861 5300 tuo?
2890 5246 3046 5300 Dedit
3065 5255 3118 5301 et
3137 5246 3400 5313 Susanna,
3431 5263 3530 5302 nec
3557 5247 3757 5303 dimisit

2171 5352 2267 5392 eos
2291 5337 2498 5402 inanes,
2529 5337 2576 5390 si
2605 5337 2810 5407 impleri
2841 5337 3044 5392 vellent
3069 5339 3292 5393 consilio
3323 5339 3608 5410 pudicitite.
3639 5339 3754 5394 Non

2171 5427 2345 5481 solum
2374 5427 2514 5482 enim
2549 5441 2652 5480 non
2680 5427 2985 5493 consensit;
3030 5428 3122 5482 sed
3155 5437 3204 5483 et
3241 5444 3346 5482 non
3389 5430 3552 5486 tacuit
3591 5445 3756 5498 quare

2171 5531 2278 5573 non
2307 5517 2596 5572 consensit.
2615 5515 2694 5594 .Si
2724 5518 2998 5582 consentio,
3032 5518 3218 5587 inquit,
3248 5519 3406 5584 vobis,
3433 5535 3583 5590 pereo
3613 5519 3756 5583 Deo;

2169 5608 2215 5663 si
2251 5625 2354 5662 non
2393 5607 2650 5662 consentio
2669 5647 2685 5672 ,
2727 5623 2828 5662 non
2866 5605 3054 5678 effugio
3094 5623 3273 5661 manus
3311 5619 3501 5662 uestras
3530 5624 3550 5662 .'
3575 5613 3756 5662 melius

2172 5709 2341 5754 autem
2377 5707 2449 5752 est
2471 5699 2526 5752 in
2553 5714 2734 5752 manus
2763 5707 2949 5752 vestros
2981 5696 3234 5764 incidere,
3262 5713 3415 5768 quam
3453 5697 3564 5752 Deo
3589 5699 3755 5768 perire

2181 5790 2343 5866 (Dan.
2377 5789 2512 5856 xm).
2539 5790 2674 5858 Quid
2709 5800 2792 5846 cst
2814 5801 3024 5857 autem,
3059 5789 3244 5845 Melius
3271 5801 3343 5846 est
3381 5791 3434 5846 in
3461 5807 3636 5846 manus
3665 5805 3750 5846 tte-
