4080 6360
246 477 372 521 atras
394 463 633 528 incidere,
657 476 812 533 quam
836 457 944 513 Deo
968 454 1175 528 perire?
1202 455 1307 510 Vos
1331 453 1440 508 Deo
1464 453 1675 522 peristis
1695 491 1710 517 ,
1735 449 1826 519 qui

246 559 363 613 talia
384 557 643 628 quaeritis.
664 554 807 625 Ergo
829 552 963 607 hanc
984 551 1220 620 regulam
1246 556 1441 603 tenete.
1466 546 1595 599 Date
1615 542 1828 613 quando

247 649 508 720 petimini,
532 647 634 703 etsi
657 661 761 700 non
787 645 888 699 hoc
912 642 1053 713 quod
1081 641 1339 711 petitnini.
1364 639 1477 693 Hoc
1496 636 1619 691 fecit
1646 635 1829 689 Domi-

246 758 362 796 nus.
395 742 620 796 Petebat
644 740 762 803 ille,
790 736 960 808 quid?
988 736 1309 790 Divisionem
1340 728 1686 786 haereditatis.
1722 728 1832 780 De-

244 834 316 889 dit
355 832 616 887 Dominus
636 873 650 896 ,
680 829 848 900 quid?
884 827 1316 895 Peremptionem
1343 820 1665 891 cupiditatis.
1695 815 1830 886 Quid

246 924 494 994 petebat?
520 922 643 991 quid
665 920 903 985 accepit?
929 917 1025 971 Dic
1054 914 1202 988 fratri
1241 930 1350 968 meo
1374 955 1389 979 ,
1415 921 1468 965 ut
1497 910 1687 963 dividat
1722 924 1832 960 me-

246 1032 357 1067 cum
382 1014 751 1067 hwreditatem.
782 1009 899 1075 Dic,
926 1010 1096 1071 homo,
1127 1007 1239 1074 quis
1261 1022 1338 1058 me
1366 1001 1621 1056 constituit
1648 999 1833 1051 diviso-

246 1123 348 1158 rem
378 1104 687 1158 Iuvreditatis
713 1104 842 1155 inter
871 1100 997 1153 vos?
1030 1097 1140 1167 Ego
1160 1106 1325 1149 autent
1353 1094 1464 1147 dico
1489 1091 1643 1153 vobis,
1667 1087 1835 1159 quid?

248 1198 426 1252 Cavete
446 1198 511 1250 ab
538 1196 675 1249 omni
695 1193 971 1264 cupiditate
1001 1192 1041 1242 ί.
1074 1190 1137 1243 Et
1161 1188 1281 1241 dico
1301 1199 1485 1255 quare.
1513 1180 1668 1235 Forte
1692 1180 1834 1233 enim

250 1287 529 1341 dimidium
560 1283 885 1339 [hereditatis
906 1280 970 1334 ad
996 1280 1097 1333 hoc
1127 1278 1280 1348 petis,
1307 1284 1361 1329 ut
1381 1274 1629 1327 ditescas.
1654 1268 1787 1323 Audi
1818 1286 1830 1320 :

249 1377 489 1431 Hominis
528 1375 796 1444 cujusdam
837 1371 1008 1424 divitis
1050 1369 1286 1423 successit
1333 1366 1504 1435 regio;
1555 1374 1836 1415 successus

248 1483 472 1537 magnos
522 1465 742 1529 habuit,
787 1463 840 1516 id
879 1472 994 1528 est,
1038 1459 1221 1514 multis
1265 1455 1521 1510 fructibus
1556 1450 1835 1507 fecundata
1926 1462 1930 1467 '

248 1570 327 1615 est
355 1560 400 1612 ³.
438 1557 502 1610 Et
539 1556 771 1627 cogitavit
804 1553 943 1623 apud
970 1569 1023 1606 se
1057 1551 1226 1605 dicens
1256 1563 1274 1602 :
1302 1546 1438 1615 Quid
1476 1545 1660 1614 faciant
1682 1585 1697 1609 ,
1739 1558 1838 1613 quo

250 1666 552 1720 congregem
583 1652 777 1718 fructus
802 1644 981 1699 meos?
1022 1643 1087 1697 Et
1116 1641 1396 1711 diligenter
1438 1638 1677 1708 cogitans
1696 1677 1710 1700 ,
1738 1633 1837 1687 1η-

248 1742 387 1805 veni,
419 1739 595 1808 inquit
612 1780 628 1805 ,
649 1736 771 1808 quid
795 1736 1001 1805 faciam.
1029 1732 1299 1786 Destruam
1320 1739 1503 1783 veteres
1536 1726 1836 1797 apothecas,

252 1835 437 1905 faciam
460 1848 634 1896 novas,
662 1828 880 1898 implebo
900 1843 1005 1881 eas.
1034 1825 1263 1894 Majores
1281 1822 1421 1877 enim
1446 1820 1659 1885 faciam,
1682 1831 1841 1887 quam

253 1938 409 1984 erant
447 1937 682 1982 veteres.
711 1922 778 1978 Et
822 1923 989 1976 dicam
1029 1920 1214 1973 anima:
1250 1932 1375 1971 mea:
1413 1931 1431 1970 :
1474 1913 1642 1967 Habes
1684 1911 1843 1965 ntulta

255 2021 420 2082 bona;
456 2017 683 2081 satiare,
712 2012 1021 2085 jucundare.
1062 2010 1151 2065 Ait
1191 2007 1267 2062 illi
1304 2008 1484 2061 Deus:
1520 2002 1721 2068 Stulte,
1753 2000 1842 2070 qui

253 2108 411 2163 valde
461 2107 558 2161 tibi
597 2104 796 2159 videris
825 2103 846 2135 ³
873 2116 996 2157 esse
1038 2098 1287 2154 cordatus
1330 2114 1344 2150 :
1390 2094 1530 2149 nosti
1565 2092 1706 2147 enim
1751 2091 1845 2144 de-

258 2208 472 2253 struere
496 2204 676 2251 vetera
698 2235 712 2259 ,
738 2203 793 2248 et
819 2192 1082 2247 aediﬁcare
1119 2203 1255 2243 nova
1272 2230 1285 2253 ,
1326 2195 1381 2241 et
1410 2194 1465 2240 tu
1500 2185 1555 2239 in
1582 2190 1846 2237 vetustate

257 2293 430 2349 ruina:
455 2288 761 2345 remansisti
780 2328 794 2350 ,
827 2286 919 2356 qui
947 2292 1128 2339 vetera
1157 2282 1208 2335 in
1238 2290 1289 2336 te
1316 2280 1433 2350 ipso
1452 2277 1728 2332 destruere
1755 2273 1850 2327 de-

257 2383 441 2445 buisti,
475 2390 537 2435 ut
558 2381 667 2449 jam
698 2390 908 2433 terrena
934 2392 1038 2430 non
1069 2387 1324 2443 sapores:
1355 2369 1541 2435 Stulte,
1567 2367 1690 2437 quid
1715 2365 1851 2419 dixi-

259 2474 363 2529 sti?
390 2474 478 2528 cui
507 2470 725 2527 dixisti?
754 2468 963 2523 Anima:
985 2474 1089 2519 tua:
1115 2462 1292 2519 dixisti
1315 2504 1329 2528 ,
1354 2459 1667 2522 Jucundare,
1699 2456 1851 2509 [tabes

258 2567 422 2619 multa
461 2563 614 2617 bona.
656 2559 770 2613 Hac
794 2568 937 2612 nocte
974 2564 1224 2627 repetetur
1261 2552 1431 2606 aninta
1458 2559 1574 2614 tua,
1605 2550 1688 2602 cui
1728 2545 1851 2601 talia

263 2656 581 2728 promisisti.
615 2654 740 2719 Quae
765 2649 1069 2719 promisisti,
1095 2648 1242 2717 cujus
1267 2652 1411 2698 erunt
1434 2640 1585 2712 (Luc.
1619 2655 1694 2694 ιιι
1715 2681 1730 2704 ,
1760 2638 1854 2691 l3-

261 2750 351 2820 20)
370 2749 395 2800 ?
427 2745 553 2800 Noli
592 2759 722 2814 ergo
751 2744 945 2806 timere,
976 2756 1091 2793 cum
1130 2738 1267 2790 dives
1291 2736 1456 2805 [actus
1481 2732 1633 2803 fuerit
1668 2730 1853 2794 homo;

263 2843 381 2914 quia
413 2856 514 2891 non
536 2879 551 2899 ,
580 2852 695 2890 cum
721 2834 978 2896 morietur,
1008 2828 1217 2899 accipiet
1243 2844 1323 2882 ea.

332 2931 388 2983 4.
422 2925 710 2982 Concordia
738 2929 955 2995 fratrum
992 2921 1047 2976 in
1079 2918 1265 2973 caelesti
1291 2914 1603 2971 hwreditate.
1634 2911 1858 2983 Litigare

266 3022 379 3092 quis
408 3018 713 3074 censendus.
744 3017 880 3070 Ecce
905 3013 1059 3083 quale
1081 3011 1360 3067 consilium
1396 3008 1649 3061 Dominus
1676 3004 1856 3058 fratri-

269 3113 369 3168 bus
406 3111 559 3165 dedit
594 3106 1011 3170 dissidentibus,
1060 3118 1167 3174 quo
1209 3099 1503 3157 concordes
1546 3104 1761 3162 essent,
1804 3102 1861 3149 ut

270 3213 524 3261 carerent
552 3201 861 3271 cupiditate,
884 3209 938 3253 et
955 3198 1208 3252 continuo
1236 3193 1585 3263 implerentur
1613 3189 1857 3244 veritate.

270 3296 618 3352 lnveniamus
646 3306 774 3362 ergo
803 3289 957 3344 talem
990 3286 1373 3343 Increditatem.
1402 3282 1663 3351 Quamdiu
1686 3278 1860 3350 loqui-

267 3405 390 3445 mur
413 3387 485 3442 de
504 3384 789 3441 concordia
821 3373 1154 3438 terrenorum
1183 3370 1426 3442 fratrum,
1459 3391 1577 3446 quae
1606 3389 1727 3429 rara
1753 3382 1857 3439 est,

271 3497 393 3551 qua:
422 3486 672 3548 suspecta
697 3486 798 3537 est,
824 3479 942 3544 quae
963 3467 1193 3528 difﬁcilis
1218 3470 1337 3526 est?
1360 3469 1665 3539 Loquamur
1683 3466 1750 3521 de
1772 3466 1861 3520 illa

271 3573 494 3626 fratrum
523 3568 809 3625 concordia
829 3609 845 3635 ,
877 3581 997 3636 quae
1040 3579 1166 3620 vera
1205 3578 1325 3619 esse
1358 3562 1543 3626 debet,
1584 3569 1637 3615 et
1666 3568 1859 3629 potest.

272 3663 493 3719 Fratres
522 3664 629 3716 sint
649 3660 934 3717 Christiani
960 3672 1168 3720 omnes,
1199 3658 1389 3710 fratres
1414 3656 1519 3715 sint
1543 3652 1727 3707 ﬁdeles
1746 3667 1863 3706 om-

272 3770 407 3822 nes,
436 3754 632 3809 fratres
659 3754 767 3807 sint
792 3752 899 3806 nati
926 3767 992 3806 ex
1030 3750 1138 3804 Deo
1172 3758 1225 3803 et
1254 3764 1319 3803 ex
1352 3747 1645 3801 visceribus
1680 3745 1865 3801 matris

273 3846 539 3901 Ecclesia:
562 3861 655 3915 per
678 3843 935 3914 Spiritum
959 3852 1200 3896 sanctum
1227 3855 1241 3892 ε
1274 3839 1462 3893 fratres
1482 3838 1608 3901 sint,
1638 3836 1867 3891 habeant

271 3951 329 3995 et
351 3938 455 4008 ipsi
477 3936 845 3992 [nereditatem
866 3932 1097 3988 dandam
1122 3932 1162 3997 ⁸,
1190 3942 1243 3986 et
1265 3947 1367 3985 non
1399 3928 1737 3985 dividendam
1765 3926 1863 3999 (a).

275 4026 579 4082 llzereditas
608 4042 794 4081 eorum
826 4026 965 4079 Deus
1006 4024 1120 4093 ipse
1148 4032 1248 4076 est.
1280 4021 1593 4091 Cujussunt
1619 4020 1716 4089 ipsi
1754 4019 1866 4072 hae-

275 4120 501 4185 reditas,
531 4120 646 4189 ipse
671 4128 755 4173 est
783 4117 1023 4172 vicissim
1050 4129 1235 4170 eorum
1263 4114 1564 4168 Increditas.
1591 4112 1868 4179 Quomodo

274 4220 401 4264 sunt
449 4209 552 4278 ipsi
592 4209 710 4278 ejus
739 4207 1058 4262 hatreditas?
1100 4204 1315 4258 Postala
1349 4220 1380 4255 a
1409 4220 1516 4270 nte,
1545 4210 1591 4255 et
1622 4202 1750 4255 dabo
1782 4202 1869 4256 tibi

274 4311 453 4373 gentes
485 4301 831 4355 Iurreditatcm
871 4311 1008 4353 luant
1040 4297 1213 4370 (Psal.
1248 4313 1283 4352 ll
1309 4337 1322 4362 ,
1352 4296 1433 4368 8).
1473 4296 1751 4363 Quomodo
1788 4306 1869 4351 est

276 4393 370 4448 ille
419 4393 659 4462 ipsorum
714 4389 1038 4446 hmreditas?
1089 4388 1340 4442 Dominus
1392 4405 1511 4458 pars
1563 4387 1870 4441 Ita'reditatis

276 4500 405 4539 nec
425 4524 445 4553 ,
469 4494 519 4538 et
555 4484 726 4538 colicis
768 4483 867 4537 mei
907 4481 1075 4554 (Psal.
1110 4496 1179 4536 xv
1199 4522 1213 4547 ,
1237 4480 1316 4551 5).
1350 4479 1404 4534 ln
1436 4480 1535 4535 hac
1566 4480 1871 4535 hatreditate

276 4577 573 4635 concordia
599 4576 898 4632 custoditur
928 4595 941 4630 :
972 4590 1067 4646 pro
1098 4575 1197 4629 hac
1227 4573 1535 4628 [nereditate
1559 4588 1663 4627 non
1695 4572 1873 4643 litiga-

277 4681 389 4727 tur.
407 4672 527 4727 Alia
552 4670 835 4725 hatreditas
857 4668 1111 4739 litigando
1132 4668 1422 4738 acquiritur
1451 4685 1463 4721 :
1493 4669 1591 4721 ista
1617 4665 1874 4737 litigando

276 4766 565 4822 amittitur.
594 4764 847 4820 Nolentes
879 4762 1123 4817 homines
1166 4760 1303 4815 hanc
1346 4759 1709 4814 haereditatem
1751 4774 1874 4828 per-

277 4858 411 4913 dere
434 4898 453 4923 ,
477 4856 647 4910 vitant
686 4855 913 4924 litigare.
958 4853 1022 4909 Et
1053 4852 1268 4923 quando
1310 4850 1448 4906 forte
1487 4850 1737 4905 videntur
1766 4851 1873 4905 liti-

277 4966 444 5022 gare,
495 4964 603 5003 non
647 4949 873 5019 litigant.
911 4946 1017 5003 Sed
1051 4945 1188 5000 forte
1225 4944 1474 5000 videntur
1512 4944 1753 5014 litigare,
1783 4954 1876 5001 aut

279 5051 541 5113 putantur
586 5041 796 5111 litigare
822 5081 837 5106 ,
882 5054 1003 5093 cum
1047 5037 1233 5092 volunt
1276 5036 1529 5090 fratribus
1572 5037 1871 5092 consulere.

278 5134 477 5191 Videte
505 5149 666 5205 quam
691 5147 914 5189 consors
947 5131 1018 5187 sit
1043 5146 1229 5185 eorum
1258 5129 1510 5200 litigatio,
1538 5145 1695 5201 quam
1727 5131 1874 5201 paci-

343 5294 363 5325 ι
398 5292 485 5341 sic
504 5290 637 5361 aedi:
657 5290 812 5361 me:
831 5288 916 5360 ct.
941 5286 1652 5361 tYWﬁNi'O’sm
1672 5287 1874 5361 μεηιίδίιε

1102 5350 1149 5446 ξί
1168 5348 1250 5401 me
1271 5348 1464 5415 ίιηριενί
1483 5348 1619 5401 υειιει
1633 5350 1695 5401 αθ
1716 5364 1772 5401 eo
1792 5350 1878 5416 συί

276 5414 367 5474 ait,
392 5412 567 5463 (‘arete
590 5413 649 5463 ab
669 5412 799 5463 omni
821 5412 1124 5476 cupiditate?
1338 5412 1344 5415 ’

285 5534 299 5546 ι
342 5480 364 5546 ξ
396 5483 467 5546 ιμ
504 5474 773 5546 legendum
794 5475 1055 5546 exeodern
1092 5473 1259 5546 codice
1281 5473 1344 5546 cl.

278 5534 468 5632 habitat,
490 5542 539 5587 et
560 5534 722 5587 inultis
742 5535 979 5599 fructibus
1003 5535 1263 5608 fecundata
1281 5537 1401 5647 εδιέ
1724 5597 1735 5607 θ

398 5606 467 5647 tta
513 5597 781 5647 legendum
826 5612 891 5647 ex
936 5597 1113 5646 eodem
1155 5598 1321 5647 codice
1407 5633 1419 5647 .
1466 5603 1519 5647 et
1559 5602 1669 5647 ιον.
1694 5602 1735 5647 Si

353 5601 467 5647 lita
513 5597 781 5660 legendum
826 5612 891 5647 ex
936 5597 1113 5646 eodem
1155 5598 1321 5647 codice
1356 5597 1419 5647 cl.
1466 5603 1519 5647 et
1559 5602 1669 5648 ιον.
1694 5597 1830 5648 sirm.
1855 5634 1871 5660 ,

353 5659 396 5712 ia
416 5658 560 5709 valde
582 5659 776 5721 videris.
804 5657 908 5721 [qui
930 5656 1069 5709 valde
1092 5657 1313 5721 videris]

1092 5661 1313 5722 υίάενίεσ

354 5782 368 5793 ι
403 5786 417 5793 ι
448 5787 497 5793 υ-
580 5783 612 5793 -.
700 5756 743 5793 .’
775 5786 783 5793 .
858 5784 869 5793 .
922 5790 931 5793 -
1026 5756 1038 5768 ’
1153 5782 1167 5793 ι
1228 5784 1275 5793 _.

349 5782 422 5848 (α)
446 5782 532 5836 Hic
551 5783 667 5834 olim
683 5783 939 5834 desinebat
952 5795 1117 5833 sermo
1137 5782 1203 5834 de
1226 5782 1437 5835 Diversis
1459 5782 1537 5832 91‘.

1385 5473 1653 5535 [successus
1676 5485 1871 5538 magnos

1582 334 1810 394 διειιιιυ
1847 331 2117 388 CCCLIX.

3377 334 3516 395 ιδθι

1935 447 2033 502 ﬁca
2052 491 2065 515 ,
2094 463 2252 517 quam
2281 448 2507 522 benigna
2526 493 2541 519 ,
2571 466 2728 522 quam
2752 450 2928 523 iusta,
2958 465 3119 525 quam
3158 450 3346 508 ﬁdelis.
3377 452 3511 509 Nam

1935 556 2033 596 nos
2061 542 2267 613 litigare
2294 543 2537 598 videmur
2561 560 2681 599 cum
2708 545 2996 601 Donatistis
3029 564 3042 601 :
3081 545 3175 602 sed
3206 561 3313 601 non
3343 547 3516 616 litiga-

1937 649 2073 689 mus.
2107 635 2199 690 llle
2225 636 2364 690 enim
2394 636 2593 706 litigat,
2623 637 2711 707 qui
2741 637 3045 693 adversario
3072 654 3168 693 suo
3200 639 3338 693 male
3365 639 3512 705 vult;

1937 725 2105 796 litigat
2139 726 2227 781 ille
2253 727 2342 797 qui
2383 727 2742 783 adversarium
2788 744 2942 783 suum
2983 729 3095 783 vult
3134 729 3512 785 detrimentum

1938 820 2066 889 pati,
2093 836 2151 875 se
2177 831 2549 891 augmentum;
2589 824 2661 877 illi
2688 824 2885 894 aliquid
2911 825 3170 881 decedere
3190 869 3204 891 ,
3234 827 3332 881 sibi
3364 841 3519 880 acce-

1939 912 2087 967 dere.
2112 913 2225 967 Non
2249 915 2326 968 sic
2348 930 2530 968 sumus
2552 930 2670 969 nos.
2694 915 2851 971 Scitis
2871 926 2924 971 et
2947 933 3060 982 vos,
3085 918 3231 973 scitis
3252 918 3340 986 qui
3363 927 3513 972 extra

1939 1004 2196 1057 unitatem
2236 1004 2490 1074 litigatis;
2522 1006 2667 1059 scitis
2695 1015 2748 1061 et
2775 1021 2901 1070 vos,
2932 1008 3021 1077 qui
3048 1023 3110 1061 ex
3142 1008 3399 1062 divisione
3429 1023 3519 1061 ac-

1939 1095 2118 1165 (ιιιίδίιί
2148 1096 2278 1149 eSiis
2311 1114 2323 1149 :
2355 1097 2500 1150 scitis
2526 1097 2645 1166 quia
2674 1098 2770 1151 ista
2801 1098 2865 1151 lis
2897 1114 2999 1152 non
3028 1107 3112 1152 est
3134 1100 3251 1153 talis
3279 1100 3366 1165 lis,
3390 1100 3514 1169 quia

1942 1205 2045 1243 non
2074 1200 2154 1243 est
2182 1192 2473 1256 malevola,
2513 1191 2633 1260 quia
2678 1207 2781 1245 non
2827 1191 2996 1247 tendit
3042 1192 3094 1246 itt
3141 1192 3517 1246 detrimentum

1940 1280 2265 1344 adversarii,
2311 1282 2402 1335 sed
2442 1285 2607 1349 magis
2652 1283 2702 1337 in
2748 1284 2974 1337 lucrum.
3022 1283 3337 1337 Volebamus
3379 1284 3519 1336 enim

1940 1390 2053 1436 eos,
2086 1391 2205 1428 cum
2241 1376 2431 1444 quibus
2458 1375 2662 1444 litigare
2689 1375 3030 1440 videbamur,
3060 1376 3143 1429 vel
3171 1375 3343 1428 adhuc
3370 1373 3524 1428 vide-

1941 1482 2060 1519 mur
2080 1507 2093 1530 ,
2126 1468 2399 1535 acquirere
2425 1468 2740 1530 nobiscum;
2771 1482 2875 1520 non
2923 1467 3146 1536 perdere
3166 1507 3180 1527 ,
3213 1474 3269 1520 ut
3300 1480 3396 1520 nos
3427 1480 3522 1518 ac-

1940 1558 2233 1627 quiramur.
2282 1558 2518 1626 Denique
2556 1559 2656 1611 alia
2703 1574 2805 1611 vox
2850 1568 3030 1611 nostra
3082 1568 3196 1621 est,
3230 1571 3387 1627 quam
3431 1556 3524 1609 fuit

1943 1648 2121 1704 fratris
2148 1650 2288 1703 illius
2310 1693 2323 1713 ,
2362 1652 2449 1720 qui
2479 1651 2836 1719 interpellavit
2864 1650 3135 1705 Christum
3165 1650 3216 1704 in
3247 1659 3388 1705 terra
3414 1665 3530 1703 am-

1944 1739 2234 1797 bulantem.
2282 1741 2415 1797 Nam
2471 1752 2525 1797 et
2564 1758 2661 1797 nos
2705 1744 3106 1813 interpellamus
3150 1760 3272 1797 eum
3325 1743 3377 1797 in
3429 1742 3532 1797 hac

1944 1846 2104 1887 causa
2145 1833 2196 1887 in
2237 1834 2375 1889 cmlo
2411 1834 2687 1889 sedentem
2716 1853 2728 1888 :
2758 1846 2813 1889 et
2841 1850 2943 1889 non
2970 1835 3197 1889 dicimus
3220 1875 3235 1898 ,
3273 1833 3488 1888 Domine
3510 1875 3528 1901 ,

1946 1924 2028 1977 dic
2050 1926 2197 1995 fratri
2228 1941 2359 1992 meo,
2386 1934 2438 1979 ut
2459 1925 2647 1979 dividat
2670 1943 2862 1980 mecum
2888 1927 3231 1980 Itwrcditatem
3250 1943 3269 1993 ;
3290 1925 3405 1991 sed,
3433 1926 3531 1980 Dic

1947 2014 2097 2069 fratri
2127 2030 2246 2069 meo
2269 2057 2284 2082 ,
2316 2025 2373 2070 ut
2406 2025 2582 2071 teneat
2611 2031 2821 2071 mecum
2852 2016 3237 2071 haereditatem.

2019 2106 2073 2161 5.
2112 2103 2485 2160 Catholicorum
2511 2109 2824 2178 propositum
2848 2116 2893 2160 et
2916 2107 3146 2161 voluntas
3173 2124 3262 2173 pro
3285 2105 3528 2161 Ecclesiw

1950 2214 2092 2268 pace.
2122 2198 2383 2266 Quoniam
2415 2199 2517 2255 hoc
2553 2200 2798 2254 volumus
2824 2208 2878 2255 et
2907 2200 3112 2269 publica
3142 2199 3299 2255 Gesta
3331 2208 3533 2253 testan-

1952 2300 2038 2345 tur
2069 2310 2081 2345 :
2115 2292 2363 2361 quoniam
2394 2291 2496 2345 hoc
2534 2291 2881 2357 voluerimus,
2912 2290 3113 2345 indices
3134 2300 3256 2344 sunt
3286 2305 3390 2343 non
3423 2299 3538 2342 tan-

1952 2391 2063 2437 tum
2094 2399 2391 2449 sermones,
2424 2383 2519 2439 sed
2549 2384 2740 2438 littera:
2770 2392 2964 2437 nostrae
2993 2382 3129 2436 data:
3159 2382 3224 2436 ad
3248 2383 3383 2436 illos.
3408 2381 3505 2449 Epi
3524 2412 3539 2422 -

1953 2483 2227 2543 scopatmn
2266 2475 2497 2529 amatis?
2543 2474 2827 2528 Nobiscum
2860 2472 3073 2529 habete.
3120 2471 3177 2526 ln
3222 2472 3370 2526 vobis
3410 2470 3541 2525 nihil

1955 2566 2200 2632 odimus,
2252 2567 2381 2620 nihil
2425 2567 2777 2630 detestamur,
2820 2565 2950 2620 nihil
2999 2580 3358 2629 exsecramur,
3407 2562 3542 2617 nihil

1956 2658 2378 2725 anathemamus,
2402 2658 2502 2712 nisi
2524 2658 2811 2712 humanum
2835 2672 3090 2711 errorem.
3117 2657 3437 2721 lltnnanum,
3462 2654 3544 2708 di«

1958 2752 2149 2816 ximus,
2180 2749 2507 2805 detestamur
2528 2764 2789 2807 errorem.
2823 2764 2927 2801 non
2955 2747 3188 2801 divinam
3222 2747 3499 2801 veritatem
3526 2764 3540 2799 :

1958 2839 2053 2895 sed
2074 2839 2213 2910 quod
2244 2839 2333 2893 Dei
2363 2839 2585 2901 habetis,
2615 2839 2952 2909 agnoscimus
2975 2854 2990 2903 ;
3014 2837 3154 2908 quod
3182 2848 3413 2891 vestrum
3442 2838 3546 2891 im-

1960 2931 2185 3003 probum
2232 2918 2473 2995 habetis,
2521 2930 2859 2999 corrigimus.
2903 2928 3121 2998 Signum
3166 2927 3372 2981 Domini
3404 2927 3545 2990 mei,

1962 3026 2171 3096 signum
2217 3022 2556 3092 Imperatoris
2601 3023 2726 3087 mei,
2767 3021 3129 3077 characterem
3161 3019 3319 3087 [legis
3348 3019 3451 3072 mei
3495 3018 3549 3071 in

1962 3116 2239 3173 desertore
2262 3130 2492 3186 agnosco
2512 3131 2526 3180 ;
2545 3129 2750 3185 qumro,
2775 3112 3006 3178 invenio,
3031 3111 3308 3173 admoveo,
3331 3108 3550 3173 accedo,

1963 3205 2325 3280 apprchendo,
2347 3205 2502 3272 duco,
2532 3204 2740 3273 corrigo
2761 3203 3111 3265 desertorem,
3137 3216 3241 3253 non
3270 3199 3409 3253 violo
3425 3198 3553 3252 cha-

1964 3309 2245 3356 racterem.
2279 3298 2334 3354 Si
2363 3297 2482 3368 quis
2508 3296 2770 3362 advertat,
2803 3296 2847 3350 si
2877 3295 3000 3366 quis
3028 3294 3286 3358 attendat,
3316 3292 3415 3345 hoc
3446 3307 3553 3347 non

1965 3402 2045 3449 est
2071 3391 2297 3460 litigare,
2327 3388 2419 3443 sed
2446 3403 2645 3444 amare.
2677 3388 2914 3442 Diximus
2941 3401 3098 3457 posse
3142 3386 3192 3439 in
3234 3400 3335 3438 una
3364 3383 3553 3438 Eccle-

1966 3487 2064 3552 sia,
2102 3483 2250 3556 pacis
2293 3496 2474 3548 causa,
2524 3496 2643 3535 esse
2689 3479 2877 3534 fratres
2916 3476 3211 3532 concordes
3254 3495 3266 3530 :
3313 3475 3555 3544 speciosa

1968 3575 2109 3629 enim
2154 3589 2241 3628 res
2268 3581 2349 3627 est
2375 3570 2659 3625 concordia
2692 3570 2913 3623 fratrum
2952 3567 3055 3639 (a).
3084 3567 3198 3621 Non
3232 3582 3389 3636 posse
3412 3564 3554 3619 enim

1967 3666 2102 3721 duos
2139 3679 2259 3719 esse
2294 3663 2591 3733 epiSCOpos.
2627 3661 2863 3715 Diximus
2885 3702 2899 3724 ,
2944 3669 3001 3713 ut
3029 3658 3186 3712 ambo
3215 3656 3432 3711 sedeant
3453 3657 3469 3685 ¹
3502 3655 3555 3709 in

1970 3774 2070 3813 una
2100 3758 2321 3827 simplici
2353 3754 2605 3820 basilica;
2635 3755 2724 3809 ille
2749 3754 2801 3807 in
2826 3752 3102 3818 cathedra,
3130 3752 3216 3807 ille
3241 3760 3299 3805 ut
3327 3752 3560 3819 peregri-

1972 3866 2071 3906 nus
2094 3868 2107 3916 ;
2140 3852 2225 3905 ille
2252 3852 2303 3906 in
2330 3851 2581 3906 cathedra
2603 3848 2915 3913 christiana,
2940 3846 3028 3901 ille
3050 3847 3102 3900 in
3130 3845 3380 3899 haeretica
3408 3844 3557 3912 quasi

1971 3943 2169 4011 collega
2193 3941 2348 4011 juxta
2377 3941 2559 3996 sedeat
2588 3958 2602 3994 :
2635 3954 2821 3995 rursus
2851 3938 2939 3993 ille
2961 3938 3015 3990 in
3038 3937 3444 4006 congregatione
3465 3950 3559 3988 sua

1970 4033 2317 4105 pratsideat’,
2350 4033 2583 4088 vicissim
2618 4032 2704 4085 ille
2732 4031 2782 4083 in
2814 4046 2927 4083 sua.
2959 4027 3329 4081 Pmnitentiam
3363 4025 3560 4096 praedi-

1972 4134 2142 4177 catam
2184 4138 2304 4178 esse
2341 4123 2394 4176 in
2442 4121 2807 4177 remissionem
2850 4129 3186 4188 peccatorum
3235 4131 3332 4185 per
3375 4130 3561 4168 omnes

1972 4225 2157 4287 gentes
2184 4217 2251 4270 ab
2279 4215 2554 4285 Apostolis
2584 4213 2958 4284 incipientibus
2984 4210 3051 4264 ab
3080 4209 3392 4272 Jerusalem,
3421 4206 3561 4261 dixi-

1974 4325 2111 4363 mus.
2149 4307 2284 4377 Quid
2331 4306 2677 4377 reSpontlcbis
2722 4304 2843 4359 huic
2881 4303 3158 4367 Ecclesiae,
3202 4317 3321 4371 qua:
3361 4309 3442 4354 est
3471 4315 3564 4369 per

1974 4414 2161 4454 omnes
2196 4410 2378 4470 gentes
2401 4399 2469 4453 ab
2492 4396 2757 4468 Apostolis
2783 4394 3152 4465 incipientibus
3183 4393 3249 4447 ab
3268 4393 3564 4447 Jerusalem

1976 4491 2272 4546 :rdiﬁcata?
2302 4491 2539 4545 Diximus
2566 4508 2579 4545 :
2610 4490 2879 4544 Ponamus
2903 4486 3123 4539 omnino
3146 4486 3336 4539 malam
3362 4483 3567 4538 habue-

1976 4584 2046 4639 rit
2086 4599 2300 4640 causam
2332 4584 2644 4639 Czccilianus
2668 4582 2708 4635 ³.
2742 4580 2892 4637 Unus
2935 4580 3095 4633 homo
3131 4580 3321 4633 malam
3350 4593 3567 4631 causam

1977 4676 2181 4732 habens
2205 4720 2219 4743 ,
2251 4676 2358 4731 duo
2388 4676 2659 4738 homines,
2692 4675 2924 4744 quinque
2946 4715 2960 4738 ,
2989 4672 3176 4727 decem
3202 4714 3217 4738 ,
3253 4670 3569 4740 praeiudica-

1979 4768 2110 4823 bunt
2140 4776 2217 4822 tot
2246 4768 2479 4822 millibus
2509 4748 2744 4820 ﬁdelium
2789 4774 2899 4818 toto
2927 4765 3055 4815 orhc
3098 4774 3357 4818 terrarum
3388 4761 3568 4815 multi-

1980 4860 2101 4931 plici
2150 4858 2474 4914 fecunditate
2517 4853 2873 4911 diﬁ‘usorum?
2907 4854 3143 4908 Diximus
3173 4855 3290 4907 ista.
3334 4852 3571 4907 Credidit

1980 4951 2271 5016 Abraham,
2305 4959 2358 5005 et
2385 4948 2658 5020 promissa:
2685 4956 2809 5000 sunt
2837 4945 2884 5000 ei
2914 4960 3100 4999 omnes
3128 4953 3311 5015 gentes
3342 4961 3354 4997 :
3386 4958 3572 5012 pecca.

1980 5045 2055 5097 vit
2080 5043 2411 5103 Czccilianus,
2436 5049 2488 5094 et
2512 5040 2786 5109 perierunt
2814 5052 3002 5092 omnes
3022 5046 3224 5106 gentes,
3257 5044 3314 5089 ut
3341 5034 3457 5103 plus
3482 5050 3576 5087 va-

1982 5134 2086 5189 leat
2109 5132 2249 5203 quod
2283 5132 2528 5202 iniquitas
2554 5130 2838 5191 commisit,
2869 5144 3027 5197 quam
3050 5126 3191 5197 quod
3216 5126 3411 5180 veritas
3442 5140 3569 5194 pro-

1980 5226 2164 5284 misit?
2194 5226 2354 5287 Dicta
2405 5234 2529 5279 sunt
2566 5222 2681 5278 haec
2724 5242 2738 5277 :
2782 5222 3050 5293 leguntur.
3100 5220 3331 5276 Omnino
3383 5228 3570 5273 contra

2055 5411 2072 5441 ⁸
2089 5406 2247 5457 Codex
2272 5405 2355 5463 cl.,
2380 5410 2431 5455 ut
2453 5402 2626 5455 alterni
2646 5403 2864 5454 sedeant.

1996 5478 1999 5479 '
2050 5474 2071 5505 ³
2100 5470 2242 5539 Idem
2266 5460 2421 5519 codex
2448 5466 2531 5527 eL,
2555 5479 2725 5517 rursus
2760 5463 2841 5515 ille
2884 5463 2935 5515 in
2959 5460 3321 5528 congregatione
3352 5460 3567 5523 fraterna

1982 5547 2028 5587 μ
2042 5532 2401 5643 filldeetg‘codex
2418 5588 2502 5650 eL,
2530 5598 2765 5640 Ponamus
2787 5587 2977 5638 omnino
2999 5586 3125 5650 quod
3149 5581 3329 5635 mulam
3353 5580 3571 5632 habuerit

1982 5668 2177 5707 causam
2198 5652 2498 5705 Cttcitianus.

1981 5717 2117 5830 2⁵δα)
2141 5716 2253 5768 vide
2279 5717 2421 5781 epist.
2452 5712 2539 5766 138
2562 5714 2689 5764 inter
2713 5712 3098 5777 Augustinianas,
3123 5715 3176 5760 et
3200 5706 3366 5760 collat.
3391 5709 3439 5768 ὅ,
3458 5717 3572 5769 cap.
