4080 6360
575 335 596 388 l
607 331 711 390 595

569 445 810 516 exempla
845 443 1041 510 divina,
1079 451 1262 498 contra
1289 440 1607 502 testimonia.
1635 455 1754 512 quae
1773 448 2018 496 asserunt
2037 440 2141 495 Ec-

569 538 785 593 elesiam
824 545 934 591 toto
973 535 1104 592 orbe
1135 543 1392 590 terrarum
1421 532 1663 600 diffundi,
1695 531 1845 601 cujus
1888 531 2140 588 Ecclesia:

570 632 622 684 in
646 629 859 684 nomine
885 627 1090 682 Domini
1110 635 1348 682 tenemus
1368 627 1643 692 unitatem,
1670 624 1799 680 nihil
1829 624 1902 678 illi
1923 639 2144 694 respon-

568 720 697 776 dere
724 727 1026 790 potuerunt.

642 811 693 866 6.
738 811 812 864 De
832 809 1118 878 Caeciliano,
1149 811 1291 866 salva
1322 809 1562 864 Ecclesiae
1579 825 1754 874 causa,
1774 808 2028 880 judicium
2050 808 2146 862 Ita-

568 899 675 956 beri
694 901 971 956 uoluerunt.
1002 902 1298 958 Caecilianus
1314 903 1539 956 inventus
1558 903 1813 956 innocens.
1842 900 1994 958 Salva
2015 916 2142 972 ergo

570 1005 729 1046 causa
769 991 1040 1060 Ecclesiae,
1065 991 1370 1047 confirmata
1387 1033 1402 1058 ,
1429 1002 1485 1048 et
1515 992 2014 1048 incommutabiliter
2039 991 2140 1046 fixa

569 1097 632 1136 ac
655 1083 902 1150 stabilita,
921 1095 1166 1154 tanquam
1187 1099 1344 1156 supra
1365 1084 1760 1142 fundamentum
1780 1096 1960 1155 petrae,
1981 1100 2137 1154 quam

573 1183 740 1241 porta:
782 1173 1067 1228 inferorum
1101 1189 1203 1230 non
1230 1176 1442 1230 vincant
1471 1194 1484 1230 :
1515 1176 1612 1230 hac
1639 1191 1766 1246 ergo
1793 1177 1956 1240 salva,
1989 1175 2138 1229 veni-

570 1277 687 1316 mus
719 1271 770 1318 et
797 1262 863 1318 ad
890 1279 1102 1319 causam
1131 1264 1414 1330 Cmciliani,
1438 1266 1546 1333 jam
1574 1267 1744 1320 securi
1771 1265 2024 1336 quidquid
2051 1265 2142 1321 ille

569 1352 895 1406 inveniretur
912 1351 1210 1410 admisisse.
1237 1354 1394 1408 Forte
1421 1356 1586 1420 enim,
1609 1357 1652 1408 si
1676 1364 1730 1410 ut
1757 1356 1914 1410 homo
1937 1357 2139 1410 inveni-

567 1451 714 1498 retur
737 1443 788 1497 in
815 1443 985 1514 aliqua
1005 1445 1179 1514 culpa,
1205 1460 1301 1500 nos
1323 1445 1570 1516 litigaturi
1590 1461 1820 1513 eramus,
1839 1456 1896 1501 ut
1927 1454 2142 1516 propter

567 1534 777 1602 culpam
805 1536 960 1590 unius
987 1536 1216 1592 hominis
1241 1537 1520 1592 damnandi
1560 1547 1651 1594 aut
1679 1540 2033 1608 rebaptizandi
2050 1540 2140 1612 ju-

568 1621 906 1679 dicaremur?
935 1625 999 1680 Et
1039 1626 1300 1692 diximus,
1345 1627 1499 1682 Salva
1540 1643 1696 1684 causa
1737 1630 2011 1696 Ecclesiw,
2053 1631 2140 1686 cui

570 1713 701 1768 nihil
731 1716 1034 1786 przejudicat
1063 1725 1334 1788 peccatum
1365 1721 1656 1784 C'eciliani;
1687 1721 2002 1790 necjustitia
2024 1721 2140 1777 Cte-

569 1803 744 1860 ciliani
770 1817 988 1862 coronat
1008 1807 1298 1866 Ecclesium
1319 1827 1334 1876 ;
1357 1827 1452 1865 nec
1468 1813 1616 1884 culpa
1637 1810 1904 1869 Caeciliani
1924 1814 2140 1868 damnat

569 1897 861 1956 Ecclesiam
879 1919 894 1967 ;
913 1903 1181 1958 videamus
1197 1913 1248 1959 et
1277 1904 1442 1972 ipsius
1464 1921 1673 1960 causam
1697 1907 1868 1976 qualis
1895 1907 1982 1961 sit.
2004 1905 2138 1963 Sus-

570 1993 808 2062 cepimus
849 2009 966 2049 eam
988 1995 1388 2063 discutiendam,
1417 1997 1508 2052 sed
1537 2007 1780 2069 tanquam
1809 1999 2002 2064 fratris,
2031 2015 2136 2055 non

568 2093 816 2152 tanqttam
867 2087 1064 2154 patris,
1097 2097 1189 2141 aut
1233 2089 1436 2142 matris.
1485 2089 1640 2144 Pater
1667 2091 1818 2146 nobis
1847 2091 1985 2146 Deus
2013 2099 2096 2146 est
2117 2131 2135 2157 ,

569 2183 738 2226 mater
764 2175 915 2228 nobis
943 2175 1180 2232 Ecclesia
1211 2187 1292 2234 est
1323 2195 1336 2232 :
1373 2178 1684 2235 Caecilianus
1713 2179 1874 2236 frater
1900 2180 2016 2242 fuit,
2046 2190 2137 2235 aut

564 2259 730 2316 frater
765 2271 881 2330 est;
927 2265 971 2319 si
1010 2267 1199 2334 bonus,
1229 2265 1400 2323 bonus
1447 2268 1644 2336 frater;
1671 2269 1718 2324 si
1747 2271 1936 2338 malus,
1965 2271 2136 2326 malus

565 2352 750 2421 frater,
771 2365 943 2410 tamen
967 2356 1148 2413 frater.
1170 2358 1223 2414 Si
1251 2359 1606 2416 invenerimus
1625 2377 1743 2416 eum
1775 2362 2131 2427 innocentem,

560 2441 668 2511 jam
703 2459 799 2499 vos
824 2446 910 2500 ubi
939 2448 1119 2512 eritis,
1159 2448 1250 2519 qui
1292 2458 1346 2504 et
1386 2451 1437 2504 in
1469 2451 1578 2522 ipsa
1619 2450 1843 2508 humana
1873 2454 2132 2510 calumnia

562 2531 872 2589 defecistis?
897 2535 952 2590 Si
978 2545 1152 2592 autem
1183 2539 1428 2595 inventus
1453 2540 1608 2597 fuerit
1632 2559 1852 2609 nocens,
1883 2545 1928 2600 si
1951 2545 2135 2601 inven-

563 2631 648 2678 tus
679 2624 834 2710 fuerit
874 2643 1029 2695 reus,
1078 2647 1176 2685 nec
1205 2633 1282 2687 sic
1319 2633 1442 2690 victi
1485 2650 1698 2704 sumus,
1728 2639 1850 2710 quia
1877 2640 2132 2696 unitatem

561 2707 848 2780 Ecclesim,
879 2733 998 2788 quae
1043 2719 1233 2775 invicta
1281 2733 1392 2786 est,
1425 2707 1763 2782 obtinemus:
1789 2727 2037 2786 Inventus
2063 2733 2132 2786 sit

563 2819 777 2870 prorsus
805 2822 945 2873 rcus,
977 2809 1242 2866 hominem
1272 2814 1574 2884 anathema,
1615 2817 1811 2876 Christi
1840 2821 2128 2878 Ecclesiam

560 2909 666 2949 non
693 2896 900 2952 desero.
935 2899 1044 2955 lioc
1069 2900 1311 2970 fecimus,
1341 2907 1569 2964 diximus
1601 2926 1616 2962 :
1644 2909 1893 2982 deinceps
1918 2929 2038 2968 eum
2064 2914 2131 2970 ad

559 2986 726 3040 altare
750 2988 886 3043 inter
908 2991 1204 3062 episcOpos,
1231 3011 1366 3066 quos
1391 2997 1577 3055 fideles
1603 3009 1655 3056 et
1683 3001 1989 3060 innocentes
2015 3019 2132 3061 cre-

559 3076 754 3142 (limus,
777 3094 883 3134 non
908 3083 1266 3140 recitahimus.
1294 3086 1403 3143 line
1419 3092 1590 3146 solum
1609 3089 1830 3148 fecimus
1849 3093 1944 3169 (α).
1967 3095 2131 3152 Num-

556 3167 684 3236 quid
729 3181 943 3239 propter
987 3173 1324 3234 thcilianum
1361 3181 1732 3252 rebaptizaturi
1780 3167 1912 3243 estis
1943 3189 2128 3245 orbem

560 3263 859 3317 terrarum?
886 3263 995 3320 llac
1029 3269 1311 3325 securitate
1335 3274 1617 3330 constituta
1637 3285 1691 3331 et
1710 3275 1938 3346 firmata,
1967 3282 2130 3352 erepit

555 3349 746 3405 discuti
767 3369 925 3409 causa
950 3355 1238 3415 Caeciliani.
1267 3360 1512 3419 Inventus
1535 3375 1616 3421 est
1641 3367 1914 3438 innocens,
1943 3349 2130 3430 inven-

556 3450 639 3494 tus
666 3453 748 3497 est
771 3459 799 3498 a
828 3446 1270 3506 calumniantibus
1299 3454 1583 3524 appetitus.
1613 3458 1788 3514 Semel
1814 3461 2006 3518 absens
2035 3464 2126 3520 da-

555 3543 767 3590 mnatus
787 3578 801 3600 ,
836 3553 1069 3605 pravsens
1096 3551 1176 3596 ter
1202 3543 1474 3601 absolutus
1516 3547 1592 3620 (ὸ)
1633 3568 1647 3606 :
1689 3551 1969 3610 damnatus
1991 3573 2022 3611 a
2053 3557 2127 3612 fa-

553 3623 746 3688 ctione,
780 3627 1049 3684 absolutus
1071 3632 1138 3686 ab
1165 3635 1521 3694 ecclesiastica
1550 3643 1788 3700 veritate.
1817 3645 1974 3704 Lecta
2001 3661 2128 3706 sunt

553 3711 702 3780 lucc,
747 3717 963 3785 probata
995 3731 1115 3776 sunt
1159 3723 1292 3781 haec.
1321 3727 1608 3795 Quazsitum
1653 3744 1826 3790 utrum
1871 3737 2127 3798 haberent

551 3803 692 3871 quod
728 3817 910 3865 contra
940 3812 1196 3872 dicerent.
1227 3818 1568 3898 Consumptis
1591 3829 1836 3885 omnibus
1869 3835 2123 3904 tergivero

553 3895 844 3953 sationibus
873 3903 1249 3963 calumniarum
1277 3895 1490 3968 suarum
1511 3957 1524 3980 ,
1552 3925 1644 3972 aut
1667 3919 1751 3973 ubi
1782 3921 1911 3976 nihil
1937 3895 2122 3980 corum

549 3988 938 4048 evidentissima
972 3997 1207 4066 proferre
1233 4001 1568 4074 documenta,
1613 4027 1710 4066 nec
1749 4023 1932 4070 contra
1963 4017 2126 4086 ipsius

549 4080 902 4140 innocentiam
941 4088 1204 4147 Caeciliani
1249 4107 1565 4165 potuerunt,
1618 4105 1817 4173 prolata
1864 4080 2122 4166 sententia

550 4183 626 4226 est
650 4173 902 4232 adversus
927 4195 1039 4234 eos.
1071 4183 1130 4237 Et
1164 4194 1336 4242 tamen
1360 4187 1456 4259 ipsi
1487 4191 1689 4262 dicunt,
1720 4195 1976 4254 Vicimus.
2003 4202 2125 4256 \‘in-

549 4275 690 4330 cant,
715 4269 808 4323 sed
837 4287 915 4338 se,
943 4282 1002 4328 ut
1027 4278 1294 4346 possideat
1322 4296 1415 4338 eos
1435 4285 1705 4354 Christus;
1731 4289 1904 4346 vincat
1923 4308 2017 4349 eos
2033 4295 2122 4366 qui

544 4358 764 4415 redemit
786 4378 902 4420 eos.

621 4453 672 4505 7.
717 4453 870 4509 Multi
891 4475 953 4512 ex
976 4457 1355 4519 Donatistarum
1388 4468 1654 4524 schismate
1685 4477 1907 4530 conversi
1930 4480 1997 4532 ad
2025 4477 2124 4534 Ec-

546 4542 769 4598 cfcsiam.
801 4547 862 4603 Et
909 4560 1082 4607 tamen
1108 4553 1174 4610 de
1201 4559 1378 4614 multis
1406 4562 1720 4632 gaudemus.
1765 4567 1905 4623 Multi
1937 4587 2120 4628 eorum

547 4635 812 4690 frttcluose
841 4642 958 4695 victi
985 4653 1126 4712 sunt,
1154 4649 1273 4718 quia
1307 4667 1403 4705 nec
1424 4655 1546 4708 vieti
1569 4667 1709 4710 sunt.
1742 4660 1904 4714 Error
1931 4663 2118 4718 buma-

545 4737 646 4780 nus
677 4727 840 4782 victus
867 4741 967 4790 est.
993 4733 1152 4790 homo
1177 4739 1406 4795 salvatus
1427 4753 1524 4798 est.
1558 4745 1686 4801 Nam
1719 4751 1956 4808 medicus
1983 4758 2118 4810 nnn‘

544 4819 815 4874 Contendit
836 4837 954 4876 cum
986 4837 1216 4896 aegroto;
1248 4839 1301 4886 cl
1326 4833 1369 4886 si
1391 4847 1620 4906 a‘grotus
1651 4839 1773 4896 facit
1798 4858 1918 4899 cum
1947 4847 2117 4902 medi-

608 4997 624 5068 ξ
659 4997 1100 5068 rar_ti_cula_nega_ns
1115 5003 1254 5055 abest
1272 5019 1299 5056 a
1321 5007 1594 5062 t‘olhertino
1613 5015 1795 5068 codice.

607 5057 678 5178 (ag
705 5065 724 5102 \
739 5059 816 5108 ide
839 5057 1005 5110 collatf
1017 5065 1066 5124 3,
1089 5078 1227 5128 capp.
1251 5069 1358 5125 πο,
1387 5057 1622 5128 Ζῖέξὲᾶέὀξ

607 5117 653 5178 (h
701 5125 954 5172 Danum-ts
977 5123 1134 5177 fuerat
1154 5141 1182 5176 a
1219 5133 1470 5178 Donatistis
1493 5137 1538 5178 in
1560 5149 1622 5178 ςνι

606 5117 1758 5204 imaeue?fustati,.Donéiiéﬁé'ifsihoao.
1782 5141 1907 5204 apud
1929 5145 2119 5194 camm-

543 5179 727 5256 glaen},
743 5185 1006 5256 .apnoﬁil.
1033 5188 1285 5256 Absolutus
1309 5179 1907 5255 esiprimum"ﬁBﬁiaE'iB"

541 5243 634 5330 21'}:
667 5241 950 5330 uviae:
971 5250 1212 5330 3.129153
1245 5241 1444 5330 terra;
1463 5241 2118 5330 ἆίεῐίέιὶεέέῖῖέδῖιέίῑίοέέἕῖὶἓὲ

543 5301 649 5392 pali:
673 5305 904 5392 a233,”.
934 5301 1212 5392 ’I-ostremp,
1247 5301 1510 5365 mediolani-

543 5369 672 5442 tore:
695 5365 782 5442 ad
805 5365 952 5442 quem
977 5383 1088 5442 [ars
1108 5365 1311 5442 adversa
1345 5365 2119 5442 provccawratraiij‘gl'g:

542 5430 1272 5512 jznnettplcritt‘tinatio,quod
1285 5430 1532 5512 oriliuatus
1549 5430 1758 5512 fuisseta
1775 5430 2120 5512 ﬁli-cenitab-

541 5489 759 5564 §_t'-_n§ift
775 5491 957 5564 iscptx).
966 5496 1047 5564 qui
1069 5489 1232 5564 sacres
1242 5499 1438 5564 Codices
1447 5489 1539 5552 sub
1559 5489 2120 5564 ὑίἆῖιῖὗέηῖἶίιξάῶἶξξ

539 5547 808 5626 ferebatur.
829 5547 959 5626 Quod
982 5547 1276 5626 :teLsi__verum
1297 5547 1535 5622 t'oret‘,‘a—d~
1545 5547 2120 5626 sEiIi‘éHiiiiiahEE'E‘i

539 5613 724 5688 ganeo
733 5617 1022 5688 _erat;_q_uia
1053 5616 1149 5688 alia
1169 5629 1247 5688 est
1267 5635 1412 5673 causa
1429 5613 2117 5688 ﬁsoctgiiéi‘éiia'ﬁaﬁiiib‘iﬁ.

536 5675 1007 5760 ςῖξὲςἫᾶςΞ-ἒὲίξ
1015 5675 2120 5760 [Ῥὶὲξίίῇξ-οοιῃιμὈωὶὶιῶἑὲιίτὲἱίδθῖῐῖὲῖῖξὸδί

538 5743 655 5791 pum
675 5733 956 5788 tradituret!)
979 5733 1072 5791 non
1095 5741 1264 5794 fuisse.
1287 5733 1418 5801 Sina.

1779 319 1835 378 S.
1871 326 1906 374 Α
1917 313 2228 376 υςυετικι
2270 315 2309 370 Ε
2321 317 2566 375 i‘iSCOPl

3685 327 3825 386 £596

2247 452 2332 503 eo,
2362 438 2586 492 vincitur
2609 437 2770 494 febris
2789 480 2804 504 ,
2835 447 2888 492 et
2915 445 3131 494 sanatur
3151 447 3401 510 :egrotus.
3431 438 3564 496 Nam
3595 441 3698 500 hoc
3735 444 3820 497 in-

2247 527 2408 582 tendit
2435 528 2690 596 medicus,
2723 528 2936 584 vincere
2968 546 2982 582 :
3013 527 3114 584 hoc
3142 527 3368 584 intendit
3406 539 3460 584 et
3485 529 3669 599 febris,
3700 533 3821 586 vin-

2243 633 2384 674 cerc.
2417 619 2625 674 Positus
2654 631 2736 674 est
2763 621 2912 690 quasi
2939 620 2990 674 in
3029 620 3206 674 medio
3234 631 3485 691 tegi-Otus.
3529 623 3585 678 Si
3629 624 3820 678 vicerit

2245 710 2500 776 medicus,
2525 709 2700 766 salvus
2725 720 2806 765 est
2831 720 3062 782 :rgrotus
3087 730 3100 766 :
3129 713 3170 768 si
3199 712 3384 767 vicerit
3413 712 3594 780 febris,
3625 714 3824 770 morie-

2245 805 2330 852 tur
2351 808 2602 868 :rgrotus.
2631 799 2688 853 In
2725 802 3063 858 contentione
3088 817 3216 873 ergo
3255 811 3436 858 nostra
3466 805 3822 860 contendebat

2243 889 2480 944 medicus
2509 905 2603 958 pro
2647 891 2834 956 salute,
2863 907 2960 961 pro
2985 891 3132 948 febre
3172 892 3528 950 contendebat
3567 904 3822 965 a‘grotus.

2242 982 2340 1049 Qui
2369 981 2853 1038 animadverterunt
2881 983 3070 1040 medici
3099 986 3375 1040 consilium
3397 1028 3412 1050 ,
3449 985 3710 1053 vicerunt,
3747 989 3826 1041 fe-

2243 1072 2390 1126 brem
2422 1080 2822 1142 superaverunt.
2857 1075 3121 1130 Habemus
3149 1090 3242 1132 eos
3267 1091 3427 1130 sanos
3445 1085 3500 1132 et
3525 1076 3821 1148 gaudentes

2243 1163 2514 1218 nobiscum
2545 1163 2598 1218 in
2620 1164 2882 1220 Ecclesia.
2905 1166 3347 1236 Blasphemabant
3377 1182 3473 1223 nos
3496 1178 3673 1231 antea,
3696 1169 3820 1238 quia

2241 1253 2428 1309 fratres
2449 1271 2548 1312 nos
2573 1273 2678 1312 non
2705 1259 3061 1328 agnoscebant
3083 1278 3098 1314 :
3117 1260 3275 1316 febris
3291 1261 3431 1314 enim
3453 1271 3686 1316 mentem
3709 1269 3821 1315 tur—

2241 1345 2476 1400 haverat.
2506 1346 2615 1403 Nos
2660 1359 2834 1402 tamen
2865 1349 2982 1404 illos
3021 1357 3076 1404 et
3099 1349 3423 1406 detestantes
3449 1365 3548 1407 nos
3569 1391 3586 1418 ,
3631 1360 3684 1406 et
3713 1366 3820 1406 sae-

2241 1439 2446 1494 vientes
2485 1439 2540 1494 in
2570 1455 2668 1495 nos
2703 1456 2975 1506 amamus,
3005 1451 3060 1496 et
3085 1442 3426 1498 stevientibus
3461 1445 3672 1512 aegrotis
3699 1458 3819 1498 ser-

2239 1533 2529 1588 viebamus.
2560 1534 2974 1600 Resistebamus,
2999 1534 3470 1599 contendehamus,
3493 1545 3547 1592 et
3571 1536 3719 1605 quasi
3751 1537 3822 1590 li-

2240 1627 2568 1698 tigabamus;
2599 1636 2654 1682 et
2699 1637 2872 1682 tamen
2917 1629 3244 1684 amabamus.
3275 1627 3478 1684 Molesti
3521 1629 3662 1684 enim
3695 1639 3822 1684 sunt

2238 1733 2424 1772 onmes
2444 1719 2533 1788 qui
2563 1719 2750 1774 talibus
2769 1719 3138 1790 languentibus
3161 1719 3431 1786 serviunt;
3460 1720 3554 1776 sed
3578 1721 3644 1776 ad
3669 1723 3820 1778 salu-

2239 1817 2345 1864 tem
2374 1810 2580 1864 molesti
2609 1817 2749 1866 sunt.

2307 1901 2360 1956 8.
2381 1899 2756 1955 Obstinatorum
2769 1901 3104 1973 quorumdam
3117 1901 3285 1973 inepta
3301 1903 3572 1958 excusatio.
3589 1903 3818 1959 Aliorum

2236 1989 2434 2044 insania
2455 2000 2501 2044 et
2529 1995 2692 2062 furor.
2727 1991 3030 2046 Invenimus
3057 2003 3232 2048 autem
3265 1993 3507 2048 homines
3531 1995 3818 2065 aliquando

2237 2081 2412 2150 pigros
2431 2080 2688 2148 dicentes,
2723 2081 2918 2136 Verum
2947 2089 3050 2146 est,
3075 2081 3287 2139 domine
3306 2125 3321 2148 ,
3362 2099 3544 2140 verum
3571 2095 3681 2150 est;
3711 2102 3816 2140 non

2235 2180 2319 2226 est
2345 2171 2470 2241 quid
2491 2170 2689 2226 dicere.
2715 2171 2852 2240 Quid
2877 2173 3044 2243 ergo?
3065 2171 3220 2238 Veni,
3249 2190 3368 2245 age.
3395 2175 3552 2230 Pater
3573 2191 3724 2231 meus
3743 2177 3813 2232 ibi

2234 2270 2315 2315 est
2343 2271 2599 2324 mortuus,
2631 2271 2799 2317 mater
2825 2277 2939 2316 mea
2969 2263 3040 2316 ibi
3079 2265 3304 2333 sepulta.
3345 2263 3609 2320 Mortunm
3640 2267 3818 2320 nomi-

2237 2349 2371 2404 nasti
2399 2359 2453 2405 et
2481 2351 2766 2422 sepultura.
2816 2352 2956 2407 Vivis
2981 2394 2998 2420 ,
3041 2352 3217 2408 adhuc
3259 2363 3342 2408 est
3367 2371 3488 2410 cum
3516 2370 3622 2426 quo
3651 2357 3813 2426 loqui.

2233 2440 2488 2498 Parentes
2517 2445 2588 2497 tui
2619 2444 2890 2500 christiani
2937 2445 3147 2500 fuerunt
3177 2447 3228 2502 in
3273 2456 3423 2516 parte
3462 2449 3648 2504 Donati
3675 2467 3689 2502 :
3719 2467 3814 2519 pa-

2233 2543 2413 2589 rentes
2445 2550 2629 2590 eorum
2662 2535 2798 2592 forte
2837 2545 2892 2592 et
2934 2537 3032 2606 ipsi
3075 2538 3369 2605 christiani,
3398 2540 3480 2594 avi
3507 2549 3600 2596 aut
3625 2545 3810 2611 proavi

2232 2633 2376 2680 certe
2395 2628 2602 2695 pagani.
2625 2626 2724 2695 Qui
2749 2643 2876 2698 ergo
2899 2629 3052 2698 primi
3075 2629 3194 2685 facti
3215 2640 3340 2686 sunt
3360 2632 3656 2700 christiani,
3685 2649 3808 2690 cum

2229 2719 2543 2774 extulissent
2573 2729 2819 2788 parentes
2861 2735 2990 2776 suos
3029 2737 3293 2792 paganos,
3335 2723 3589 2794 numquid
3623 2735 3808 2782 contra

2230 2810 2504 2864 veritatem
2531 2809 2704 2880 frigidi
2725 2810 2975 2868 fuerunt?
2999 2815 3252 2883 numquid
3274 2817 3642 2872 auctoritatem
3667 2833 3812 2874 mor-

2231 2909 2438 2956 tuorum
2471 2912 2744 2972 parentum
2773 2905 2942 2960 secuti
2971 2915 3116 2972 sunt,
3153 2916 3207 2962 et
3244 2923 3350 2962 non
3381 2909 3552 2978 potius
3587 2909 3813 2966 mortuis

2231 2990 2542 3061 parentibus
2569 2993 2742 3048 vivum
2769 2994 3040 3050 Christum
3065 2998 3463 3074 pra-tulerunt?
3485 2999 3542 3055 Si
3573 3015 3701 3071 ergo
3725 2999 3814 3057 hic

2228 3099 2352 3138 vera
2381 3085 2553 3139 unitas
2577 3095 2660 3141 est
2680 3129 2696 3153 ,
2725 3097 2872 3141 extra
2915 3103 3073 3158 quam
3105 3103 3328 3146 necesse
3347 3092 3507 3146 estin
3549 3102 3810 3150 aeternum

2229 3179 2492 3246 moriaris,
2515 3197 2678 3250 quare
2705 3191 2939 3237 mortuos
2963 3192 3208 3253 parentes
3229 3193 3348 3240 tuos
3365 3187 3518 3256 sequi
3538 3187 3637 3255 vis,
3661 3203 3808 3244 mor-

2229 3278 2348 3326 tuos
2374 3271 2466 3328 tibi
2487 3281 2540 3327 et
2567 3273 2712 3328 Deo?
2739 3273 2876 3340 Quid
2903 3274 3072 3330 dicis?
3110 3277 3394 3346 responde.
3419 3277 3618 3334 Verum
3645 3279 3802 3348 dicis,

2227 3375 2332 3416 non
2371 3372 2454 3418 est
2480 3364 2606 3432 quid
2655 3364 2852 3421 dicere.
2895 3366 3032 3434 Quid
3078 3367 3160 3424 vis
3196 3367 3426 3424 faciam?
3465 3371 3809 3429 Consuetudo

2228 3453 2410 3508 nescio
2436 3469 2555 3524 quze
2579 3463 2720 3510 tenet
2749 3456 2849 3512 sibi
2875 3457 3118 3514 homines
3143 3460 3296 3516 tales.
3331 3461 3628 3534 Lethargici
3657 3473 3806 3532 sunt,

2225 3545 2492 3599 contrario
2517 3545 2702 3600 morbo
2729 3547 2987 3616 laborant,
3017 3549 3330 3606 dormiendo
3372 3553 3612 3610 morituri
3655 3566 3806 3614 sunt.

2225 3634 2328 3690 Alii
2353 3635 2644 3703 phrenetici
2671 3646 2814 3705 sunt,
2839 3639 3047 3694 molesti
3077 3651 3218 3696 sunt.
3241 3642 3372 3698 Nam
3394 3646 3492 3700 etsi
3519 3646 3809 3704 moriturus

2225 3736 2308 3782 est
2349 3727 2687 3799 lethargicus,
2718 3731 2800 3786 vel
2835 3733 3086 3789 servienti
3127 3735 3228 3790 sibi
3265 3752 3374 3792 non
3417 3747 3499 3794 est
3527 3739 3805 3798 molestus.

2224 3820 2525 3878 Phrenetici
2555 3825 2762 3880 molesti
2791 3835 2943 3890 sunt,
2975 3828 3064 3897 qui
3099 3841 3331 3886 mentem
3357 3831 3724 3900 perdiderunt,
3751 3845 3810 3891 et

2227 3911 2397 3966 insani
2427 3909 2587 3983 atque
2627 3913 2810 3970 furiosi
2837 3918 3024 3972 armati
3069 3926 3326 3990 vagantur
3355 3922 3452 3976 hac
3477 3929 3632 3992 atque
3659 3923 3804 3990 illac,

2225 4014 2523 4073 quaerentes
2547 4022 2682 4074 quos
2711 4007 2978 4074 occidant,
3009 4025 3143 4079 quos
3168 4021 3456 4068 excaecent.
3485 4013 3630 4068 Nova
3659 4016 3806 4070 enim

2225 4096 2376 4152 nobis
2399 4099 2636 4154 nuntiata
2653 4111 2796 4166 sunt,
2817 4101 3024 4156 cuidam
3045 4105 3352 4175 presbytero
3369 4117 3554 4162 nostro
3571 4107 3806 4178 linguam

2222 4199 2574 4244 exsecuerunt
2603 4189 2702 4260 (a).
2731 4191 2820 4247 isti
2863 4193 3151 4262 phrenetici
3191 4205 3333 4251 sunt.
3358 4197 3696 4254 Escercenda
3721 4210 3810 4257 est

2223 4278 2486 4346 charitas,
2531 4281 2744 4336 amandi
2794 4291 2849 4337 et
2895 4283 3012 4351 ipsi.
3053 4284 3198 4340 Multi
3237 4289 3462 4342 correcti
3503 4288 3806 4358 fleverunt,

2223 4371 2376 4425 multi
2405 4373 2630 4427 correcti
2657 4391 2668 4426 :
2697 4387 2798 4428 nos
2819 4376 3082 4440 novimus,
3113 4376 3179 4430 ad
3209 4393 3305 4432 nos
3335 4389 3594 4435 venerunt
3620 4381 3687 4436 de
3709 4399 3810 4437 nu-

2223 4477 2371 4516 mero
2411 4461 2646 4531 ipsorum
2679 4461 3016 4518 furiosorum.
3064 4465 3218 4522 Fient
3259 4470 3496 4538 quotidie
3539 4473 3808 4542 praeterita

2222 4567 2346 4616 sua,
2377 4567 2475 4607 nec
2501 4553 2759 4608 satiantur
2797 4556 3044 4628 laerymis
3071 4559 3406 4616 attendentes
3429 4576 3616 4617 eorum
3649 4563 3808 4618 foros

2221 4657 2355 4710 rem,
2374 4646 2462 4712 qui
2483 4659 2586 4699 non
2607 4645 2808 4716 digesta
2825 4648 3079 4703 ebrietate
3098 4653 3344 4707 vanitatis
3362 4653 3534 4708 adhuc
3553 4656 3804 4713 sazviunt.

2221 4731 2362 4804 Ergo
2387 4735 2510 4804 quid
2537 4735 2798 4794 faciams?
2829 4738 3044 4794 Talibus
3071 4742 3272 4796 servire
3293 4743 3524 4800 charitas
3544 4747 3705 4816 cogit.
3735 4747 3806 4804 Et

2221 4827 2462 4894 quamvis
2505 4829 2715 4884 molesti
2755 4843 2942 4885 sumus
2969 4831 3178 4902 utrique
3205 4835 3422 4902 generi,
3469 4844 3527 4891 et
3551 4835 3808 4908 lethargi-

2218 4930 2337 4970 cum
2363 4919 2660 4986 excitando,
2691 4929 2745 4974 et
2767 4919 3134 4990 phreneticum
3159 4922 3390 4994 ligando,
3415 4926 3603 4982 arabes
3625 4937 3808 4984 tamen

2218 5023 2478 5064 amamus.
3229 5081 3232 5084 Δ

2289 5101 2341 5156 9.
2383 5101 2663 5156 Concordia
2687 5106 2904 5174 fratrum
2927 5103 2980 5158 in
3002 5102 3218 5160 Christo.
3241 5105 3386 5162 Bona
3413 5121 3500 5163 res
3525 5109 3808 5166 concordia

2219 5195 2468 5262 fratrum;
2493 5193 2584 5246 sed
2615 5193 2792 5248 videte
2837 5193 2924 5248 ubi
2955 5210 2967 5246 :
3001 5193 3056 5248 in
3087 5193 3323 5262 Christo,
3355 5197 3806 5254 Christianorum.

2221 5282 2287 5337 Et
2307 5299 2450 5338 amor
2471 5285 2835 5354 proximorum.
2864 5283 3024 5352 Quid,
3055 5285 3102 5338 si
3131 5284 3305 5342 adhuc
3329 5287 3561 5343 nondum
3585 5299 3668 5345 est
3693 5289 3808 5345 fra-

2221 5383 2302 5429 ter
2341 5375 2392 5428 in
2427 5373 2681 5430 Christo?
2709 5375 2841 5443 Quia
2871 5375 3030 5430 homo
3051 5418 3066 5440 ,
3109 5379 3384 5446 proximus
3423 5389 3542 5446 est;
3573 5396 3722 5438 ames
3753 5389 3812 5436 et

2219 5465 2390 5533 ipsum
2411 5507 2424 5527 ,
2453 5474 2512 5520 ut
2538 5466 2756 5521 tuereris
2791 5475 2847 5521 et
2875 5467 3068 5535 ipsum.
3108 5466 3161 5522 Si
3193 5483 3320 5537 ergo
3347 5471 3641 5526 concordes
3679 5487 3806 5527 cum

2219 5553 2382 5611 fratre
2409 5554 2726 5620 christiano,
2754 5571 2899 5612 ames
2923 5565 3100 5612 autem
3141 5557 3460 5628 proximum,
3493 5562 3654 5616 etiam
3681 5577 3806 5618 cum

2219 5662 2326 5718 quo
2351 5650 2508 5704 modo
2532 5648 2813 5704 concordia
2839 5663 2944 5704 non
2971 5655 3074 5713 est,
3104 5648 3226 5718 quia
3249 5651 3483 5708 nondum
3515 5652 3566 5708 in
3591 5652 3808 5711 Christo

2288 5763 2359 5826 (α)
2385 5763 2500 5814 vide
2515 5763 2762 5828 Augustini
2785 5761 2928 5824 epist.
2955 5757 3071 5823 l85.
3093 5769 3144 5810 ιι.
3169 5756 3248 5808 50.
