4080 6360
271 334 294 384 Ι
302 331 409 388 597

259 446 424 500 frater
447 450 553 506 est,
579 439 702 510 quia
725 435 960 492 nonduin
996 433 1048 488 in
1075 431 1286 488 Christo
1325 439 1543 487 renatus
1565 442 1649 487 est
1668 475 1682 496 ,
1711 449 1842 488 non-

260 536 390 590 dum
431 531 626 588 Christi
645 535 980 584 sacramenta
1007 525 1192 589 novit;
1218 537 1454 594 paganus
1480 531 1564 577 e.-t
1584 566 1596 586 ,
1627 523 1842 578 Judzcus

259 635 378 689 est;
408 632 691 678 esttamen
722 617 1015 690 proximus,
1047 616 1168 685 quia
1199 614 1359 667 homo
1387 623 1465 668 est
1493 632 1508 668 :
1537 615 1580 667 si
1617 630 1762 668 amas
1790 623 1845 668 et

261 719 464 787 ipsum,
499 711 770 770 accessisti
808 721 859 765 et
889 709 955 762 ad
985 709 1140 762 aliam
1169 707 1504 760 dilectionem
1532 706 1637 760 alio
1667 706 1806 759 dono
1825 747 1841 760 .

258 821 312 864 et
339 809 422 862 sic
446 815 572 861 sunt
599 805 648 858 in
673 812 722 857 te
743 802 869 866 duo,
891 798 1170 855 Concordia
1187 799 1421 866 fratrum,
1447 807 1491 849 et
1513 813 1654 848 antor
1670 796 1846 866 proxi-

261 913 484 950 morum.
514 895 592 948 EX
631 893 712 946 his
739 891 983 944 onmibus
1022 887 1355 943 concordiam
1388 887 1684 940 tenentibus
1725 901 1844 939 cum

261 985 522 1039 fratribus
564 990 620 1036 et
661 981 961 1035 amantibus
1000 979 1324 1050 proximum,
1353 986 1561 1031 constat
1607 977 1846 1030 Ecclesia

260 1077 454 1132 devota
479 1074 714 1140 Christo,
737 1081 792 1128 et
816 1071 1024 1126 subdita
1052 1071 1186 1136 viro,
1216 1078 1273 1122 ut
1301 1069 1390 1122 liat
1421 1069 1654 1136 tertium,
1695 1067 1784 1122 Vir
1803 1077 1849 1122 et

262 1167 446 1219 mulier
471 1165 565 1218 sibi
586 1162 946 1217 consentientes
977 1162 994 1228 (
1023 1158 1182 1213 Eccli.
1210 1174 1336 1222 XXV,
1363 1156 1459 1228 ‘2).
1487 1157 1636 1213 Unde
1665 1158 1851 1211 admo-

263 1271 456 1310 nemus
481 1255 808 1310 Cbaritatem
834 1262 1086 1313 vestram,
1108 1258 1165 1305 et
1188 1265 1280 1304 vos
1306 1250 1648 1304 exhortamur
1669 1249 1720 1303 in
1747 1250 1849 1304 Do-

261 1347 412 1402 mino
431 1388 446 1414 ,
475 1345 758 1418 przcseutia
784 1343 1164 1408 contemnatis,
1199 1342 1390 1396 fratres
1429 1341 1563 1405 mei,
1595 1357 1712 1412 qua!
1743 1355 1846 1395 non

262 1439 545 1495 vobiscum
570 1436 845 1492 moriendo
871 1436 1127 1505 portatis:
1151 1434 1380 1490 caveatis
1399 1441 1634 1504 peccata,
1662 1447 1851 1487 cavea—

263 1533 332 1587 tis
368 1532 707 1602 iniquitates,
735 1528 964 1583 caveatis
1004 1526 1288 1581 saeculares
1323 1524 1654 1594 cupiditates.
1699 1522 1850 1578 Tunc

263 1623 408 1679 enim
435 1632 521 1678 est
541 1621 742 1676 fructus
762 1626 943 1673 noster
964 1619 1016 1672 in
1037 1616 1190 1671 nobis
1210 1617 1433 1686 integer,
1455 1627 1508 1669 et
1528 1629 1732 1670 merces
1752 1628 1850 1668 no-

263 1724 374 1770 stra
407 1712 552 1783 apud
581 1711 860 1767 Dominum
893 1709 1048 1779 plena
1066 1707 1404 1779 gaudiorum.
1433 1706 1564 1762 Nam
1594 1706 1695 1761 etsi
1718 1706 1847 1761 dici~

264 1819 384 1861 mus
409 1803 554 1873 quod
587 1802 869 1858 dicendum
895 1809 998 1867 est,
1031 1801 1128 1855 etsi
1159 1800 1505 1870 praedicamus
1533 1798 1674 1869 quod
1706 1814 1845 1869 prte-

265 1895 552 1950 dicandum
580 1902 683 1958 est,
711 1902 764 1948 et
779 1892 1032 1964 solvimus
1062 1905 1158 1945 nos
1176 1890 1312 1959 apud
1341 1891 1615 1946 Dominum
1645 1891 1696 1944 in
1719 1905 1850 1944 con-

263 1996 447 2057 specta
476 1985 703 2051 Domini,
727 1985 849 2055 quia
875 1999 978 2037 non
1001 1984 1260 2038 tacuimus
1280 1982 1418 2054 quod
1445 1982 1711 2048 timemus,
1740 1997 1847 2036 non

265 2078 527 2134 tacuimus
556 2075 696 2146 quod
735 2088 1006 2137 amamus,
1042 2081 1102 2129 ut
1128 2088 1286 2142 super
1313 2089 1470 2142 quem
1509 2075 1711 2128 venerit
1738 2072 1851 2142 gla-

263 2169 380 2224 dius
436 2168 686 2222 vindicta:
738 2166 1059 2232 dominicae,
1090 2165 1215 2235 quid
1261 2165 1576 2234 speculatori
1628 2165 1851 2235 imputet

262 2277 367 2314 non
397 2261 635 2314 inveniat
661 2277 675 2312 ε
706 2268 881 2313 tamen
911 2258 1156 2312 nolumus
1183 2261 1480 2312 mercedem
1504 2267 1738 2311 nostram
1765 2271 1850 2311 se-

261 2366 446 2406 curam
471 2366 592 2405 esse
619 2350 768 2404 vobis
791 2348 1031 2419 perditis,
1065 2347 1160 2404 sed
1190 2347 1340 2402 vobis
1365 2348 1615 2402 inventis.
1643 2346 1772 2400 Nam
1794 2355 1848 2402 et

261 2445 540 2512 apostolus
561 2442 754 2498 Paulus
783 2455 1003 2496 securus
1029 2449 1145 2495 erat
1169 2441 1236 2494 de
1262 2440 1507 2495 mercede
1540 2455 1656 2504 sua,
1687 2449 1742 2494 et
1771 2449 1849 2493 ta-

262 2549 390 2588 men
417 2534 545 2602 quid
573 2535 648 2588 ait
677 2531 905 2603 p0pulo?
940 2529 1094 2585 Nunc
1110 2533 1337 2598 vivimus,
1356 2532 1400 2586 si
1416 2548 1500 2585 vos
1515 2531 1658 2586 statis
1673 2532 1724 2585 in
1742 2530 1848 2585 Do-

261 2625 398 2678 mino
427 2627 443 2692 (
468 2625 486 2678 1
513 2624 687 2678 Thess.
714 2639 790 2689 tu,
817 2621 904 2693 8).
938 2624 1154 2692 Loquor
1179 2622 1328 2677 vobis
1365 2630 1420 2678 et
1462 2621 1714 2676 Charitati
1753 2635 1846 2677 ve-

261 2727 410 2780 strm,
439 2715 727 2769 secundum
753 2717 1046 2785 jussioncm
1089 2713 1315 2775 Domini,
1353 2720 1527 2782 patres
1557 2721 1608 2765 et
1635 2711 1844 2766 fratres.

261 2805 479 2873 Loquor
520 2807 676 2859 etiam
717 2821 814 2876 pro
852 2804 1014 2860 fratre
1059 2819 1176 2858 meo
1217 2804 1469 2873 episcopo
1507 2811 1682 2856 vestro
1724 2801 1841 2872 (a),

261 2899 415 2968 cujus
453 2899 702 2967 gaudium
742 2912 861 2953 esse
890 2897 1132 2962 debetis,
1160 2894 1454 2950 obediendo
1489 2894 1711 2949 Domino
1741 2895 1847 2948 Deo

263 2997 470 3043 nostro.
499 2987 658 3043 Certe
678 2989 729 3043 in
756 2988 971 3043 nomine
993 2987 1086 3043 Dei
1113 2987 1248 3042 facta
1269 2995 1350 3042 est
1369 2986 1518 3040 vobis
1542 2987 1654 3040 lucc
1678 2986 1848 3040 eccle-

264 3081 340 3135 sia
367 3095 536 3148 Opera
561 3080 747 3151 ipsius,
771 3095 866 3150 per
895 3079 1126 3134 ﬁdelium
1159 3079 1378 3133 fratrum
1410 3077 1721 3132 collationes
1747 3076 1844 3131 be-

263 3171 488 3237 neﬁcas,
527 3171 926 3232 misericordes.
967 3171 1211 3226 devotas.
1236 3169 1394 3225 Facta
1429 3176 1512 3223 est
1548 3169 1697 3223 vobis
1733 3168 1846 3224 lucc

263 3263 490 3316 ecclesia
523 3277 538 3315 :
567 3261 661 3316 sed
689 3276 786 3316 vos
819 3264 986 3331 magis
1011 3262 1139 3316 estis
1172 3261 1426 3315 Ecclesia.
1454 3260 1614 3316 Facta
1642 3267 1724 3314 est
1748 3276 1844 3312 vo-

263 3353 367 3417 bis,
397 3369 504 3424 quo
532 3368 757 3424 corpora
797 3362 968 3408 vestra
1011 3355 1206 3408 intrent
1238 3370 1251 3406 :
1283 3353 1373 3408 sed
1418 3361 1621 3408 mentes
1657 3360 1846 3408 vestra:

269 3443 473 3499 debent
509 3459 648 3511 esse,
692 3460 798 3514 quo
826 3445 962 3500 Dens
987 3444 1163 3498 intret.
1201 3443 1509 3498 llonoraStis
1537 3445 1844 3512 episcopum

264 3545 526 3601 vestrum,
558 3545 614 3590 ut
658 3535 796 3590 hanc
834 3536 1104 3590 basilicam
1147 3536 1469 3591 Florentiam
1513 3535 1611 3608 (b)
1653 3551 1845 3591 vocare

264 3626 506 3688 velletis;
539 3625 630 3679 sed
666 3624 933 3680 Florentia
963 3625 1075 3696 ejus
1112 3641 1207 3680 vos
1235 3627 1383 3681 estis.
1428 3627 1559 3681 Nam
1599 3628 1674 3681 sic
1716 3627 1845 3682 dicit

265 3719 560 3787 Apostolus
585 3736 600 3775 :
631 3705 881 3772 Gaudium
911 3728 955 3772 et
982 3736 1166 3773 corona
1195 3736 1302 3773 mea
1329 3736 1412 3774 vos
1441 3721 1558 3774 estis
1583 3721 1636 3774 in
1663 3720 1840 3774 Domi-

264 3825 331 3862 no
372 3807 643 3881 (Philipp.
671 3824 742 3874 tv,
768 3809 793 3863 Ι
818 3808 860 3880 ).
907 3809 1167 3879 Quidquid
1217 3818 1300 3865 est
1338 3811 1392 3865 in
1434 3811 1658 3877 sarculo,
1686 3827 1847 3866 vane-

265 3901 388 3966 scit,
420 3900 625 3954 transit.
672 3899 792 3954 Vita
837 3901 934 3955 ista
976 3901 1099 3969 quid
1129 3911 1248 3969 est,
1294 3905 1392 3958 nisi
1422 3904 1562 3973 quod
1606 3904 1846 3960 Psalmus

264 3991 399 4045 dixit
423 4008 436 4042 :
459 3989 614 4046 Mane
637 3991 766 4044 sicut
794 3991 944 4045 herba
966 3993 1191 4059 transiet,
1208 4010 1352 4046 mane
1375 3995 1541 4063 ﬂoriet
1561 4004 1608 4048 et
1633 4005 1842 4064 praeter-

265 4082 333 4134 iet
360 4097 380 4134 :
411 4097 613 4149 vespere
669 4081 880 4146 decidet,
907 4082 1122 4135 durescit
1148 4092 1194 4135 et
1219 4084 1396 4136 arescit
1423 4083 1590 4154 (Psal.
1622 4099 1841 4150 LXXXIX,

265 4175 363 4242 6)?
394 4175 504 4229 Hoc
533 4185 613 4228 est
637 4175 810 4228 omnis
830 4191 974 4230 caro.
995 4175 1118 4230 Ideo
1135 4175 1393 4240 Christus,
1415 4175 1535 4231 ideo
1561 4193 1691 4230 nova
1715 4178 1841 4244 vita,

266 4266 390 4319 ideo
417 4281 542 4336 spes
567 4277 788 4331 teterna,
813 4267 930 4321 ideo
951 4267 1242 4321 consolatio
1281 4267 1693 4322 immortalitatis
1721 4284 1844 4337 pro-

266 4360 448 4423 missa,
476 4371 530 4412 ct
561 4360 611 4413 in
641 4359 845 4414 Domini
879 4374 1037 4415 carne
1061 4359 1168 4427 jam
1199 4358 1423 4413 reddita.
1454 4360 1495 4414 Α
1524 4360 1675 4414 nobis
1702 4361 1842 4416 enim

262 4459 536 4519 assmnpta
568 4459 648 4504 est
691 4450 776 4503 illa
806 4465 965 4515 caro,
997 4465 1113 4520 quae
1140 4449 1250 4518 jam
1293 4449 1603 4504 immortalis
1641 4461 1755 4515 est,
1793 4462 1847 4506 ct

265 4540 421 4593 nobis
446 4538 586 4609 quod
611 4539 660 4593 in
686 4554 744 4593 se
768 4539 1022 4608 implevit,
1046 4538 1299 4592 ostendit.
1329 4537 1553 4608 Propter
1578 4554 1673 4593 nos
1702 4540 1842 4594 enim

261 4646 481 4684 carnem
512 4629 711 4684 habuit.
736 4631 866 4685 Nam
896 4641 1110 4700 propter
1132 4645 1210 4697 se,
1235 4628 1299 4683 In
1323 4631 1570 4702 principio
1594 4641 1698 4685 erat
1725 4631 1848 4686 Ver-

260 4725 404 4788 bum,
437 4729 482 4777 et
521 4722 736 4778 Verbum
755 4733 861 4777 erat
889 4723 1025 4794 apud
1051 4721 1236 4788 Deum,
1265 4731 1310 4776 et
1336 4721 1473 4776 Deus
1495 4735 1601 4778 erat
1632 4723 1845 4778 Verbum

262 4815 458 4885 (Joan.
490 4831 541 4880 ι,
578 4817 596 4868 1
629 4815 668 4884 ).
698 4814 886 4880 Quzere
930 4829 1143 4869 carnem
1187 4822 1241 4868 et
1282 4815 1628 4884 sanguinem:
1661 4815 1748 4870 ubi
1792 4817 1842 4871 in

324 4925 400 4988 (α)
433 4933 539 4988 Sus;
556 4927 734 4975 icamur
777 4925 1074 4988 legendum,
1114 4928 1376 4976 secundum
1387 4925 1652 4988 jussioncm
1681 4929 1846 4980 domui

437 4993 484 5060 et
502 4979 686 5060 fratris:
707 4979 884 5060 loquor
906 4979 1134 5060 euimjro
1155 4979 1426 5060 [intrean
1438 4988 1657 5060 episcopo
1672 4979 1839 5060 vestro.

261 5049 359 5098 Hoc
381 5051 579 5113 epilogo
600 5049 750 5113 utitur
775 5049 980 5113 loquens
999 5049 1172 5098 aliena:
1195 5049 1360 5111 plebi,
1393 5061 1439 5112 a,
1455 5049 1518 5098 ud
1539 5049 1681 5113 quam
1718 5054 1843 5104 forte

263 5123 356 5158 non
382 5109 572 5160 silebat
596 5109 881 5159 mncionari.

328 5171 401 5233 (b)
435 5170 841 5228 Quemadmodum
886 5171 1078 5220 basilica
1101 5172 1256 5220 Fausti
1301 5178 1354 5221 et
1375 5171 1569 5222 basilica
1591 5177 1844 5226 Leontiana

259 5231 404 5282 dieue
426 5240 542 5281 sunt
564 5244 592 5280 a
629 5238 796 5281 Fausto
834 5239 886 5281 et
907 5234 1102 5281 Leontio
1123 5234 1470 5291 conditoribus,
1516 5235 1586 5284 sic
1607 5237 1841 5288 Florentii

259 5291 702 5359 hoc__looo_basi|ica
721 5294 788 5359 _de
812 5295 1016 5359 nomine
1041 5294 1263 5343 Florentii
1289 5296 1512 5359 eliseppi.
1563 5299 1702 5359 Cujus
1726 5313 1843 5348 vero

262 5354 397 5415 sedis
421 5356 680 5415 ej.isc0pus
703 5356 849 5404 luerit
870 5356 1103 5405 incertum
1128 5363 1204 5404 est
1225 5369 1235 5404 :
1259 5354 1349 5405 nisi
1389 5354 1676 5407 t-‘lorentiu'm
1702 5359 1843 5408 illlt'l-

263 5413 345 5482 ligi
373 5413 564 5482 plaeeat
585 5413 1297 5482 itipjionensium-diarrvtorum
1319 5420 1368 5466 in
1392 5421 1714 5482 Proconsulari
1737 5435 1843 5482 pro-

264 5477 420 5539 vincia
463 5479 768 5539 episeolum,
799 5479 881 5539 qui
907 5485 960 5528 et
991 5477 1230 5529 collationi
1253 5481 1596 5530 Donatistarum
1619 5477 1844 5532 ctuu'cze-

265 5540 385 5586 teris
402 5538 497 5586 hoc
517 5549 644 5603 anno
667 5538 901 5598 interfuit,
923 5547 980 5588 ut
1000 5541 1287 5603 cognitionis
1321 5542 1486 5603 prima:
1523 5550 1663 5591 Gesta
1685 5543 1842 5593 decla-

264 5606 407 5665 rant,
455 5605 514 5665 et
546 5599 728 5665 aliquot
751 5606 856 5660 lost
876 5611 1030 5650 annos
1061 5599 1254 5665 Leporii
1289 5599 1506 5665 monachi
1543 5604 1758 5665 epistola:
1779 5607 1838 5655 ad

267 5659 423 5710 Gallos
440 5659 728 5724 subscripsit
748 5659 860 5710 eum
901 5659 1164 5724 Augustino
1188 5670 1240 5714 et
1259 5661 1383 5714 aliis.
1415 5665 1544 5723 Quod
1575 5659 1630 5714 ἐἰ
1669 5679 1838 5716 verum

272 5725 364 5792 est,
387 5721 822 5792 non_Cartbagi_ne_,
861 5721 1024 5788 neque
1047 5721 1455 5788 Hippone-regio,
1481 5726 1570 5792 sed
1591 5734 1836 5792 t-typpone-

271 5781 1494 5848 dian'ywbabituaidicisemtbnem'éousentaiteum
1509 5781 1672 5839 fuerit:
1691 5781 1832 5840 'SIan.

1596 321 1724 376 Slill
1733 321 1820 375 ΜΟ
1859 322 2094 379 CCCLX.

3389 343 3530 406 £598

1955 433 2165 492 Verbo?
2187 435 2318 503 Quia
2345 452 2473 494 vere
2501 439 2654 496 nobis
2676 443 2906 513 compati
2943 443 3126 513 voluit,
3161 457 3216 506 et
3250 465 3349 506 nos
3383 455 3528 511 redi-

1951 542 2118 595 mere,
2148 528 2318 583 induit
2342 544 2399 584 se
2428 529 2592 584 forma
2616 534 2782 600 servi,
2801 544 2854 589 et
2876 535 3150 593 descendit
3169 541 3257 611 qui
3284 540 3371 597 hic
3391 555 3526 611 erat,

1953 629 2010 674 ut
2033 631 2311 690 appareret
2333 624 2421 693 qui
2450 639 2556 678 non
2586 626 2803 692 aberat;
2834 637 2888 683 et
2911 630 3070 684 voluit
3111 631 3228 687 ﬁeri
3254 633 3414 690 homo
3438 638 3528 706 qui

1953 706 2076 763 fecit
2103 710 2396 774 hominem,
2436 714 2604 768 creari
2626 713 2692 770 de
2724 726 2910 784 matre,
2943 720 3029 786 qui
3053 722 3252 776 creavit
3281 732 3526 780 matrem.

1953 801 2204 856 Ascendit
2235 819 2399 874 usque
2443 805 2495 859 in
2531 821 2771 872 crucem,
2801 819 3036 864 mortuus
3061 821 3181 881 est,
3209 824 3260 868 et
3298 817 3532 872 ostendit

1953 893 2104 946 nobis
2133 894 2273 963 quod
2307 911 2642 962 noveramus,
2673 901 2815 955 nasci
2845 910 2896 954 et
2923 902 3077 956 mori.
3108 901 3349 973 Implevit
3383 907 3435 961 in
3471 921 3531 963 se

1953 979 2167 1037 lnunilis
2207 984 2320 1040 luec
2361 995 2538 1040 vetera
2582 998 2759 1042 nostra
2788 990 2981 1045 usitata
3024 1003 3077 1047 et
3118 1006 3262 1050 nata.
3291 995 3447 1052 Nasci
3476 1007 3532 1052 et

1952 1075 2086 1128 mori
2115 1090 2436 1132 noveramus
2458 1094 2473 1132 :
2499 1093 2773 1149 resurgere
2792 1089 2845 1136 et
2870 1082 2920 1134 in
2942 1093 3196 1138 aeternum
3220 1085 3400 1141 vivere
3420 1103 3529 1143 non

1953 1182 2289 1221 noveramus.
2335 1170 2445 1223 Duo
2479 1185 2606 1240 ergo
2644 1181 2820 1228 nostra
2861 1185 3038 1231 vetera
3077 1178 3288 1233 humilis
3325 1191 3530 1236 asSum-

1951 1257 2086 1326 psit:
2121 1257 2225 1311 duo
2250 1259 2350 1313 alia
2389 1275 2573 1330 magna
2615 1273 2669 1316 et
2701 1279 2839 1318 nova
2875 1267 3114 1321 excelsus
3146 1268 3396 1337 implevit.
3425 1271 3530 1327 Re-

1951 1347 2224 1402 suscitavit
2250 1364 2484 1411 carnem.
2512 1352 2702 1407 levavit
2727 1353 2777 1407 in
2805 1355 2996 1409 cmlum
3029 1371 3264 1424 carnem,
3291 1360 3439 1415 sedet
3461 1362 3529 1416 ad

1950 1436 2222 1493 dexteram
2272 1440 2463 1496 Patris.
2509 1441 2676 1511 Caput
2706 1454 2946 1498 nostrum
2994 1461 3114 1501 esse
3161 1449 3344 1514 voluit,
3371 1461 3532 1520 caput

1949 1543 2045 1597 pro
2073 1530 2327 1585 membris
2353 1532 2634 1588 clamavit:
2663 1536 2783 1606 quia
2825 1547 2878 1591 et
2905 1552 3026 1592 cum
3056 1539 3140 1594 hic
3163 1551 3338 1606 esset,
3367 1543 3527 1611 dixit,

1950 1617 2124 1685 Pater,
2140 1621 2249 1674 volo
2277 1632 2330 1674 ut
2356 1623 2440 1676 ubi
2467 1641 2555 1696 ego
2579 1642 2710 1691 sum,
2729 1625 2794 1679 ibi
2822 1628 2923 1681 sint
2948 1639 2998 1682 et
3025 1630 3106 1683 isti
3127 1647 3319 1685 mecum
3340 1631 3518 1704 (Joan.

1948 1725 2073 1775 xvu,
2101 1710 2216 1784 24).
2249 1711 2536 1783 Speremus
2570 1716 2668 1770 hoc
2695 1717 2838 1772 etde
2873 1734 3033 1775 carne
3059 1731 3262 1789 nostra,
3293 1725 3528 1780 resusci-

1947 1801 2225 1869 tationem,
2249 1809 2740 1874 commutationem,
2766 1808 3234 1880 incorruptionem,
3255 1814 3530 1870 immorta-
3621 1837 3624 1840 ·

1948 1890 2166 1958 litatem,
2199 1904 2453 1950 aeternam
2495 1898 2820 1954 mansionem
2861 1919 2876 1957 :
2911 1910 2967 1958 et
2994 1917 3214 1974 agamus
3254 1917 3314 1961 ut
3343 1921 3530 1978 perve-

1947 1982 2177 2038 niamus.
2209 1985 2334 2041 [huc
2361 1988 2462 2042 erit
2490 1988 2779 2056 Florentia,
2803 2007 2924 2047 vera
2952 1993 3244 2051 Florentia.

2410 2097 2640 2153 SERMO
2676 2100 2895 2156 CCCLX
2924 2106 2944 2127 ο
2976 2103 3075 2176 (α).

1948 2183 2030 2237 Ad
2060 2185 2257 2256 vigilias
2283 2185 2584 2243 Maximiani
2610 2191 2652 2255 ¹,
2681 2190 2743 2244 de
2776 2192 2993 2261 quodam
3036 2193 3300 2250 Donatista
3327 2194 3399 2271 (b)
3433 2199 3520 2266 qui

2374 2296 2598 2336 reversus
2618 2293 2688 2336 est
2709 2283 2777 2337 ad
2797 2283 3097 2340 Ecclesium.

2021 2365 2130 2420 Deo
2154 2367 2386 2437 gratias,
2421 2370 2646 2438 fratres,
2677 2375 3114 2444 congratulamini
3146 2377 3293 2434 fratri
3325 2387 3524 2449 vestro,

1950 2457 2038 2526 qui
2069 2468 2311 2514 mortuus
2338 2469 2452 2515 erat
2477 2471 2531 2516 et
2561 2464 2783 2529 revixit,
2817 2466 3048 2534 perierat
3075 2477 3128 2522 et
3157 2469 3399 2524 inventus
3422 2481 3524 2526 est.

1947 2547 2158 2604 Gratias
2181 2551 2446 2619 patientia:
2466 2562 2521 2607 ct
2549 2555 2928 2610 misericordiae
2959 2559 3162 2612 Domini
3195 2560 3288 2614 Dei
3322 2563 3484 2617 nostri
3511 2580 3526 2618 :

1947 2641 2249 2709 patientizn,
2295 2643 2415 2712 quia
2463 2646 2711 2699 sustinuit
2759 2647 3086 2715 tardantem;
3114 2652 3526 2722 misericordiae,

1947 2733 2071 2800 quia
2088 2733 2358 2802 suscipere
2380 2733 2623 2804 dignatus
2641 2746 2722 2792 est
2737 2739 3066 2794 redeuntem.
3103 2741 3225 2796 Hsec
3245 2752 3328 2798 est
3349 2745 3522 2812 vinea,

1947 2819 2037 2873 ubi
2065 2836 2170 2874 non
2193 2823 2471 2891 operabar,
2501 2834 2552 2878 et
2575 2826 2712 2880 vires
2737 2843 2883 2882 meas
2914 2829 2964 2882 in
2991 2830 3158 2885 aliena
3181 2847 3528 2902 consumpse-

1947 2925 2084 2963 ram.
2113 2910 2156 2965 Ο
2183 2913 2336 2967 vinea
2367 2913 2553 2969 dilecta
2584 2916 2806 2973 Domino
2833 2935 2954 2975 meo
2974 2963 2987 2983 ,
3018 2937 3121 2976 non
3162 2924 3333 2977 solum
3378 2925 3528 2979 labor

1948 3017 2099 3057 meus
2121 3003 2250 3058 nihil
2290 3006 2382 3060 tibi
2415 3008 2698 3076 proderat,
2727 3027 2910 3066 verum
2941 3016 3102 3068 etiam
3131 3026 3315 3070 contra
3343 3026 3392 3071 te
3424 3018 3528 3072 ini-

1948 3093 2087 3148 mico
2105 3103 2194 3149 tuo
2210 3097 2525 3151 serviebant.
2547 3099 2732 3170 Magno
2753 3102 2946 3157 sudore
2964 3105 3294 3174 spargebam,
3314 3108 3527 3176 quando

1949 3185 2039 3238 tibi
2083 3201 2188 3240 non
2247 3188 2577 3258 colligebam.
2623 3191 2832 3247 Gratias
2878 3195 3155 3262 plantatori
3212 3206 3336 3264 tuo,
3385 3200 3525 3268 apud

1946 3293 2104 3347 quem
2158 3296 2260 3333 non
2312 3289 2491 3335 manet
2536 3297 2741 3338 merces
2782 3287 3145 3354 operariorum
3189 3291 3346 3344 etiam
3397 3290 3528 3347 hora

1947 3369 2234 3423 novissima
2266 3379 2594 3425 vocatorum.
2634 3373 2799 3429 Serus
2838 3377 3063 3431 advenio
3083 3421 3096 3444 ,
3127 3379 3218 3433 sed
3248 3379 3524 3436 denarium

1947 3472 2052 3511 non
2090 3458 2316 3528 deSpero
2345 3461 2558 3530 (Matth.
2591 3478 2692 3525 XX,
2724 3465 2804 3535 9).
2830 3465 2929 3532 Qui
2977 3471 3119 3537 prius
3162 3469 3233 3524 fui
3273 3471 3522 3541 blasphe-

1947 3563 2068 3603 mus
2088 3592 2101 3614 ,
2132 3559 2184 3604 et
2214 3565 2545 3622 persecutor,
2575 3563 2627 3608 et
2661 3555 2947 3624 injuriosus
2984 3558 3265 3615 adversum
3311 3571 3361 3616 te
3390 3580 3402 3615 :
3427 3561 3522 3618 sed

1946 3645 2367 3700 misericordiam
2409 3659 2729 3704 consecutus
2778 3665 2924 3716 sum,
2955 3653 3076 3722 quia
3124 3655 3370 3724 ignorans
3420 3655 3523 3712 feci

1950 3735 1987 3806 (Ι
2010 3735 2142 3789 Tim.
2183 3753 2228 3804 ι,
2259 3737 2369 3811 13).
2400 3739 2666 3795 'l‘eoebam
2715 3744 2857 3797 enim
2888 3746 3048 3799 verba
3082 3758 3354 3816 parentum
3405 3766 3521 3804 tne-

1945 3823 2126 3893 orufn,
2160 3845 2263 3883 non
2314 3831 2733 3887 Patriarcharmn
2756 3876 2770 3898 ,
2805 3852 2910 3890 non
2960 3837 3343 3908 Prophetarum
3365 3883 3380 3905 ,
3413 3858 3519 3896 non

1947 3919 2354 3987 Apes-telorum;
2384 3922 2477 3975 sed
2526 3933 2802 3992 parentum
2853 3929 3028 3983 carnis
3075 3946 3226 3985 mem.
3273 3931 3387 3986 Non
3433 3949 3523 3986 ac-

1945 4009 2119 4077 quievi
2150 4011 2293 4063 carui
2322 4020 2374 4064 et
2401 4014 2676 4082 sanguini;
2707 4016 2799 4070 sed
2840 4019 3076 4087 acquievi
3108 4034 3387 4089 superatus
3429 4039 3518 4076 ve-

1946 4101 2121 4164 ritati,
2178 4111 2231 4156 et
2276 4105 2507 4172 requievi
2563 4107 2795 4162 redditus
2842 4111 3050 4164 unitati.
3101 4112 3360 4181 Numquid
3416 4131 3523 4169 non

1947 4191 2160 4245 easdem
2191 4193 2492 4262 Scripturas
2522 4196 2756 4266 legebant
2778 4238 2792 4260 ,
2825 4215 2954 4269 quas
2981 4210 3034 4254 et
3074 4219 3212 4256 nunc
3242 4205 3391 4274 lego?
3417 4205 3522 4260 Sed

1946 4283 2102 4336 etiam
2150 4285 2240 4338 ille
2280 4285 2465 4339 doctor
2509 4287 2756 4343 Gentium
2798 4307 2888 4347 vas
2931 4294 3234 4362 electionis,
3263 4312 3325 4351 ex
3355 4297 3521 4350 Sanlo

1947 4373 2164 4438 Paulus,
2201 4389 2263 4429 ex
2309 4376 2449 4430 elato
2494 4379 2864 4444 tuinimns,eX
2915 4384 3160 4452 pra-done
3207 4396 3403 4455 pastor,
3448 4405 3518 4446 ex

1947 4464 2070 4536 lupo
2116 4467 2287 4532 aries,
2339 4468 2590 4524 llcbrwus
2635 4481 2750 4525 erat
2796 4490 2860 4527 eX
2917 4475 3191 4542 llebratis,
3229 4480 3524 4539 scentulum

1947 4557 2113 4626 legero
2138 4559 2436 4614 l’hariSa-us
2464 4561 2718 4634 (Philipp.
2753 4581 2838 4632 tu,
2867 4567 2928 4629 5,
2959 4567 3032 4640 6).
3063 4569 3126 4622 ad
3151 4571 3310 4641 pedes
3333 4571 3522 4631 Cuna-

1948 4651 2084 4705 lielis
2112 4652 2344 4706 doctoris
2391 4654 2559 4724 legem
2604 4657 2840 4710 crttdiltts
2871 4659 3002 4724 (Art.
3045 4677 3153 4716 xm
3177 4705 3191 4724 ,
3223 4664 3276 4735 5)
3305 4682 3317 4720 :
3343 4675 3395 4719 et
3445 4679 3522 4719 ta.

1945 4755 2069 4793 men
2102 4741 2402 4808 Christum,
2431 4760 2588 4813 quem
2635 4746 2840 4815 legebat
2881 4749 2932 4802 in
2976 4749 3280 4820 Pmpltelis,
3316 4772 3411 4810 nec
3441 4772 3523 4812 so-

1948 4831 2080 4887 dere
2108 4844 2324 4889 noverat
2347 4836 2396 4888 iu
2427 4838 2576 4892 caelis
2596 4879 2609 4902 ,
2643 4855 2739 4892 nec
2767 4841 2868 4894 coli
2903 4845 3236 4910 permittebat
3264 4847 3312 4900 in
3344 4850 3521 4906 terris.

1945 4923 2127 4978 Fidem
2187 4927 2450 4995 passimais
2477 4939 2528 4982 et
2557 4933 2960 4988 resurrecdohis
3001 4936 3115 5004 ejus
3162 4941 3402 4995 nesciens
3430 4957 3526 4997 ore

1944 5017 2218 5080 cantabat,
2244 5027 2296 5070 ct
2317 5019 2542 5072 smvicns
2566 5036 2748 5074 errore
2781 5025 3036 5079 vastabat.
3065 5027 3366 5083 Secundum
3394 5032 3526 5086 Pro.

1946 5105 2156 5173 phetas,
2176 5107 2225 5159 in
2255 5107 2444 5176 quibus
2472 5123 2625 5163 natus
2646 5123 2761 5165 erat
2788 5123 2842 5167 et
2863 5129 3121 5179 creverat,
3141 5118 3250 5188 jam
3277 5120 3525 5179 (Ibrisrus

1944 5211 2165 5264 surgens
2190 5211 2217 5248 a
2250 5201 2473 5254 mortuis
2514 5201 2733 5256 sedebat
2778 5205 2828 5257 in
2873 5208 3044 5272 caelo;
3076 5219 3129 5263 et
3156 5211 3240 5265 ille
3270 5212 3443 5268 adhuc
3471 5215 3523 5269 in

1946 5298 2218 5356 parentum
2273 5304 2486 5345 suorum
2533 5295 2833 5351 czrcabatur
2883 5301 3195 5370 mendacio,
3227 5305 3348 5374 quia
3400 5323 3520 5361 eum

1945 5378 2185 5447 discipuli
2216 5379 2333 5450 ejus
2380 5383 2532 5436 iurati
2567 5385 2774 5442 fuerant
2817 5389 2882 5442 de
2913 5393 3179 5459 sepulcro.
3225 5395 3314 5450 Sic
3343 5405 3396 5450 et
3421 5413 3520 5465 ego

2009 5491 2334 5570 bats-aruum}
2353 5533 2366 5549 ,
2392 5493 2458 5570 and
2490 5495 2788 5570 maximiani,
2809 5500 2920 5570 _sed_._
2945 5501 3011 5570 ad
3051 5503 3301 5570 piarunini
3336 5506 3524 5570 vigilias

1943 5551 2170 5625 prim-.9";
2194 5554 2395 5625 δέὶβιιὶιιε
2409 5557 2605 5625 fotsitan
2629 5551 2847 5625 martyris
2869 5551 3085 5614 Africani;
3339 5551 3390 5570 "=

2005 5615 2024 5686 ξ
2059 5615 2344 5686 tamepdatu's
2363 5618 2421 5667 ad
2442 5618 2505 5686 c_l.
2535 5634 2583 5669 v.
2609 5635 2649 5686 Γ,
2677 5630 2730 5672 et
2750 5615 2807 5672 ad
2832 5626 2966 5674 sirm.

2006 5673 2081 5736 (α)
2118 5675 2257 5736 Alias,
2284 5680 2412 5729 inter
2433 5677 2784 5735 Sirmondianos
2803 5687 2881 5735 58.

2005 5735 2477 5816 _tntogenjusdam
2512 5748 2766 5816 Donatista:
2789 5760 2876 5798 ore
2905 5755 2987 5816 aut
3029 5750 3222 5800 nomine
3247 5756 3526 5816 pronuntias

1944 5804 2040 5861 tus,
2065 5799 2152 5849 sed
2175 5799 2384 5852 dictante
2407 5804 2533 5854 haud
2549 5806 2699 5856 dubie
2725 5813 2999 5873 augustino.
