  <div class='ocr_page' id='page_1' title='image "/cluster/home/n/w/nwhite01/storage/ocr_20150623/39/hvd.32044015471485/063.png"; bbox 0 0 4046 6360; ppageno 0'>
   <div class='ocr_carea' id='block_1_1' title="bbox 541 331 678 400">
    <p class='ocr_par' dir='ltr' id='par_1_1' title="bbox 541 331 678 400">
     <span class='ocr_line' id='line_1_1' title="bbox 541 331 678 400; baseline 0.015 -3"><span class='ocrx_word' id='word_1_1' title='bbox 541 331 678 400; x_wconf 70' lang='lat'><strong>1599</strong></span> 
     </span>
    </p>
   </div>
   <div class='ocr_carea' id='block_1_2' title="bbox 540 438 2115 508">
    <p class='ocr_par' dir='ltr' id='par_1_2' title="bbox 540 438 2115 508">
     <span class='ocr_line' id='line_1_2' title="bbox 540 438 2115 508; baseline -0.008 -2"><span class='ocrx_word' id='word_1_2' title='bbox 540 449 608 508; x_wconf 88' lang='lat' dir='ltr'><strong>de</strong></span> <span class='ocrx_word' id='word_1_3' title='bbox 635 445 873 508; x_wconf 84' lang='lat' dir='ltr'><strong>Ecclesia</strong></span> <span class='ocrx_word' id='word_1_4' title='bbox 902 445 1160 503; x_wconf 80' lang='lat' dir='ltr'><strong>catholica</strong></span> <span class='ocrx_word' id='word_1_5' title='bbox 1191 451 1300 498; x_wconf 85' lang='lat' dir='ltr'><strong>toto</strong></span> <span class='ocrx_word' id='word_1_6' title='bbox 1323 441 1451 498; x_wconf 86' lang='lat' dir='ltr'><strong>orbe</strong></span> <span class='ocrx_word' id='word_1_7' title='bbox 1484 439 1674 496; x_wconf 80' lang='lat' dir='ltr'><strong>diﬂ‘usa</strong></span> <span class='ocrx_word' id='word_1_8' title='bbox 1713 438 2115 494; x_wconf 86' lang='lat' dir='ltr'><strong>circumttmde-</strong></span> 
     </span>
    </p>
   </div>
   <div class='ocr_carea' id='block_1_3' title="bbox 533 533 2117 603">
    <p class='ocr_par' dir='ltr' id='par_1_3' title="bbox 533 533 2117 603">
     <span class='ocr_line' id='line_1_3' title="bbox 533 533 2117 603; baseline -0.01 -1"><span class='ocrx_word' id='word_1_9' title='bbox 533 546 629 602; x_wconf 86' lang='lat' dir='ltr'><strong>bar</strong></span> <span class='ocrx_word' id='word_1_10' title='bbox 679 544 978 601; x_wconf 82' lang='lat' dir='ltr'><strong>divinarum</strong></span> <span class='ocrx_word' id='word_1_11' title='bbox 1020 541 1236 596; x_wconf 77' lang='lat' dir='ltr'><strong>vocibus</strong></span> <span class='ocrx_word' id='word_1_12' title='bbox 1279 539 1634 603; x_wconf 74' lang='lat' dir='ltr'><strong>Litterarum;</strong></span> <span class='ocrx_word' id='word_1_13' title='bbox 1663 543 1720 591; x_wconf 90' lang='lat' dir='ltr'><strong>et</strong></span> <span class='ocrx_word' id='word_1_14' title='bbox 1764 550 1850 590; x_wconf 89' lang='lat' dir='ltr'><strong>me</strong></span> <span class='ocrx_word' id='word_1_15' title='bbox 1895 533 2117 588; x_wconf 86' lang='lat' dir='ltr'><strong>surdum</strong></span> 
     </span>
    </p>
   </div>
   <div class='ocr_carea' id='block_1_4' title="bbox 532 621 2116 704">
    <p class='ocr_par' dir='ltr' id='par_1_4' title="bbox 532 621 2116 704">
     <span class='ocr_line' id='line_1_4' title="bbox 532 621 2116 704; baseline -0.007 -15"><span class='ocrx_word' id='word_1_16' title='bbox 532 634 800 690; x_wconf 86' lang='lat' dir='ltr'><strong>faciebant</strong></span> <span class='ocrx_word' id='word_1_17' title='bbox 835 649 865 687; x_wconf 90' lang='lat' dir='ltr'><strong>a</strong></span> <span class='ocrx_word' id='word_1_18' title='bbox 899 631 1205 704; x_wconf 86' lang='lat' dir='ltr'><strong>parentibus</strong></span> <span class='ocrx_word' id='word_1_19' title='bbox 1241 629 1498 684; x_wconf 88' lang='lat' dir='ltr'><strong>intentata</strong></span> <span class='ocrx_word' id='word_1_20' title='bbox 1541 625 1672 680; x_wconf 78' lang='lat' dir='ltr'><strong>falsa</strong></span> <span class='ocrx_word' id='word_1_21' title='bbox 1697 625 1920 680; x_wconf 88' lang='lat' dir='ltr'><strong>crimina</strong></span> <span class='ocrx_word' id='word_1_22' title='bbox 1949 621 2116 678; x_wconf 85' lang='lat' dir='ltr'><strong>tradi-</strong></span> 
     </span>
    </p>
   </div>
   <div class='ocr_carea' id='block_1_5' title="bbox 533 715 2114 789">
    <p class='ocr_par' dir='ltr' id='par_1_5' title="bbox 533 715 2114 789">
     <span class='ocr_line' id='line_1_5' title="bbox 533 715 2114 789; baseline -0.008 -8"><span class='ocrx_word' id='word_1_23' title='bbox 533 735 730 782; x_wconf 88' lang='lat' dir='ltr'><strong>torum.</strong></span> <span class='ocrx_word' id='word_1_24' title='bbox 758 725 875 782; x_wconf 86' lang='lat' dir='ltr'><strong>Non</strong></span> <span class='ocrx_word' id='word_1_25' title='bbox 903 739 992 780; x_wconf 88' lang='lat' dir='ltr'><strong>me</strong></span> <span class='ocrx_word' id='word_1_26' title='bbox 1019 723 1166 778; x_wconf 81' lang='lat' dir='ltr'><strong>Pauli</strong></span> <span class='ocrx_word' id='word_1_27' title='bbox 1197 722 1400 776; x_wconf 88' lang='lat' dir='ltr'><strong>meritis</strong></span> <span class='ocrx_word' id='word_1_28' title='bbox 1427 733 1711 789; x_wconf 88' lang='lat' dir='ltr'><strong>comparo,</strong></span> <span class='ocrx_word' id='word_1_29' title='bbox 1741 717 1835 772; x_wconf 86' lang='lat' dir='ltr'><strong>sed</strong></span> <span class='ocrx_word' id='word_1_30' title='bbox 1865 715 2114 787; x_wconf 71' lang='lat' dir='ltr'><strong>peccatis.</strong></span> 
     </span>
    </p>
   </div>
   <div class='ocr_carea' id='block_1_6' title="bbox 531 809 2118 878">
    <p class='ocr_par' dir='ltr' id='par_1_6' title="bbox 531 809 2118 878">
     <span class='ocr_line' id='line_1_6' title="bbox 531 809 2118 878; baseline -0.007 -5"><span class='ocrx_word' id='word_1_31' title='bbox 531 817 758 873; x_wconf 84' lang='lat' dir='ltr'><strong>Etiamsi</strong></span> <span class='ocrx_word' id='word_1_32' title='bbox 795 827 902 872; x_wconf 90' lang='lat' dir='ltr'><strong>tam</strong></span> <span class='ocrx_word' id='word_1_33' title='bbox 945 815 1118 870; x_wconf 89' lang='lat' dir='ltr'><strong>bonus</strong></span> <span class='ocrx_word' id='word_1_34' title='bbox 1145 829 1264 869; x_wconf 87' lang='lat' dir='ltr'><strong>esse</strong></span> <span class='ocrx_word' id='word_1_35' title='bbox 1293 828 1398 867; x_wconf 89' lang='lat' dir='ltr'><strong>non</strong></span> <span class='ocrx_word' id='word_1_36' title='bbox 1427 812 1628 878; x_wconf 90' lang='lat' dir='ltr'><strong>merui,</strong></span> <span class='ocrx_word' id='word_1_37' title='bbox 1660 825 1765 865; x_wconf 91' lang='lat' dir='ltr'><strong>non</strong></span> <span class='ocrx_word' id='word_1_38' title='bbox 1793 818 1970 863; x_wconf 89' lang='lat' dir='ltr'><strong>tamen</strong></span> <span class='ocrx_word' id='word_1_39' title='bbox 2002 809 2118 862; x_wconf 88' lang='lat' dir='ltr'><strong>sine</strong></span> 
     </span>
    </p>
   </div>
   <div class='ocr_carea' id='block_1_7' title="bbox 533 899 2116 977">
    <p class='ocr_par' dir='ltr' id='par_1_7' title="bbox 533 899 2116 977">
     <span class='ocr_line' id='line_1_7' title="bbox 533 899 2116 977; baseline -0.008 -13"><span class='ocrx_word' id='word_1_40' title='bbox 533 909 796 964; x_wconf 85' lang='lat' dir='ltr'><strong>medicina</strong></span> <span class='ocrx_word' id='word_1_41' title='bbox 823 907 1180 977; x_wconf 82' lang='lat' dir='ltr'><strong>correptionis</strong></span> <span class='ocrx_word' id='word_1_42' title='bbox 1225 915 1330 960; x_wconf 90' lang='lat' dir='ltr'><strong>tam</strong></span> <span class='ocrx_word' id='word_1_43' title='bbox 1369 903 1538 958; x_wconf 85' lang='lat' dir='ltr'><strong>malos</strong></span> <span class='ocrx_word' id='word_1_44' title='bbox 1573 899 1668 956; x_wconf 83' lang='lat' dir='ltr'><strong>fui.</strong></span> <span class='ocrx_word' id='word_1_45' title='bbox 1697 900 1808 956; x_wconf 84' lang='lat' dir='ltr'><strong>Nec</strong></span> <span class='ocrx_word' id='word_1_46' title='bbox 1839 899 1926 953; x_wconf 89' lang='lat' dir='ltr'><strong>ille</strong></span> <span class='ocrx_word' id='word_1_47' title='bbox 1950 913 2116 968; x_wconf 88' lang='lat' dir='ltr'><strong>spon-</strong></span> 
     </span>
    </p>
   </div>
   <div class='ocr_carea' id='block_1_8' title="bbox 531 995 2118 1071">
    <p class='ocr_par' dir='ltr' id='par_1_8' title="bbox 531 995 2118 1071">
     <span class='ocr_line' id='line_1_8' title="bbox 531 995 2118 1071; baseline -0.008 -16"><span class='ocrx_word' id='word_1_48' title='bbox 531 1015 650 1055; x_wconf 87' lang='lat' dir='ltr'><strong>sum</strong></span> <span class='ocrx_word' id='word_1_49' title='bbox 675 999 996 1071; x_wconf 90' lang='lat' dir='ltr'><strong>agnoscebat</strong></span> <span class='ocrx_word' id='word_1_50' title='bbox 1023 999 1077 1052; x_wconf 93' lang='lat' dir='ltr'><strong>in</strong></span> <span class='ocrx_word' id='word_1_51' title='bbox 1099 997 1272 1052; x_wconf 86' lang='lat' dir='ltr'><strong>Libris</strong></span> <span class='ocrx_word' id='word_1_52' title='bbox 1296 1009 1431 1065; x_wconf 90' lang='lat' dir='ltr'><strong>quos</strong></span> <span class='ocrx_word' id='word_1_53' title='bbox 1459 995 1688 1064; x_wconf 80' lang='lat' dir='ltr'><strong>legebat,</strong></span> <span class='ocrx_word' id='word_1_54' title='bbox 1713 1008 1812 1047; x_wconf 93' lang='lat' dir='ltr'><strong>nec</strong></span> <span class='ocrx_word' id='word_1_55' title='bbox 1837 1007 1935 1061; x_wconf 88' lang='lat' dir='ltr'><strong>ego</strong></span> <span class='ocrx_word' id='word_1_56' title='bbox 1956 1006 2118 1059; x_wconf 85' lang='lat' dir='ltr'><strong>spon-</strong></span> 
     </span>
    </p>
   </div>
   <div class='ocr_carea' id='block_1_9' title="bbox 531 1080 2117 1160">
    <p class='ocr_par' dir='ltr' id='par_1_9' title="bbox 531 1080 2117 1160">
     <span class='ocr_line' id='line_1_9' title="bbox 531 1080 2117 1160; baseline -0.008 -14"><span class='ocrx_word' id='word_1_57' title='bbox 531 1105 672 1147; x_wconf 82' lang='lat' dir='ltr'><strong>sam.</strong></span> <span class='ocrx_word' id='word_1_58' title='bbox 702 1092 801 1160; x_wconf 93' lang='lat' dir='ltr'><strong>Qui</strong></span> <span class='ocrx_word' id='word_1_59' title='bbox 831 1089 1085 1146; x_wconf 85' lang='lat' dir='ltr'><strong>revelavit</strong></span> <span class='ocrx_word' id='word_1_60' title='bbox 1115 1089 1184 1143; x_wconf 90' lang='lat' dir='ltr'><strong>illi</strong></span> <span class='ocrx_word' id='word_1_61' title='bbox 1213 1087 1282 1142; x_wconf 89' lang='lat' dir='ltr'><strong>de</strong></span> <span class='ocrx_word' id='word_1_62' title='bbox 1321 1085 1518 1142; x_wconf 85' lang='lat' dir='ltr'><strong>Christi</strong></span> <span class='ocrx_word' id='word_1_63' title='bbox 1559 1083 1938 1139; x_wconf 87' lang='lat' dir='ltr'><strong>clarilieatione</strong></span> <span class='ocrx_word' id='word_1_64' title='bbox 1974 1080 2117 1150; x_wconf 87' lang='lat' dir='ltr'><strong>quod</strong></span> 
     </span>
    </p>
   </div>
   <div class='ocr_carea' id='block_1_10' title="bbox 533 1177 2119 1254">
    <p class='ocr_par' dir='ltr' id='par_1_10' title="bbox 533 1177 2119 1254">
     <span class='ocr_line' id='line_1_10' title="bbox 533 1177 2119 1254; baseline -0.006 -15"><span class='ocrx_word' id='word_1_65' title='bbox 533 1183 787 1254; x_wconf 89' lang='lat' dir='ltr'><strong>scriptum</strong></span> <span class='ocrx_word' id='word_1_66' title='bbox 812 1193 892 1238; x_wconf 86' lang='lat' dir='ltr'><strong>est</strong></span> <span class='ocrx_word' id='word_1_67' title='bbox 915 1225 930 1247; x_wconf 90' lang='lat'><strong>,</strong></span> <span class='ocrx_word' id='word_1_68' title='bbox 963 1180 1208 1236; x_wconf 80' lang='lat' dir='ltr'><strong>Exaltare</strong></span> <span class='ocrx_word' id='word_1_69' title='bbox 1227 1197 1377 1248; x_wconf 79' lang='lat' dir='ltr'><strong>super</strong></span> <span class='ocrx_word' id='word_1_70' title='bbox 1407 1179 1556 1232; x_wconf 74' lang='lat' dir='ltr'><strong>cmlos</strong></span> <span class='ocrx_word' id='word_1_71' title='bbox 1577 1219 1590 1244; x_wconf 90' lang='lat'><strong>,</strong></span> <span class='ocrx_word' id='word_1_72' title='bbox 1627 1177 1760 1231; x_wconf 82' lang='lat' dir='ltr'><strong>Deus</strong></span> <span class='ocrx_word' id='word_1_73' title='bbox 1777 1191 1797 1240; x_wconf 82' lang='lat'><strong>,&#39;</strong></span> <span class='ocrx_word' id='word_1_74' title='bbox 1828 1179 1940 1244; x_wconf 66' lang='lat' dir='ltr'><strong>ip~e</strong></span> <span class='ocrx_word' id='word_1_75' title='bbox 1967 1191 2119 1230; x_wconf 84' lang='lat' dir='ltr'><strong>reve-</strong></span> 
     </span>
    </p>
   </div>
   <div class='ocr_carea' id='block_1_11' title="bbox 533 1267 2119 1340">
    <p class='ocr_par' dir='ltr' id='par_1_11' title="bbox 533 1267 2119 1340">
     <span class='ocr_line' id='line_1_11' title="bbox 533 1267 2119 1340; baseline -0.005 -10"><span class='ocrx_word' id='word_1_76' title='bbox 533 1275 660 1330; x_wconf 87' lang='lat' dir='ltr'><strong>lavit</strong></span> <span class='ocrx_word' id='word_1_77' title='bbox 685 1274 812 1329; x_wconf 82' lang='lat' dir='ltr'><strong>mihi</strong></span> <span class='ocrx_word' id='word_1_78' title='bbox 838 1275 904 1330; x_wconf 90' lang='lat' dir='ltr'><strong>de</strong></span> <span class='ocrx_word' id='word_1_79' title='bbox 929 1274 1180 1329; x_wconf 69' lang='lat' dir='ltr'><strong>Ecclesia:</strong></span> <span class='ocrx_word' id='word_1_80' title='bbox 1205 1273 1462 1327; x_wconf 89' lang='lat' dir='ltr'><strong>effusione</strong></span> <span class='ocrx_word' id='word_1_81' title='bbox 1488 1271 1627 1340; x_wconf 86' lang='lat' dir='ltr'><strong>quod</strong></span> <span class='ocrx_word' id='word_1_82' title='bbox 1658 1271 1917 1339; x_wconf 85' lang='lat' dir='ltr'><strong>sequitur,</strong></span> <span class='ocrx_word' id='word_1_83' title='bbox 1947 1267 2119 1335; x_wconf 81' lang='lat' dir='ltr'><strong>Super</strong></span> 
     </span>
    </p>
   </div>
   <div class='ocr_carea' id='block_1_12' title="bbox 533 1362 2117 1437">
    <p class='ocr_par' dir='ltr' id='par_1_12' title="bbox 533 1362 2117 1437">
     <span class='ocr_line' id='line_1_12' title="bbox 533 1362 2117 1437; baseline -0.004 -16"><span class='ocrx_word' id='word_1_84' title='bbox 533 1383 726 1421; x_wconf 86' lang='lat' dir='ltr'><strong>omnem</strong></span> <span class='ocrx_word' id='word_1_85' title='bbox 755 1377 937 1420; x_wconf 84' lang='lat' dir='ltr'><strong>terram</strong></span> <span class='ocrx_word' id='word_1_86' title='bbox 963 1366 1126 1437; x_wconf 82' lang='lat' dir='ltr'><strong>gloria</strong></span> <span class='ocrx_word' id='word_1_87' title='bbox 1167 1375 1252 1418; x_wconf 87' lang='lat' dir='ltr'><strong>tua</strong></span> <span class='ocrx_word' id='word_1_88' title='bbox 1289 1363 1460 1436; x_wconf 76' lang='lat' dir='ltr'><strong>(Psal.</strong></span> <span class='ocrx_word' id='word_1_89' title='bbox 1493 1379 1599 1418; x_wconf 86' lang='lat' dir='ltr'><strong>cvu</strong></span> <span class='ocrx_word' id='word_1_90' title='bbox 1620 1405 1634 1428; x_wconf 92' lang='lat'><strong>,</strong></span> <span class='ocrx_word' id='word_1_91' title='bbox 1665 1363 1742 1434; x_wconf 85' lang='lat'><strong>6).</strong></span> <span class='ocrx_word' id='word_1_92' title='bbox 1773 1362 2007 1432; x_wconf 88' lang='lat' dir='ltr'><strong>Utraque</strong></span> <span class='ocrx_word' id='word_1_93' title='bbox 2036 1372 2117 1416; x_wconf 89' lang='lat' dir='ltr'><strong>te-</strong></span> 
     </span>
    </p>
   </div>
   <div class='ocr_carea' id='block_1_13' title="bbox 531 1453 2114 1526">
    <p class='ocr_par' dir='ltr' id='par_1_13' title="bbox 531 1453 2114 1526">
     <span class='ocr_line' id='line_1_13' title="bbox 531 1453 2114 1526; baseline -0.004 -15"><span class='ocrx_word' id='word_1_94' title='bbox 531 1457 778 1512; x_wconf 88' lang='lat' dir='ltr'><strong>stimonia</strong></span> <span class='ocrx_word' id='word_1_95' title='bbox 819 1465 1002 1526; x_wconf 81' lang='lat' dir='ltr'><strong>aperta</strong></span> <span class='ocrx_word' id='word_1_96' title='bbox 1045 1467 1172 1511; x_wconf 88' lang='lat' dir='ltr'><strong>sunt</strong></span> <span class='ocrx_word' id='word_1_97' title='bbox 1201 1455 1534 1518; x_wconf 89' lang='lat' dir='ltr'><strong>videntibus,</strong></span> <span class='ocrx_word' id='word_1_98' title='bbox 1567 1455 1660 1508; x_wconf 90' lang='lat' dir='ltr'><strong>sed</strong></span> <span class='ocrx_word' id='word_1_99' title='bbox 1710 1453 1891 1508; x_wconf 86' lang='lat' dir='ltr'><strong>clausa</strong></span> <span class='ocrx_word' id='word_1_100' title='bbox 1939 1453 2114 1508; x_wconf 67' lang='lat' dir='ltr'><strong>emt-is.</strong></span> 
     </span>
    </p>
   </div>
   <div class='ocr_carea' id='block_1_14' title="bbox 532 1543 2119 1618">
    <p class='ocr_par' dir='ltr' id='par_1_14' title="bbox 532 1543 2119 1618">
     <span class='ocr_line' id='line_1_14' title="bbox 532 1543 2119 1618; baseline -0.003 -16"><span class='ocrx_word' id='word_1_101' title='bbox 532 1547 640 1602; x_wconf 86' lang='lat' dir='ltr'><strong>Illis</strong></span> <span class='ocrx_word' id='word_1_102' title='bbox 663 1549 844 1603; x_wconf 85' lang='lat' dir='ltr'><strong>oculos</strong></span> <span class='ocrx_word' id='word_1_103' title='bbox 870 1549 1074 1617; x_wconf 88' lang='lat' dir='ltr'><strong>aperuit</strong></span> <span class='ocrx_word' id='word_1_104' title='bbox 1101 1548 1400 1618; x_wconf 84' lang='lat' dir='ltr'><strong>Daptisntus</strong></span> <span class='ocrx_word' id='word_1_105' title='bbox 1423 1545 1652 1611; x_wconf 89' lang='lat' dir='ltr'><strong>Christi,</strong></span> <span class='ocrx_word' id='word_1_106' title='bbox 1683 1544 1812 1598; x_wconf 90' lang='lat' dir='ltr'><strong>mihi</strong></span> <span class='ocrx_word' id='word_1_107' title='bbox 1839 1560 1939 1616; x_wconf 85' lang='lat' dir='ltr'><strong>pax</strong></span> <span class='ocrx_word' id='word_1_108' title='bbox 1965 1543 2119 1598; x_wconf 84' lang='lat' dir='ltr'><strong>Chri-</strong></span> 
     </span>
    </p>
   </div>
   <div class='ocr_carea' id='block_1_15' title="bbox 531 1635 2114 1708">
    <p class='ocr_par' dir='ltr' id='par_1_15' title="bbox 531 1635 2114 1708">
     <span class='ocr_line' id='line_1_15' title="bbox 531 1635 2114 1708; baseline -0.003 -16"><span class='ocrx_word' id='word_1_109' title='bbox 531 1639 620 1692; x_wconf 87' lang='lat' dir='ltr'><strong>sti.</strong></span> <span class='ocrx_word' id='word_1_110' title='bbox 668 1639 818 1692; x_wconf 90' lang='lat' dir='ltr'><strong>Illum</strong></span> <span class='ocrx_word' id='word_1_111' title='bbox 866 1639 1135 1692; x_wconf 87' lang='lat' dir='ltr'><strong>lavacrum</strong></span> <span class='ocrx_word' id='word_1_112' title='bbox 1167 1653 1320 1708; x_wconf 67' lang='lat' dir='ltr'><strong>aqua:</strong></span> <span class='ocrx_word' id='word_1_113' title='bbox 1366 1647 1566 1691; x_wconf 63' lang='lat' dir='ltr'><strong>sanctas</strong></span> <span class='ocrx_word' id='word_1_114' title='bbox 1611 1635 1845 1691; x_wconf 75' lang='lat' dir='ltr'><strong>reddidit</strong></span> <span class='ocrx_word' id='word_1_115' title='bbox 1875 1651 2114 1690; x_wconf 90' lang='lat' dir='ltr'><strong>novum:</strong></span> 
     </span>
    </p>
   </div>
   <div class='ocr_carea' id='block_1_16' title="bbox 533 1729 2115 1800">
    <p class='ocr_par' dir='ltr' id='par_1_16' title="bbox 533 1729 2115 1800">
     <span class='ocr_line' id='line_1_16' title="bbox 533 1729 2115 1800; baseline 0 -16"><span class='ocrx_word' id='word_1_116' title='bbox 533 1745 772 1784; x_wconf 88' lang='lat' dir='ltr'><strong>meorum</strong></span> <span class='ocrx_word' id='word_1_117' title='bbox 801 1741 980 1786; x_wconf 89' lang='lat' dir='ltr'><strong>autem</strong></span> <span class='ocrx_word' id='word_1_118' title='bbox 1004 1730 1234 1786; x_wconf 81' lang='lat' dir='ltr'><strong>Charitas</strong></span> <span class='ocrx_word' id='word_1_119' title='bbox 1264 1730 1540 1800; x_wconf 86' lang='lat' dir='ltr'><strong>cooperuit</strong></span> <span class='ocrx_word' id='word_1_120' title='bbox 1569 1729 1964 1785; x_wconf 87' lang='lat' dir='ltr'><strong>multitudinem</strong></span> <span class='ocrx_word' id='word_1_121' title='bbox 1989 1744 2115 1800; x_wconf 88' lang='lat' dir='ltr'><strong>pec-</strong></span> 
     </span>
    </p>
   </div>
   <div class='ocr_carea' id='block_1_17' title="bbox 536 1829 802 1877">
    <p class='ocr_par' dir='ltr' id='par_1_17' title="bbox 536 1829 802 1877">
     <span class='ocr_line' id='line_1_17' title="bbox 536 1829 802 1877; baseline 0.004 -1"><span class='ocrx_word' id='word_1_122' title='bbox 536 1829 802 1877; x_wconf 82' lang='lat' dir='ltr'><strong>calorum.</strong></span> 
     </span>
    </p>
   </div>
   <div class='ocr_carea' id='block_1_18' title="bbox 983 1891 1672 1964">
    <p class='ocr_par' dir='ltr' id='par_1_18' title="bbox 983 1891 1672 1964">
     <span class='ocr_line' id='line_1_18' title="bbox 983 1891 1672 1964; baseline -0.004 -17"><span class='ocrx_word' id='word_1_123' title='bbox 983 1891 1212 1947; x_wconf 78' lang='lat' dir='ltr'><strong>SERMO</strong></span> <span class='ocrx_word' id='word_1_124' title='bbox 1247 1891 1492 1947; x_wconf 79' lang='lat' dir='ltr'><strong>CCCLX!</strong></span> <span class='ocrx_word' id='word_1_125' title='bbox 1525 1895 1542 1916; x_wconf 70' lang='grc' dir='ltr'><strong>ο</strong></span> <span class='ocrx_word' id='word_1_126' title='bbox 1575 1891 1672 1964; x_wconf 91' lang='lat' dir='ltr'><strong>(a).</strong></span> 
     </span>
    </p>
   </div>
   <div class='ocr_carea' id='block_1_19' title="bbox 807 1999 1844 2074">
    <p class='ocr_par' dir='ltr' id='par_1_19' title="bbox 807 1999 1844 2074">
     <span class='ocr_line' id='line_1_19' title="bbox 807 1999 1844 2074; baseline 0.003 -20"><span class='ocrx_word' id='word_1_127' title='bbox 807 2001 885 2056; x_wconf 82' lang='lat' dir='ltr'><strong>De</strong></span> <span class='ocrx_word' id='word_1_128' title='bbox 909 2001 1289 2056; x_wconf 79' lang='lat' dir='ltr'><strong>Resurrectidtte</strong></span> <span class='ocrx_word' id='word_1_129' title='bbox 1325 2013 1663 2068; x_wconf 84' lang='lat' dir='ltr'><strong>mortuorum,</strong></span> <span class='ocrx_word' id='word_1_130' title='bbox 1699 2017 1715 2055; x_wconf 90' lang='lat' dir='ltr'>I</span> 
     </span>
    </p>
   </div>
   <div class='ocr_carea' id='block_1_20' title="bbox 601 2131 2118 2200">
    <p class='ocr_par' dir='ltr' id='par_1_20' title="bbox 601 2131 2118 2200">
     <span class='ocr_line' id='line_1_20' title="bbox 601 2131 2118 2200; baseline -0.001 -12"><span class='ocrx_word' id='word_1_131' title='bbox 601 2132 830 2188; x_wconf 85' lang='lat' dir='ltr'><strong>CAPUT</strong></span> <span class='ocrx_word' id='word_1_132' title='bbox 859 2131 1276 2188; x_wconf 81' lang='lat' dir='ltr'><strong>PRIMUM.—t.</strong></span> <span class='ocrx_word' id='word_1_133' title='bbox 1303 2132 1810 2198; x_wconf 88' lang='lat' dir='ltr'><strong>Animadvertimus,</strong></span> <span class='ocrx_word' id='word_1_134' title='bbox 1834 2147 1954 2186; x_wconf 88' lang='lat' dir='ltr'><strong>cum</strong></span> <span class='ocrx_word' id='word_1_135' title='bbox 1972 2131 2118 2200; x_wconf 74' lang='lat' dir='ltr'><strong>Apo-</strong></span> 
     </span>
    </p>
   </div>
   <div class='ocr_carea' id='block_1_21' title="bbox 533 2225 2120 2295">
    <p class='ocr_par' dir='ltr' id='par_1_21' title="bbox 533 2225 2120 2295">
     <span class='ocr_line' id='line_1_21' title="bbox 533 2225 2120 2295; baseline -0.001 -15"><span class='ocrx_word' id='word_1_136' title='bbox 533 2227 653 2280; x_wconf 89' lang='lat' dir='ltr'><strong>stoli</strong></span> <span class='ocrx_word' id='word_1_137' title='bbox 678 2225 910 2294; x_wconf 84' lang='lat' dir='ltr'><strong>Epistula</strong></span> <span class='ocrx_word' id='word_1_138' title='bbox 936 2225 1220 2295; x_wconf 82' lang='lat' dir='ltr'><strong>legeretur,</strong></span> <span class='ocrx_word' id='word_1_139' title='bbox 1245 2225 1567 2280; x_wconf 88' lang='lat' dir='ltr'><strong>laudabilem</strong></span> <span class='ocrx_word' id='word_1_140' title='bbox 1611 2235 1813 2278; x_wconf 89' lang='lat' dir='ltr'><strong>motum</strong></span> <span class='ocrx_word' id='word_1_141' title='bbox 1842 2225 1961 2286; x_wconf 79' lang='lat' dir='ltr'><strong>ﬁdei</strong></span> <span class='ocrx_word' id='word_1_142' title='bbox 1989 2225 2120 2279; x_wconf 87' lang='lat' dir='ltr'><strong>cha-</strong></span> 
     </span>
    </p>
   </div>
   <div class='ocr_carea' id='block_1_22' title="bbox 533 2315 2122 2386">
    <p class='ocr_par' dir='ltr' id='par_1_22' title="bbox 533 2315 2122 2386">
     <span class='ocr_line' id='line_1_22' title="bbox 533 2315 2122 2386; baseline 0 -16"><span class='ocrx_word' id='word_1_143' title='bbox 533 2316 810 2386; x_wconf 86' lang='lat' dir='ltr'><strong>ritatisqne</strong></span> <span class='ocrx_word' id='word_1_144' title='bbox 831 2325 1040 2376; x_wconf 68' lang='lat' dir='ltr'><strong>vestrm,</strong></span> <span class='ocrx_word' id='word_1_145' title='bbox 1073 2316 1517 2384; x_wconf 87' lang='lat' dir='ltr'><strong>quemadmodum</strong></span> <span class='ocrx_word' id='word_1_146' title='bbox 1543 2317 1929 2372; x_wconf 77' lang='lat' dir='ltr'><strong>exhorrueritis</strong></span> <span class='ocrx_word' id='word_1_147' title='bbox 1947 2315 2122 2371; x_wconf 84' lang='lat' dir='ltr'><strong>homi—</strong></span> 
     </span>
    </p>
   </div>
   <div class='ocr_carea' id='block_1_23' title="bbox 537 2405 2122 2477">
    <p class='ocr_par' dir='ltr' id='par_1_23' title="bbox 537 2405 2122 2477">
     <span class='ocr_line' id='line_1_23' title="bbox 537 2405 2122 2477; baseline 0.001 -19"><span class='ocrx_word' id='word_1_148' title='bbox 537 2407 756 2475; x_wconf 91' lang='lat' dir='ltr'><strong>ues,qui</strong></span> <span class='ocrx_word' id='word_1_149' title='bbox 797 2415 1043 2475; x_wconf 90' lang='lat' dir='ltr'><strong>putantes</strong></span> <span class='ocrx_word' id='word_1_150' title='bbox 1065 2405 1201 2460; x_wconf 89' lang='lat' dir='ltr'><strong>hanc</strong></span> <span class='ocrx_word' id='word_1_151' title='bbox 1239 2406 1407 2460; x_wconf 91' lang='lat' dir='ltr'><strong>solam</strong></span> <span class='ocrx_word' id='word_1_152' title='bbox 1435 2421 1553 2462; x_wconf 89' lang='lat' dir='ltr'><strong>esse</strong></span> <span class='ocrx_word' id='word_1_153' title='bbox 1591 2405 1776 2472; x_wconf 76' lang='lat' dir='ltr'><strong>vitam,</strong></span> <span class='ocrx_word' id='word_1_154' title='bbox 1799 2422 1956 2477; x_wconf 92' lang='lat' dir='ltr'><strong>quam</strong></span> <span class='ocrx_word' id='word_1_155' title='bbox 1999 2421 2122 2461; x_wconf 92' lang='lat' dir='ltr'><strong>cum</strong></span> 
     </span>
    </p>
   </div>
   <div class='ocr_carea' id='block_1_24' title="bbox 535 2495 2122 2568">
    <p class='ocr_par' dir='ltr' id='par_1_24' title="bbox 535 2495 2122 2568">
     <span class='ocr_line' id='line_1_24' title="bbox 535 2495 2122 2568; baseline 0.001 -18"><span class='ocrx_word' id='word_1_156' title='bbox 535 2499 816 2568; x_wconf 78' lang='lat' dir='ltr'><strong>pecoribus</strong></span> <span class='ocrx_word' id='word_1_157' title='bbox 836 2495 1090 2550; x_wconf 90' lang='lat' dir='ltr'><strong>habemus</strong></span> <span class='ocrx_word' id='word_1_158' title='bbox 1106 2511 1474 2561; x_wconf 89' lang='lat' dir='ltr'><strong>communem,</strong></span> <span class='ocrx_word' id='word_1_159' title='bbox 1510 2507 1629 2566; x_wconf 89' lang='lat' dir='ltr'><strong>post</strong></span> <span class='ocrx_word' id='word_1_160' title='bbox 1671 2507 1898 2553; x_wconf 90' lang='lat' dir='ltr'><strong>mortem</strong></span> <span class='ocrx_word' id='word_1_161' title='bbox 1943 2510 2122 2554; x_wconf 89' lang='lat' dir='ltr'><strong>autem</strong></span> 
     </span>
    </p>
   </div>
   <div class='ocr_carea' id='block_1_25' title="bbox 558 2585 2121 2658">
    <p class='ocr_par' dir='ltr' id='par_1_25' title="bbox 558 2585 2121 2658">
     <span class='ocr_line' id='line_1_25' title="bbox 558 2585 2121 2658; baseline 0.003 -19"><span class='ocrx_word' id='word_1_162' title='bbox 558 2586 697 2640; x_wconf 87' lang='lat' dir='ltr'><strong>tiniri</strong></span> <span class='ocrx_word' id='word_1_163' title='bbox 740 2595 905 2640; x_wconf 90' lang='lat' dir='ltr'><strong>totum</strong></span> <span class='ocrx_word' id='word_1_164' title='bbox 935 2586 1074 2656; x_wconf 88' lang='lat' dir='ltr'><strong>quod</strong></span> <span class='ocrx_word' id='word_1_165' title='bbox 1120 2595 1203 2640; x_wconf 89' lang='lat' dir='ltr'><strong>est</strong></span> <span class='ocrx_word' id='word_1_166' title='bbox 1231 2585 1483 2652; x_wconf 86' lang='lat' dir='ltr'><strong>hominis,</strong></span> <span class='ocrx_word' id='word_1_167' title='bbox 1509 2602 1606 2641; x_wconf 91' lang='lat' dir='ltr'><strong>nec</strong></span> <span class='ocrx_word' id='word_1_168' title='bbox 1629 2602 1750 2642; x_wconf 89' lang='lat' dir='ltr'><strong>esse</strong></span> <span class='ocrx_word' id='word_1_169' title='bbox 1779 2603 1928 2658; x_wconf 89' lang='lat' dir='ltr'><strong>spem</strong></span> <span class='ocrx_word' id='word_1_170' title='bbox 1957 2588 2121 2643; x_wconf 89' lang='lat' dir='ltr'><strong>ullam</strong></span> 
     </span>
    </p>
   </div>
   <div class='ocr_carea' id='block_1_26' title="bbox 535 2677 2121 2746">
    <p class='ocr_par' dir='ltr' id='par_1_26' title="bbox 535 2677 2121 2746">
     <span class='ocr_line' id='line_1_26' title="bbox 535 2677 2121 2746; baseline 0.004 -16"><span class='ocrx_word' id='word_1_171' title='bbox 535 2679 661 2732; x_wconf 68' lang='lat' dir='ltr'><strong>vitae</strong></span> <span class='ocrx_word' id='word_1_172' title='bbox 714 2677 934 2732; x_wconf 86' lang='lat' dir='ltr'><strong>alterius</strong></span> <span class='ocrx_word' id='word_1_173' title='bbox 983 2679 1242 2746; x_wconf 90' lang='lat' dir='ltr'><strong>melioris,</strong></span> <span class='ocrx_word' id='word_1_174' title='bbox 1293 2680 1552 2746; x_wconf 88' lang='lat' dir='ltr'><strong>pruritum</strong></span> <span class='ocrx_word' id='word_1_175' title='bbox 1607 2681 1864 2734; x_wconf 88' lang='lat' dir='ltr'><strong>malarum</strong></span> <span class='ocrx_word' id='word_1_176' title='bbox 1913 2681 2121 2736; x_wconf 89' lang='lat' dir='ltr'><strong>aurium</strong></span> 
     </span>
    </p>
   </div>
   <div class='ocr_carea' id='block_1_27' title="bbox 536 2769 2123 2840">
    <p class='ocr_par' dir='ltr' id='par_1_27' title="bbox 536 2769 2123 2840">
     <span class='ocr_line' id='line_1_27' title="bbox 536 2769 2123 2840; baseline 0.001 -15"><span class='ocrx_word' id='word_1_177' title='bbox 536 2779 971 2840; x_wconf 87' lang='lat' dir='ltr'><strong>Corrttmpentes,</strong></span> <span class='ocrx_word' id='word_1_178' title='bbox 1002 2770 1186 2826; x_wconf 90' lang='lat' dir='ltr'><strong>dicunt</strong></span> <span class='ocrx_word' id='word_1_179' title='bbox 1214 2789 1226 2824; x_wconf 94' lang='lat'>:</span> <span class='ocrx_word' id='word_1_180' title='bbox 1259 2769 1626 2828; x_wconf 82' lang='lat' dir='ltr'><strong>Manducemus</strong></span> <span class='ocrx_word' id='word_1_181' title='bbox 1654 2781 1701 2827; x_wconf 86' lang='lat' dir='ltr'><strong>et</strong></span> <span class='ocrx_word' id='word_1_182' title='bbox 1722 2773 1982 2838; x_wconf 87' lang='lat' dir='ltr'><strong>bibamus;</strong></span> <span class='ocrx_word' id='word_1_183' title='bbox 2010 2790 2123 2828; x_wconf 87' lang='lat' dir='ltr'><strong>cras</strong></span> 
     </span>
    </p>
   </div>
   <div class='ocr_carea' id='block_1_28' title="bbox 535 2849 2124 2934">
    <p class='ocr_par' dir='ltr' id='par_1_28' title="bbox 535 2849 2124 2934">
     <span class='ocr_line' id='line_1_28' title="bbox 535 2849 2124 2934; baseline 0.004 -21"><span class='ocrx_word' id='word_1_184' title='bbox 535 2859 668 2913; x_wconf 80' lang='lat' dir='ltr'><strong>enim</strong></span> <span class='ocrx_word' id='word_1_185' title='bbox 711 2861 954 2913; x_wconf 81' lang='lat' dir='ltr'><strong>moriatur</strong></span> <span class='ocrx_word' id='word_1_186' title='bbox 983 2860 1038 2930; x_wconf 93' lang='grc' dir='ltr'><strong>(Ι</strong></span> <span class='ocrx_word' id='word_1_187' title='bbox 1067 2859 1184 2914; x_wconf 81' lang='lat' dir='ltr'><strong>Cor.</strong></span> <span class='ocrx_word' id='word_1_188' title='bbox 1216 2876 1310 2926; x_wconf 79' lang='lat' dir='ltr'><strong>xv,</strong></span> <span class='ocrx_word' id='word_1_189' title='bbox 1365 2861 1479 2934; x_wconf 75' lang='grc'><strong>52).</strong></span> <span class='ocrx_word' id='word_1_190' title='bbox 1534 2849 1666 2917; x_wconf 81' lang='lat' dir='ltr'><strong>llinc</strong></span> <span class='ocrx_word' id='word_1_191' title='bbox 1710 2879 1838 2934; x_wconf 80' lang='lat' dir='ltr'><strong>ergo</strong></span> <span class='ocrx_word' id='word_1_192' title='bbox 1884 2872 2124 2920; x_wconf 82' lang='lat' dir='ltr'><strong>sumatur</strong></span> 
     </span>
    </p>
   </div>
   <div class='ocr_carea' id='block_1_29' title="bbox 536 2950 2126 3020">
    <p class='ocr_par' dir='ltr' id='par_1_29' title="bbox 536 2950 2126 3020">
     <span class='ocr_line' id='line_1_29' title="bbox 536 2950 2126 3020; baseline 0.006 -16"><span class='ocrx_word' id='word_1_193' title='bbox 536 2960 734 3006; x_wconf 68' lang='lat' dir='ltr'><strong>nostra:</strong></span> <span class='ocrx_word' id='word_1_194' title='bbox 759 2950 1133 3020; x_wconf 86' lang='lat' dir='ltr'><strong>disputationis</strong></span> <span class='ocrx_word' id='word_1_195' title='bbox 1157 2953 1434 3008; x_wconf 79' lang='lat' dir='ltr'><strong>exordium</strong></span> <span class='ocrx_word' id='word_1_196' title='bbox 1458 2996 1473 3020; x_wconf 90' lang='lat'><strong>,</strong></span> <span class='ocrx_word' id='word_1_197' title='bbox 1498 2964 1550 3008; x_wconf 87' lang='lat' dir='ltr'><strong>et</strong></span> <span class='ocrx_word' id='word_1_198' title='bbox 1577 2954 1666 3009; x_wconf 90' lang='lat' dir='ltr'><strong>hic</strong></span> <span class='ocrx_word' id='word_1_199' title='bbox 1693 2957 1764 3010; x_wconf 87' lang='lat' dir='ltr'><strong>sit</strong></span> <span class='ocrx_word' id='word_1_200' title='bbox 1787 2958 1954 3012; x_wconf 88' lang='lat' dir='ltr'><strong>nostri</strong></span> <span class='ocrx_word' id='word_1_201' title='bbox 1981 2958 2126 3012; x_wconf 90' lang='lat' dir='ltr'><strong>velut</strong></span> 
     </span>
    </p>
   </div>
   <div class='ocr_carea' id='block_1_30' title="bbox 535 3041 2125 3120">
    <p class='ocr_par' dir='ltr' id='par_1_30' title="bbox 535 3041 2125 3120">
     <span class='ocr_line' id='line_1_30' title="bbox 535 3041 2125 3120; baseline 0.009 -26"><span class='ocrx_word' id='word_1_202' title='bbox 535 3041 698 3095; x_wconf 88' lang='lat' dir='ltr'><strong>cardo</strong></span> <span class='ocrx_word' id='word_1_203' title='bbox 723 3042 1006 3108; x_wconf 88' lang='lat' dir='ltr'><strong>sermonis,</strong></span> <span class='ocrx_word' id='word_1_204' title='bbox 1028 3058 1135 3112; x_wconf 90' lang='lat' dir='ltr'><strong>quo</strong></span> <span class='ocrx_word' id='word_1_205' title='bbox 1159 3054 1350 3099; x_wconf 64' lang='lat' dir='ltr'><strong>caetera</strong></span> <span class='ocrx_word' id='word_1_206' title='bbox 1370 3087 1386 3112; x_wconf 97' lang='lat'><strong>,</strong></span> <span class='ocrx_word' id='word_1_207' title='bbox 1414 3062 1532 3116; x_wconf 79' lang='lat' dir='ltr'><strong>qu:e</strong></span> <span class='ocrx_word' id='word_1_208' title='bbox 1560 3047 1818 3104; x_wconf 89' lang='lat' dir='ltr'><strong>Dominus</strong></span> <span class='ocrx_word' id='word_1_209' title='bbox 1843 3063 2125 3120; x_wconf 77' lang='lat' dir='ltr'><strong>suggerere</strong></span> 
     </span>
    </p>
   </div>
   <div class='ocr_carea' id='block_1_31' title="bbox 537 3131 1358 3200">
    <p class='ocr_par' dir='ltr' id='par_1_31' title="bbox 537 3131 1358 3200">
     <span class='ocr_line' id='line_1_31' title="bbox 537 3131 1358 3200; baseline 0.001 -14"><span class='ocrx_word' id='word_1_210' title='bbox 537 3131 784 3200; x_wconf 88' lang='lat' dir='ltr'><strong>dignatus</strong></span> <span class='ocrx_word' id='word_1_211' title='bbox 815 3131 1006 3199; x_wconf 90' lang='lat' dir='ltr'><strong>fuerit,</strong></span> <span class='ocrx_word' id='word_1_212' title='bbox 1039 3133 1358 3188; x_wconf 79' lang='lat' dir='ltr'><strong>referantur.</strong></span> 
     </span>
    </p>
   </div>
   <div class='ocr_carea' id='block_1_32' title="bbox 605 3221 2125 3297">
    <p class='ocr_par' dir='ltr' id='par_1_32' title="bbox 605 3221 2125 3297">
     <span class='ocr_line' id='line_1_32' title="bbox 605 3221 2125 3297; baseline 0.007 -21"><span class='ocrx_word' id='word_1_213' title='bbox 605 3221 833 3276; x_wconf 83' lang='lat' dir='ltr'><strong>CAPUT</strong></span> <span class='ocrx_word' id='word_1_214' title='bbox 863 3222 1082 3277; x_wconf 66' lang='lat' dir='ltr'><strong>ll.-—2.</strong></span> <span class='ocrx_word' id='word_1_215' title='bbox 1129 3223 1260 3292; x_wconf 82' lang='lat' dir='ltr'><strong>Spes</strong></span> <span class='ocrx_word' id='word_1_216' title='bbox 1307 3227 1526 3297; x_wconf 79' lang='lat' dir='ltr'><strong>ﬁdesque</strong></span> <span class='ocrx_word' id='word_1_217' title='bbox 1569 3237 1776 3291; x_wconf 82' lang='lat' dir='ltr'><strong>nostra,</strong></span> <span class='ocrx_word' id='word_1_218' title='bbox 1825 3232 2125 3288; x_wconf 73' lang='lat' dir='ltr'><strong>resurrectio</strong></span> 
     </span>
    </p>
   </div>
   <div class='ocr_carea' id='block_1_33' title="bbox 539 3301 2126 3392">
    <p class='ocr_par' dir='ltr' id='par_1_33' title="bbox 539 3301 2126 3392">
     <span class='ocr_line' id='line_1_33' title="bbox 539 3301 2126 3392; baseline 0.006 -24"><span class='ocrx_word' id='word_1_219' title='bbox 539 3322 873 3368; x_wconf 87' lang='lat' dir='ltr'><strong>mortuorum.</strong></span> <span class='ocrx_word' id='word_1_220' title='bbox 905 3313 1137 3370; x_wconf 78' lang='lat' dir='ltr'><strong>Charitas</strong></span> <span class='ocrx_word' id='word_1_221' title='bbox 1176 3301 1369 3370; x_wconf 84' lang='lat' dir='ltr'><strong>nostra.</strong></span> <span class='ocrx_word' id='word_1_222' title='bbox 1413 3317 1546 3374; x_wconf 63' lang='lat' dir='ltr'><strong>Duas</strong></span> <span class='ocrx_word' id='word_1_223' title='bbox 1587 3323 1882 3388; x_wconf 74' lang='lat' dir='ltr'><strong>quazstioncs</strong></span> <span class='ocrx_word' id='word_1_224' title='bbox 1931 3323 1993 3376; x_wconf 83' lang='lat' dir='ltr'><strong>de</strong></span> <span class='ocrx_word' id='word_1_225' title='bbox 2039 3323 2126 3392; x_wconf 77' lang='lat' dir='ltr'><strong>fu-</strong></span> 
     </span>
    </p>
   </div>
   <div class='ocr_carea' id='block_1_34' title="bbox 537 3407 2126 3477">
    <p class='ocr_par' dir='ltr' id='par_1_34' title="bbox 537 3407 2126 3477">
     <span class='ocr_line' id='line_1_34' title="bbox 537 3407 2126 3477; baseline 0.008 -19"><span class='ocrx_word' id='word_1_226' title='bbox 537 3415 652 3460; x_wconf 89' lang='lat' dir='ltr'><strong>tura</strong></span> <span class='ocrx_word' id='word_1_227' title='bbox 712 3407 1090 3462; x_wconf 81' lang='lat' dir='ltr'><strong>resurrectione.</strong></span> <span class='ocrx_word' id='word_1_228' title='bbox 1136 3407 1271 3477; x_wconf 84' lang='lat' dir='ltr'><strong>Spes</strong></span> <span class='ocrx_word' id='word_1_229' title='bbox 1329 3410 1471 3464; x_wconf 86' lang='lat' dir='ltr'><strong>enim</strong></span> <span class='ocrx_word' id='word_1_230' title='bbox 1517 3421 1692 3466; x_wconf 88' lang='lat' dir='ltr'><strong>nostra</strong></span> <span class='ocrx_word' id='word_1_231' title='bbox 1749 3423 1831 3468; x_wconf 83' lang='lat' dir='ltr'><strong>est</strong></span> <span class='ocrx_word' id='word_1_232' title='bbox 1881 3429 2126 3470; x_wconf 78' lang='lat' dir='ltr'><strong>resurre-</strong></span> 
     </span>
    </p>
   </div>
   <div class='ocr_carea' id='block_1_35' title="bbox 537 3497 2125 3565">
    <p class='ocr_par' dir='ltr' id='par_1_35' title="bbox 537 3497 2125 3565">
     <span class='ocr_line' id='line_1_35' title="bbox 537 3497 2125 3565; baseline 0.006 -15"><span class='ocrx_word' id='word_1_233' title='bbox 537 3497 645 3551; x_wconf 92' lang='lat' dir='ltr'><strong>ctio</strong></span> <span class='ocrx_word' id='word_1_234' title='bbox 708 3508 1040 3552; x_wconf 90' lang='lat' dir='ltr'><strong>mortuorum</strong></span> <span class='ocrx_word' id='word_1_235' title='bbox 1095 3516 1108 3551; x_wconf 88' lang='lat'><strong>:</strong></span> <span class='ocrx_word' id='word_1_236' title='bbox 1164 3499 1295 3554; x_wconf 88' lang='lat' dir='ltr'><strong>fides</strong></span> <span class='ocrx_word' id='word_1_237' title='bbox 1353 3509 1533 3556; x_wconf 87' lang='lat' dir='ltr'><strong>nostra</strong></span> <span class='ocrx_word' id='word_1_238' title='bbox 1575 3542 1590 3565; x_wconf 87' lang='lat'><strong><em>.</em></strong></span> <span class='ocrx_word' id='word_1_239' title='bbox 1659 3511 1743 3558; x_wconf 88' lang='lat' dir='ltr'><strong>est</strong></span> <span class='ocrx_word' id='word_1_240' title='bbox 1808 3505 2125 3560; x_wconf 84' lang='lat' dir='ltr'><strong>resurrectio</strong></span> 
     </span>
    </p>
   </div>
   <div class='ocr_carea' id='block_1_36' title="bbox 539 3588 2124 3666">
    <p class='ocr_par' dir='ltr' id='par_1_36' title="bbox 539 3588 2124 3666">
     <span class='ocr_line' id='line_1_36' title="bbox 539 3588 2124 3666; baseline 0.005 -24"><span class='ocrx_word' id='word_1_241' title='bbox 539 3595 888 3642; x_wconf 89' lang='lat' dir='ltr'><strong>mortuorum.</strong></span> <span class='ocrx_word' id='word_1_242' title='bbox 922 3588 1164 3644; x_wconf 82' lang='lat' dir='ltr'><strong>Charitas</strong></span> <span class='ocrx_word' id='word_1_243' title='bbox 1191 3591 1348 3645; x_wconf 90' lang='lat' dir='ltr'><strong>etiam</strong></span> <span class='ocrx_word' id='word_1_244' title='bbox 1377 3602 1554 3646; x_wconf 83' lang='lat' dir='ltr'><strong>nostra</strong></span> <span class='ocrx_word' id='word_1_245' title='bbox 1586 3603 1668 3648; x_wconf 89' lang='lat' dir='ltr'><strong>est</strong></span> <span class='ocrx_word' id='word_1_246' title='bbox 1687 3635 1700 3657; x_wconf 92' lang='lat'><strong>,</strong></span> <span class='ocrx_word' id='word_1_247' title='bbox 1729 3609 1886 3664; x_wconf 89' lang='lat' dir='ltr'><strong>quam</strong></span> <span class='ocrx_word' id='word_1_248' title='bbox 1929 3595 2124 3666; x_wconf 67' lang='lat' dir='ltr'><strong>praedi-</strong></span> 
     </span>
    </p>
   </div>
   <div class='ocr_carea' id='block_1_37' title="bbox 537 3677 2123 3750">
    <p class='ocr_par' dir='ltr' id='par_1_37' title="bbox 537 3677 2123 3750">
     <span class='ocr_line' id='line_1_37' title="bbox 537 3677 2123 3750; baseline 0.009 -19"><span class='ocrx_word' id='word_1_249' title='bbox 537 3677 680 3734; x_wconf 89' lang='lat' dir='ltr'><strong>catio</strong></span> <span class='ocrx_word' id='word_1_250' title='bbox 710 3695 886 3733; x_wconf 86' lang='lat' dir='ltr'><strong>rerum</strong></span> <span class='ocrx_word' id='word_1_251' title='bbox 915 3695 1032 3749; x_wconf 65' lang='lat' dir='ltr'><strong>quae</strong></span> <span class='ocrx_word' id='word_1_252' title='bbox 1061 3681 1296 3735; x_wconf 88' lang='lat' dir='ltr'><strong>nondum</strong></span> <span class='ocrx_word' id='word_1_253' title='bbox 1325 3683 1571 3737; x_wconf 89' lang='lat' dir='ltr'><strong>videntur</strong></span> <span class='ocrx_word' id='word_1_254' title='bbox 1598 3685 1888 3741; x_wconf 85' lang='lat' dir='ltr'><strong>inflammat</strong></span> <span class='ocrx_word' id='word_1_255' title='bbox 1907 3728 1920 3750; x_wconf 89' lang='lat'><strong>,</strong></span> <span class='ocrx_word' id='word_1_256' title='bbox 1948 3697 2004 3742; x_wconf 90' lang='lat' dir='ltr'><strong>et</strong></span> <span class='ocrx_word' id='word_1_257' title='bbox 2030 3703 2123 3744; x_wconf 87' lang='lat' dir='ltr'><strong>ac-</strong></span> 
     </span>
    </p>
   </div>
   <div class='ocr_carea' id='block_1_38' title="bbox 537 3769 2124 3844">
    <p class='ocr_par' dir='ltr' id='par_1_38' title="bbox 537 3769 2124 3844">
     <span class='ocr_line' id='line_1_38' title="bbox 537 3769 2124 3844; baseline 0.006 -20"><span class='ocrx_word' id='word_1_258' title='bbox 537 3769 712 3824; x_wconf 88' lang='lat' dir='ltr'><strong>cendit</strong></span> <span class='ocrx_word' id='word_1_259' title='bbox 733 3769 1018 3832; x_wconf 90' lang='lat' dir='ltr'><strong>desiderio,</strong></span> <span class='ocrx_word' id='word_1_260' title='bbox 1041 3771 1191 3841; x_wconf 88' lang='lat' dir='ltr'><strong>cujus</strong></span> <span class='ocrx_word' id='word_1_261' title='bbox 1218 3774 1580 3844; x_wconf 82' lang='lat' dir='ltr'><strong>magnitudine</strong></span> <span class='ocrx_word' id='word_1_262' title='bbox 1607 3777 1734 3830; x_wconf 83' lang='lat' dir='ltr'><strong>ﬁant</strong></span> <span class='ocrx_word' id='word_1_263' title='bbox 1759 3779 1921 3832; x_wconf 84' lang='lat' dir='ltr'><strong>corda</strong></span> <span class='ocrx_word' id='word_1_264' title='bbox 1944 3788 2124 3834; x_wconf 85' lang='lat' dir='ltr'><strong>nostra</strong></span> 
     </span>
    </p>
   </div>
   <div class='ocr_carea' id='block_1_39' title="bbox 535 3860 2127 3940">
    <p class='ocr_par' dir='ltr' id='par_1_39' title="bbox 535 3860 2127 3940">
     <span class='ocr_line' id='line_1_39' title="bbox 535 3860 2127 3940; baseline 0.007 -27"><span class='ocrx_word' id='word_1_265' title='bbox 535 3861 752 3929; x_wconf 80' lang='lat' dir='ltr'><strong>capacia</strong></span> <span class='ocrx_word' id='word_1_266' title='bbox 783 3860 1121 3916; x_wconf 89' lang='lat' dir='ltr'><strong>beatitudinis</strong></span> <span class='ocrx_word' id='word_1_267' title='bbox 1147 3879 1264 3934; x_wconf 75' lang='lat' dir='ltr'><strong>qua:</strong></span> <span class='ocrx_word' id='word_1_268' title='bbox 1291 3874 1512 3920; x_wconf 88' lang='lat' dir='ltr'><strong>ventura</strong></span> <span class='ocrx_word' id='word_1_269' title='bbox 1556 3867 1898 3936; x_wconf 85' lang='lat' dir='ltr'><strong>promittitur,</strong></span> <span class='ocrx_word' id='word_1_270' title='bbox 1937 3885 2127 3940; x_wconf 86' lang='lat' dir='ltr'><strong>quam-</strong></span> 
     </span>
    </p>
   </div>
   <div class='ocr_carea' id='block_1_40' title="bbox 538 3950 2126 4030">
    <p class='ocr_par' dir='ltr' id='par_1_40' title="bbox 538 3950 2126 4030">
     <span class='ocr_line' id='line_1_40' title="bbox 538 3950 2126 4030; baseline 0.008 -26"><span class='ocrx_word' id='word_1_271' title='bbox 538 3950 628 4005; x_wconf 89' lang='lat' dir='ltr'><strong>diu</strong></span> <span class='ocrx_word' id='word_1_272' title='bbox 669 3951 906 4006; x_wconf 85' lang='lat' dir='ltr'><strong>creditur</strong></span> <span class='ocrx_word' id='word_1_273' title='bbox 947 3953 1089 4022; x_wconf 89' lang='lat' dir='ltr'><strong>quod</strong></span> <span class='ocrx_word' id='word_1_274' title='bbox 1133 3954 1367 4009; x_wconf 90' lang='lat' dir='ltr'><strong>nondum</strong></span> <span class='ocrx_word' id='word_1_275' title='bbox 1413 3955 1624 4010; x_wconf 87' lang='lat' dir='ltr'><strong>videtur</strong></span> <span class='ocrx_word' id='word_1_276' title='bbox 1665 3975 1679 4010; x_wconf 92' lang='lat'><strong>:</strong></span> <span class='ocrx_word' id='word_1_277' title='bbox 1719 3959 1952 4014; x_wconf 86' lang='lat' dir='ltr'><strong>charitas</strong></span> <span class='ocrx_word' id='word_1_278' title='bbox 1995 3975 2126 4030; x_wconf 87' lang='lat' dir='ltr'><strong>ergo</strong></span> 
     </span>
    </p>
   </div>
   <div class='ocr_carea' id='block_1_41' title="bbox 537 4042 2125 4115">
    <p class='ocr_par' dir='ltr' id='par_1_41' title="bbox 537 4042 2125 4115">
     <span class='ocr_line' id='line_1_41' title="bbox 537 4042 2125 4115; baseline 0.007 -20"><span class='ocrx_word' id='word_1_279' title='bbox 537 4043 697 4096; x_wconf 90' lang='lat' dir='ltr'><strong>etiam</strong></span> <span class='ocrx_word' id='word_1_280' title='bbox 729 4042 840 4110; x_wconf 88' lang='lat' dir='ltr'><strong>ipsa</strong></span> <span class='ocrx_word' id='word_1_281' title='bbox 871 4055 1053 4099; x_wconf 90' lang='lat' dir='ltr'><strong>nostra</strong></span> <span class='ocrx_word' id='word_1_282' title='bbox 1079 4086 1092 4108; x_wconf 93' lang='lat'><strong>,</strong></span> <span class='ocrx_word' id='word_1_283' title='bbox 1123 4061 1221 4100; x_wconf 91' lang='lat' dir='ltr'><strong>nec</strong></span> <span class='ocrx_word' id='word_1_284' title='bbox 1246 4045 1387 4100; x_wconf 90' lang='lat' dir='ltr'><strong>circa</strong></span> <span class='ocrx_word' id='word_1_285' title='bbox 1429 4049 1739 4115; x_wconf 76' lang='lat' dir='ltr'><strong>temporalia</strong></span> <span class='ocrx_word' id='word_1_286' title='bbox 1773 4049 1886 4106; x_wconf 71' lang='lat' dir='ltr'><strong>hzec</strong></span> <span class='ocrx_word' id='word_1_287' title='bbox 1911 4061 1966 4106; x_wconf 91' lang='lat' dir='ltr'><strong>et</strong></span> <span class='ocrx_word' id='word_1_288' title='bbox 1993 4051 2125 4106; x_wconf 85' lang='lat' dir='ltr'><strong>visi-</strong></span> 
     </span>
    </p>
   </div>
   <div class='ocr_carea' id='block_1_42' title="bbox 540 4134 2123 4210">
    <p class='ocr_par' dir='ltr' id='par_1_42' title="bbox 540 4134 2123 4210">
     <span class='ocr_line' id='line_1_42' title="bbox 540 4134 2123 4210; baseline 0.008 -22"><span class='ocrx_word' id='word_1_289' title='bbox 540 4134 660 4189; x_wconf 78' lang='lat' dir='ltr'><strong>ltilia</strong></span> <span class='ocrx_word' id='word_1_290' title='bbox 687 4135 844 4191; x_wconf 88' lang='lat' dir='ltr'><strong>debet</strong></span> <span class='ocrx_word' id='word_1_291' title='bbox 872 4138 1122 4207; x_wconf 87' lang='lat' dir='ltr'><strong>occupari</strong></span> <span class='ocrx_word' id='word_1_292' title='bbox 1145 4180 1158 4203; x_wconf 92' lang='lat'><strong>,</strong></span> <span class='ocrx_word' id='word_1_293' title='bbox 1187 4147 1243 4192; x_wconf 92' lang='lat' dir='ltr'><strong>ut</strong></span> <span class='ocrx_word' id='word_1_294' title='bbox 1271 4139 1376 4194; x_wconf 86' lang='lat' dir='ltr'><strong>tale</strong></span> <span class='ocrx_word' id='word_1_295' title='bbox 1402 4139 1601 4210; x_wconf 88' lang='lat' dir='ltr'><strong>aliquid</strong></span> <span class='ocrx_word' id='word_1_296' title='bbox 1638 4157 1735 4196; x_wconf 93' lang='lat' dir='ltr'><strong>nos</strong></span> <span class='ocrx_word' id='word_1_297' title='bbox 1765 4143 2042 4202; x_wconf 83' lang='lat' dir='ltr'><strong>habituros</strong></span> <span class='ocrx_word' id='word_1_298' title='bbox 2071 4145 2123 4200; x_wconf 91' lang='lat' dir='ltr'><strong>in</strong></span> 
     </span>
    </p>
   </div>
   <div class='ocr_carea' id='block_1_43' title="bbox 541 4228 2124 4303">
    <p class='ocr_par' dir='ltr' id='par_1_43' title="bbox 541 4228 2124 4303">
     <span class='ocr_line' id='line_1_43' title="bbox 541 4228 2124 4303; baseline 0.006 -23"><span class='ocrx_word' id='word_1_299' title='bbox 541 4228 936 4281; x_wconf 88' lang='lat' dir='ltr'><strong>resurrectione</strong></span> <span class='ocrx_word' id='word_1_300' title='bbox 956 4243 1256 4297; x_wconf 84' lang='lat' dir='ltr'><strong>speremus,</strong></span> <span class='ocrx_word' id='word_1_301' title='bbox 1279 4231 1434 4300; x_wconf 89' lang='lat' dir='ltr'><strong>quale</strong></span> <span class='ocrx_word' id='word_1_302' title='bbox 1455 4231 1634 4298; x_wconf 91' lang='lat' dir='ltr'><strong>modo,</strong></span> <span class='ocrx_word' id='word_1_303' title='bbox 1653 4233 1696 4286; x_wconf 92' lang='lat' dir='ltr'><strong>si</strong></span> <span class='ocrx_word' id='word_1_304' title='bbox 1713 4235 2124 4303; x_wconf 85' lang='lat' dir='ltr'><strong>contemnimus,</strong></span> 
     </span>
    </p>
   </div>
   <div class='ocr_carea' id='block_1_44' title="bbox 543 4319 2130 4391">
    <p class='ocr_par' dir='ltr' id='par_1_44' title="bbox 543 4319 2130 4391">
     <span class='ocr_line' id='line_1_44' title="bbox 543 4319 2130 4391; baseline 0.008 -20"><span class='ocrx_word' id='word_1_305' title='bbox 543 4319 734 4373; x_wconf 83' lang='lat' dir='ltr'><strong>melius</strong></span> <span class='ocrx_word' id='word_1_306' title='bbox 761 4319 984 4372; x_wconf 79' lang='lat' dir='ltr'><strong>vivimus</strong></span> <span class='ocrx_word' id='word_1_307' title='bbox 1011 4323 1366 4391; x_wconf 86' lang='lat' dir='ltr'><strong>melioresque</strong></span> <span class='ocrx_word' id='word_1_308' title='bbox 1388 4341 1588 4390; x_wconf 90' lang='lat' dir='ltr'><strong>sumus,</strong></span> <span class='ocrx_word' id='word_1_309' title='bbox 1620 4327 1860 4381; x_wconf 86' lang='lat' dir='ltr'><strong>carnales</strong></span> <span class='ocrx_word' id='word_1_310' title='bbox 1881 4328 2130 4383; x_wconf 88' lang='lat' dir='ltr'><strong>videlicet</strong></span> 
     </span>
    </p>
   </div>
   <div class='ocr_carea' id='block_1_45' title="bbox 541 4409 2128 4485">
    <p class='ocr_par' dir='ltr' id='par_1_45' title="bbox 541 4409 2128 4485">
     <span class='ocr_line' id='line_1_45' title="bbox 541 4409 2128 4485; baseline 0.008 -25"><span class='ocrx_word' id='word_1_311' title='bbox 541 4409 840 4477; x_wconf 82' lang='lat' dir='ltr'><strong>voluptates</strong></span> <span class='ocrx_word' id='word_1_312' title='bbox 869 4421 1028 4479; x_wconf 90' lang='lat' dir='ltr'><strong>atque</strong></span> <span class='ocrx_word' id='word_1_313' title='bbox 1062 4412 1301 4467; x_wconf 88' lang='lat' dir='ltr'><strong>delicias.</strong></span> <span class='ocrx_word' id='word_1_314' title='bbox 1330 4414 1544 4470; x_wconf 84' lang='lat' dir='ltr'><strong>Sublata</strong></span> <span class='ocrx_word' id='word_1_315' title='bbox 1587 4417 1764 4485; x_wconf 86' lang='lat' dir='ltr'><strong>itaque</strong></span> <span class='ocrx_word' id='word_1_316' title='bbox 1805 4417 1908 4472; x_wconf 90' lang='lat' dir='ltr'><strong>lide</strong></span> <span class='ocrx_word' id='word_1_317' title='bbox 1947 4434 2128 4472; x_wconf 83' lang='lat' dir='ltr'><strong>resur-</strong></span> 
     </span>
    </p>
   </div>
   <div class='ocr_carea' id='block_1_46' title="bbox 545 4500 2129 4569">
    <p class='ocr_par' dir='ltr' id='par_1_46' title="bbox 545 4500 2129 4569">
     <span class='ocr_line' id='line_1_46' title="bbox 545 4500 2129 4569; baseline 0.008 -17"><span class='ocrx_word' id='word_1_318' title='bbox 545 4500 797 4554; x_wconf 81' lang='lat' dir='ltr'><strong>rectionis</strong></span> <span class='ocrx_word' id='word_1_319' title='bbox 826 4511 1154 4556; x_wconf 89' lang='lat' dir='ltr'><strong>mortuorum</strong></span> <span class='ocrx_word' id='word_1_320' title='bbox 1179 4544 1195 4569; x_wconf 94' lang='lat'><strong>,</strong></span> <span class='ocrx_word' id='word_1_321' title='bbox 1223 4505 1397 4559; x_wconf 90' lang='lat' dir='ltr'><strong>omnis</strong></span> <span class='ocrx_word' id='word_1_322' title='bbox 1429 4505 1694 4560; x_wconf 88' lang='lat' dir='ltr'><strong>intercidit</strong></span> <span class='ocrx_word' id='word_1_323' title='bbox 1716 4508 1954 4563; x_wconf 89' lang='lat' dir='ltr'><strong>doctrina</strong></span> <span class='ocrx_word' id='word_1_324' title='bbox 1982 4509 2129 4564; x_wconf 83' lang='lat' dir='ltr'><strong>chri-</strong></span> 
     </span>
    </p>
   </div>
   <div class='ocr_carea' id='block_1_47' title="bbox 541 4592 2125 4669">
    <p class='ocr_par' dir='ltr' id='par_1_47' title="bbox 541 4592 2125 4669">
     <span class='ocr_line' id='line_1_47' title="bbox 541 4592 2125 4669; baseline 0.006 -23"><span class='ocrx_word' id='word_1_325' title='bbox 541 4594 732 4647; x_wconf 80' lang='lat' dir='ltr'><strong>stiann.</strong></span> <span class='ocrx_word' id='word_1_326' title='bbox 765 4592 1000 4648; x_wconf 88' lang='lat' dir='ltr'><strong>Fundata</strong></span> <span class='ocrx_word' id='word_1_327' title='bbox 1027 4610 1154 4649; x_wconf 86' lang='lat' dir='ltr'><strong>vero</strong></span> <span class='ocrx_word' id='word_1_328' title='bbox 1190 4594 1299 4651; x_wconf 87' lang='lat' dir='ltr'><strong>fide</strong></span> <span class='ocrx_word' id='word_1_329' title='bbox 1328 4599 1732 4655; x_wconf 89' lang='lat' dir='ltr'><strong>resurrectionis</strong></span> <span class='ocrx_word' id='word_1_330' title='bbox 1759 4611 2125 4669; x_wconf 86' lang='lat' dir='ltr'><strong>mortuorum,</strong></span> 
     </span>
    </p>
   </div>
   <div class='ocr_carea' id='block_1_48' title="bbox 541 4686 2129 4766">
    <p class='ocr_par' dir='ltr' id='par_1_48' title="bbox 541 4686 2129 4766">
     <span class='ocr_line' id='line_1_48' title="bbox 541 4686 2129 4766; baseline 0.007 -28"><span class='ocrx_word' id='word_1_331' title='bbox 541 4699 648 4738; x_wconf 84' lang='lat' dir='ltr'><strong>non</strong></span> <span class='ocrx_word' id='word_1_332' title='bbox 674 4686 924 4740; x_wconf 88' lang='lat' dir='ltr'><strong>continuo</strong></span> <span class='ocrx_word' id='word_1_333' title='bbox 961 4687 1220 4742; x_wconf 85' lang='lat' dir='ltr'><strong>securitas</strong></span> <span class='ocrx_word' id='word_1_334' title='bbox 1243 4697 1326 4744; x_wconf 87' lang='lat' dir='ltr'><strong>est</strong></span> <span class='ocrx_word' id='word_1_335' title='bbox 1353 4689 1422 4744; x_wconf 93' lang='lat' dir='ltr'><strong>de</strong></span> <span class='ocrx_word' id='word_1_336' title='bbox 1459 4689 1644 4746; x_wconf 90' lang='lat' dir='ltr'><strong>animo</strong></span> <span class='ocrx_word' id='word_1_337' title='bbox 1673 4691 1995 4766; x_wconf 80' lang='lat' dir='ltr'><strong>christiano,</strong></span> <span class='ocrx_word' id='word_1_338' title='bbox 2027 4695 2129 4750; x_wconf 91' lang='lat' dir='ltr'><strong>nisi</strong></span> 
     </span>
    </p>
   </div>
   <div class='ocr_carea' id='block_1_49' title="bbox 541 4777 2130 4856">
    <p class='ocr_par' dir='ltr' id='par_1_49' title="bbox 541 4777 2130 4856">
     <span class='ocr_line' id='line_1_49' title="bbox 541 4777 2130 4856; baseline 0.006 -24"><span class='ocrx_word' id='word_1_339' title='bbox 541 4777 894 4848; x_wconf 86' lang='lat' dir='ltr'><strong>distinguatur</strong></span> <span class='ocrx_word' id='word_1_340' title='bbox 920 4779 1022 4834; x_wconf 90' lang='lat' dir='ltr'><strong>vita</strong></span> <span class='ocrx_word' id='word_1_341' title='bbox 1045 4780 1132 4835; x_wconf 89' lang='lat' dir='ltr'><strong>illa</strong></span> <span class='ocrx_word' id='word_1_342' title='bbox 1158 4797 1276 4850; x_wconf 74' lang='lat' dir='ltr'><strong>qua:</strong></span> <span class='ocrx_word' id='word_1_343' title='bbox 1295 4779 1466 4837; x_wconf 88' lang='lat' dir='ltr'><strong>futura</strong></span> <span class='ocrx_word' id='word_1_344' title='bbox 1485 4791 1588 4847; x_wconf 88' lang='lat' dir='ltr'><strong>est,</strong></span> <span class='ocrx_word' id='word_1_345' title='bbox 1611 4784 1678 4838; x_wconf 91' lang='lat' dir='ltr'><strong>ab</strong></span> <span class='ocrx_word' id='word_1_346' title='bbox 1697 4783 1795 4838; x_wconf 78' lang='lat' dir='ltr'><strong>ista</strong></span> <span class='ocrx_word' id='word_1_347' title='bbox 1823 4801 1941 4856; x_wconf 76' lang='lat' dir='ltr'><strong>quae</strong></span> <span class='ocrx_word' id='word_1_348' title='bbox 1967 4795 2130 4842; x_wconf 87' lang='lat' dir='ltr'><strong>trans-</strong></span> 
     </span>
    </p>
   </div>
   <div class='ocr_carea' id='block_1_50' title="bbox 543 4869 2132 4949">
    <p class='ocr_par' dir='ltr' id='par_1_50' title="bbox 543 4869 2132 4949">
     <span class='ocr_line' id='line_1_50' title="bbox 543 4869 2132 4949; baseline 0.006 -25"><span class='ocrx_word' id='word_1_349' title='bbox 543 4869 604 4924; x_wconf 83' lang='lat' dir='ltr'><strong>it.</strong></span> <span class='ocrx_word' id='word_1_350' title='bbox 649 4870 828 4940; x_wconf 86' lang='lat' dir='ltr'><strong>Itaque</strong></span> <span class='ocrx_word' id='word_1_351' title='bbox 875 4871 952 4926; x_wconf 89' lang='lat' dir='ltr'><strong>sic</strong></span> <span class='ocrx_word' id='word_1_352' title='bbox 1019 4873 1422 4942; x_wconf 58' lang='lat' dir='ltr'><strong>proiionendum</strong></span> <span class='ocrx_word' id='word_1_353' title='bbox 1452 4883 1536 4930; x_wconf 88' lang='lat' dir='ltr'><strong>est</strong></span> <span class='ocrx_word' id='word_1_354' title='bbox 1561 4893 1574 4930; x_wconf 91' lang='lat'>:</span> <span class='ocrx_word' id='word_1_355' title='bbox 1603 4875 1658 4931; x_wconf 91' lang='lat' dir='ltr'><strong>Si</strong></span> <span class='ocrx_word' id='word_1_356' title='bbox 1701 4893 1806 4932; x_wconf 87' lang='lat' dir='ltr'><strong>non</strong></span> <span class='ocrx_word' id='word_1_357' title='bbox 1848 4887 2132 4949; x_wconf 84' lang='lat' dir='ltr'><strong>resurgent</strong></span> 
     </span>
    </p>
   </div>
   <div class='ocr_carea' id='block_1_51' title="bbox 543 4963 2128 5033">
    <p class='ocr_par' dir='ltr' id='par_1_51' title="bbox 543 4963 2128 5033">
     <span class='ocr_line' id='line_1_51' title="bbox 543 4963 2128 5033; baseline 0.008 -18"><span class='ocrx_word' id='word_1_358' title='bbox 543 4963 774 5028; x_wconf 90' lang='lat' dir='ltr'><strong>mortui,</strong></span> <span class='ocrx_word' id='word_1_359' title='bbox 807 4963 947 5016; x_wconf 87' lang='lat' dir='ltr'><strong>nulla</strong></span> <span class='ocrx_word' id='word_1_360' title='bbox 979 4979 1104 5033; x_wconf 89' lang='lat' dir='ltr'><strong>spes</strong></span> <span class='ocrx_word' id='word_1_361' title='bbox 1133 4965 1286 5022; x_wconf 89' lang='lat' dir='ltr'><strong>nobis</strong></span> <span class='ocrx_word' id='word_1_362' title='bbox 1325 4976 1408 5022; x_wconf 89' lang='lat' dir='ltr'><strong>est</strong></span> <span class='ocrx_word' id='word_1_363' title='bbox 1451 4966 1644 5023; x_wconf 78' lang='lat' dir='ltr'><strong>futura:</strong></span> <span class='ocrx_word' id='word_1_364' title='bbox 1687 4969 1813 5024; x_wconf 76' lang='lat' dir='ltr'><strong>vita:</strong></span> <span class='ocrx_word' id='word_1_365' title='bbox 1842 4988 1854 5024; x_wconf 92' lang='lat'><strong>:</strong></span> <span class='ocrx_word' id='word_1_366' title='bbox 1880 4972 1923 5025; x_wconf 91' lang='lat' dir='ltr'><strong>si</strong></span> <span class='ocrx_word' id='word_1_367' title='bbox 1951 4981 2128 5028; x_wconf 89' lang='lat' dir='ltr'><strong>autem</strong></span> 
     </span>
    </p>
   </div>
   <div class='ocr_carea' id='block_1_52' title="bbox 542 5055 2130 5127">
    <p class='ocr_par' dir='ltr' id='par_1_52' title="bbox 542 5055 2130 5127">
     <span class='ocr_line' id='line_1_52' title="bbox 542 5055 2130 5127; baseline 0.006 -19"><span class='ocrx_word' id='word_1_368' title='bbox 542 5065 817 5123; x_wconf 74' lang='lat' dir='ltr'><strong>resurgant</strong></span> <span class='ocrx_word' id='word_1_369' title='bbox 861 5055 1090 5120; x_wconf 86' lang='lat' dir='ltr'><strong>mortui,</strong></span> <span class='ocrx_word' id='word_1_370' title='bbox 1125 5057 1227 5110; x_wconf 90' lang='lat' dir='ltr'><strong>erit</strong></span> <span class='ocrx_word' id='word_1_371' title='bbox 1269 5057 1482 5127; x_wconf 77' lang='lat' dir='ltr'><strong>quidem</strong></span> <span class='ocrx_word' id='word_1_372' title='bbox 1529 5059 1634 5112; x_wconf 90' lang='lat' dir='ltr'><strong>vita</strong></span> <span class='ocrx_word' id='word_1_373' title='bbox 1682 5058 2014 5126; x_wconf 73' lang='lat' dir='ltr'><strong>l‘utura;sed</strong></span> <span class='ocrx_word' id='word_1_374' title='bbox 2043 5079 2130 5118; x_wconf 88' lang='lat' dir='ltr'><strong>se-</strong></span> 
     </span>
    </p>
   </div>
   <div class='ocr_carea' id='block_1_53' title="bbox 543 5144 2130 5225">
    <p class='ocr_par' dir='ltr' id='par_1_53' title="bbox 543 5144 2130 5225">
     <span class='ocr_line' id='line_1_53' title="bbox 543 5144 2130 5225; baseline 0.006 -25"><span class='ocrx_word' id='word_1_375' title='bbox 543 5144 713 5200; x_wconf 90' lang='lat' dir='ltr'><strong>cunda</strong></span> <span class='ocrx_word' id='word_1_376' title='bbox 739 5147 962 5215; x_wconf 65' lang='lat' dir='ltr'><strong>quaestio</strong></span> <span class='ocrx_word' id='word_1_377' title='bbox 986 5156 1089 5212; x_wconf 87' lang='lat' dir='ltr'><strong>est,</strong></span> <span class='ocrx_word' id='word_1_378' title='bbox 1107 5149 1280 5217; x_wconf 85' lang='lat' dir='ltr'><strong>qualis</strong></span> <span class='ocrx_word' id='word_1_379' title='bbox 1304 5150 1424 5204; x_wconf 88' lang='lat' dir='ltr'><strong>erit.</strong></span> <span class='ocrx_word' id='word_1_380' title='bbox 1447 5151 1619 5205; x_wconf 84' lang='lat' dir='ltr'><strong>Prima</strong></span> <span class='ocrx_word' id='word_1_381' title='bbox 1641 5151 1820 5225; x_wconf 81' lang='lat' dir='ltr'><strong>itaque</strong></span> <span class='ocrx_word' id='word_1_382' title='bbox 1839 5154 2130 5225; x_wconf 85' lang='lat' dir='ltr'><strong>disputatio</strong></span> 
     </span>
    </p>
   </div>
   <div class='ocr_carea' id='block_1_54' title="bbox 544 5223 2130 5302">
    <p class='ocr_par' dir='ltr' id='par_1_54' title="bbox 544 5223 2130 5302">
     <span class='ocr_line' id='line_1_54' title="bbox 544 5223 2130 5302; baseline 0.007 -12"><span class='ocrx_word' id='word_1_383' title='bbox 544 5249 658 5301; x_wconf 86' lang='lat' dir='ltr'><strong>est,</strong></span> <span class='ocrx_word' id='word_1_384' title='bbox 682 5246 854 5291; x_wconf 89' lang='lat' dir='ltr'><strong>utrum</strong></span> <span class='ocrx_word' id='word_1_385' title='bbox 881 5239 1051 5292; x_wconf 87' lang='lat' dir='ltr'><strong>futura</strong></span> <span class='ocrx_word' id='word_1_386' title='bbox 1077 5239 1145 5292; x_wconf 89' lang='lat' dir='ltr'><strong>sit</strong></span> <span class='ocrx_word' id='word_1_387' title='bbox 1165 5242 1484 5296; x_wconf 89' lang='lat' dir='ltr'><strong>resurrectio</strong></span> <span class='ocrx_word' id='word_1_388' title='bbox 1507 5223 1836 5300; x_wconf 68' lang='lat' dir='ltr'><strong>monitorum</strong></span> <span class='ocrx_word' id='word_1_389' title='bbox 1863 5266 1877 5300; x_wconf 88' lang='lat'><strong><em>:</em></strong></span> <span class='ocrx_word' id='word_1_390' title='bbox 1899 5223 2130 5302; x_wconf 80' lang='lat' dir='ltr'><strong>secunda</strong></span> 
     </span>
    </p>
   </div>
   <div class='ocr_carea' id='block_1_55' title="bbox 543 5328 2132 5400">
    <p class='ocr_par' dir='ltr' id='par_1_55' title="bbox 543 5328 2132 5400">
     <span class='ocr_line' id='line_1_55' title="bbox 543 5328 2132 5400; baseline 0.008 -20"><span class='ocrx_word' id='word_1_391' title='bbox 543 5341 672 5382; x_wconf 88' lang='lat' dir='ltr'><strong>vero</strong></span> <span class='ocrx_word' id='word_1_392' title='bbox 701 5328 988 5398; x_wconf 80' lang='lat' dir='ltr'><strong>disputatio</strong></span> <span class='ocrx_word' id='word_1_393' title='bbox 1019 5339 1120 5396; x_wconf 84' lang='lat' dir='ltr'><strong>est,</strong></span> <span class='ocrx_word' id='word_1_394' title='bbox 1151 5331 1320 5400; x_wconf 86' lang='lat' dir='ltr'><strong>qualis</strong></span> <span class='ocrx_word' id='word_1_395' title='bbox 1349 5330 1522 5388; x_wconf 79' lang='lat' dir='ltr'><strong>futura</strong></span> <span class='ocrx_word' id='word_1_396' title='bbox 1551 5343 1632 5388; x_wconf 74' lang='grc' dir='ltr'><strong>ρει</strong></span> <span class='ocrx_word' id='word_1_397' title='bbox 1657 5335 1708 5390; x_wconf 92' lang='lat' dir='ltr'><strong>in</strong></span> <span class='ocrx_word' id='word_1_398' title='bbox 1741 5337 2132 5393; x_wconf 86' lang='lat' dir='ltr'><strong>resurrectione</strong></span> 
     </span>
    </p>
   </div>
   <div class='ocr_carea' id='block_1_56' title="bbox 542 5423 998 5477">
    <p class='ocr_par' dir='ltr' id='par_1_56' title="bbox 542 5423 998 5477">
     <span class='ocr_line' id='line_1_56' title="bbox 542 5423 998 5477; baseline 0.002 -1"><span class='ocrx_word' id='word_1_399' title='bbox 542 5423 648 5477; x_wconf 83' lang='lat' dir='ltr'><strong>vita</strong></span> <span class='ocrx_word' id='word_1_400' title='bbox 675 5432 998 5477; x_wconf 86' lang='lat' dir='ltr'><strong>sanctorum.</strong></span> 
     </span>
    </p>
   </div>
   <div class='ocr_carea' id='block_1_57' title="bbox 606 5578 1546 5642">
    <p class='ocr_par' dir='ltr' id='par_1_57' title="bbox 606 5578 1546 5642">
     <span class='ocr_line' id='line_1_57' title="bbox 606 5578 1546 5642; baseline 0.003 -13"><span class='ocrx_word' id='word_1_401' title='bbox 606 5579 911 5642; x_wconf 55' lang='lat' dir='ltr'><strong>fastigatus</strong></span> <span class='ocrx_word' id='word_1_402' title='bbox 931 5579 988 5627; x_wconf 81' lang='lat' dir='ltr'><strong>ad</strong></span> <span class='ocrx_word' id='word_1_403' title='bbox 1012 5578 1060 5628; x_wconf 89' lang='lat' dir='ltr'><strong>d.</strong></span> <span class='ocrx_word' id='word_1_404' title='bbox 1085 5593 1125 5629; x_wconf 89' lang='lat' dir='ltr'><strong>r.</strong></span> <span class='ocrx_word' id='word_1_405' title='bbox 1155 5588 1190 5630; x_wconf 91' lang='lat' dir='ltr'><strong>t.</strong></span> <span class='ocrx_word' id='word_1_406' title='bbox 1210 5594 1256 5629; x_wconf 89' lang='lat' dir='ltr'><strong>v.</strong></span> <span class='ocrx_word' id='word_1_407' title='bbox 1285 5588 1335 5631; x_wconf 91' lang='lat' dir='ltr'><strong>et</strong></span> <span class='ocrx_word' id='word_1_408' title='bbox 1357 5581 1416 5639; x_wconf 88' lang='lat' dir='ltr'><strong>ad</strong></span> <span class='ocrx_word' id='word_1_409' title='bbox 1440 5589 1546 5633; x_wconf 74' lang='lat' dir='ltr'><strong>Iov.</strong></span> 
     </span>
    </p>
   </div>
   <div class='ocr_carea' id='block_1_58' title="bbox 609 5641 1426 5764">
    <p class='ocr_par' dir='ltr' id='par_1_58' title="bbox 609 5641 1426 5764">
     <span class='ocr_line' id='line_1_58' title="bbox 609 5641 1426 5700; baseline 0.002 -12"><span class='ocrx_word' id='word_1_410' title='bbox 609 5641 660 5700; x_wconf 88' lang='grc' dir='ltr'><strong>(α</strong></span> <span class='ocrx_word' id='word_1_411' title='bbox 718 5641 857 5694; x_wconf 81' lang='lat' dir='ltr'><strong>Alias.</strong></span> <span class='ocrx_word' id='word_1_412' title='bbox 885 5641 950 5690; x_wconf 88' lang='lat' dir='ltr'><strong>de</strong></span> <span class='ocrx_word' id='word_1_413' title='bbox 975 5642 1185 5690; x_wconf 82' lang='lat' dir='ltr'><strong>Diversis</strong></span> <span class='ocrx_word' id='word_1_414' title='bbox 1208 5641 1314 5692; x_wconf 73' lang='lat'><strong>1&#39;30.</strong></span> <span class='ocrx_word' id='word_1_415' title='bbox 1423 5695 1426 5698; x_wconf 96' lang='lat'><em>_</em></span> 
     </span>
     <span class='ocr_line' id='line_1_59' title="bbox 609 5643 1426 5764; baseline 0.006 -14"><span class='ocrx_word' id='word_1_416' title='bbox 609 5643 682 5764; x_wconf 49' lang='lat' dir='ltr'><strong>(bi</strong></span> <span class='ocrx_word' id='word_1_417' title='bbox 695 5703 948 5762; x_wconf 83' lang='lat' dir='ltr'><strong>Possidius,</strong></span> <span class='ocrx_word' id='word_1_418' title='bbox 969 5705 1020 5752; x_wconf 89' lang='lat' dir='ltr'><strong>in</strong></span> <span class='ocrx_word' id='word_1_419' title='bbox 1043 5701 1270 5764; x_wconf 87' lang='lat' dir='ltr'><strong>tndieulo,</strong></span> <span class='ocrx_word' id='word_1_420' title='bbox 1295 5717 1398 5764; x_wconf 84' lang='lat' dir='ltr'><strong>cap.</strong></span> <span class='ocrx_word' id='word_1_421' title='bbox 1418 5709 1426 5754; x_wconf 75' lang='lat' dir='ltr'><strong>t</strong></span> 
     </span>
    </p>
   </div>
   <div class='ocr_carea' id='block_1_59' title="bbox 607 5701 2134 5768">
    <p class='ocr_par' dir='ltr' id='par_1_59' title="bbox 607 5701 2134 5768">
     <span class='ocr_line' id='line_1_60' title="bbox 607 5701 2134 5768; baseline 0.004 -18"><span class='ocrx_word' id='word_1_422' title='bbox 607 5701 680 5764; x_wconf 77' lang='grc' dir='ltr'><strong>(ὁ)</strong></span> <span class='ocrx_word' id='word_1_423' title='bbox 695 5703 948 5768; x_wconf 81' lang='lat' dir='ltr'><strong>Possidius,</strong></span> <span class='ocrx_word' id='word_1_424' title='bbox 969 5705 1020 5752; x_wconf 86' lang='lat' dir='ltr'><strong>in</strong></span> <span class='ocrx_word' id='word_1_425' title='bbox 1043 5701 1270 5764; x_wconf 85' lang='lat' dir='ltr'><strong>tndiculo,</strong></span> <span class='ocrx_word' id='word_1_426' title='bbox 1295 5717 1398 5768; x_wconf 85' lang='lat' dir='ltr'><strong>cap.</strong></span> <span class='ocrx_word' id='word_1_427' title='bbox 1418 5707 1464 5768; x_wconf 75' lang='grc'><strong>1,</strong></span> <span class='ocrx_word' id='word_1_428' title='bbox 1481 5713 1614 5758; x_wconf 82' lang='lat' dir='ltr'><strong>notat</strong></span> <span class='ocrx_word' id='word_1_429' title='bbox 1637 5725 1660 5753; x_wconf 76' lang='grc' dir='ltr'><strong>ιι</strong></span> <span class='ocrx_word' id='word_1_430' title='bbox 1679 5706 1744 5756; x_wconf 90' lang='lat' dir='ltr'><strong>de</strong></span> <span class='ocrx_word' id='word_1_431' title='bbox 1763 5706 2134 5758; x_wconf 74' lang='lat' dir='ltr'><strong>Resurrectione</strong></span> 
     </span>
    </p>
   </div>
   <div class='ocr_carea' id='block_1_60' title="bbox 542 5767 2135 5828">
    <p class='ocr_par' dir='ltr' id='par_1_60' title="bbox 542 5767 2135 5828">
     <span class='ocr_line' id='line_1_61' title="bbox 542 5767 2135 5828; baseline 0.006 -18"><span class='ocrx_word' id='word_1_432' title='bbox 542 5769 773 5828; x_wconf 73' lang='lat' dir='ltr'><strong>tractatus</strong></span> <span class='ocrx_word' id='word_1_433' title='bbox 790 5767 927 5814; x_wconf 88' lang='lat' dir='ltr'><strong>duos.</strong></span> <span class='ocrx_word' id='word_1_434' title='bbox 953 5782 974 5810; x_wconf 77' lang='grc' dir='ltr'><strong>ιι</strong></span> <span class='ocrx_word' id='word_1_435' title='bbox 1004 5768 1206 5828; x_wconf 82' lang='lat' dir='ltr'><strong>Primum</strong></span> <span class='ocrx_word' id='word_1_436' title='bbox 1239 5767 1360 5817; x_wconf 82' lang='lat' dir='ltr'><strong>citat</strong></span> <span class='ocrx_word' id='word_1_437' title='bbox 1390 5767 1555 5826; x_wconf 79' lang='lat' dir='ltr'><strong>Florus</strong></span> <span class='ocrx_word' id='word_1_438' title='bbox 1575 5769 1634 5820; x_wconf 87' lang='lat' dir='ltr'><strong>ad</strong></span> <span class='ocrx_word' id='word_1_439' title='bbox 1665 5775 1804 5818; x_wconf 84' lang='lat' dir='ltr'><strong>tCor.</strong></span> <span class='ocrx_word' id='word_1_440' title='bbox 1843 5783 1936 5828; x_wconf 83' lang='lat' dir='ltr'><strong>xv;</strong></span> <span class='ocrx_word' id='word_1_441' title='bbox 1959 5781 2135 5820; x_wconf 85' lang='lat' dir='ltr'><strong>secun-</strong></span> 
     </span>
    </p>
   </div>
   <div class='ocr_carea' id='block_1_61' title="bbox 546 5823 1965 5893">
    <p class='ocr_par' dir='ltr' id='par_1_61' title="bbox 546 5823 1965 5893">
     <span class='ocr_line' id='line_1_62' title="bbox 546 5823 1965 5893; baseline 0.006 -21"><span class='ocrx_word' id='word_1_442' title='bbox 546 5823 678 5882; x_wconf 83' lang='lat' dir='ltr'><strong>dum,</strong></span> <span class='ocrx_word' id='word_1_443' title='bbox 703 5825 833 5876; x_wconf 89' lang='lat' dir='ltr'><strong>idem</strong></span> <span class='ocrx_word' id='word_1_444' title='bbox 855 5829 957 5890; x_wconf 84' lang='lat' dir='ltr'><strong>ipse</strong></span> <span class='ocrx_word' id='word_1_445' title='bbox 981 5840 1036 5877; x_wconf 89' lang='lat' dir='ltr'><strong>ac</strong></span> <span class='ocrx_word' id='word_1_446' title='bbox 1058 5827 1181 5879; x_wconf 82' lang='lat' dir='ltr'><strong>Beda</strong></span> <span class='ocrx_word' id='word_1_447' title='bbox 1204 5828 1260 5878; x_wconf 85' lang='lat' dir='ltr'><strong>ad</strong></span> <span class='ocrx_word' id='word_1_448' title='bbox 1285 5835 1298 5878; x_wconf 91' lang='lat' dir='ltr'><strong>t</strong></span> <span class='ocrx_word' id='word_1_449' title='bbox 1321 5836 1424 5880; x_wconf 84' lang='lat' dir='ltr'><strong>Cor.</strong></span> <span class='ocrx_word' id='word_1_450' title='bbox 1453 5823 1533 5893; x_wconf 68' lang='lat' dir='ltr'><strong>sv,</strong></span> <span class='ocrx_word' id='word_1_451' title='bbox 1555 5839 1603 5882; x_wconf 89' lang='lat' dir='ltr'><strong>et</strong></span> <span class='ocrx_word' id='word_1_452' title='bbox 1620 5831 1679 5881; x_wconf 79' lang='lat' dir='ltr'><strong>ad</strong></span> <span class='ocrx_word' id='word_1_453' title='bbox 1701 5823 1965 5881; x_wconf 53' lang='lat'><strong>001358.11}.</strong></span> 
     </span>
    </p>
   </div>
   <div class='ocr_carea' id='block_1_62' title="bbox 1767 299 2572 386">
    <p class='ocr_par' dir='ltr' id='par_1_62' title="bbox 1767 299 2572 386">
     <span class='ocr_line' id='line_1_63' title="bbox 1767 299 2572 386; baseline -0.004 -3"><span class='ocrx_word' id='word_1_454' title='bbox 1767 325 1828 386; x_wconf 90' lang='lat' dir='ltr'><strong>s.</strong></span> <span class='ocrx_word' id='word_1_455' title='bbox 1867 299 2230 384; x_wconf 72' lang='lat' dir='ltr'><strong>mensum</strong></span> <span class='ocrx_word' id='word_1_456' title='bbox 2269 323 2572 382; x_wconf 83' lang='lat' dir='ltr'><strong>EPISCOPI</strong></span> 
     </span>
    </p>
   </div>
   <div class='ocr_carea' id='block_1_63' title="bbox 3671 325 3806 384">
    <p class='ocr_par' dir='ltr' id='par_1_63' title="bbox 3671 325 3806 384">
     <span class='ocr_line' id='line_1_64' title="bbox 3671 325 3806 384; baseline 0.03 -4"><span class='ocrx_word' id='word_1_457' title='bbox 3671 325 3806 384; x_wconf 73' lang='grc' dir='ltr'><strong>ωοο</strong></span> 
     </span>
    </p>
   </div>
   <div class='ocr_carea' id='block_1_64' title="bbox 2289 433 3806 506">
    <p class='ocr_par' dir='ltr' id='par_1_64' title="bbox 2289 433 3806 506">
     <span class='ocr_line' id='line_1_65' title="bbox 2289 433 3806 506; baseline 0 -14"><span class='ocrx_word' id='word_1_458' title='bbox 2289 435 2514 493; x_wconf 75' lang='lat' dir='ltr'><strong>CAPUT</strong></span> <span class='ocrx_word' id='word_1_459' title='bbox 2547 435 2631 492; x_wconf 90' lang='grc' dir='ltr'><strong>ΙΙΙ.</strong></span> <span class='ocrx_word' id='word_1_460' title='bbox 2651 467 2709 476; x_wconf 90' lang='grc'><strong><em>-</em></strong></span> <span class='ocrx_word' id='word_1_461' title='bbox 2741 433 2882 493; x_wconf 77' lang='grc' dir='ltr'><strong>5.1η</strong></span> <span class='ocrx_word' id='word_1_462' title='bbox 2923 437 3083 492; x_wconf 87' lang='lat' dir='ltr'><strong>altera</strong></span> <span class='ocrx_word' id='word_1_463' title='bbox 3121 436 3342 506; x_wconf 77' lang='lat' dir='ltr'><strong>inﬁdelis</strong></span> <span class='ocrx_word' id='word_1_464' title='bbox 3380 444 3536 505; x_wconf 80' lang='lat' dir='ltr'><strong>errat,</strong></span> <span class='ocrx_word' id='word_1_465' title='bbox 3565 437 3618 492; x_wconf 85' lang='lat' dir='ltr'><strong>in</strong></span> <span class='ocrx_word' id='word_1_466' title='bbox 3643 438 3806 492; x_wconf 80' lang='lat' dir='ltr'><strong>altera</strong></span> 
     </span>
    </p>
   </div>
   <div class='ocr_carea' id='block_1_65' title="bbox 2220 526 3804 600">
    <p class='ocr_par' dir='ltr' id='par_1_65' title="bbox 2220 526 3804 600">
     <span class='ocr_line' id='line_1_66' title="bbox 2220 526 3804 600; baseline 0.002 -19"><span class='ocrx_word' id='word_1_467' title='bbox 2220 527 2525 583; x_wconf 82' lang='lat' dir='ltr'><strong>christianus</strong></span> <span class='ocrx_word' id='word_1_468' title='bbox 2542 529 2781 581; x_wconf 82' lang='lat' dir='ltr'><strong>carnalis.</strong></span> <span class='ocrx_word' id='word_1_469' title='bbox 2797 526 3116 583; x_wconf 84' lang='lat' dir='ltr'><strong>Christianus</strong></span> <span class='ocrx_word' id='word_1_470' title='bbox 3130 529 3442 583; x_wconf 83' lang='lat' dir='ltr'><strong>auctoritatis</strong></span> <span class='ocrx_word' id='word_1_471' title='bbox 3461 530 3684 600; x_wconf 82' lang='lat' dir='ltr'><strong>pondere</strong></span> <span class='ocrx_word' id='word_1_472' title='bbox 3705 530 3804 584; x_wconf 76' lang='lat' dir='ltr'><strong>du-</strong></span> 
     </span>
    </p>
   </div>
   <div class='ocr_carea' id='block_1_66' title="bbox 2219 615 3837 692">
    <p class='ocr_par' dir='ltr' id='par_1_66' title="bbox 2219 615 3837 692">
     <span class='ocr_line' id='line_1_67' title="bbox 2219 615 3837 692; baseline -0.001 -17"><span class='ocrx_word' id='word_1_473' title='bbox 2219 621 2426 675; x_wconf 84' lang='lat' dir='ltr'><strong>cendus.</strong></span> <span class='ocrx_word' id='word_1_474' title='bbox 2455 620 2554 688; x_wconf 85' lang='lat' dir='ltr'><strong>Qui</strong></span> <span class='ocrx_word' id='word_1_475' title='bbox 2575 636 2702 691; x_wconf 90' lang='lat' dir='ltr'><strong>ergo</strong></span> <span class='ocrx_word' id='word_1_476' title='bbox 2728 619 2911 676; x_wconf 92' lang='lat' dir='ltr'><strong>dicunt</strong></span> <span class='ocrx_word' id='word_1_477' title='bbox 2940 631 3178 676; x_wconf 89' lang='lat' dir='ltr'><strong>mortuos</strong></span> <span class='ocrx_word' id='word_1_478' title='bbox 3210 637 3314 675; x_wconf 90' lang='lat' dir='ltr'><strong>non</strong></span> <span class='ocrx_word' id='word_1_479' title='bbox 3337 637 3640 692; x_wconf 80' lang='lat' dir='ltr'><strong>resurgere,</strong></span> <span class='ocrx_word' id='word_1_480' title='bbox 3663 615 3837 676; x_wconf 84' lang='lat' dir='ltr'><strong>chri-&#39;</strong></span> 
     </span>
    </p>
   </div>
   <div class='ocr_carea' id='block_1_67' title="bbox 2220 701 3808 780">
    <p class='ocr_par' dir='ltr' id='par_1_67' title="bbox 2220 701 3808 780">
     <span class='ocr_line' id='line_1_68' title="bbox 2220 701 3808 780; baseline 0 -16"><span class='ocrx_word' id='word_1_481' title='bbox 2220 711 2377 764; x_wconf 86' lang='lat' dir='ltr'><strong>stiani</strong></span> <span class='ocrx_word' id='word_1_482' title='bbox 2406 725 2512 764; x_wconf 88' lang='lat' dir='ltr'><strong>non</strong></span> <span class='ocrx_word' id='word_1_483' title='bbox 2543 719 2666 764; x_wconf 88' lang='lat' dir='ltr'><strong>sunt</strong></span> <span class='ocrx_word' id='word_1_484' title='bbox 2692 727 2704 763; x_wconf 93' lang='lat'>:</span> <span class='ocrx_word' id='word_1_485' title='bbox 2730 710 2820 780; x_wconf 88' lang='lat' dir='ltr'><strong>qui</strong></span> <span class='ocrx_word' id='word_1_486' title='bbox 2852 726 2978 764; x_wconf 87' lang='lat' dir='ltr'><strong>vero</strong></span> <span class='ocrx_word' id='word_1_487' title='bbox 3003 721 3190 780; x_wconf 88' lang='lat' dir='ltr'><strong>putant</strong></span> <span class='ocrx_word' id='word_1_488' title='bbox 3214 720 3454 765; x_wconf 90' lang='lat' dir='ltr'><strong>mortuos</strong></span> <span class='ocrx_word' id='word_1_489' title='bbox 3475 701 3594 765; x_wconf 84' lang='lat' dir='ltr'><strong>cum</strong></span> <span class='ocrx_word' id='word_1_490' title='bbox 3623 725 3808 766; x_wconf 78' lang='lat' dir='ltr'><strong>resur-</strong></span> 
     </span>
    </p>
   </div>
   <div class='ocr_carea' id='block_1_68' title="bbox 2219 798 3812 864">
    <p class='ocr_par' dir='ltr' id='par_1_68' title="bbox 2219 798 3812 864">
     <span class='ocr_line' id='line_1_69' title="bbox 2219 798 3812 864; baseline 0 -8"><span class='ocrx_word' id='word_1_491' title='bbox 2219 801 2475 863; x_wconf 75' lang='lat' dir='ltr'><strong>rexerint,</strong></span> <span class='ocrx_word' id='word_1_492' title='bbox 2506 798 2792 854; x_wconf 69' lang='lat' dir='ltr'><strong>carnaliter</strong></span> <span class='ocrx_word' id='word_1_493' title='bbox 2819 815 2940 855; x_wconf 77' lang='lat' dir='ltr'><strong>esse</strong></span> <span class='ocrx_word' id='word_1_494' title='bbox 2967 800 3198 856; x_wconf 82' lang='lat' dir='ltr'><strong>victuros</strong></span> <span class='ocrx_word' id='word_1_495' title='bbox 3218 841 3233 864; x_wconf 93' lang='lat'><strong>,</strong></span> <span class='ocrx_word' id='word_1_496' title='bbox 3261 801 3501 856; x_wconf 86' lang='lat' dir='ltr'><strong>carnales</strong></span> <span class='ocrx_word' id='word_1_497' title='bbox 3532 801 3812 856; x_wconf 85' lang='lat' dir='ltr'><strong>christiani</strong></span> 
     </span>
    </p>
   </div>
   <div class='ocr_carea' id='block_1_69' title="bbox 2219 891 3809 962">
    <p class='ocr_par' dir='ltr' id='par_1_69' title="bbox 2219 891 3809 962">
     <span class='ocr_line' id='line_1_70' title="bbox 2219 891 3809 962; baseline -0.001 -17"><span class='ocrx_word' id='word_1_498' title='bbox 2219 904 2361 946; x_wconf 89' lang='lat' dir='ltr'><strong>sunt.</strong></span> <span class='ocrx_word' id='word_1_499' title='bbox 2407 891 2670 962; x_wconf 85' lang='lat' dir='ltr'><strong>Quidquid</strong></span> <span class='ocrx_word' id='word_1_500' title='bbox 2719 907 2846 962; x_wconf 84' lang='lat' dir='ltr'><strong>ergo</strong></span> <span class='ocrx_word' id='word_1_501' title='bbox 2893 891 3269 960; x_wconf 81' lang='lat' dir='ltr'><strong>diSputationis</strong></span> <span class='ocrx_word' id='word_1_502' title='bbox 3298 901 3380 946; x_wconf 88' lang='lat' dir='ltr'><strong>est</strong></span> <span class='ocrx_word' id='word_1_503' title='bbox 3405 891 3661 946; x_wconf 79' lang='lat' dir='ltr'><strong>adversus</strong></span> <span class='ocrx_word' id='word_1_504' title='bbox 3689 894 3809 960; x_wconf 90' lang='lat' dir='ltr'><strong>opi-</strong></span> 
     </span>
    </p>
   </div>
   <div class='ocr_carea' id='block_1_70' title="bbox 2219 981 3812 1051">
    <p class='ocr_par' dir='ltr' id='par_1_70' title="bbox 2219 981 3812 1051">
     <span class='ocr_line' id='line_1_71' title="bbox 2219 981 3812 1051; baseline 0.001 -17"><span class='ocrx_word' id='word_1_505' title='bbox 2219 981 2435 1035; x_wconf 89' lang='lat' dir='ltr'><strong>nionem</strong></span> <span class='ocrx_word' id='word_1_506' title='bbox 2479 997 2665 1035; x_wconf 90' lang='lat' dir='ltr'><strong>eorum</strong></span> <span class='ocrx_word' id='word_1_507' title='bbox 2713 983 2802 1051; x_wconf 91' lang='lat' dir='ltr'><strong>qui</strong></span> <span class='ocrx_word' id='word_1_508' title='bbox 2853 983 3300 1037; x_wconf 89' lang='lat' dir='ltr'><strong>resurrectionem</strong></span> <span class='ocrx_word' id='word_1_509' title='bbox 3347 991 3674 1036; x_wconf 89' lang='lat' dir='ltr'><strong>mortuorum</strong></span> <span class='ocrx_word' id='word_1_510' title='bbox 3716 997 3812 1036; x_wconf 89' lang='lat' dir='ltr'><strong>ne-</strong></span> 
     </span>
    </p>
   </div>
   <div class='ocr_carea' id='block_1_71' title="bbox 2218 1071 3810 1142">
    <p class='ocr_par' dir='ltr' id='par_1_71' title="bbox 2218 1071 3810 1142">
     <span class='ocr_line' id='line_1_72' title="bbox 2218 1071 3810 1142; baseline 0.004 -20"><span class='ocrx_word' id='word_1_511' title='bbox 2218 1079 2378 1139; x_wconf 86' lang='lat' dir='ltr'><strong>gant,</strong></span> <span class='ocrx_word' id='word_1_512' title='bbox 2417 1071 2674 1124; x_wconf 85' lang='lat' dir='ltr'><strong>adversus</strong></span> <span class='ocrx_word' id='word_1_513' title='bbox 2717 1085 2810 1125; x_wconf 79' lang='lat' dir='ltr'><strong>eos</strong></span> <span class='ocrx_word' id='word_1_514' title='bbox 2855 1082 2935 1125; x_wconf 92' lang='lat' dir='ltr'><strong>est</strong></span> <span class='ocrx_word' id='word_1_515' title='bbox 2979 1073 3068 1142; x_wconf 92' lang='lat' dir='ltr'><strong>qui</strong></span> <span class='ocrx_word' id='word_1_516' title='bbox 3109 1072 3248 1138; x_wconf 78' lang='lat' dir='ltr'><strong>foris</strong></span> <span class='ocrx_word' id='word_1_517' title='bbox 3295 1084 3445 1138; x_wconf 91' lang='lat' dir='ltr'><strong>sunt,</strong></span> <span class='ocrx_word' id='word_1_518' title='bbox 3474 1087 3539 1126; x_wconf 81' lang='lat' dir='ltr'><strong>ex</strong></span> <span class='ocrx_word' id='word_1_519' title='bbox 3582 1089 3810 1142; x_wconf 88' lang='lat' dir='ltr'><strong>quorum</strong></span> 
     </span>
    </p>
   </div>
   <div class='ocr_carea' id='block_1_72' title="bbox 2220 1163 3812 1234">
    <p class='ocr_par' dir='ltr' id='par_1_72' title="bbox 2220 1163 3812 1234">
     <span class='ocr_line' id='line_1_73' title="bbox 2220 1163 3812 1234; baseline 0.003 -19"><span class='ocrx_word' id='word_1_520' title='bbox 2220 1178 2444 1216; x_wconf 90' lang='lat' dir='ltr'><strong>numero</strong></span> <span class='ocrx_word' id='word_1_521' title='bbox 2472 1179 2577 1216; x_wconf 69' lang='lat' dir='ltr'><strong>non</strong></span> <span class='ocrx_word' id='word_1_522' title='bbox 2605 1163 2692 1218; x_wconf 89' lang='lat' dir='ltr'><strong>hic</strong></span> <span class='ocrx_word' id='word_1_523' title='bbox 2715 1163 2942 1218; x_wconf 78' lang='lat' dir='ltr'><strong>arbitror</strong></span> <span class='ocrx_word' id='word_1_524' title='bbox 2959 1163 3146 1218; x_wconf 88' lang='lat' dir='ltr'><strong>adesse</strong></span> <span class='ocrx_word' id='word_1_525' title='bbox 3172 1165 3422 1234; x_wconf 89' lang='lat' dir='ltr'><strong>aliquem.</strong></span> <span class='ocrx_word' id='word_1_526' title='bbox 3447 1163 3596 1220; x_wconf 90' lang='lat' dir='ltr'><strong>Unde</strong></span> <span class='ocrx_word' id='word_1_527' title='bbox 3623 1181 3812 1233; x_wconf 87' lang='lat' dir='ltr'><strong>super-</strong></span> 
     </span>
    </p>
   </div>
   <div class='ocr_carea' id='block_1_73' title="bbox 2217 1251 3812 1320">
    <p class='ocr_par' dir='ltr' id='par_1_73' title="bbox 2217 1251 3812 1320">
     <span class='ocr_line' id='line_1_74' title="bbox 2217 1251 3812 1320; baseline 0.002 -14"><span class='ocrx_word' id='word_1_528' title='bbox 2217 1251 2321 1306; x_wconf 82' lang='lat' dir='ltr'><strong>ﬂua</strong></span> <span class='ocrx_word' id='word_1_529' title='bbox 2355 1252 2516 1305; x_wconf 85' lang='lat' dir='ltr'><strong>videri</strong></span> <span class='ocrx_word' id='word_1_530' title='bbox 2551 1261 2724 1320; x_wconf 86' lang='lat' dir='ltr'><strong>potest</strong></span> <span class='ocrx_word' id='word_1_531' title='bbox 2763 1265 2942 1305; x_wconf 90' lang='lat' dir='ltr'><strong>nostra</strong></span> <span class='ocrx_word' id='word_1_532' title='bbox 2971 1253 3218 1308; x_wconf 90' lang='lat' dir='ltr'><strong>dissertio</strong></span> <span class='ocrx_word' id='word_1_533' title='bbox 3247 1294 3260 1318; x_wconf 92' lang='lat'><strong>,</strong></span> <span class='ocrx_word' id='word_1_534' title='bbox 3317 1253 3362 1308; x_wconf 89' lang='lat' dir='ltr'><strong>si</strong></span> <span class='ocrx_word' id='word_1_535' title='bbox 3417 1253 3576 1308; x_wconf 73' lang='lat' dir='ltr'><strong>fuerit</strong></span> <span class='ocrx_word' id='word_1_536' title='bbox 3613 1254 3812 1309; x_wconf 86' lang='lat' dir='ltr'><strong>inuno-</strong></span> 
     </span>
    </p>
   </div>
   <div class='ocr_carea' id='block_1_74' title="bbox 2219 1341 3814 1413">
    <p class='ocr_par' dir='ltr' id='par_1_74' title="bbox 2219 1341 3814 1413">
     <span class='ocr_line' id='line_1_75' title="bbox 2219 1341 3814 1413; baseline 0 -19"><span class='ocrx_word' id='word_1_537' title='bbox 2219 1351 2360 1402; x_wconf 89' lang='lat' dir='ltr'><strong>rata,</strong></span> <span class='ocrx_word' id='word_1_538' title='bbox 2399 1349 2454 1393; x_wconf 85' lang='grc' dir='ltr'><strong>ιιι</strong></span> <span class='ocrx_word' id='word_1_539' title='bbox 2481 1341 2674 1395; x_wconf 85' lang='lat' dir='ltr'><strong>docere</strong></span> <span class='ocrx_word' id='word_1_540' title='bbox 2713 1357 2970 1395; x_wconf 87' lang='lat' dir='ltr'><strong>conemur</strong></span> <span class='ocrx_word' id='word_1_541' title='bbox 3019 1357 3298 1413; x_wconf 81' lang='lat' dir='ltr'><strong>resurgere</strong></span> <span class='ocrx_word' id='word_1_542' title='bbox 3325 1353 3581 1396; x_wconf 87' lang='lat' dir='ltr'><strong>mortuos.</strong></span> <span class='ocrx_word' id='word_1_543' title='bbox 3609 1348 3814 1398; x_wconf 84' lang='lat' dir='ltr'><strong>Aucto-</strong></span> 
     </span>
    </p>
   </div>
   <div class='ocr_carea' id='block_1_75' title="bbox 2219 1430 3812 1504">
    <p class='ocr_par' dir='ltr' id='par_1_75' title="bbox 2219 1430 3812 1504">
     <span class='ocr_line' id='line_1_76' title="bbox 2219 1430 3812 1504; baseline 0.003 -19"><span class='ocrx_word' id='word_1_544' title='bbox 2219 1430 2392 1485; x_wconf 86' lang='lat' dir='ltr'><strong>ritatis</strong></span> <span class='ocrx_word' id='word_1_545' title='bbox 2438 1431 2578 1484; x_wconf 89' lang='lat' dir='ltr'><strong>enim</strong></span> <span class='ocrx_word' id='word_1_546' title='bbox 2623 1432 2860 1502; x_wconf 79' lang='lat' dir='ltr'><strong>pondere</strong></span> <span class='ocrx_word' id='word_1_547' title='bbox 2909 1432 3228 1486; x_wconf 87' lang='lat' dir='ltr'><strong>christianos</strong></span> <span class='ocrx_word' id='word_1_548' title='bbox 3273 1431 3546 1488; x_wconf 83' lang='lat' dir='ltr'><strong>ducendus</strong></span> <span class='ocrx_word' id='word_1_549' title='bbox 3575 1443 3689 1499; x_wconf 91' lang='lat' dir='ltr'><strong>est,</strong></span> <span class='ocrx_word' id='word_1_550' title='bbox 3717 1436 3812 1504; x_wconf 89' lang='lat' dir='ltr'><strong>qui</strong></span> 
     </span>
    </p>
   </div>
   <div class='ocr_carea' id='block_1_76' title="bbox 2214 1521 3814 1593">
    <p class='ocr_par' dir='ltr' id='par_1_76' title="bbox 2214 1521 3814 1593">
     <span class='ocr_line' id='line_1_77' title="bbox 2214 1521 3814 1593; baseline 0.004 -19"><span class='ocrx_word' id='word_1_551' title='bbox 2214 1522 2322 1590; x_wconf 86' lang='lat' dir='ltr'><strong>jam</strong></span> <span class='ocrx_word' id='word_1_552' title='bbox 2350 1521 2562 1575; x_wconf 87' lang='lat' dir='ltr'><strong>Christo</strong></span> <span class='ocrx_word' id='word_1_553' title='bbox 2601 1521 2853 1584; x_wconf 88' lang='lat' dir='ltr'><strong>credidit,</strong></span> <span class='ocrx_word' id='word_1_554' title='bbox 2882 1523 2970 1592; x_wconf 88' lang='lat' dir='ltr'><strong>qui</strong></span> <span class='ocrx_word' id='word_1_555' title='bbox 3017 1523 3162 1578; x_wconf 90' lang='lat' dir='ltr'><strong>nullo</strong></span> <span class='ocrx_word' id='word_1_556' title='bbox 3209 1524 3368 1579; x_wconf 89' lang='lat' dir='ltr'><strong>modo</strong></span> <span class='ocrx_word' id='word_1_557' title='bbox 3417 1533 3563 1593; x_wconf 89' lang='lat' dir='ltr'><strong>putat</strong></span> <span class='ocrx_word' id='word_1_558' title='bbox 3591 1525 3814 1580; x_wconf 89' lang='lat' dir='ltr'><strong>mentiri</strong></span> 
     </span>
    </p>
   </div>
   <div class='ocr_carea' id='block_1_77' title="bbox 2220 1613 3817 1684">
    <p class='ocr_par' dir='ltr' id='par_1_77' title="bbox 2220 1613 3817 1684">
     <span class='ocr_line' id='line_1_78' title="bbox 2220 1613 3817 1684; baseline 0.001 -16"><span class='ocrx_word' id='word_1_559' title='bbox 2220 1615 2557 1682; x_wconf 83' lang='lat' dir='ltr'><strong>Apostolum.</strong></span> <span class='ocrx_word' id='word_1_560' title='bbox 2589 1613 2794 1668; x_wconf 86' lang='lat' dir='ltr'><strong>Suflicit</strong></span> <span class='ocrx_word' id='word_1_561' title='bbox 2816 1629 2942 1684; x_wconf 85' lang='lat' dir='ltr'><strong>ergo</strong></span> <span class='ocrx_word' id='word_1_562' title='bbox 2973 1626 3028 1667; x_wconf 91' lang='lat' dir='ltr'><strong>nt</strong></span> <span class='ocrx_word' id='word_1_563' title='bbox 3055 1615 3154 1670; x_wconf 90' lang='lat' dir='ltr'><strong>iste</strong></span> <span class='ocrx_word' id='word_1_564' title='bbox 3181 1617 3380 1680; x_wconf 86' lang='lat' dir='ltr'><strong>audiat,</strong></span> <span class='ocrx_word' id='word_1_565' title='bbox 3416 1615 3476 1670; x_wconf 88' lang='lat' dir='ltr'><strong>Si</strong></span> <span class='ocrx_word' id='word_1_566' title='bbox 3497 1619 3680 1670; x_wconf 84' lang='lat' dir='ltr'><strong>mortui</strong></span> <span class='ocrx_word' id='word_1_567' title='bbox 3709 1633 3817 1670; x_wconf 80' lang='lat' dir='ltr'><strong>non</strong></span> 
     </span>
    </p>
   </div>
   <div class='ocr_carea' id='block_1_78' title="bbox 2217 1704 3817 1775">
    <p class='ocr_par' dir='ltr' id='par_1_78' title="bbox 2217 1704 3817 1775">
     <span class='ocr_line' id='line_1_79' title="bbox 2217 1704 3817 1775; baseline 0.001 -17"><span class='ocrx_word' id='word_1_568' title='bbox 2217 1713 2517 1775; x_wconf 82' lang='lat' dir='ltr'><strong>resurgunt,</strong></span> <span class='ocrx_word' id='word_1_569' title='bbox 2559 1705 2724 1759; x_wconf 80' lang='lat' dir='ltr'><strong>inanis</strong></span> <span class='ocrx_word' id='word_1_570' title='bbox 2767 1715 2840 1758; x_wconf 80' lang='lat' dir='ltr'><strong>est</strong></span> <span class='ocrx_word' id='word_1_571' title='bbox 2879 1704 3170 1775; x_wconf 77' lang='lat' dir='ltr'><strong>prtcdicatio</strong></span> <span class='ocrx_word' id='word_1_572' title='bbox 3209 1717 3410 1770; x_wconf 81' lang='lat' dir='ltr'><strong>nostra,</strong></span> <span class='ocrx_word' id='word_1_573' title='bbox 3447 1706 3614 1760; x_wconf 82' lang='lat' dir='ltr'><strong>inanis</strong></span> <span class='ocrx_word' id='word_1_574' title='bbox 3653 1715 3727 1759; x_wconf 84' lang='lat' dir='ltr'><strong>est</strong></span> <span class='ocrx_word' id='word_1_575' title='bbox 3763 1715 3817 1760; x_wconf 79' lang='lat' dir='ltr'><strong>et</strong></span> 
     </span>
    </p>
   </div>
   <div class='ocr_carea' id='block_1_79' title="bbox 2219 1794 3820 1868">
    <p class='ocr_par' dir='ltr' id='par_1_79' title="bbox 2219 1794 3820 1868">
     <span class='ocr_line' id='line_1_80' title="bbox 2219 1794 3820 1868; baseline 0.002 -22"><span class='ocrx_word' id='word_1_576' title='bbox 2219 1794 2343 1862; x_wconf 74' lang='lat' dir='ltr'><strong>ﬁdes</strong></span> <span class='ocrx_word' id='word_1_577' title='bbox 2371 1804 2552 1848; x_wconf 80' lang='lat' dir='ltr'><strong>vestra.</strong></span> <span class='ocrx_word' id='word_1_578' title='bbox 2597 1794 2658 1850; x_wconf 87' lang='lat' dir='ltr'><strong>Si</strong></span> <span class='ocrx_word' id='word_1_579' title='bbox 2684 1797 2902 1860; x_wconf 85' lang='lat' dir='ltr'><strong>mortui,</strong></span> <span class='ocrx_word' id='word_1_580' title='bbox 2927 1796 3131 1865; x_wconf 82' lang='lat' dir='ltr'><strong>inquit,</strong></span> <span class='ocrx_word' id='word_1_581' title='bbox 3170 1813 3268 1849; x_wconf 83' lang='lat' dir='ltr'><strong>non</strong></span> <span class='ocrx_word' id='word_1_582' title='bbox 3313 1805 3612 1868; x_wconf 79' lang='lat' dir='ltr'><strong>resurgunt,</strong></span> <span class='ocrx_word' id='word_1_583' title='bbox 3652 1813 3820 1866; x_wconf 81' lang='lat' dir='ltr'><strong>neque</strong></span> 
     </span>
    </p>
   </div>
   <div class='ocr_carea' id='block_1_80' title="bbox 2217 1883 3819 1957">
    <p class='ocr_par' dir='ltr' id='par_1_80' title="bbox 2217 1883 3819 1957">
     <span class='ocr_line' id='line_1_81' title="bbox 2217 1883 3819 1957; baseline 0.001 -18"><span class='ocrx_word' id='word_1_584' title='bbox 2217 1883 2446 1939; x_wconf 76' lang='lat' dir='ltr'><strong>Christus</strong></span> <span class='ocrx_word' id='word_1_585' title='bbox 2483 1887 2756 1940; x_wconf 69' lang='lat' dir='ltr'><strong>resurrexit</strong></span> <span class='ocrx_word' id='word_1_586' title='bbox 2796 1885 2957 1957; x_wconf 82' lang='lat' dir='ltr'><strong>(Ibid.</strong></span> <span class='ocrx_word' id='word_1_587' title='bbox 2991 1888 3058 1940; x_wconf 78' lang='lat' dir='ltr'><strong>M</strong></span> <span class='ocrx_word' id='word_1_588' title='bbox 3078 1929 3094 1952; x_wconf 93' lang='lat'><strong>,</strong></span> <span class='ocrx_word' id='word_1_589' title='bbox 3127 1888 3237 1957; x_wconf 75' lang='grc'><strong>13).</strong></span> <span class='ocrx_word' id='word_1_590' title='bbox 3277 1887 3330 1941; x_wconf 84' lang='lat' dir='ltr'><strong>Si</strong></span> <span class='ocrx_word' id='word_1_591' title='bbox 3358 1897 3536 1942; x_wconf 90' lang='lat' dir='ltr'><strong>autem</strong></span> <span class='ocrx_word' id='word_1_592' title='bbox 3565 1884 3819 1942; x_wconf 81' lang='lat' dir='ltr'><strong>Christus</strong></span> 
     </span>
    </p>
   </div>
   <div class='ocr_carea' id='block_1_81' title="bbox 2219 1977 3820 2048">
    <p class='ocr_par' dir='ltr' id='par_1_81' title="bbox 2219 1977 3820 2048">
     <span class='ocr_line' id='line_1_82' title="bbox 2219 1977 3820 2048; baseline 0 -16"><span class='ocrx_word' id='word_1_593' title='bbox 2219 1978 2546 2043; x_wconf 81' lang='lat' dir='ltr'><strong>resurrexit,</strong></span> <span class='ocrx_word' id='word_1_594' title='bbox 2574 1979 2624 2032; x_wconf 92' lang='lat' dir='ltr'><strong>in</strong></span> <span class='ocrx_word' id='word_1_595' title='bbox 2656 1993 2761 2048; x_wconf 89' lang='lat' dir='ltr'><strong>quo</strong></span> <span class='ocrx_word' id='word_1_596' title='bbox 2789 1979 2932 2032; x_wconf 89' lang='lat' dir='ltr'><strong>salus</strong></span> <span class='ocrx_word' id='word_1_597' title='bbox 2970 1989 3051 2034; x_wconf 88' lang='lat' dir='ltr'><strong>est</strong></span> <span class='ocrx_word' id='word_1_598' title='bbox 3080 1977 3500 2033; x_wconf 88' lang='lat' dir='ltr'><strong>Christianorum</strong></span> <span class='ocrx_word' id='word_1_599' title='bbox 3521 2020 3534 2044; x_wconf 90' lang='lat'><strong>,</strong></span> <span class='ocrx_word' id='word_1_600' title='bbox 3567 1994 3671 2033; x_wconf 91' lang='lat' dir='ltr'><strong>non</strong></span> <span class='ocrx_word' id='word_1_601' title='bbox 3705 1979 3820 2033; x_wconf 85' lang='lat' dir='ltr'><strong>uti-</strong></span> 
     </span>
    </p>
   </div>
   <div class='ocr_carea' id='block_1_82' title="bbox 2220 2069 3808 2140">
    <p class='ocr_par' dir='ltr' id='par_1_82' title="bbox 2220 2069 3808 2140">
     <span class='ocr_line' id='line_1_83' title="bbox 2220 2069 3808 2140; baseline 0.004 -20"><span class='ocrx_word' id='word_1_602' title='bbox 2220 2084 2325 2138; x_wconf 87' lang='lat' dir='ltr'><strong>que</strong></span> <span class='ocrx_word' id='word_1_603' title='bbox 2353 2069 2685 2138; x_wconf 83' lang='lat' dir='ltr'><strong>impossibile</strong></span> <span class='ocrx_word' id='word_1_604' title='bbox 2713 2077 2794 2123; x_wconf 89' lang='lat' dir='ltr'><strong>est</strong></span> <span class='ocrx_word' id='word_1_605' title='bbox 2819 2085 3097 2138; x_wconf 83' lang='lat' dir='ltr'><strong>resurgere</strong></span> <span class='ocrx_word' id='word_1_606' title='bbox 3124 2079 3364 2126; x_wconf 88' lang='lat' dir='ltr'><strong>mortuos</strong></span> <span class='ocrx_word' id='word_1_607' title='bbox 3389 2086 3403 2122; x_wconf 90' lang='lat'><strong>:</strong></span> <span class='ocrx_word' id='word_1_608' title='bbox 3432 2072 3681 2140; x_wconf 86' lang='lat' dir='ltr'><strong>quoniam</strong></span> <span class='ocrx_word' id='word_1_609' title='bbox 3710 2071 3808 2126; x_wconf 84' lang='lat' dir='ltr'><strong>ille</strong></span> 
     </span>
    </p>
   </div>
   <div class='ocr_carea' id='block_1_83' title="bbox 2219 2161 3814 2231">
    <p class='ocr_par' dir='ltr' id='par_1_83' title="bbox 2219 2161 3814 2231">
     <span class='ocr_line' id='line_1_84' title="bbox 2219 2161 3814 2231; baseline -0.001 -17"><span class='ocrx_word' id='word_1_610' title='bbox 2219 2161 2310 2229; x_wconf 90' lang='lat' dir='ltr'><strong>qui</strong></span> <span class='ocrx_word' id='word_1_611' title='bbox 2337 2161 2611 2216; x_wconf 83' lang='lat' dir='ltr'><strong>suscitavit</strong></span> <span class='ocrx_word' id='word_1_612' title='bbox 2638 2161 2832 2216; x_wconf 87' lang='lat' dir='ltr'><strong>Filium</strong></span> <span class='ocrx_word' id='word_1_613' title='bbox 2863 2175 3038 2224; x_wconf 90' lang='lat' dir='ltr'><strong>suum,</strong></span> <span class='ocrx_word' id='word_1_614' title='bbox 3063 2171 3117 2215; x_wconf 90' lang='lat' dir='ltr'><strong>et</strong></span> <span class='ocrx_word' id='word_1_615' title='bbox 3145 2161 3234 2216; x_wconf 91' lang='lat' dir='ltr'><strong>ille</strong></span> <span class='ocrx_word' id='word_1_616' title='bbox 3261 2162 3348 2231; x_wconf 92' lang='lat' dir='ltr'><strong>qui</strong></span> <span class='ocrx_word' id='word_1_617' title='bbox 3380 2161 3656 2216; x_wconf 86' lang='lat' dir='ltr'><strong>suscitavit</strong></span> <span class='ocrx_word' id='word_1_618' title='bbox 3683 2175 3814 2215; x_wconf 86' lang='lat' dir='ltr'><strong>car-</strong></span> 
     </span>
    </p>
   </div>
   <div class='ocr_carea' id='block_1_84' title="bbox 2221 2249 3820 2320">
    <p class='ocr_par' dir='ltr' id='par_1_84' title="bbox 2221 2249 3820 2320">
     <span class='ocr_line' id='line_1_85' title="bbox 2221 2249 3820 2320; baseline 0.001 -17"><span class='ocrx_word' id='word_1_619' title='bbox 2221 2264 2344 2303; x_wconf 90' lang='lat' dir='ltr'><strong>nem</strong></span> <span class='ocrx_word' id='word_1_620' title='bbox 2392 2264 2575 2314; x_wconf 91' lang='lat' dir='ltr'><strong>suam,</strong></span> <span class='ocrx_word' id='word_1_621' title='bbox 2621 2259 2816 2305; x_wconf 61' lang='lat' dir='ltr'><strong>caetero</strong></span> <span class='ocrx_word' id='word_1_622' title='bbox 2863 2251 3107 2320; x_wconf 83' lang='lat' dir='ltr'><strong>corpori,</strong></span> <span class='ocrx_word' id='word_1_623' title='bbox 3149 2250 3287 2320; x_wconf 89' lang='lat' dir='ltr'><strong>quod</strong></span> <span class='ocrx_word' id='word_1_624' title='bbox 3327 2260 3409 2304; x_wconf 90' lang='lat' dir='ltr'><strong>est</strong></span> <span class='ocrx_word' id='word_1_625' title='bbox 3459 2249 3730 2316; x_wconf 88' lang='lat' dir='ltr'><strong>Ecclesia,</strong></span> <span class='ocrx_word' id='word_1_626' title='bbox 3761 2251 3820 2304; x_wconf 90' lang='lat' dir='ltr'><strong>in</strong></span> 
     </span>
    </p>
   </div>
   <div class='ocr_carea' id='block_1_85' title="bbox 2221 2338 3824 2411">
    <p class='ocr_par' dir='ltr' id='par_1_85' title="bbox 2221 2338 3824 2411">
     <span class='ocr_line' id='line_1_86' title="bbox 2221 2338 3824 2411; baseline 0.001 -18"><span class='ocrx_word' id='word_1_627' title='bbox 2221 2339 2395 2407; x_wconf 86' lang='lat' dir='ltr'><strong>capite</strong></span> <span class='ocrx_word' id='word_1_628' title='bbox 2415 2338 2805 2394; x_wconf 87' lang='lat' dir='ltr'><strong>demonstravit</strong></span> <span class='ocrx_word' id='word_1_629' title='bbox 2830 2341 3154 2409; x_wconf 80' lang='lat' dir='ltr'><strong>exemplum.</strong></span> <span class='ocrx_word' id='word_1_630' title='bbox 3185 2341 3399 2396; x_wconf 87' lang='lat' dir='ltr'><strong>Poterat</strong></span> <span class='ocrx_word' id='word_1_631' title='bbox 3423 2356 3550 2411; x_wconf 88' lang='lat' dir='ltr'><strong>ergo</strong></span> <span class='ocrx_word' id='word_1_632' title='bbox 3579 2356 3700 2394; x_wconf 88' lang='lat' dir='ltr'><strong>esse</strong></span> <span class='ocrx_word' id='word_1_633' title='bbox 3725 2355 3824 2395; x_wconf 86' lang='lat' dir='ltr'><strong>su—</strong></span> 
     </span>
    </p>
   </div>
   <div class='ocr_carea' id='block_1_86' title="bbox 2219 2429 3822 2508">
    <p class='ocr_par' dir='ltr' id='par_1_86' title="bbox 2219 2429 3822 2508">
     <span class='ocr_line' id='line_1_87' title="bbox 2219 2429 3822 2508; baseline 0.001 -24"><span class='ocrx_word' id='word_1_634' title='bbox 2219 2429 2423 2502; x_wconf 85' lang='lat' dir='ltr'><strong>perﬂua</strong></span> <span class='ocrx_word' id='word_1_635' title='bbox 2443 2431 2814 2508; x_wconf 84' lang='lat' dir='ltr'><strong>disputatiode</strong></span> <span class='ocrx_word' id='word_1_636' title='bbox 2835 2433 3227 2488; x_wconf 90' lang='lat' dir='ltr'><strong>resurrectione</strong></span> <span class='ocrx_word' id='word_1_637' title='bbox 3249 2443 3598 2496; x_wconf 81' lang='lat' dir='ltr'><strong>mortuorum,</strong></span> <span class='ocrx_word' id='word_1_638' title='bbox 3623 2441 3680 2486; x_wconf 91' lang='lat' dir='ltr'><strong>ut</strong></span> <span class='ocrx_word' id='word_1_639' title='bbox 3701 2432 3822 2501; x_wconf 84' lang='lat' dir='ltr'><strong>jam</strong></span> 
     </span>
    </p>
   </div>
   <div class='ocr_carea' id='block_1_87' title="bbox 2221 2523 3826 2600">
    <p class='ocr_par' dir='ltr' id='par_1_87' title="bbox 2221 2523 3826 2600">
     <span class='ocr_line' id='line_1_88' title="bbox 2221 2523 3826 2600; baseline -0.001 -21"><span class='ocrx_word' id='word_1_640' title='bbox 2221 2525 2618 2594; x_wconf 86' lang='lat' dir='ltr'><strong>susciperemus</strong></span> <span class='ocrx_word' id='word_1_641' title='bbox 2662 2541 2778 2578; x_wconf 87' lang='lat' dir='ltr'><strong>eam</strong></span> <span class='ocrx_word' id='word_1_642' title='bbox 2824 2541 2982 2596; x_wconf 88' lang='lat' dir='ltr'><strong>quam</strong></span> <span class='ocrx_word' id='word_1_643' title='bbox 3031 2525 3170 2596; x_wconf 85' lang='lat' dir='ltr'><strong>inter</strong></span> <span class='ocrx_word' id='word_1_644' title='bbox 3211 2541 3271 2580; x_wconf 90' lang='lat' dir='ltr'><strong>se</strong></span> <span class='ocrx_word' id='word_1_645' title='bbox 3311 2524 3598 2579; x_wconf 84' lang='lat' dir='ltr'><strong>Christiani</strong></span> <span class='ocrx_word' id='word_1_646' title='bbox 3641 2523 3826 2600; x_wconf 83' lang='lat' dir='ltr'><strong>solent.</strong></span> 
     </span>
    </p>
   </div>
   <div class='ocr_carea' id='block_1_88' title="bbox 2225 2615 3828 2688">
    <p class='ocr_par' dir='ltr' id='par_1_88' title="bbox 2225 2615 3828 2688">
     <span class='ocr_line' id='line_1_89' title="bbox 2225 2615 3828 2688; baseline 0 -18"><span class='ocrx_word' id='word_1_647' title='bbox 2225 2615 2446 2684; x_wconf 88' lang='lat' dir='ltr'><strong>habere,</strong></span> <span class='ocrx_word' id='word_1_648' title='bbox 2479 2633 2596 2672; x_wconf 85' lang='lat' dir='ltr'><strong>eum</strong></span> <span class='ocrx_word' id='word_1_649' title='bbox 2629 2619 3078 2673; x_wconf 79' lang='lat' dir='ltr'><strong>resurrexerimus</strong></span> <span class='ocrx_word' id='word_1_650' title='bbox 3103 2617 3289 2688; x_wconf 88' lang='lat' dir='ltr'><strong>quales</strong></span> <span class='ocrx_word' id='word_1_651' title='bbox 3317 2618 3538 2682; x_wconf 90' lang='lat' dir='ltr'><strong>erimus,</strong></span> <span class='ocrx_word' id='word_1_652' title='bbox 3569 2615 3828 2686; x_wconf 84' lang='lat' dir='ltr'><strong>quemad-</strong></span> 
     </span>
    </p>
   </div>
   <div class='ocr_carea' id='block_1_89' title="bbox 2221 2708 3828 2780">
    <p class='ocr_par' dir='ltr' id='par_1_89' title="bbox 2221 2708 3828 2780">
     <span class='ocr_line' id='line_1_90' title="bbox 2221 2708 3828 2780; baseline -0.002 -16"><span class='ocrx_word' id='word_1_653' title='bbox 2221 2708 2438 2764; x_wconf 87' lang='lat' dir='ltr'><strong>modum</strong></span> <span class='ocrx_word' id='word_1_654' title='bbox 2467 2711 2726 2774; x_wconf 80' lang='lat' dir='ltr'><strong>vivemus,</strong></span> <span class='ocrx_word' id='word_1_655' title='bbox 2754 2725 2872 2779; x_wconf 73' lang='lat' dir='ltr'><strong>qtm</strong></span> <span class='ocrx_word' id='word_1_656' title='bbox 2915 2719 3070 2764; x_wconf 89' lang='lat' dir='ltr'><strong>erunt</strong></span> <span class='ocrx_word' id='word_1_657' title='bbox 3112 2709 3320 2780; x_wconf 80' lang='lat' dir='ltr'><strong>negotia</strong></span> <span class='ocrx_word' id='word_1_658' title='bbox 3353 2719 3526 2762; x_wconf 75' lang='lat' dir='ltr'><strong>nestra</strong></span> <span class='ocrx_word' id='word_1_659' title='bbox 3545 2747 3562 2773; x_wconf 85' lang='lat'><strong>,</strong></span> <span class='ocrx_word' id='word_1_660' title='bbox 3591 2715 3828 2760; x_wconf 84' lang='lat' dir='ltr'><strong>cruntne</strong></span> 
     </span>
    </p>
   </div>
   <div class='ocr_carea' id='block_1_90' title="bbox 2221 2799 3824 2873">
    <p class='ocr_par' dir='ltr' id='par_1_90' title="bbox 2221 2799 3824 2873">
     <span class='ocr_line' id='line_1_91' title="bbox 2221 2799 3824 2873; baseline -0.002 -17"><span class='ocrx_word' id='word_1_661' title='bbox 2221 2801 2438 2873; x_wconf 89' lang='lat' dir='ltr'><strong>aliqua,</strong></span> <span class='ocrx_word' id='word_1_662' title='bbox 2484 2811 2576 2857; x_wconf 89' lang='lat' dir='ltr'><strong>aut</strong></span> <span class='ocrx_word' id='word_1_663' title='bbox 2615 2803 2798 2856; x_wconf 90' lang='lat' dir='ltr'><strong>nulla:</strong></span> <span class='ocrx_word' id='word_1_664' title='bbox 2825 2801 2871 2856; x_wconf 92' lang='lat' dir='ltr'><strong>si</strong></span> <span class='ocrx_word' id='word_1_665' title='bbox 2911 2802 3051 2856; x_wconf 88' lang='lat' dir='ltr'><strong>nulla</strong></span> <span class='ocrx_word' id='word_1_666' title='bbox 3092 2810 3277 2867; x_wconf 87' lang='lat' dir='ltr'><strong>erunt,</strong></span> <span class='ocrx_word' id='word_1_667' title='bbox 3315 2800 3579 2855; x_wconf 87' lang='lat' dir='ltr'><strong>desidiose</strong></span> <span class='ocrx_word' id='word_1_668' title='bbox 3624 2799 3824 2853; x_wconf 85' lang='lat' dir='ltr'><strong>victuri</strong></span> 
     </span>
    </p>
   </div>
   <div class='ocr_carea' id='block_1_91' title="bbox 2225 2889 3828 2963">
    <p class='ocr_par' dir='ltr' id='par_1_91' title="bbox 2225 2889 3828 2963">
     <span class='ocr_line' id='line_1_92' title="bbox 2225 2889 3828 2963; baseline -0.003 -16"><span class='ocrx_word' id='word_1_669' title='bbox 2225 2907 2410 2947; x_wconf 85' lang='lat' dir='ltr'><strong>sumus</strong></span> <span class='ocrx_word' id='word_1_670' title='bbox 2434 2891 2566 2946; x_wconf 91' lang='lat' dir='ltr'><strong>nihil</strong></span> <span class='ocrx_word' id='word_1_671' title='bbox 2597 2892 2834 2963; x_wconf 85' lang='lat' dir='ltr'><strong>agendo;</strong></span> <span class='ocrx_word' id='word_1_672' title='bbox 2857 2903 2950 2946; x_wconf 91' lang='lat' dir='ltr'><strong>aut</strong></span> <span class='ocrx_word' id='word_1_673' title='bbox 2974 2896 3018 2946; x_wconf 91' lang='lat' dir='ltr'><strong>si</strong></span> <span class='ocrx_word' id='word_1_674' title='bbox 3049 2891 3250 2960; x_wconf 87' lang='lat' dir='ltr'><strong>aliquid</strong></span> <span class='ocrx_word' id='word_1_675' title='bbox 3275 2905 3515 2960; x_wconf 82' lang='lat' dir='ltr'><strong>agemus,</strong></span> <span class='ocrx_word' id='word_1_676' title='bbox 3541 2889 3668 2960; x_wconf 91' lang='lat' dir='ltr'><strong>quid</strong></span> <span class='ocrx_word' id='word_1_677' title='bbox 3691 2904 3828 2958; x_wconf 86' lang='lat' dir='ltr'><strong>age-</strong></span> 
     </span>
    </p>
   </div>
   <div class='ocr_carea' id='block_1_92' title="bbox 2225 2979 3826 3050">
    <p class='ocr_par' dir='ltr' id='par_1_92' title="bbox 2225 2979 3826 3050">
     <span class='ocr_line' id='line_1_93' title="bbox 2225 2979 3826 3050; baseline -0.003 -12"><span class='ocrx_word' id='word_1_678' title='bbox 2225 2998 2345 3038; x_wconf 89' lang='lat' dir='ltr'><strong>Inus</strong></span> <span class='ocrx_word' id='word_1_679' title='bbox 2368 3001 2380 3036; x_wconf 93' lang='lat'>:</span> <span class='ocrx_word' id='word_1_680' title='bbox 2405 2983 2619 3050; x_wconf 87' lang='lat' dir='ltr'><strong>deinde,</strong></span> <span class='ocrx_word' id='word_1_681' title='bbox 2655 2983 3022 3038; x_wconf 88' lang='lat' dir='ltr'><strong>manducaturi</strong></span> <span class='ocrx_word' id='word_1_682' title='bbox 3046 2991 3100 3038; x_wconf 89' lang='lat' dir='ltr'><strong>et</strong></span> <span class='ocrx_word' id='word_1_683' title='bbox 3129 2983 3339 3037; x_wconf 89' lang='lat' dir='ltr'><strong>bibituri</strong></span> <span class='ocrx_word' id='word_1_684' title='bbox 3363 2997 3568 3045; x_wconf 86' lang='lat' dir='ltr'><strong>sumus,</strong></span> <span class='ocrx_word' id='word_1_685' title='bbox 3591 2979 3826 3048; x_wconf 81' lang='lat' dir='ltr'><strong>conjun-</strong></span> 
     </span>
    </p>
   </div>
   <div class='ocr_carea' id='block_1_93' title="bbox 2223 3071 3822 3143">
    <p class='ocr_par' dir='ltr' id='par_1_93' title="bbox 2223 3071 3822 3143">
     <span class='ocr_line' id='line_1_94' title="bbox 2223 3071 3822 3143; baseline -0.004 -13"><span class='ocrx_word' id='word_1_686' title='bbox 2223 3075 2432 3130; x_wconf 90' lang='lat' dir='ltr'><strong>ctiones</strong></span> <span class='ocrx_word' id='word_1_687' title='bbox 2458 3073 2686 3128; x_wconf 90' lang='lat' dir='ltr'><strong>marium</strong></span> <span class='ocrx_word' id='word_1_688' title='bbox 2709 3073 3132 3143; x_wconf 90' lang='lat' dir='ltr'><strong>feminarumque</strong></span> <span class='ocrx_word' id='word_1_689' title='bbox 3161 3073 3352 3126; x_wconf 71' lang='lat' dir='ltr'><strong>fatone</strong></span> <span class='ocrx_word' id='word_1_690' title='bbox 3375 3079 3518 3136; x_wconf 92' lang='lat' dir='ltr'><strong>sunt,</strong></span> <span class='ocrx_word' id='word_1_691' title='bbox 3545 3085 3612 3125; x_wconf 92' lang='lat' dir='ltr'><strong>an</strong></span> <span class='ocrx_word' id='word_1_692' title='bbox 3639 3071 3822 3140; x_wconf 87' lang='lat' dir='ltr'><strong>aliqua</strong></span> 
     </span>
    </p>
   </div>
   <div class='ocr_carea' id='block_1_94' title="bbox 2224 3163 3820 3237">
    <p class='ocr_par' dir='ltr' id='par_1_94' title="bbox 2224 3163 3820 3237">
     <span class='ocr_line' id='line_1_95' title="bbox 2224 3163 3820 3237; baseline -0.006 -14"><span class='ocrx_word' id='word_1_693' title='bbox 2224 3166 2448 3237; x_wconf 81' lang='lat' dir='ltr'><strong>simplex</strong></span> <span class='ocrx_word' id='word_1_694' title='bbox 2506 3175 2561 3221; x_wconf 90' lang='lat' dir='ltr'><strong>et</strong></span> <span class='ocrx_word' id='word_1_695' title='bbox 2613 3165 2914 3234; x_wconf 89' lang='lat' dir='ltr'><strong>incorrupta</strong></span> <span class='ocrx_word' id='word_1_696' title='bbox 2945 3165 3051 3218; x_wconf 90' lang='lat' dir='ltr'><strong>vita</strong></span> <span class='ocrx_word' id='word_1_697' title='bbox 3085 3163 3416 3228; x_wconf 88' lang='lat' dir='ltr'><strong>communis;</strong></span> <span class='ocrx_word' id='word_1_698' title='bbox 3463 3171 3517 3216; x_wconf 89' lang='lat' dir='ltr'><strong>et</strong></span> <span class='ocrx_word' id='word_1_699' title='bbox 3540 3165 3583 3217; x_wconf 89' lang='lat' dir='ltr'><strong>si</strong></span> <span class='ocrx_word' id='word_1_700' title='bbox 3605 3163 3676 3215; x_wconf 90' lang='lat' dir='ltr'><strong>ita</strong></span> <span class='ocrx_word' id='word_1_701' title='bbox 3702 3171 3820 3228; x_wconf 79' lang='lat' dir='ltr'><strong>est,</strong></span> 
     </span>
    </p>
   </div>
   <div class='ocr_carea' id='block_1_95' title="bbox 2223 3253 3825 3330">
    <p class='ocr_par' dir='ltr' id='par_1_95' title="bbox 2223 3253 3825 3330">
     <span class='ocr_line' id='line_1_96' title="bbox 2223 3253 3825 3330; baseline -0.004 -18"><span class='ocrx_word' id='word_1_702' title='bbox 2223 3259 2394 3330; x_wconf 87' lang='lat' dir='ltr'><strong>qualis</strong></span> <span class='ocrx_word' id='word_1_703' title='bbox 2423 3258 2526 3314; x_wconf 90' lang='lat' dir='ltr'><strong>erit</strong></span> <span class='ocrx_word' id='word_1_704' title='bbox 2551 3257 2665 3327; x_wconf 89' lang='lat' dir='ltr'><strong>ipsa</strong></span> <span class='ocrx_word' id='word_1_705' title='bbox 2693 3257 2819 3322; x_wconf 86' lang='lat' dir='ltr'><strong>vita,</strong></span> <span class='ocrx_word' id='word_1_706' title='bbox 2849 3257 3022 3327; x_wconf 87' lang='lat' dir='ltr'><strong>qualis</strong></span> <span class='ocrx_word' id='word_1_707' title='bbox 3051 3265 3248 3319; x_wconf 89' lang='lat' dir='ltr'><strong>motus,</strong></span> <span class='ocrx_word' id='word_1_708' title='bbox 3279 3254 3448 3325; x_wconf 88' lang='lat' dir='ltr'><strong>qualis</strong></span> <span class='ocrx_word' id='word_1_709' title='bbox 3475 3254 3640 3323; x_wconf 86' lang='lat' dir='ltr'><strong>figura</strong></span> <span class='ocrx_word' id='word_1_710' title='bbox 3671 3253 3825 3320; x_wconf 86' lang='lat' dir='ltr'><strong>ipso-</strong></span> 
     </span>
    </p>
   </div>
   <div class='ocr_carea' id='block_1_96' title="bbox 2224 3343 3824 3419">
    <p class='ocr_par' dir='ltr' id='par_1_96' title="bbox 2224 3343 3824 3419">
     <span class='ocr_line' id='line_1_97' title="bbox 2224 3343 3824 3419; baseline -0.005 -14"><span class='ocrx_word' id='word_1_711' title='bbox 2224 3366 2344 3405; x_wconf 89' lang='lat' dir='ltr'><strong>rum</strong></span> <span class='ocrx_word' id='word_1_712' title='bbox 2402 3363 2708 3419; x_wconf 87' lang='lat' dir='ltr'><strong>corporum.</strong></span> <span class='ocrx_word' id='word_1_713' title='bbox 2781 3348 2902 3402; x_wconf 73' lang='lat' dir='ltr'><strong>lsta:</strong></span> <span class='ocrx_word' id='word_1_714' title='bbox 2961 3347 3348 3416; x_wconf 88' lang='lat' dir='ltr'><strong>disputationes</strong></span> <span class='ocrx_word' id='word_1_715' title='bbox 3393 3343 3824 3401; x_wconf 85' lang='lat' dir='ltr'><strong>Christianorum</strong></span> 
     </span>
    </p>
   </div>
   <div class='ocr_carea' id='block_1_97' title="bbox 2225 3437 3131 3504">
    <p class='ocr_par' dir='ltr' id='par_1_97' title="bbox 2225 3437 3131 3504">
     <span class='ocr_line' id='line_1_98' title="bbox 2225 3437 3131 3504; baseline -0.004 -10"><span class='ocrx_word' id='word_1_716' title='bbox 2225 3451 2367 3504; x_wconf 86' lang='lat' dir='ltr'><strong>sunt,</strong></span> <span class='ocrx_word' id='word_1_717' title='bbox 2393 3439 2538 3492; x_wconf 86' lang='lat' dir='ltr'><strong>salva</strong></span> <span class='ocrx_word' id='word_1_718' title='bbox 2567 3437 2672 3494; x_wconf 89' lang='lat' dir='ltr'><strong>fide</strong></span> <span class='ocrx_word' id='word_1_719' title='bbox 2699 3438 3131 3494; x_wconf 88' lang='lat' dir='ltr'><strong>resurrectionis.</strong></span> 
     </span>
    </p>
   </div>
   <div class='ocr_carea' id='block_1_98' title="bbox 2295 3526 3826 3598">
    <p class='ocr_par' dir='ltr' id='par_1_98' title="bbox 2295 3526 3826 3598">
     <span class='ocr_line' id='line_1_99' title="bbox 2295 3526 3826 3598; baseline -0.005 -10"><span class='ocrx_word' id='word_1_720' title='bbox 2295 3531 2525 3588; x_wconf 77' lang='lat' dir='ltr'><strong>CAPUT</strong></span> <span class='ocrx_word' id='word_1_721' title='bbox 2577 3531 2823 3586; x_wconf 69' lang='lat' dir='ltr'><strong>lV.—4.</strong></span> <span class='ocrx_word' id='word_1_722' title='bbox 2868 3530 3302 3586; x_wconf 84' lang='lat' dir='ltr'><strong>Ilesurrectionem</strong></span> <span class='ocrx_word' id='word_1_723' title='bbox 3341 3528 3564 3598; x_wconf 82' lang='lat' dir='ltr'><strong>futuram</strong></span> <span class='ocrx_word' id='word_1_724' title='bbox 3605 3526 3826 3598; x_wconf 79' lang='lat' dir='ltr'><strong>probare</strong></span> 
     </span>
    </p>
   </div>
   <div class='ocr_carea' id='block_1_99' title="bbox 2225 3622 3824 3694">
    <p class='ocr_par' dir='ltr' id='par_1_99' title="bbox 2225 3622 3824 3694">
     <span class='ocr_line' id='line_1_100' title="bbox 2225 3622 3824 3694; baseline -0.003 -15"><span class='ocrx_word' id='word_1_725' title='bbox 2225 3625 2451 3694; x_wconf 86' lang='lat' dir='ltr'><strong>suscipit.</strong></span> <span class='ocrx_word' id='word_1_726' title='bbox 2497 3625 2580 3678; x_wconf 86' lang='lat' dir='ltr'><strong>Ad</strong></span> <span class='ocrx_word' id='word_1_727' title='bbox 2625 3624 2761 3679; x_wconf 91' lang='lat' dir='ltr'><strong>hanc</strong></span> <span class='ocrx_word' id='word_1_728' title='bbox 2789 3639 2916 3693; x_wconf 86' lang='lat' dir='ltr'><strong>ergo</strong></span> <span class='ocrx_word' id='word_1_729' title='bbox 2945 3623 3360 3693; x_wconf 81' lang='lat' dir='ltr'><strong>diSputationem</strong></span> <span class='ocrx_word' id='word_1_730' title='bbox 3384 3661 3399 3686; x_wconf 89' lang='lat'><strong>,</strong></span> <span class='ocrx_word' id='word_1_731' title='bbox 3425 3629 3683 3690; x_wconf 89' lang='lat' dir='ltr'><strong>quantum</strong></span> <span class='ocrx_word' id='word_1_732' title='bbox 3729 3622 3824 3676; x_wconf 89' lang='lat' dir='ltr'><strong>vel</strong></span> 
     </span>
    </p>
   </div>
   <div class='ocr_carea' id='block_1_100' title="bbox 2226 3711 3817 3784">
    <p class='ocr_par' dir='ltr' id='par_1_100' title="bbox 2226 3711 3817 3784">
     <span class='ocr_line' id='line_1_101' title="bbox 2226 3711 3817 3784; baseline -0.004 -14"><span class='ocrx_word' id='word_1_733' title='bbox 2226 3715 2426 3784; x_wconf 90' lang='lat' dir='ltr'><strong>suscipi</strong></span> <span class='ocrx_word' id='word_1_734' title='bbox 2471 3714 2555 3769; x_wconf 90' lang='lat' dir='ltr'><strong>vel</strong></span> <span class='ocrx_word' id='word_1_735' title='bbox 2609 3713 2780 3784; x_wconf 91' lang='lat' dir='ltr'><strong>promi</strong></span> <span class='ocrx_word' id='word_1_736' title='bbox 2827 3729 2921 3782; x_wconf 87' lang='lat' dir='ltr'><strong>per</strong></span> <span class='ocrx_word' id='word_1_737' title='bbox 2971 3713 3216 3768; x_wconf 90' lang='lat' dir='ltr'><strong>homines</strong></span> <span class='ocrx_word' id='word_1_738' title='bbox 3261 3711 3562 3766; x_wconf 89' lang='lat' dir='ltr'><strong>hominibus</strong></span> <span class='ocrx_word' id='word_1_739' title='bbox 3605 3719 3817 3782; x_wconf 82' lang='lat' dir='ltr'><strong>potest,</strong></span> 
     </span>
    </p>
   </div>
   <div class='ocr_carea' id='block_1_101' title="bbox 2227 3803 3819 3876">
    <p class='ocr_par' dir='ltr' id='par_1_101' title="bbox 2227 3803 3819 3876">
     <span class='ocr_line' id='line_1_102' title="bbox 2227 3803 3819 3876; baseline -0.002 -17"><span class='ocrx_word' id='word_1_740' title='bbox 2227 3805 2410 3876; x_wconf 84' lang='lat' dir='ltr'><strong>quales</strong></span> <span class='ocrx_word' id='word_1_741' title='bbox 2429 3805 2512 3860; x_wconf 91' lang='lat' dir='ltr'><strong>vel</strong></span> <span class='ocrx_word' id='word_1_742' title='bbox 2531 3821 2628 3860; x_wconf 93' lang='lat' dir='ltr'><strong>nos</strong></span> <span class='ocrx_word' id='word_1_743' title='bbox 2651 3819 2856 3871; x_wconf 87' lang='lat' dir='ltr'><strong>sumus,</strong></span> <span class='ocrx_word' id='word_1_744' title='bbox 2877 3805 2960 3859; x_wconf 89' lang='lat' dir='ltr'><strong>vel</strong></span> <span class='ocrx_word' id='word_1_745' title='bbox 2987 3819 3080 3858; x_wconf 88' lang='lat' dir='ltr'><strong>vos</strong></span> <span class='ocrx_word' id='word_1_746' title='bbox 3110 3805 3260 3870; x_wconf 89' lang='lat' dir='ltr'><strong>estis,</strong></span> <span class='ocrx_word' id='word_1_747' title='bbox 3277 3803 3386 3872; x_wconf 88' lang='lat' dir='ltr'><strong>jam</strong></span> <span class='ocrx_word' id='word_1_748' title='bbox 3411 3803 3628 3874; x_wconf 90' lang='lat' dir='ltr'><strong>jamque</strong></span> <span class='ocrx_word' id='word_1_749' title='bbox 3649 3812 3819 3856; x_wconf 85' lang='lat' dir='ltr'><strong>trans-</strong></span> 
     </span>
    </p>
   </div>
   <div class='ocr_carea' id='block_1_102' title="bbox 2227 3895 3818 3966">
    <p class='ocr_par' dir='ltr' id='par_1_102' title="bbox 2227 3895 3818 3966">
     <span class='ocr_line' id='line_1_103' title="bbox 2227 3895 3818 3966; baseline -0.004 -14"><span class='ocrx_word' id='word_1_750' title='bbox 2227 3898 2381 3961; x_wconf 89' lang='lat' dir='ltr'><strong>irem,</strong></span> <span class='ocrx_word' id='word_1_751' title='bbox 2411 3897 2512 3952; x_wconf 91' lang='lat' dir='ltr'><strong>nisi</strong></span> <span class='ocrx_word' id='word_1_752' title='bbox 2565 3912 2650 3951; x_wconf 90' lang='lat' dir='ltr'><strong>me</strong></span> <span class='ocrx_word' id='word_1_753' title='bbox 2676 3896 2728 3950; x_wconf 92' lang='lat' dir='ltr'><strong>in</strong></span> <span class='ocrx_word' id='word_1_754' title='bbox 2761 3896 2848 3950; x_wconf 87' lang='lat' dir='ltr'><strong>illa</strong></span> <span class='ocrx_word' id='word_1_755' title='bbox 2876 3897 3194 3966; x_wconf 73' lang='lat' dir='ltr'><strong>qumstione.</strong></span> <span class='ocrx_word' id='word_1_756' title='bbox 3217 3896 3306 3950; x_wconf 91' lang='lat' dir='ltr'><strong>ubi</strong></span> <span class='ocrx_word' id='word_1_757' title='bbox 3333 3895 3608 3964; x_wconf 70' lang='lat' dir='ltr'><strong>quarritur,</strong></span> <span class='ocrx_word' id='word_1_758' title='bbox 3635 3903 3818 3947; x_wconf 89' lang='lat' dir='ltr'><strong>tttrnm</strong></span> 
     </span>
    </p>
   </div>
   <div class='ocr_carea' id='block_1_103' title="bbox 2227 3983 3892 4056">
    <p class='ocr_par' dir='ltr' id='par_1_103' title="bbox 2227 3983 3892 4056">
     <span class='ocr_line' id='line_1_104' title="bbox 2227 3983 3892 4056; baseline -0.002 -12"><span class='ocrx_word' id='word_1_759' title='bbox 2227 3988 2446 4044; x_wconf 91' lang='lat' dir='ltr'><strong>omnino</strong></span> <span class='ocrx_word' id='word_1_760' title='bbox 2489 3995 2769 4056; x_wconf 88' lang='lat' dir='ltr'><strong>resurgant</strong></span> <span class='ocrx_word' id='word_1_761' title='bbox 2813 3987 3054 4051; x_wconf 88' lang='lat' dir='ltr'><strong>mortui,</strong></span> <span class='ocrx_word' id='word_1_762' title='bbox 3108 3985 3495 4056; x_wconf 90' lang='lat' dir='ltr'><strong>aliquantulum</strong></span> <span class='ocrx_word' id='word_1_763' title='bbox 3545 3983 3822 4038; x_wconf 86' lang='lat' dir='ltr'><strong>immorari</strong></span> <span class='ocrx_word' id='word_1_764' title='bbox 3883 4033 3892 4040; x_wconf 91' lang='lat'><strong>.</strong></span> 
     </span>
    </p>
   </div>
   <div class='ocr_carea' id='block_1_104' title="bbox 2227 4073 3822 4150">
    <p class='ocr_par' dir='ltr' id='par_1_104' title="bbox 2227 4073 3822 4150">
     <span class='ocr_line' id='line_1_105' title="bbox 2227 4073 3822 4150; baseline -0.003 -15"><span class='ocrx_word' id='word_1_765' title='bbox 2227 4087 2446 4150; x_wconf 72' lang='lat' dir='ltr'><strong>co-geret</strong></span> <span class='ocrx_word' id='word_1_766' title='bbox 2489 4077 2790 4133; x_wconf 89' lang='lat' dir='ltr'><strong>sollicitudo</strong></span> <span class='ocrx_word' id='word_1_767' title='bbox 2829 4077 3072 4148; x_wconf 75' lang='lat' dir='ltr'><strong>qutedam</strong></span> <span class='ocrx_word' id='word_1_768' title='bbox 3099 4077 3166 4132; x_wconf 91' lang='lat' dir='ltr'><strong>de</strong></span> <span class='ocrx_word' id='word_1_769' title='bbox 3193 4077 3350 4131; x_wconf 89' lang='lat' dir='ltr'><strong>nimis</strong></span> <span class='ocrx_word' id='word_1_770' title='bbox 3377 4075 3682 4132; x_wconf 84' lang='lat' dir='ltr'><strong>carnalibus</strong></span> <span class='ocrx_word' id='word_1_771' title='bbox 3706 4073 3822 4130; x_wconf 78' lang='lat' dir='ltr'><strong>fra-</strong></span> 
     </span>
    </p>
   </div>
   <div class='ocr_carea' id='block_1_105' title="bbox 2231 4163 3826 4238">
    <p class='ocr_par' dir='ltr' id='par_1_105' title="bbox 2231 4163 3826 4238">
     <span class='ocr_line' id='line_1_106' title="bbox 2231 4163 3826 4238; baseline -0.002 -14"><span class='ocrx_word' id='word_1_772' title='bbox 2231 4169 2400 4224; x_wconf 90' lang='lat' dir='ltr'><strong>tribus</strong></span> <span class='ocrx_word' id='word_1_773' title='bbox 2444 4169 2644 4224; x_wconf 90' lang='lat' dir='ltr'><strong>nostris</strong></span> <span class='ocrx_word' id='word_1_774' title='bbox 2684 4178 2740 4222; x_wconf 90' lang='lat' dir='ltr'><strong>et</strong></span> <span class='ocrx_word' id='word_1_775' title='bbox 2781 4183 2946 4238; x_wconf 89' lang='lat' dir='ltr'><strong>prope</strong></span> <span class='ocrx_word' id='word_1_776' title='bbox 2991 4163 3225 4237; x_wconf 85' lang='lat' dir='ltr'><strong>paganis.</strong></span> <span class='ocrx_word' id='word_1_777' title='bbox 3254 4165 3387 4222; x_wconf 85' lang='lat' dir='ltr'><strong>Nam</strong></span> <span class='ocrx_word' id='word_1_778' title='bbox 3423 4166 3689 4222; x_wconf 87' lang='lat' dir='ltr'><strong>neminem</strong></span> <span class='ocrx_word' id='word_1_779' title='bbox 3731 4164 3826 4221; x_wconf 89' lang='lat' dir='ltr'><strong>hic</strong></span> 
     </span>
    </p>
   </div>
   <div class='ocr_carea' id='block_1_106' title="bbox 2228 4255 3822 4332">
    <p class='ocr_par' dir='ltr' id='par_1_106' title="bbox 2228 4255 3822 4332">
     <span class='ocr_line' id='line_1_107' title="bbox 2228 4255 3822 4332; baseline -0.004 -16"><span class='ocrx_word' id='word_1_780' title='bbox 2228 4277 2491 4332; x_wconf 84' lang='lat' dir='ltr'><strong>paganum</strong></span> <span class='ocrx_word' id='word_1_781' title='bbox 2521 4275 2662 4315; x_wconf 90' lang='lat' dir='ltr'><strong>nunc</strong></span> <span class='ocrx_word' id='word_1_782' title='bbox 2685 4275 2806 4315; x_wconf 89' lang='lat' dir='ltr'><strong>esse</strong></span> <span class='ocrx_word' id='word_1_783' title='bbox 2831 4260 3083 4323; x_wconf 90' lang='lat' dir='ltr'><strong>arbitror,</strong></span> <span class='ocrx_word' id='word_1_784' title='bbox 3109 4257 3205 4313; x_wconf 87' lang='lat' dir='ltr'><strong>sed</strong></span> <span class='ocrx_word' id='word_1_785' title='bbox 3243 4272 3433 4312; x_wconf 89' lang='lat' dir='ltr'><strong>omnes</strong></span> <span class='ocrx_word' id='word_1_786' title='bbox 3474 4255 3822 4311; x_wconf 86' lang='lat' dir='ltr'><strong>christianos.</strong></span> 
     </span>
    </p>
   </div>
   <div class='ocr_carea' id='block_1_107' title="bbox 2229 4349 3828 4426">
    <p class='ocr_par' dir='ltr' id='par_1_107' title="bbox 2229 4349 3828 4426">
     <span class='ocr_line' id='line_1_108' title="bbox 2229 4349 3828 4426; baseline -0.004 -16"><span class='ocrx_word' id='word_1_787' title='bbox 2229 4355 2424 4426; x_wconf 83' lang='lat' dir='ltr'><strong>Pagani</strong></span> <span class='ocrx_word' id='word_1_788' title='bbox 2468 4369 2595 4408; x_wconf 90' lang='lat' dir='ltr'><strong>vero</strong></span> <span class='ocrx_word' id='word_1_789' title='bbox 2639 4363 2694 4408; x_wconf 90' lang='lat' dir='ltr'><strong>et</strong></span> <span class='ocrx_word' id='word_1_790' title='bbox 2743 4353 2988 4408; x_wconf 83' lang='lat' dir='ltr'><strong>irrisorcs</strong></span> <span class='ocrx_word' id='word_1_791' title='bbox 3031 4351 3442 4407; x_wconf 86' lang='lat' dir='ltr'><strong>resurrectionis</strong></span> <span class='ocrx_word' id='word_1_792' title='bbox 3483 4349 3720 4420; x_wconf 81' lang='lat' dir='ltr'><strong>quoudie</strong></span> <span class='ocrx_word' id='word_1_793' title='bbox 3765 4349 3828 4404; x_wconf 85' lang='lat' dir='ltr'><strong>in</strong></span> 
     </span>
    </p>
   </div>
   <div class='ocr_carea' id='block_1_108' title="bbox 2229 4443 3824 4500">
    <p class='ocr_par' dir='ltr' id='par_1_108' title="bbox 2229 4443 3824 4500">
     <span class='ocr_line' id='line_1_109' title="bbox 2229 4443 3824 4500; baseline -0.004 -2"><span class='ocrx_word' id='word_1_794' title='bbox 2229 4446 2446 4500; x_wconf 87' lang='lat' dir='ltr'><strong>auribus</strong></span> <span class='ocrx_word' id='word_1_795' title='bbox 2500 4443 2924 4500; x_wconf 85' lang='lat' dir='ltr'><strong>Christianorum</strong></span> <span class='ocrx_word' id='word_1_796' title='bbox 2965 4444 3374 4498; x_wconf 73' lang='lat' dir='ltr'><strong>in‘tmurmurare</strong></span> <span class='ocrx_word' id='word_1_797' title='bbox 3417 4457 3523 4496; x_wconf 88' lang='lat' dir='ltr'><strong>non</strong></span> <span class='ocrx_word' id='word_1_798' title='bbox 3567 4449 3824 4495; x_wconf 87' lang='lat' dir='ltr'><strong>cessant:</strong></span> 
     </span>
    </p>
   </div>
   <div class='ocr_carea' id='block_1_109' title="bbox 2233 4529 3830 4600">
    <p class='ocr_par' dir='ltr' id='par_1_109' title="bbox 2233 4529 3830 4600">
     <span class='ocr_line' id='line_1_110' title="bbox 2233 4529 3830 4600; baseline -0.004 -10"><span class='ocrx_word' id='word_1_799' title='bbox 2233 4535 2596 4590; x_wconf 76' lang='lat' dir='ltr'><strong>Munduccmus</strong></span> <span class='ocrx_word' id='word_1_800' title='bbox 2616 4545 2662 4589; x_wconf 85' lang='lat' dir='ltr'><strong>et</strong></span> <span class='ocrx_word' id='word_1_801' title='bbox 2689 4535 2957 4600; x_wconf 85' lang='lat' dir='ltr'><strong>bibamus;</strong></span> <span class='ocrx_word' id='word_1_802' title='bbox 2993 4551 3104 4588; x_wconf 84' lang='lat' dir='ltr'><strong>cras</strong></span> <span class='ocrx_word' id='word_1_803' title='bbox 3140 4534 3274 4586; x_wconf 84' lang='lat' dir='ltr'><strong>enim</strong></span> <span class='ocrx_word' id='word_1_804' title='bbox 3301 4532 3562 4587; x_wconf 88' lang='lat' dir='ltr'><strong>morimur.</strong></span> <span class='ocrx_word' id='word_1_805' title='bbox 3587 4531 3654 4586; x_wconf 82' lang='lat' dir='ltr'><strong>Et</strong></span> <span class='ocrx_word' id='word_1_806' title='bbox 3679 4529 3830 4598; x_wconf 82' lang='lat' dir='ltr'><strong>quod</strong></span> 
     </span>
    </p>
   </div>
   <div class='ocr_carea' id='block_1_110' title="bbox 2229 4625 3832 4697">
    <p class='ocr_par' dir='ltr' id='par_1_110' title="bbox 2229 4625 3832 4697">
     <span class='ocr_line' id='line_1_111' title="bbox 2229 4625 3832 4697; baseline -0.003 -14"><span class='ocrx_word' id='word_1_807' title='bbox 2229 4627 2362 4683; x_wconf 84' lang='lat' dir='ltr'><strong>dixit</strong></span> <span class='ocrx_word' id='word_1_808' title='bbox 2391 4628 2698 4697; x_wconf 82' lang='lat' dir='ltr'><strong>Apostolus,</strong></span> <span class='ocrx_word' id='word_1_809' title='bbox 2727 4627 3066 4682; x_wconf 88' lang='lat' dir='ltr'><strong>subinferens</strong></span> <span class='ocrx_word' id='word_1_810' title='bbox 3109 4625 3522 4679; x_wconf 85' lang='lat' dir='ltr'><strong>sollicitudinem</strong></span> <span class='ocrx_word' id='word_1_811' title='bbox 3571 4639 3722 4678; x_wconf 85' lang='lat' dir='ltr'><strong>suam</strong></span> <span class='ocrx_word' id='word_1_812' title='bbox 3771 4633 3832 4678; x_wconf 71' lang='lat' dir='ltr'><strong>et</strong></span> 
     </span>
    </p>
   </div>
   <div class='ocr_carea' id='block_1_111' title="bbox 2230 4715 3832 4790">
    <p class='ocr_par' dir='ltr' id='par_1_111' title="bbox 2230 4715 3832 4790">
     <span class='ocr_line' id='line_1_112' title="bbox 2230 4715 3832 4790; baseline -0.002 -16"><span class='ocrx_word' id='word_1_813' title='bbox 2230 4719 2555 4790; x_wconf 87' lang='lat' dir='ltr'><strong>subjungens</strong></span> <span class='ocrx_word' id='word_1_814' title='bbox 2598 4718 2723 4774; x_wconf 90' lang='lat' dir='ltr'><strong>huic</strong></span> <span class='ocrx_word' id='word_1_815' title='bbox 2771 4719 3072 4784; x_wconf 67' lang='lat' dir='ltr'><strong>sententiae,</strong></span> <span class='ocrx_word' id='word_1_816' title='bbox 3101 4715 3443 4786; x_wconf 81' lang='lat' dir='ltr'><strong>Corrumpunt</strong></span> <span class='ocrx_word' id='word_1_817' title='bbox 3471 4733 3630 4770; x_wconf 82' lang='lat' dir='ltr'><strong>mores</strong></span> <span class='ocrx_word' id='word_1_818' title='bbox 3668 4715 3832 4770; x_wconf 84' lang='lat' dir='ltr'><strong>bonos</strong></span> 
     </span>
    </p>
   </div>
   <div class='ocr_carea' id='block_1_112' title="bbox 2229 4805 3830 4882">
    <p class='ocr_par' dir='ltr' id='par_1_112' title="bbox 2229 4805 3830 4882">
     <span class='ocr_line' id='line_1_113' title="bbox 2229 4805 3830 4882; baseline -0.003 -17"><span class='ocrx_word' id='word_1_819' title='bbox 2229 4811 2482 4882; x_wconf 81' lang='lat' dir='ltr'><strong>colloquia</strong></span> <span class='ocrx_word' id='word_1_820' title='bbox 2508 4811 2644 4864; x_wconf 84' lang='lat' dir='ltr'><strong>mala</strong></span> <span class='ocrx_word' id='word_1_821' title='bbox 2665 4826 2686 4864; x_wconf 90' lang='lat'><strong><em>:</em></strong></span> <span class='ocrx_word' id='word_1_822' title='bbox 2707 4817 3007 4865; x_wconf 87' lang='lat' dir='ltr'><strong>metuentes</strong></span> <span class='ocrx_word' id='word_1_823' title='bbox 3037 4805 3138 4863; x_wconf 84' lang='lat' dir='ltr'><strong>ista</strong></span> <span class='ocrx_word' id='word_1_824' title='bbox 3167 4809 3303 4862; x_wconf 90' lang='lat' dir='ltr'><strong>mala</strong></span> <span class='ocrx_word' id='word_1_825' title='bbox 3331 4815 3385 4862; x_wconf 89' lang='lat' dir='ltr'><strong>et</strong></span> <span class='ocrx_word' id='word_1_826' title='bbox 3411 4805 3830 4861; x_wconf 84' lang='lat' dir='ltr'><strong>sollicitudinem</strong></span> 
     </span>
    </p>
   </div>
   <div class='ocr_carea' id='block_1_113' title="bbox 2229 4899 3830 4976">
    <p class='ocr_par' dir='ltr' id='par_1_113' title="bbox 2229 4899 3830 4976">
     <span class='ocr_line' id='line_1_114' title="bbox 2229 4899 3830 4976; baseline -0.004 -16"><span class='ocrx_word' id='word_1_827' title='bbox 2229 4915 2478 4976; x_wconf 87' lang='lat' dir='ltr'><strong>gerentes</strong></span> <span class='ocrx_word' id='word_1_828' title='bbox 2509 4920 2608 4976; x_wconf 87' lang='lat' dir='ltr'><strong>pro</strong></span> <span class='ocrx_word' id='word_1_829' title='bbox 2635 4905 2860 4959; x_wconf 82' lang='lat' dir='ltr'><strong>infirmis</strong></span> <span class='ocrx_word' id='word_1_830' title='bbox 2883 4945 2898 4970; x_wconf 96' lang='lat'><strong>,</strong></span> <span class='ocrx_word' id='word_1_831' title='bbox 2926 4918 3030 4957; x_wconf 91' lang='lat' dir='ltr'><strong>non</strong></span> <span class='ocrx_word' id='word_1_832' title='bbox 3059 4903 3231 4958; x_wconf 89' lang='lat' dir='ltr'><strong>solum</strong></span> <span class='ocrx_word' id='word_1_833' title='bbox 3260 4911 3511 4972; x_wconf 91' lang='lat' dir='ltr'><strong>paterna,</strong></span> <span class='ocrx_word' id='word_1_834' title='bbox 3543 4899 3636 4955; x_wconf 87' lang='lat' dir='ltr'><strong>sed</strong></span> <span class='ocrx_word' id='word_1_835' title='bbox 3663 4901 3830 4954; x_wconf 84' lang='lat' dir='ltr'><strong>etiam</strong></span> 
     </span>
    </p>
   </div>
   <div class='ocr_carea' id='block_1_114' title="bbox 2231 4991 3828 5066">
    <p class='ocr_par' dir='ltr' id='par_1_114' title="bbox 2231 4991 3828 5066">
     <span class='ocr_line' id='line_1_115' title="bbox 2231 4991 3828 5066; baseline -0.005 -14"><span class='ocrx_word' id='word_1_836' title='bbox 2231 5005 2468 5052; x_wconf 88' lang='lat' dir='ltr'><strong>materna</strong></span> <span class='ocrx_word' id='word_1_837' title='bbox 2499 4994 2726 5066; x_wconf 86' lang='lat' dir='ltr'><strong>quadam</strong></span> <span class='ocrx_word' id='word_1_838' title='bbox 2757 4994 3054 5058; x_wconf 84' lang='lat' dir='ltr'><strong>cltaritate,</strong></span> <span class='ocrx_word' id='word_1_839' title='bbox 3085 4993 3243 5048; x_wconf 87' lang='lat' dir='ltr'><strong>etiam</strong></span> <span class='ocrx_word' id='word_1_840' title='bbox 3289 4993 3413 5047; x_wconf 88' lang='lat' dir='ltr'><strong>hinc</strong></span> <span class='ocrx_word' id='word_1_841' title='bbox 3445 4993 3685 5048; x_wconf 88' lang='lat' dir='ltr'><strong>dicemus</strong></span> <span class='ocrx_word' id='word_1_842' title='bbox 3723 4991 3828 5046; x_wconf 85' lang='lat' dir='ltr'><strong>ali-</strong></span> 
     </span>
    </p>
   </div>
   <div class='ocr_carea' id='block_1_115' title="bbox 2233 5083 3832 5158">
    <p class='ocr_par' dir='ltr' id='par_1_115' title="bbox 2233 5083 3832 5158">
     <span class='ocr_line' id='line_1_116' title="bbox 2233 5083 3832 5158; baseline -0.003 -18"><span class='ocrx_word' id='word_1_843' title='bbox 2233 5087 2388 5158; x_wconf 88' lang='lat' dir='ltr'><strong>quid,</strong></span> <span class='ocrx_word' id='word_1_844' title='bbox 2420 5097 2674 5157; x_wconf 88' lang='lat' dir='ltr'><strong>quantum</strong></span> <span class='ocrx_word' id='word_1_845' title='bbox 2723 5086 2858 5140; x_wconf 86' lang='lat' dir='ltr'><strong>forte</strong></span> <span class='ocrx_word' id='word_1_846' title='bbox 2903 5085 3130 5142; x_wconf 81' lang='lat' dir='ltr'><strong>sufficiat</strong></span> <span class='ocrx_word' id='word_1_847' title='bbox 3159 5085 3508 5150; x_wconf 86' lang='lat' dir='ltr'><strong>Christianis,</strong></span> <span class='ocrx_word' id='word_1_848' title='bbox 3557 5084 3678 5154; x_wconf 82' lang='lat' dir='ltr'><strong>quia</strong></span> <span class='ocrx_word' id='word_1_849' title='bbox 3725 5083 3832 5137; x_wconf 82' lang='lat' dir='ltr'><strong>ho-</strong></span> 
     </span>
    </p>
   </div>
   <div class='ocr_carea' id='block_1_116' title="bbox 2231 5175 3830 5246">
    <p class='ocr_par' dir='ltr' id='par_1_116' title="bbox 2231 5175 3830 5246">
     <span class='ocr_line' id='line_1_117' title="bbox 2231 5175 3830 5246; baseline -0.003 -14"><span class='ocrx_word' id='word_1_850' title='bbox 2231 5179 2419 5234; x_wconf 87' lang='lat' dir='ltr'><strong>dierno</strong></span> <span class='ocrx_word' id='word_1_851' title='bbox 2447 5178 2534 5233; x_wconf 85' lang='lat' dir='ltr'><strong>die</strong></span> <span class='ocrx_word' id='word_1_852' title='bbox 2565 5177 2665 5232; x_wconf 90' lang='lat' dir='ltr'><strong>hos</strong></span> <span class='ocrx_word' id='word_1_853' title='bbox 2691 5192 2879 5232; x_wconf 90' lang='lat' dir='ltr'><strong>omnes</strong></span> <span class='ocrx_word' id='word_1_854' title='bbox 2907 5177 2996 5246; x_wconf 91' lang='lat' dir='ltr'><strong>qui</strong></span> <span class='ocrx_word' id='word_1_855' title='bbox 3024 5185 3394 5232; x_wconf 89' lang='lat' dir='ltr'><strong>convenerunt</strong></span> <span class='ocrx_word' id='word_1_856' title='bbox 3435 5175 3646 5230; x_wconf 87' lang='lat' dir='ltr'><strong>devotio</strong></span> <span class='ocrx_word' id='word_1_857' title='bbox 3683 5175 3830 5230; x_wconf 86' lang='lat' dir='ltr'><strong>circa</strong></span> 
     </span>
    </p>
   </div>
   <div class='ocr_carea' id='block_1_117' title="bbox 2233 5267 3828 5340">
    <p class='ocr_par' dir='ltr' id='par_1_117' title="bbox 2233 5267 3828 5340">
     <span class='ocr_line' id='line_1_118' title="bbox 2233 5267 3828 5340; baseline -0.004 -14"><span class='ocrx_word' id='word_1_858' title='bbox 2233 5270 2534 5340; x_wconf 82' lang='lat' dir='ltr'><strong>Scripturas</strong></span> <span class='ocrx_word' id='word_1_859' title='bbox 2581 5269 2754 5339; x_wconf 86' lang='lat' dir='ltr'><strong>major</strong></span> <span class='ocrx_word' id='word_1_860' title='bbox 2795 5268 3034 5324; x_wconf 84' lang='lat' dir='ltr'><strong>adduxit.</strong></span> <span class='ocrx_word' id='word_1_861' title='bbox 3074 5269 3255 5339; x_wconf 87' lang='lat' dir='ltr'><strong>Neque</strong></span> <span class='ocrx_word' id='word_1_862' title='bbox 3285 5270 3428 5323; x_wconf 90' lang='lat' dir='ltr'><strong>enim</strong></span> <span class='ocrx_word' id='word_1_863' title='bbox 3453 5267 3559 5322; x_wconf 90' lang='lat' dir='ltr'><strong>diei</strong></span> <span class='ocrx_word' id='word_1_864' title='bbox 3594 5267 3828 5334; x_wconf 86' lang='lat' dir='ltr'><strong>alicujus</strong></span> 
     </span>
    </p>
   </div>
   <div class='ocr_carea' id='block_1_118' title="bbox 2235 5357 3829 5416">
    <p class='ocr_par' dir='ltr' id='par_1_118' title="bbox 2235 5357 3829 5416">
     <span class='ocr_line' id='line_1_119' title="bbox 2235 5357 3829 5416; baseline -0.006 0"><span class='ocrx_word' id='word_1_865' title='bbox 2235 5362 2354 5416; x_wconf 81' lang='lat' dir='ltr'><strong>festi</strong></span> <span class='ocrx_word' id='word_1_866' title='bbox 2384 5361 2693 5415; x_wconf 86' lang='lat' dir='ltr'><strong>solcntnitas</strong></span> <span class='ocrx_word' id='word_1_867' title='bbox 2719 5360 2784 5414; x_wconf 90' lang='lat' dir='ltr'><strong>ad</strong></span> <span class='ocrx_word' id='word_1_868' title='bbox 2813 5359 3096 5415; x_wconf 83' lang='lat' dir='ltr'><strong>ecclesiam</strong></span> <span class='ocrx_word' id='word_1_869' title='bbox 3141 5359 3236 5414; x_wconf 88' lang='lat' dir='ltr'><strong>Dei</strong></span> <span class='ocrx_word' id='word_1_870' title='bbox 3273 5361 3430 5414; x_wconf 87' lang='lat' dir='ltr'><strong>etiam</strong></span> <span class='ocrx_word' id='word_1_871' title='bbox 3462 5358 3642 5412; x_wconf 90' lang='lat' dir='ltr'><strong>turbas</strong></span> <span class='ocrx_word' id='word_1_872' title='bbox 3673 5357 3829 5412; x_wconf 84' lang='lat' dir='ltr'><strong>thea-</strong></span> 
     </span>
    </p>
   </div>
   <div class='ocr_carea' id='block_1_119' title="bbox 2236 5449 3828 5520">
    <p class='ocr_par' dir='ltr' id='par_1_119' title="bbox 2236 5449 3828 5520">
     <span class='ocr_line' id='line_1_120' title="bbox 2236 5449 3828 5520; baseline -0.005 -14"><span class='ocrx_word' id='word_1_873' title='bbox 2236 5453 2394 5506; x_wconf 86' lang='lat' dir='ltr'><strong>tricas</strong></span> <span class='ocrx_word' id='word_1_874' title='bbox 2415 5451 2954 5506; x_wconf 83' lang='lat' dir='ltr'><strong>convocavit.Solent</strong></span> <span class='ocrx_word' id='word_1_875' title='bbox 2973 5453 3114 5504; x_wconf 83' lang='lat' dir='ltr'><strong>enim</strong></span> <span class='ocrx_word' id='word_1_876' title='bbox 3135 5450 3346 5520; x_wconf 87' lang='lat' dir='ltr'><strong>quidam</strong></span> <span class='ocrx_word' id='word_1_877' title='bbox 3379 5465 3486 5504; x_wconf 88' lang='lat' dir='ltr'><strong>nott</strong></span> <span class='ocrx_word' id='word_1_878' title='bbox 3512 5449 3579 5503; x_wconf 92' lang='lat' dir='ltr'><strong>de</strong></span> <span class='ocrx_word' id='word_1_879' title='bbox 3607 5449 3828 5518; x_wconf 79' lang='lat' dir='ltr'><strong>pietate,</strong></span> 
     </span>
    </p>
   </div>
   <div class='ocr_carea' id='block_1_120' title="bbox 2235 5535 3830 5598">
    <p class='ocr_par' dir='ltr' id='par_1_120' title="bbox 2235 5535 3830 5598">
     <span class='ocr_line' id='line_1_121' title="bbox 2235 5535 3830 5598; baseline -0.001 0"><span class='ocrx_word' id='word_1_880' title='bbox 2235 5541 2328 5598; x_wconf 82' lang='lat' dir='ltr'><strong>sed</strong></span> <span class='ocrx_word' id='word_1_881' title='bbox 2355 5541 2422 5598; x_wconf 85' lang='lat' dir='ltr'><strong>de</strong></span> <span class='ocrx_word' id='word_1_882' title='bbox 2448 5535 2785 5597; x_wconf 84' lang='lat' dir='ltr'><strong>solemnitate</strong></span> <span class='ocrx_word' id='word_1_883' title='bbox 2805 5558 3144 5598; x_wconf 89' lang='lat' dir='ltr'><strong>concurrere.</strong></span> <span class='ocrx_word' id='word_1_884' title='bbox 3173 5541 3294 5596; x_wconf 77' lang='lat' dir='ltr'><strong>lla-c</strong></span> <span class='ocrx_word' id='word_1_885' title='bbox 3321 5541 3677 5596; x_wconf 88' lang='lat' dir='ltr'><strong>consideratio</strong></span> <span class='ocrx_word' id='word_1_886' title='bbox 3701 5541 3830 5596; x_wconf 77' lang='lat' dir='ltr'><strong>fecit</strong></span> 
     </span>
    </p>
   </div>
   <div class='ocr_carea' id='block_1_121' title="bbox 2239 5634 3835 5706">
    <p class='ocr_par' dir='ltr' id='par_1_121' title="bbox 2239 5634 3835 5706">
     <span class='ocr_line' id='line_1_122' title="bbox 2239 5634 3835 5706; baseline -0.002 -17"><span class='ocrx_word' id='word_1_887' title='bbox 2239 5646 2294 5690; x_wconf 91' lang='lat' dir='ltr'><strong>nt</strong></span> <span class='ocrx_word' id='word_1_888' title='bbox 2339 5636 2510 5706; x_wconf 87' lang='lat' dir='ltr'><strong>primo</strong></span> <span class='ocrx_word' id='word_1_889' title='bbox 2552 5634 2794 5689; x_wconf 86' lang='lat' dir='ltr'><strong>dicamus</strong></span> <span class='ocrx_word' id='word_1_890' title='bbox 2834 5635 2901 5690; x_wconf 91' lang='lat' dir='ltr'><strong>de</strong></span> <span class='ocrx_word' id='word_1_891' title='bbox 2943 5635 3335 5690; x_wconf 82' lang='lat' dir='ltr'><strong>resurrectione</strong></span> <span class='ocrx_word' id='word_1_892' title='bbox 3381 5643 3748 5700; x_wconf 89' lang='lat' dir='ltr'><strong>mortuorum;</strong></span> <span class='ocrx_word' id='word_1_893' title='bbox 3776 5643 3835 5687; x_wconf 90' lang='lat' dir='ltr'><strong>et</strong></span> 
     </span>
    </p>
   </div>
   <div class='ocr_carea' id='block_1_122' title="bbox 2236 5725 3828 5804">
    <p class='ocr_par' dir='ltr' id='par_1_122' title="bbox 2236 5725 3828 5804">
     <span class='ocr_line' id='line_1_123' title="bbox 2236 5725 3828 5804; baseline -0.002 -21"><span class='ocrx_word' id='word_1_894' title='bbox 2236 5728 2430 5804; x_wconf 83' lang='lat' dir='ltr'><strong>deinde</strong></span> <span class='ocrx_word' id='word_1_895' title='bbox 2447 5771 2462 5796; x_wconf 94' lang='lat'><strong>,</strong></span> <span class='ocrx_word' id='word_1_896' title='bbox 2485 5732 2529 5784; x_wconf 91' lang='lat' dir='ltr'><strong>si</strong></span> <span class='ocrx_word' id='word_1_897' title='bbox 2560 5727 2767 5800; x_wconf 86' lang='lat' dir='ltr'><strong>copiam</strong></span> <span class='ocrx_word' id='word_1_898' title='bbox 2800 5727 3054 5784; x_wconf 89' lang='lat' dir='ltr'><strong>Dominus</strong></span> <span class='ocrx_word' id='word_1_899' title='bbox 3078 5725 3286 5784; x_wconf 85' lang='lat' dir='ltr'><strong>dederit</strong></span> <span class='ocrx_word' id='word_1_900' title='bbox 3303 5767 3320 5794; x_wconf 86' lang='lat'><strong>,</strong></span> <span class='ocrx_word' id='word_1_901' title='bbox 3347 5725 3516 5798; x_wconf 86' lang='lat' dir='ltr'><strong>qualis</strong></span> <span class='ocrx_word' id='word_1_902' title='bbox 3545 5726 3615 5784; x_wconf 88' lang='lat' dir='ltr'><strong>sit</strong></span> <span class='ocrx_word' id='word_1_903' title='bbox 3640 5735 3828 5797; x_wconf 75' lang='lat' dir='ltr'><strong>postea</strong></span> 
     </span>
    </p>
   </div>
   <div class='ocr_carea' id='block_1_123' title="bbox 2237 5823 2856 5892">
    <p class='ocr_par' dir='ltr' id='par_1_123' title="bbox 2237 5823 2856 5892">
     <span class='ocr_line' id='line_1_124' title="bbox 2237 5823 2856 5892; baseline -0.005 -15"><span class='ocrx_word' id='word_1_904' title='bbox 2237 5823 2344 5877; x_wconf 88' lang='lat' dir='ltr'><strong>vita</strong></span> <span class='ocrx_word' id='word_1_905' title='bbox 2370 5823 2542 5878; x_wconf 87' lang='lat' dir='ltr'><strong>futura</strong></span> <span class='ocrx_word' id='word_1_906' title='bbox 2567 5824 2856 5892; x_wconf 87' lang='lat' dir='ltr'><strong>justorum.</strong></span> 
     </span>
    </p>
   </div>
  </div>
