4080 6360
198 616 211 759 l

190 934 197 949 ι

234 382 367 440 ιωι

293 490 529 547 CAPUT
562 490 623 545 ν.
647 522 717 531 —
737 491 790 546 5.
818 486 881 545 In
912 506 996 546 eos
1022 489 1106 561 qui
1135 490 1207 545 sic
1231 491 1491 544 vivendum
1539 492 1619 545 In‘c
1660 493 1825 545 decer-

228 594 371 648 nunt,
398 583 546 653 quasi
576 590 687 653 post
715 592 923 637 mortem
948 583 1167 650 supersit
1190 582 1420 634 nihil.——
1441 580 1634 646 Timeo,
1656 584 1824 652 inquit

225 677 542 744 Apostolus,
570 691 634 728 ne
662 675 791 727 sicut
829 690 1033 744 serpens
1074 672 1232 727 Evam
1270 674 1470 727 seduxit
1498 675 1683 728 astutia
1709 691 1820 740 sua,

221 771 295 821 sic
325 777 373 822 et
406 778 584 822 uestra:
613 777 798 820 mentes
823 776 1212 836 corrumpantur
1235 783 1266 819 α
1286 766 1511 819 castitate
1534 782 1646 835 qum
1670 776 1742 819 est
1771 767 1825 820 iu

223 858 431 912 Christo
458 858 524 929 (ll
548 856 669 911 Cor.
701 872 779 923 xt,
809 854 887 928 5).
922 855 1119 910 Horum
1149 864 1324 910 autem
1356 863 1560 931 mentes
1585 870 1825 910 corrum-

224 960 360 1019 punt
389 950 479 1003 illa
508 949 793 1017 colloquia.
819 946 1185 1001 Manducemus
1205 956 1251 999 et
1274 947 1534 1011 bibamus;
1559 963 1671 1001 cras
1691 947 1823 1000 enim

220 1043 498 1095 morimur.
527 1040 627 1107 Qui
655 1040 769 1093 haze
799 1049 1001 1103 amant,
1032 1037 1125 1108 qui
1153 1038 1266 1091 hzec
1290 1045 1584 1103 sectantur,
1616 1038 1703 1106 qui
1732 1054 1821 1091 so-

221 1134 329 1187 lam
364 1148 493 1188 esse
520 1133 683 1186 vitam
710 1134 866 1185 istam
890 1130 1235 1194 arbitrantur,
1264 1129 1350 1197 qui
1379 1129 1508 1182 nihil
1537 1129 1602 1183 de
1628 1138 1823 1183 cmtero

221 1233 485 1296 sperant,
516 1226 605 1296 qui
633 1226 799 1279 Deum
839 1231 930 1277 aut
972 1239 1077 1277 non
1107 1231 1328 1292 rogant,
1362 1230 1451 1275 aut
1478 1233 1692 1292 propter
1722 1222 1823 1278 hoc

223 1328 440 1387 rogant,
469 1316 663 1387 quibus
686 1328 943 1369 onerosus
969 1321 1051 1367 est
1080 1329 1255 1367 sermo
1276 1311 1580 1382 diligentim,
1604 1312 1817 1366 audiant

224 1424 321 1463 nos
351 1423 479 1463 cum
510 1422 696 1477 magna
728 1405 937 1460 tristitia
966 1404 1062 1458 ista
1092 1403 1349 1458 dicentes.
1382 1403 1693 1457 Manducare
1718 1418 1815 1456 vo-

222 1499 340 1552 lunt
377 1509 437 1552 et
482 1498 695 1559 bibere;
737 1510 856 1551 cras
901 1497 1043 1550 enim
1093 1495 1405 1548 moriuntur.
1449 1494 1656 1550 Utinam
1697 1510 1821 1550 vere

224 1590 529 1660 cogitarent
559 1604 616 1644 se
644 1604 764 1644 cras
791 1602 910 1643 esse
935 1588 1241 1641 morituros.
1270 1586 1399 1654 Quis
1428 1586 1567 1640 enim
1597 1595 1699 1640 tam
1725 1587 1821 1641 de-

224 1696 381 1735 mens
433 1690 593 1750 atque
644 1693 930 1749 perversus
973 1687 1088 1741 est,
1118 1679 1235 1747 quis
1275 1687 1381 1731 tam
1424 1678 1591 1732 hostis
1628 1679 1821 1733 animae

223 1786 358 1836 suae,
388 1770 482 1840 qui
504 1770 738 1824 crastino
761 1768 848 1824 die
870 1768 1158 1822 moriturus
1186 1782 1290 1821 non
1313 1767 1508 1837 cogitet
1534 1768 1676 1821 ﬁnita
1700 1784 1821 1823 esse

224 1862 407 1916 omnia
453 1869 673 1931 propter
709 1877 828 1931 qua:
868 1858 1110 1914 laborat?
1139 1859 1227 1913 Sic
1255 1859 1396 1913 enim
1424 1861 1679 1929 scriptum
1705 1869 1815 1927 est,

224 1951 290 2007 lu
317 1952 415 2007 illo
444 1953 528 2006 die
557 1953 751 2022 perient
778 1968 948 2007 omnes
970 1953 1294 2022 cogitationes
1323 1954 1430 2023 ejus
1453 1951 1623 2024 (Psal.
1655 1969 1816 2021 chv,

222 2045 304 2112 4).
358 2045 475 2099 Etsi
523 2044 771 2099 homines
810 2052 1027 2115 propter
1068 2058 1162 2098 eos
1205 2059 1340 2113 quos
1368 2045 1451 2099 hic
1480 2045 1813 2115 relinquunt,

222 2138 538 2192 testamenti
561 2152 745 2192 curam
775 2144 967 2207 gemat
997 2135 1312 2190 imminente
1340 2136 1425 2190 die
1461 2136 1645 2190 mortis
1671 2153 1816 2202 sum;

222 2238 427 2297 quanto
470 2228 642 2299 magis
676 2228 872 2283 debent
901 2227 969 2283 de
995 2228 1170 2281 anima
1200 2243 1293 2282 sua
1324 2228 1521 2297 aliquid
1551 2229 1820 2299 cogitare?

221 2317 440 2387 Cogitat
464 2318 627 2372 homo
651 2332 785 2387 quos
805 2317 1100 2388 relinquat,
1149 2325 1202 2371 et
1246 2333 1307 2372 se
1347 2318 1437 2387 qui
1482 2317 1597 2372 hinc
1640 2319 1816 2372 omnia

222 2408 485 2479 relinquit
530 2424 635 2462 non
675 2408 909 2478 cogitat?
939 2409 1077 2464 Ecce
1115 2408 1387 2464 habebunt
1422 2409 1515 2464 lilii
1562 2410 1636 2464 tui
1674 2410 1816 2481 quod

220 2499 487 2564 dimittis,
521 2508 577 2554 tu
618 2500 748 2554 nihil
788 2499 1031 2564 habebis,
1065 2510 1119 2555 et
1144 2508 1252 2555 tota
1283 2500 1531 2571 cogitatio
1559 2510 1645 2554 tua
1672 2501 1722 2554 in
1753 2517 1819 2555 eo

222 2591 563 2645 consumitur
602 2606 704 2661 qua
748 2591 1010 2661 peregrini
1040 2599 1159 2661 post
1183 2598 1236 2646 te
1265 2600 1557 2658 transeant,
1581 2607 1686 2645 non
1715 2606 1820 2661 quo

222 2690 565 2737 transeuntes
604 2682 935 2751 perveniant.
965 2683 1176 2737 Utinam
1223 2699 1350 2754 ergo
1387 2694 1531 2739 esset
1568 2680 1837 2755 cogitatio

221 2772 288 2828 de
312 2782 512 2827 morte.
531 2771 638 2827 Sed
663 2789 785 2828 cum
807 2772 1100 2828 eﬁ‘eruntur
1122 2776 1338 2841 mortui,
1366 2777 1629 2845 cogitatur
1650 2791 1815 2841 mors,

224 2870 279 2918 et
304 2862 508 2920 dicitur
534 2880 547 2915 :
574 2863 669 2918 Vae
712 2864 940 2919 misero!
985 2864 1105 2919 talis
1148 2866 1277 2929 fuit,
1325 2865 1439 2920 heri
1484 2856 1833 2931 ambulabat:

224 2964 347 3023 aut,
374 2965 505 3011 ante
536 2964 740 3026 septem
786 2956 902 3011 dies
942 2957 1091 3011 illum
1136 2957 1277 3022 vidi,
1310 2957 1438 3011 illud
1484 2966 1642 3027 atque
1689 2958 1817 3012 illud

222 3061 436 3102 mecum
468 3049 679 3103 locutus
706 3057 826 3115 est;
860 3049 991 3103 nihil
1020 3059 1103 3104 est
1130 3049 1309 3105 homo.
1335 3050 1664 3105 Murmurant
1694 3052 1815 3106 ista.

222 3134 326 3192 Sed
351 3137 494 3193 forte
521 3155 641 3193 cum
671 3150 913 3195 mortuus
938 3140 1222 3210 plangitur,
1242 3156 1362 3195 cum
1394 3141 1549 3197 funus
1576 3152 1813 3209 curatur,

221 3243 344 3285 cum
373 3232 646 3301 exsequiae
682 3242 1068 3302 prazparantur,
1098 3249 1217 3288 cum
1245 3233 1484 3302 eli‘ertur,
1527 3251 1647 3290 cum
1690 3236 1813 3302 itur,

222 3335 346 3375 cum
370 3323 652 3390 sepelitur,
680 3327 820 3395 viget
847 3324 949 3379 istc
976 3339 1155 3379 sermo
1186 3344 1199 3379 :
1230 3328 1439 3395 sepulto
1466 3336 1640 3382 autem
1669 3344 1814 3384 mor-

224 3418 336 3477 tuo,
366 3413 534 3466 etiam
563 3414 681 3467 talis
710 3414 967 3484 cogitatio
996 3416 1271 3483 sepelitur.
1300 3417 1546 3472 Redeunt
1595 3419 1696 3473 illa:
1724 3435 1819 3475 cu-

224 3520 297 3559 ra:
326 3505 626 3561 mortifera:
646 3549 661 3573 ,
692 3508 1023 3563 obliviscitur
1061 3524 1218 3578 quem
1262 3509 1575 3578 deduxerit,
1604 3512 1670 3566 de
1696 3527 1819 3567 suc-

223 3596 471 3650 cessione
515 3597 720 3667 cogitat
763 3596 1108 3663 decessurus;
1135 3599 1338 3653 reditur
1375 3600 1439 3654 ad
1483 3600 1722 3661 fraudes.
1750 3602 1815 3657 ad

220 3685 457 3756 rapinas,
490 3687 557 3741 ad
590 3687 842 3757 pcrjuria,
865 3688 931 3742 ad
956 3689 1324 3757 vinolentiam,
1349 3690 1414 3744 ad
1441 3690 1673 3747 inﬁnitas
1699 3709 1817 3747 cor-

220 3779 367 3846 poris
409 3779 730 3848 voluptates,
765 3795 869 3834 non
915 3779 1055 3843 dico,
1098 3796 1218 3835 eum
1267 3781 1541 3837 exhaustae
1585 3784 1813 3850 iuerint,

220 3869 491 3937 perituras
512 3911 528 3936 ,
554 3870 647 3924 sed
687 3887 807 3925 cum
856 3871 1171 3926 hauriuntur
1212 3882 1530 3943 pereuntes;
1563 3884 1645 3937 et,
1675 3877 1814 3946 quod

222 3969 303 4014 est
325 3961 788 4030 peruiciosius,de
815 3964 1022 4032 sepulto
1049 3973 1261 4017 mortuo
1282 3975 1653 4034 argumentum
1672 3982 1818 4036 sepe-

222 4050 385 4107 liendi
413 4052 593 4107 cordis
620 4054 926 4120 assumitur,
956 4064 1010 4109 et
1029 4054 1241 4121 dicitur,
1278 4053 1638 4112 Manducemus
1664 4068 1711 4112 et
1738 4059 1815 4112 bi-

223 4146 440 4209 bamus;
465 4163 579 4200 cras
604 4149 737 4201 enim
763 4150 1023 4203 morimur.

184 4244 189 4261 ³
250 4233 525 4307 ⁷(ΖΑΙἮΤ
572 4236 823 4292 γι-δ.
871 4237 1270 4293 Resurrectionis
1315 4239 1439 4308 ﬁdes
1477 4239 1713 4293 irridetur
1753 4242 1814 4295 ab

219 4326 520 4383 incredulis.
554 4328 868 4384 Parentalia.
916 4328 979 4384 In
1027 4348 1110 4385 eos
1151 4333 1236 4402 qui
1277 4333 1519 4401 objiciunt
1549 4334 1744 4387 nullum
1784 4353 1816 4389 a

223 4420 439 4473 mortuis
465 4419 692 4474 rediisse.
725 4419 955 4475 lrridcnt
979 4421 1139 4476 etiam
1168 4420 1325 4476 ﬁdem
1352 4424 1700 4477 asserentium
1730 4440 1817 4480 re-

223 4522 565 4567 surrecturos
604 4528 721 4568 esse
760 4524 1033 4573 mortuos.
1088 4513 1324 4569 dicentes
1363 4514 1465 4568 sibi
1491 4534 1503 4568 :
1528 4516 1665 4571 Ecce
1715 4518 1814 4574 iste

222 4604 432 4674 positus
460 4612 546 4657 est
569 4602 621 4658 in
650 4605 914 4674 sepulcro.
947 4603 1190 4658 audiatur
1212 4621 1311 4659 vox
1341 4604 1501 4660 illius.
1529 4607 1630 4663 Sed
1659 4607 1815 4679 hujus

225 4708 329 4748 non
358 4704 576 4764 potest:
601 4696 767 4763 patris
788 4696 891 4750 mei
913 4711 1096 4751 vocem
1120 4696 1352 4763 audiam,
1382 4697 1466 4751 avi
1490 4699 1609 4763 mei,
1631 4701 1814 4770 proavi

222 4786 348 4840 mei.
371 4784 507 4852 Quis
547 4784 670 4840 inde
711 4786 978 4841 surrexit?
1004 4786 1131 4854 Quis
1176 4786 1425 4842 iudicavit
1463 4788 1587 4858 quid
1629 4797 1816 4857 agatur

223 4875 362 4945 apud
396 4876 637 4930 inferos?
664 4875 807 4931 Bene
856 4877 1011 4932 nobis
1059 4876 1348 4940 faciamus,
1380 4893 1500 4934 eum
1538 4880 1762 4937 vivimus
1791 4900 1804 4936 :

222 4982 343 5024 eum
369 4978 553 5024 autem
584 4970 777 5025 mortui
808 4969 1083 5035 fuerimus,
1105 4970 1314 5027 etiamsi
1346 4981 1594 5043 parentes
1619 4958 1808 5042 nostri,

224 5072 316 5115 aut
344 5060 500 5115 chari
518 5103 533 5126 ,
556 5069 647 5114 aut
675 5062 955 5131 propinqui
996 5062 1221 5117 aﬁ'erant
1245 5062 1311 5116 ad
1337 5064 1579 5134 sepulcra
1610 5075 1812 5133 nostra,

227 5156 327 5212 sibi
357 5156 590 5211 afferent
608 5157 698 5228 qui
725 5158 941 5221 vivunt,
974 5173 1081 5213 non
1126 5157 1280 5212 nobis
1323 5158 1565 5213 mortuis.
1596 5160 1660 5214 Et
1700 5159 1816 5217 haac

224 5248 444 5320 quidem
486 5250 651 5304 irrisit
685 5251 845 5327 etiam
875 5251 1166 5321 Scriptura,
1197 5251 1379 5307 dicens
1404 5251 1473 5307 de
1499 5253 1815 5323 quibusdam

224 5343 362 5399 bona
396 5345 684 5415 prtesentia
711 5360 817 5400 non
844 5346 1219 5411 sentientibus,
1255 5346 1520 5421 Tanquam
1541 5349 1586 5405 si
1611 5351 1813 5423 epulas,

225 5436 431 5506 inquit,
461 5446 659 5492 mortuo
696 5438 1044 5510 circumpouas
1072 5438 1255 5512 (Eccli.
1282 5456 1419 5508 xxx,
1451 5441 1542 5513 i8)
1567 5459 1581 5496 :
1606 5451 1661 5497 et
1698 5458 1816 5498 ma-

227 5526 481 5581 nifestum
522 5536 606 5582 est
650 5528 751 5584 hoc
786 5526 854 5583 ad
884 5539 1125 5585 mortuos
1154 5546 1261 5587 non
1288 5532 1577 5601 pertinere,
1606 5541 1661 5588 et
1682 5548 1814 5589 eon-

226 5619 564 5675 suetudinem
608 5618 747 5674 banc
788 5635 909 5676 esse
947 5621 1277 5692 Paganorum
1304 5664 1319 5687 ,
1369 5639 1474 5677 non
1522 5625 1704 5681 venire
1749 5627 1818 5684 de

233 5710 523 5779 propagine
566 5710 655 5763 illa
700 5718 757 5765 et
796 5726 929 5765 vena
973 5711 1194 5781 justitia:
1245 5721 1452 5784 patrum
1511 5725 1814 5773 nostrorum

226 5800 695 5869 Patriarcharum,
726 5802 917 5874 quibus
946 5805 1223 5877 exsequias
1249 5807 1545 5883 celebratas
1583 5826 1700 5868 esse
1732 5813 1808 5869 le-

1614 380 1845 435 SERMO
1882 380 2138 437 CCCLX].

3377 408 3517 467 {602

1931 493 2137 563 gimus,
2170 507 2503 567 parentatum
2532 519 2653 561 esse
2684 523 2789 564 non
2820 510 3061 583 legimus.
3104 517 3215 575 Hoc
3257 522 3417 579 etiam
3460 527 3511 580 in

1929 585 2166 641 moribus
2189 588 2492 648 Judteorum
2520 597 2865 658 animadverti
2890 614 3097 674 potest:
3129 627 3231 666 non
3262 616 3402 669 enim
3436 627 3515 673 te-

1928 688 2159 732 nuerunt
2186 679 2308 736 inde
2332 683 2543 741 virtutis
2570 688 2794 760 frugem,
2828 695 2920 748 sed
2951 706 3127 755 tamen
3151 711 3434 762 tenuerunt
3457 711 3510 765 in

1926 767 2240 834 quibusdam
2282 774 2712 837 solemnitatibus
2754 790 3150 847 consuetudinis
3174 807 3508 854 vetustatem.

1927 855 1997 921 ιιι
2033 859 2174 928 quod
2218 862 2475 957 objiciunt
2504 870 2716 938 quidam
2748 873 2814 928 de
2850 875 3156 948 Scripturis,
3182 883 3386 957 Frange
3418 907 3511 957 pa—

1927 964 2038 1003 nem
2064 960 2224 1016 tuum,
2259 964 2304 1007 et
2324 955 2527 1023 effunde
2547 961 2718 1016 vinum
2740 975 2883 1020 tuum
2926 986 3075 1039 super
3092 955 3514 1047 sepulcraﬁjusto-

1924 1055 2065 1105 rum,
2106 1053 2154 1095 et
2185 1060 2247 1097 ne
2281 1047 2452 1101 tradas
2487 1066 2599 1104 eum
2629 1053 2828 1124 injustis
2859 1055 3011 1127 (Tob.
3034 1076 3109 1127 Iv,
3142 1064 3266 1133 18);
3296 1084 3400 1122 non
3428 1081 3509 1125 est

1925 1131 2136 1198 quidem
2167 1134 2233 1188 de
2262 1136 2363 1192 hoc
2406 1139 2805 1211 disserendum,
2837 1148 2931 1203 sed
2978 1160 3153 1206 tamen
3193 1131 3347 1223 posse
3387 1159 3505 1213 dico

1926 1219 2220 1315 intelligere
2251 1226 2435 1285 ﬁdeles
2458 1234 2597 1300 quod
2623 1235 2819 1303 dictum
2854 1250 2955 1294 est.
2982 1242 3126 1297 Nam
3166 1219 3509 1315 quemadmo-

1925 1310 2048 1366 dum
2082 1314 2177 1369 ista
2207 1316 2388 1374 ﬁdeles
2414 1321 2606 1379 faciant
2636 1328 2880 1398 religiose
2908 1348 3031 1403 erga
3062 1310 3345 1394 memorias
3385 1358 3507 1398 suo-

1926 1416 2042 1455 rum
2071 1415 2251 1459 notum
2282 1417 2363 1462 est
2391 1410 2662 1479 ﬁdelibus;
2688 1426 2742 1471 et
2769 1420 2889 1488 quia
2924 1438 3030 1476 non
3058 1437 3181 1479 sunt
3213 1428 3308 1481 ista
3354 1431 3506 1484 exhi-

1925 1492 2100 1591 benda‘
2125 1497 2354 1567 iniustis,
2388 1502 2438 1555 id
2461 1514 2543 1558 est
2564 1547 2577 1570 ,
2604 1507 2925 1575 inﬁdelibus,
2953 1516 3094 1583 quia,
3120 1516 3299 1573 Justus
3325 1524 3508 1591 ex/ide

1923 1587 2039 1639 vivit
2082 1587 2255 1659 (Rom.
2289 1608 2340 1659 t,
2369 1594 2490 1665 17).
2533 1600 2692 1652 etiam
2737 1601 2836 1657 hoc
2882 1604 3124 1662 ﬁdelibus
3171 1619 3354 1665 notum
3400 1587 3502 1668 est.

1921 1677 2089 1733 Nemo
2117 1696 2244 1751 ergo
2267 1698 2468 1753 quaerat
2493 1688 2559 1743 de
2578 1692 2838 1749 medicina
2864 1698 3074 1765 vulnus,
3098 1710 3151 1755 et
3175 1702 3241 1757 de
3264 1704 3503 1775 Scriptu-

1921 1773 1997 1827 ris
2021 1785 2244 1832 conetur
2273 1788 2517 1851 torquere
2540 1785 2808 1842 vinculum
2829 1830 2844 1853 ,
2879 1791 3018 1846 unde
3045 1794 3289 1863 laqueum
3317 1773 3503 1856 mortis

1922 1862 2123 1933 injiciat
2158 1868 2350 1924 anima:
2389 1889 2517 1928 sure.
2548 1876 2882 1934 Manifestum
2926 1892 3010 1937 est
3054 1862 3501 1954 quemadmodum

1922 1954 2050 2010 illud
2074 1956 2415 2029 intelligatur,
2446 1972 2499 2017 et
2523 1978 2707 2034 aperta
2733 1979 2893 2040 atque
2920 1973 3150 2030 salubris
3174 1989 3257 2031 est
3282 1977 3396 2035 hazc
3420 1995 3504 2036 ce-

1920 2046 2143 2102 lebratio
2172 2050 2614 2110 Christianorum.

1991 2135 2214 2194 CAPUT
2243 2142 2475 2197 \'l|.—7.
2495 2146 2647 2201 Fides
2666 2160 2837 2204 nostra
2855 2153 2907 2206 in
2932 2156 3102 2223 corde,
3115 2161 3260 2228 quasi
3272 2138 3502 2219 Christus

1919 2227 1972 2281 in
1996 2231 2112 2283 navi
2135 2231 2407 2302 dormiens,
2436 2239 2722 2304 excitanda,
2753 2252 2810 2295 ut
2839 2254 3102 2315 tempestas
3121 2227 3340 2307 sedetur.
3367 2254 3501 2309 Illud

1920 2335 2067 2387 ergo,
2099 2330 2154 2374 ut
2182 2338 2446 2392 cameram
2478 2327 2680 2393 dicere,
2702 2332 2996 2400 videamus,
3022 2350 3235 2408 propter
3259 2342 3505 2401 homines

1923 2409 2391 2470 immurmurzuites
2430 2417 2481 2471 in
2518 2436 2673 2476 aures
2721 2423 3087 2491 inﬁrmorum,
3136 2430 3503 2489 Manducemus

1922 2513 1968 2557 et
1997 2505 2252 2571 bibamus;
2292 2526 2404 2563 cras
2450 2513 2580 2565 enim
2618 2501 2897 2574 morimur:
2925 2522 3046 2589 quia
3077 2522 3290 2591 dicunt,
3318 2526 3503 2584 Nullus

1922 2596 2042 2651 inde
2083 2602 2404 2683 resurrexit,
2446 2621 2549 2658 non
2595 2609 2775 2664 audivi
2826 2628 3009 2668 vocem
3053 2617 3398 2688 cujusquam,
3433 2639 3501 2678 ex

1921 2704 2025 2757 quo
2054 2690 2121 2744 ibi
2175 2694 2375 2760 positus
2423 2705 2505 2751 est
2552 2714 2681 2754 avus
2728 2718 2893 2764 meus.
2924 2721 2987 2760 ex
3035 2724 3138 2777 quo
3184 2723 3402 2780 atavos,
3433 2732 3500 2769 ex

1920 2794 2024 2847 quo
2089 2794 2282 2850 pater;
2341 2786 2535 2843 nullius
2602 2792 2774 2846 audivi
2849 2811 3055 2851 vocem.
3119 2800 3496 2872 “csltomlt‘le,

1920 2868 2226 2939 Christiani,
2265 2877 2308 2929 si
2354 2876 2625 2935 christiani
2667 2884 2837 2939 estis:
2881 2902 2946 2940 ne
2997 2889 3129 2942 forte
3169 2868 3286 2945 cum
3342 2868 3502 2951 vultis

1921 2962 1972 3015 in
2029 2965 2233 3032 populis
2285 2968 2570 3037 inebriari,
2614 2974 2783 3044 pigeat
2821 2993 2918 3032 vos
2974 2984 3372 3051 corruptoribus
3415 3003 3503 3042 re-

1920 3056 2203 3126 spondere.
2249 3059 2464 3117 llabetis
2516 3066 2638 3134 quid
2686 3070 3204 3137 respoiideatis:sed
3237 3076 3502 3135 ﬁuctuatis

1920 3149 2346 3218 concupiscentia
2387 3154 2755 3224 voluptatum,
2793 3170 2846 3213 et
2892 3161 3054 3215 vultis
3096 3164 3400 3235 ingurgitari
3448 3178 3503 3223 et

1920 3240 2022 3293 vivi
2074 3242 2307 3313 sepeliri.
2354 3243 2532 3315 Surgit
2569 3250 2829 3318 cupiditas
2892 3252 3165 3310 ebrietatis
3193 3297 3208 3321 ,
3253 3267 3307 3312 et
3351 3262 3503 3328 quasi

1928 3331 2120 3390 ﬂuctus
2146 3336 2359 3404 quidam
2389 3338 2537 3393 irruit
2567 3341 2619 3394 in
2648 3343 2899 3409 animam,
2927 3354 3182 3402 attractus
3206 3348 3333 3403 ﬁatu
3364 3353 3503 3406 male

1923 3427 2218 3483 suadentis.
2254 3429 2644 3501 Tempestatem
2687 3451 2815 3506 ergo
2852 3452 3093 3506 magnam
3135 3442 3362 3509 pateris,
3394 3458 3502 3497 non

1921 3518 2000 3572 vis
2045 3523 2371 3590 respondere
2418 3527 2749 3594 corruptori,
2782 3543 2902 3582 cum
2949 3528 3094 3585 faves
3135 3533 3498 3602 propinatori;

1918 3608 2011 3663 sed
2040 3610 2231 3666 [luctus
2255 3615 2700 3683 concupiscentia:
2739 3618 2898 3671 nimis
2923 3619 3167 3688 erigitur,
3197 3633 3250 3676 et.
3274 3623 3535 3679 obruere.

1922 3702 2035 3755 vult
2058 3712 2310 3773 tanquam
2338 3720 2525 3760 navem
2556 3721 2651 3761 eor
2680 3716 2846 3762 tuum.
2873 3709 3203 3777 Christiane,
3226 3712 3423 3767 dormit
3449 3715 3501 3769 in

1920 3793 2038 3846 navi
2068 3802 2152 3847 tua
2179 3792 2463 3850 Christus:
2500 3797 2670 3851 excita
2711 3798 2897 3863 illum;
2928 3800 3137 3870 jubebit
3177 3805 3503 3871 tempestati-

1919 3884 2017 3939 bus
2043 3895 2101 3940 ut
2128 3887 2307 3941 omnia
2335 3888 2744 3959 tranquillentur
2771 3889 2987 3959 (Matth.
3021 3908 3109 3946 νιη
3130 3934 3145 3957 ,
3174 3893 3374 3963 24-26).
3408 3894 3503 3949 Illo

1919 3975 2063 4029 enim
2098 3987 2369 4046 tempore,
2400 3979 2612 4048 quando
2640 3980 2884 4049 discipuli
2926 3982 2975 4035 in
3024 3983 3142 4036 navi
3177 3984 3505 4038 ﬂuctuabant

1918 4063 2130 4120 Christo
2141 4066 2455 4135 dormiente,
2470 4069 2898 4140 signiﬁcaverunt
2911 4072 3161 4126 ﬂuctuare
3172 4071 3501 4126 Christianos

1920 4157 2205 4212 christiana
2239 4160 2343 4215 ﬁde
2370 4162 2686 4218 dormiente.
2715 4163 2875 4218 Vides
2902 4163 3041 4217 enim
3074 4164 3196 4230 quid
3218 4164 3499 4233 dicitApo-

1919 4250 2087 4303 stolus
2112 4249 2609 4323 :llubitare,iuquit,
2637 4252 2890 4308 Christum
2914 4272 3001 4323 per
3024 4256 3174 4323 [idem
3198 4256 3249 4308 in
3270 4256 3500 4310 cordibus

1919 4342 2093 4394 vestris
2120 4340 2333 4413 (Ep/tes.
2370 4358 2455 4407 tu,
2490 4342 2599 4416 17).
2633 4345 2936 4399 Secundum
2975 4347 3116 4399 enim
3163 4352 3498 4415 praesentiam

1923 4430 2326 4497 pulchritudinis
2366 4443 2421 4489 et
2457 4420 2749 4490 divinitatis
2793 4450 2902 4490 sme
2947 4451 3159 4506 semper
3193 4454 3315 4490 cum
3347 4438 3501 4494 Patre

1919 4532 2034 4587 est;
2083 4524 2375 4579 secundum
2429 4526 2766 4596 prtesentiam
2809 4530 3138 4597 corporalem
3185 4528 3296 4598 jam
3340 4545 3499 4599 supra

1919 4613 2084 4669 coalos
2108 4615 2173 4669 ad
2202 4616 2477 4672 dexteram
2507 4617 2678 4693 Patris
2703 4631 2784 4674 est
2809 4637 2821 4673 :
2845 4620 3135 4674 secundum
3165 4623 3499 4690 praesentiam

1918 4722 2046 4761 vero
2077 4708 2197 4763 ﬁdei
2234 4708 2286 4762 in
2326 4710 2572 4765 omnibus
2600 4710 2913 4766 Christianis
2956 4721 3055 4766 est.
3091 4713 3157 4765 Et
3204 4712 3323 4765 ideo
3371 4727 3501 4782 ergo

1920 4795 2165 4865 ﬁuctuas,
2194 4800 2314 4868 quia
2346 4798 2590 4857 Christus
2617 4802 2813 4857 dormit
2839 4819 2852 4854 :
2884 4803 2984 4857 hoc
3026 4812 3128 4868 est,
3149 4802 3270 4858 ideo
3305 4818 3504 4857 concu-

1922 4888 2204 4957 piscentias
2226 4891 2363 4956 illas,
2396 4908 2515 4961 qua:
2539 4893 2839 4948 excitantur
2864 4892 3074 4947 ﬂatibus
3104 4894 3241 4948 male
3265 4893 3500 4948 suaden-

1921 4976 2074 5047 tium,
2104 4996 2210 5035 non
2236 4996 2476 5052 superas,
2507 4983 2631 5053 quia
2658 4982 2787 5038 ﬁdes
2826 4983 3043 5038 dormit.
3065 4983 3201 5051 Quid
3228 4992 3341 5051 est,
3370 4983 3501 5037 ﬁdes

1920 5069 2153 5126 dormit?
2178 5073 2359 5142 Sopita
2381 5082 2481 5128 est.
2505 5075 2640 5140 Quid
2666 5084 2791 5151 est,»
2821 5076 2990 5145 sopita
3034 5076 3152 5131 est?
3192 5075 3399 5131 Oblitus
3441 5090 3501 5130 es

1919 5178 2056 5219 eam.
2076 5164 2212 5231 Quid
2232 5180 2359 5235 ergo
2375 5174 2458 5220 est
2476 5167 2708 5221 excitare
2723 5166 3029 5221 Christum?
3046 5165 3291 5222 Exeitare
3318 5165 3499 5232 ﬁdem,

1920 5257 2188 5313 reminisci
2212 5258 2354 5327 quod
2382 5257 2672 5314 credidisti.
2696 5259 2835 5331 Ergo
2853 5260 3134 5315 recordare
3156 5260 3309 5315 Iidem
3332 5269 3507 5324 tuam,

1920 5349 2091 5404 excita
2120 5347 2391 5405 Christum
2417 5369 2430 5405 :
2456 5350 2567 5421 ipsa
2593 5351 2726 5406 ﬁdes
2750 5360 2836 5406 tua
2854 5350 3055 5420 iubebit
3088 5350 3354 5415 ﬂuetibus,
3384 5352 3503 5420 qui-

1920 5439 2022 5495 bus
2052 5439 2302 5506 turbaris,
2334 5451 2390 5499 et
2414 5443 2586 5498 ventis
2627 5458 2877 5514 perversa
2920 5443 3251 5515 suadentium
3278 5462 3290 5496 :
3321 5443 3501 5499 statim

1921 5532 2227 5599 discedent,
2250 5534 2431 5591 statim
2467 5537 2646 5592 omnia
2679 5537 3087 5608 conquiescent;
3118 5537 3240 5607 quia
3265 5535 3365 5591 etsi
3395 5551 3511 5595 non

1921 5625 2129 5683 desistit
2156 5628 2328 5683 malus
2354 5643 2541 5685 suasor
2584 5628 2758 5699 loqui,
2782 5629 2894 5700 jam
2926 5643 3031 5684 non
3066 5634 3364 5683 commovet
3411 5641 3505 5681 na-

1922 5737 2063 5786 vem,
2088 5737 2194 5778 non
2222 5721 2441 5780 ﬂuctum
2469 5723 2687 5791 excitat,
2711 5738 2816 5779 non
2845 5722 3037 5791 mergit
3066 5719 3363 5787 vehiculum
3398 5734 3507 5791 quo

1924 5816 2173 5886 portaris,
