4046 6360
528 419 668 479 1605

597 535 652 592 8.
685 527 1074 588 Resurrectionis
1106 525 1290 596 futuris
1314 521 1440 592 fides
1470 527 1756 589 mergente
1785 515 1983 570 Christo
2007 531 2096 568 sa-

527 627 591 684 tis
605 623 942 696 comprobata.
957 618 1114 674 Totus
1133 615 1265 670 orbis
1284 623 1546 668 attestatur
1557 610 1675 680 ﬁdei
1688 619 1888 662 noslrw.
1910 605 2098 660 Omnia

528 719 861 776 testimonium
875 711 1129 784 perhibent
1151 705 1517 763 resnrrectioni.
1533 703 1665 772 Quid
1683 717 1810 770 ergo
1823 700 1949 754 facis
1966 698 2099 752 exci-

527 820 646 866 tans
677 807 936 862 Christum
957 802 982 856 ?
1005 799 1464 868 Qttidtibidixerat
1483 795 1649 851 malus
1671 793 1758 846 ille
1787 793 2101 846 sermocina-

527 890 780 959 tor?Quid
803 889 1009 943 dixerat
1031 887 1116 942 ille
1127 892 1421 952 eorruplor,
1439 893 1783 946 corrumpens
1805 877 1971 928 bonos
1989 889 2101 928 mo-

526 999 615 1039 res
628 998 720 1053 per
733 979 994 1048 collotjuia
1007 978 1169 1032 mala?
1184 974 1306 1045 quid
1321 971 1548 1027 dixerat?
1563 969 1717 1024 Certe
1731 969 1830 1024 hoc
1849 968 2054 1022 dixerat
2083 983 2095 1018 :

524 1074 696 1132 Nemo
723 1071 846 1128 inde
873 1083 1119 1125 reversus
1143 1077 1258 1132 est,
1288 1080 1392 1119 non
1419 1063 1594 1117 audivi
1643 1069 1844 1130 patrem
1887 1073 2060 1112 nienm
2081 1098 2096 1122 ,

527 1179 638 1221 non
664 1179 820 1219 avum
847 1175 1060 1224 meum;
1089 1159 1272 1213 redeat
1297 1156 1417 1210 inde
1441 1153 1654 1223 aliquis,
1675 1151 1815 1206 dicat
1840 1149 1964 1220 quid
1995 1149 2101 1202 illic

526 1257 718 1328 agitur.
1355 1279 1360 1286 -

597 1344 823 1404 CAPUT
865 1340 1189 1400 Vlli.—-'l'u
1231 1339 1340 1410 jam
1367 1337 1594 1394 excitato
1633 1334 1843 1392 Christo
1887 1331 1938 1387 in
1982 1335 2098 1387 navi

529 1449 654 1505 tua,
699 1437 940 1493 recolens
991 1434 1148 1488 iidem
1194 1441 1369 1496 tuam,
1413 1427 1675 1498 responde
1714 1426 1820 1493 illi,
1866 1433 1920 1479 et
1955 1423 2040 1478 dic
2085 1441 2098 1478 :

529 1528 724 1595 Stulte,
749 1527 794 1582 si
834 1534 982 1597 pater
1021 1534 1140 1578 tuus
1181 1528 1504 1591 resurgeret,
1539 1518 1819 1581 crederes;
1851 1513 2102 1568 Dominus

533 1620 774 1673 omnium
803 1615 1130 1680 resurrexit,
1160 1621 1214 1668 et
1251 1627 1355 1666 non
1396 1609 1608 1665 credis?
1653 1608 1803 1664 Unde
1845 1607 1986 1661 enim
2032 1605 2100 1659 ita

529 1701 852 1766 voluit'mori
867 1715 922 1762 et
935 1719 1234 1774 resurgere,
1252 1703 1348 1756 nisi
1367 1711 1423 1756 ut
1438 1715 1623 1755 otnnes
1643 1702 1730 1752 uni
1745 1697 2099 1762 crederemus,

530 1816 600 1856 ne
623 1816 653 1855 a
675 1799 854 1855 multis
877 1793 1282 1872 deciperemur?
1312 1791 1514 1862 thuid
1541 1791 1740 1846 faceret
1767 1795 1917 1858 pater
1945 1795 2068 1841 tuus
2083 1827 2098 1852 ,

528 1891 578 1950 si
612 1900 912 1960 resurgeret
942 1877 1364 1957 et‘loqueretur,
1407 1885 1597 1939 iterum
1645 1881 1970 1938 moriturus?
2012 1881 2104 1934 At-

533 1981 688 2036 tende
711 1995 830 2036 cum
851 1986 1046 2050 quanta
1084 1977 1171 2032 ille
1202 1983 1458 2046 potestate
1479 1973 1850 2045 resurrexerit,
1882 1971 1967 2041 qui
1995 1971 2103 2040 jam

531 2087 636 2126 non
661 2072 902 2135 moritur,
933 2079 988 2125 et
1011 2083 1156 2124 mors
1181 2069 1230 2123 ei
1253 2069 1388 2120 ultra
1417 2081 1523 2120 non
1548 2065 1908 2120 dominabitur
1926 2061 2100 2132 (Itom.

529 2181 604 2232 γι,
629 2165 709 2238 9).
739 2164 983 2219 Ostendit
1010 2177 1070 2216 se
1110 2161 1282 2230 ipsum
1313 2159 1584 2228 discipulis
1605 2167 1657 2212 et
1683 2155 1922 2210 lidelibus
1947 2155 2057 2209 suis
2089 2171 2102 2206 :

530 2265 859 2314 contrectata
898 2265 979 2312 est
1022 2252 1262 2310 soliditas
1285 2250 1558 2320 corporis,
1591 2265 1710 2304 cum
1743 2263 1927 2318 parum
1969 2255 2108 2301 esset

530 2347 848 2418 quibusdam
877 2347 1057 2400 videre
1079 2345 1222 2416 quod
1251 2345 1621 2404 meminerant,
1653 2341 1751 2395 nisi
1795 2340 1954 2394 etiam
1989 2347 2106 2392 tan-

532 2447 720 2507 gerent
747 2437 887 2508 quod
917 2436 1186 2490 videbant.
1220 2433 1538 2488 Conﬁrmata
1572 2431 1702 2485 ﬁdes
1741 2437 1858 2494 est,
1889 2444 1992 2483 non
2023 2443 2110 2482 so-

531 2528 642 2583 lum
665 2529 716 2582 in
739 2527 1010 2594 cordibus,
1029 2527 1122 2582 sed
1151 2525 1309 2581 etiam
1333 2525 1385 2580 in
1409 2524 1577 2579 oculis
1603 2523 1895 2576 hominum.
1911 2521 2110 2574 Ascen-

535 2621 614 2676 dit
675 2619 803 2685 ille,
839 2620 927 2689 qui
956 2619 1073 2672 haec
1121 2616 1540 2681 demonstravit,
1589 2613 1642 2668 in
1685 2614 1914 2679 coelum,
1967 2611 2110 2666 misit

534 2711 790 2781 Spiritum
838 2718 1079 2764 sanctum
1129 2707 1406 2778 discipulis
1448 2707 1591 2769 suis,
1633 2705 1974 2775 praedicatum
2027 2711 2110 2758 est

534 2801 899 2870 Evangelium.
930 2799 988 2855 Si
1013 2798 1299 2853 mentimur
1326 2797 1459 2863 hmc,
1487 2797 1750 2865 interroga
1779 2794 1962 2848 orbem
1999 2803 2109 2862 ter-

531 2909 730 2949 rarum.
759 2891 921 2946 Multa
945 2905 1062 2960 qua:
1094 2890 1352 2960 promissa
1377 2897 1504 2942 sunt
1524 2929 1540 2954 ,
1589 2887 1724 2942 facta
1754 2899 1914 2941 sunt:
1945 2887 2108 2941 multa

531 2999 651 3054 quae
674 2984 1043 3054 sperabantur,
1067 2981 1279 3052 impleta
1302 2989 1425 3037 sunt
1448 2998 1460 3032 :
1493 2980 1546 3034 in
1575 2979 1678 3034 ﬁde
1703 2977 1992 3034 christiana
2023 2986 2106 3033 to-

493 3063 514 3084 ⁶
532 3083 620 3130 tus
639 3073 782 3128 orbis
809 3075 968 3144 viget.
1015 3072 1128 3127 Non
1154 3072 1351 3127 audent
1373 3071 1572 3126 Christi
1599 3069 1979 3125 resurrectioui
2017 3070 2113 3125 de-

533 3165 763 3229 trahere,
791 3179 888 3222 nec
913 3165 986 3221 illi
1010 3165 1099 3235 qui
1121 3164 1355 3220 nondum
1381 3163 1595 3219 Christo
1625 3163 1982 3218 crediderunt.
2005 3163 2109 3219 Te-

532 3259 837 3314 stimonium
881 3261 934 3311 in
975 3257 1143 3319 coelo,
1195 3255 1550 3310 testimonium
1593 3255 1837 3309 interra:
1871 3255 2114 3310 testimo-

535 3348 680 3402 nium
739 3347 808 3400 ab
853 3347 1102 3416 Angelis,
1170 3347 1529 3402 testimonium
1587 3345 1656 3400 ab
1703 3343 1909 3400 inferis.
1975 3345 2111 3411 Quid

536 3438 812 3502 remansit,
843 3437 982 3507 quod
1009 3451 1114 3492 non
1139 3435 1368 3491 clamet?
1390 3437 1456 3492 Et
1481 3445 1535 3490 tu
1564 3435 1716 3504 dicis,
1745 3435 2112 3491 Manducemus

533 3539 581 3584 et
611 3531 869 3595 bibamus;
898 3547 1010 3583 cras
1047 3530 1180 3584 enim
1207 3528 1486 3583 morimur!

607 3619 661 3674 9.
705 3619 1010 3690 Exemplum
1051 3620 1426 3675 resurrectionis
1469 3619 1523 3673 in
1573 3619 1778 3674 sentina.
1811 3617 1918 3676 Sed
1949 3608 2137 3674 tristis-

533 3709 703 3765 factus
727 3726 786 3764 es
817 3710 885 3764 de
910 3711 1118 3780 sepulto
1139 3709 1451 3764 charissimo
1493 3719 1583 3763 tuo
1601 3750 1615 3773 ,
1644 3711 1766 3780 quia
1793 3727 1899 3764 non
1929 3711 2112 3766 statim

533 3801 726 3856 audisti
750 3816 934 3856 vocem
962 3801 1099 3870 ejus.
1129 3801 1372 3867 Vivebat,
1409 3801 1651 3855 mertuus
1669 3809 1751 3856 est
1785 3819 1800 3857 :
1827 3801 2114 3857 manduca-

535 3893 644 3954 bat,
663 3891 773 3962 jam
801 3907 905 3946 non
937 3893 1219 3946 manducat
1249 3910 1262 3945 :
1291 3892 1588 3955 sentiebat,
1620 3892 1729 3960 jam
1772 3909 1876 3948 non
1907 3895 2066 3949 sentit
2096 3913 2108 3949 :

535 3997 642 4038 non
677 3984 898 4037 interest
933 3981 1134 4052 gaudiis
1157 3991 1211 4038 et
1237 3983 1433 4037 laetitia:
1459 3982 1723 4038 vivorum.
2109 4049 2112 4052 ξ

614 4073 836 4130 CAPUT
865 4073 958 4128 1X.
987 4105 1056 4114 ——
1083 4073 1346 4144 Numquid
1369 4075 1645 4144 plangeres
1671 4091 1873 4142 semen,
1902 4076 2114 4144 quando

459 4233 482 4242 _
538 4167 754 4221 orares?
775 4167 830 4224 Si
860 4183 986 4236 ergo
1007 4175 1150 4221 esset
1171 4169 1448 4237 quisquam
1485 4167 1553 4222 ita
1593 4183 1770 4223 rerum
1801 4169 2074 4238 imperitus
2095 4210 2110 4233 ,

533 4257 622 4328 qui
666 4257 877 4326 quando
921 4257 1138 4312 ell'ertur
1179 4273 1359 4312 semen
1405 4259 1457 4312 in
1499 4274 1711 4328 agrum,
1745 4261 1877 4314 etin
1917 4270 2111 4316 terram

535 4346 781 4409 mittitur,
815 4353 870 4398 et
897 4347 1058 4400 fracta
1095 4347 1248 4416 gleba
1274 4347 1556 4417 sepelitur;
1586 4349 1630 4403 si
1655 4365 1782 4419 ergo
1801 4361 1942 4404 esset
1967 4351 2114 4420 quis-

533 4451 690 4505 quam
713 4436 926 4504 ignarus
949 4451 1124 4490 rerum
1149 4437 1308 4490 etiam
1333 4453 1496 4506 prope
1521 4437 1838 4506 futurarum,
1857 4440 1946 4511 qui
1969 4443 2116 4511 plan-

535 4535 681 4595 geret
707 4526 962 4590 triticum,
992 4527 1113 4596 quia
1153 4527 1484 4583 meminisset
1523 4527 1748 4596 arstatis,
1777 4541 1830 4586 et
1858 4534 2114 4602 cogitaret

536 4615 672 4685 apud
701 4631 760 4671 se
788 4617 1002 4683 dicens,
1033 4618 1142 4672 lloc
1173 4617 1492 4673 frumentum
1517 4661 1532 4687 ,
1564 4621 1704 4690 quod
1733 4623 1890 4678 modo
1935 4627 2113 4697 sepul-

536 4717 645 4761 tum
677 4715 791 4772 est,
818 4719 1015 4778 quanto
1045 4709 1224 4765 labore
1263 4725 1495 4765 messum
1518 4753 1532 4776 ,
1563 4723 1895 4783 apportatum
1917 4761 1930 4780 .
1962 4721 2112 4774 tritu-

534 4811 704 4855 ratum
727 4842 742 4865 ,
781 4813 1082 4870 purgatum,
1124 4803 1432 4857 servabatur
1457 4803 1510 4858 in
1539 4804 1766 4874 horreo,
1799 4809 2109 4868 videbamus

531 4891 650 4959 ejus
693 4889 941 4946 decorem
963 4933 977 4954 ,
1024 4901 1078 4946 et
1112 4893 1537 4963 gratulabamur;
1569 4897 1727 4952 modo
1765 4899 1998 4954 ablatum
2029 4911 2110 4957 est

532 4982 604 5036 ab
641 4981 812 5037 oculis
855 4983 1077 5048 nostris;
1121 4993 1317 5040 terram
1361 4997 1629 5043 exaratam
1660 4989 1840 5058 video,
1869 4992 2107 5048 frumen-

531 5080 644 5127 tum
671 5089 799 5130 vero
830 5089 928 5130 nec
953 5075 1004 5128 in
1032 5076 1226 5132 horreo
1249 5119 1266 5143 ,
1298 5093 1397 5134 nec
1424 5079 1509 5135 hic
1537 5095 1700 5136 cerno
1729 5099 1741 5136 :
1784 5083 2108 5142 frumentum

530 5163 682 5231 quasi
711 5173 977 5219 mortuum
1003 5175 1161 5236 atque
1190 5169 1452 5235 sepultum
1480 5171 1776 5240 lugubriter
1797 5173 2070 5245 plangeret
2088 5219 2104 5243 ,

529 5253 686 5310 ﬂeret
721 5255 946 5310 ubertim
967 5298 982 5322 ,
1012 5257 1288 5316 attendens
1326 5261 1507 5334 glebas
1533 5271 1586 5318 et
1613 5271 1808 5320 terram
1829 5306 1843 5331 ,
1877 5281 2104 5322 messem

530 5355 712 5403 autem
737 5363 842 5402 non
891 5348 1077 5405 videns
1103 5367 1116 5406 :
1142 5355 1406 5422 quomodo
1441 5355 1752 5413 irrideretur
1777 5373 1812 5412 ‘a
1846 5359 2105 5429 quibusli-

531 5436 621 5494 bet
648 5437 919 5506 indoctis,
942 5440 1037 5496 sed
1077 5443 1130 5497 iu
1173 5443 1264 5499 illa
1292 5459 1354 5501 re
1393 5461 1501 5502 non
1541 5445 1802 5515 indoctis;
1847 5451 2103 5519 imperitis

529 5528 741 5596 quidem
767 5530 987 5586 aliarum
1011 5548 1206 5600 rerum,
1239 5535 1422 5605 peritis
1459 5543 1636 5592 autem
1669 5538 1810 5594 illius
1840 5541 1918 5594 rei
1943 5555 2101 5610 quam

528 5619 803 5690 plangeret
827 5623 916 5679 ille
951 5625 1262 5682 deformiter
1285 5627 1602 5696 imperitus?
1639 5627 1710 5682 Et
1732 5629 1856 5698 quid
1882 5631 1929 5685 ei
1954 5631 2100 5686 dice-

529 5721 648 5767 rent
669 5713 742 5768 illi
771 5716 860 5786 qui
882 5718 1095 5783 scirent,
1117 5717 1162 5770 si
1187 5717 1320 5772 forte
1345 5727 1622 5786 propterea
1647 5717 1762 5790 ipse
1787 5721 2094 5792 plangebat,

529 5803 648 5876 quia
671 5807 800 5863 nihil
830 5809 1018 5864 horum
1057 5809 1294 5866 sciebat?
1318 5810 1438 5866 Noli
1458 5827 1576 5868 esse
1607 5813 1803 5880 tristis;
1833 5815 1932 5871 hoc
1956 5817 2095 5887 quod

1779 403 1833 458 S.
1875 397 2231 458 AUCCSTINI
2271 397 2569 454 EPISCUPI

3648 400 3785 460 1604

2209 512 2549 581 sepelivimus
2585 522 2729 568 certe
2751 512 2859 583 jam
2887 527 2995 568 non
3021 521 3102 569 est
3130 513 3184 569 in
3223 512 3418 570 horreo
3435 556 3450 575 .
3490 529 3596 569 non
3623 523 3706 570 est
3729 515 3783 570 in

2207 603 2449 658 manibus
2479 605 2711 659 nostris:
2755 605 3031 662 veniemus
3057 604 3122 660 ad
3157 621 3340 676 agrum
3373 605 3514 661 hunc
3535 648 3550 670 ,
3595 614 3650 660 et
3689 605 3786 662 de-

2207 694 2422 749 lectabit
2451 705 2504 751 te
2537 697 2717 751 videre
2743 698 2974 766 speciem
3022 697 3215 766 segetis
3239 739 3253 762 ,
3287 697 3372 752 ubi
3399 705 3540 754 nunc
3581 697 3785 768 plangis

2207 787 2493 840 nuditatem
2539 789 2811 842 arationis.
2858 787 2954 842 Ille
2991 789 3078 858 qui
3111 799 3330 844 tt0\'cr:tt
3358 789 3486 857 quid
3534 799 3676 846 esset
3717 789 3786 844 de

2207 879 2473 934 frumento
2501 889 2812 946 ventorum,
2862 889 2916 934 et
2959 881 3009 934 in
3059 880 3170 950 ipsa
3216 881 3454 934 aratione
3479 880 3782 950 gauderet:

2208 970 2295 1024 ille
2321 985 2446 1025 vero
2473 970 2776 1025 incredulus
2802 971 2884 1025 vel
2915 971 3088 1040 potius
3117 970 3394 1041 insipiens,
3422 979 3496 1036 et,
3528 981 3584 1024 ut
3607 971 3785 1025 verius

2207 1061 2413 1127 dicam,
2446 1062 2753 1132 inexpertus
2781 1063 3050 1133 plangeret
3071 1063 3284 1132 quidem
3316 1062 3536 1118 forsitan
3573 1063 3782 1134 primo,

2207 1153 2300 1207 sed
2341 1161 2560 1223 experto
2585 1153 2809 1208 credens
2851 1155 3152 1209 consolatus
3180 1153 3520 1220 abscederet,
3548 1162 3602 1210 et
3633 1153 3786 1208 futu-

2210 1259 2322 1298 ram
2353 1259 2580 1299 messem
2612 1259 2732 1299 cum
2764 1255 2986 1315 experto
3014 1255 3273 1314 speraret.

2277 1343 2503 1399 CAPUT
2553 1343 2619 1398 Χ.
2665 1373 2736 1384 —
2789 1345 2875 1399 l0.
2929 1345 3326 1400 Resurrectionis
3380 1354 3566 1398 nostra:
3619 1360 3790 1398 exem-

2209 1435 2348 1504 plum
2411 1435 2462 1487 in
2525 1433 2741 1489 Christo.
2805 1435 2980 1489 Omnis
3041 1446 3272 1490 creatura
3341 1435 3558 1508 loquitur
3614 1421 3828 1490 resur-~

2208 1526 2494 1579 rectionem.
2539 1524 2807 1596 Evigiintio
2855 1527 3168 1580 animalium.
3217 1524 3514 1580 Novilunia.
3556 1525 3792 1582 Frondes

2207 1616 2462 1669 arborum.
2495 1615 2599 1671 Sed
2627 1617 2802 1671 solent
2831 1617 3000 1671 videri
3043 1633 3136 1687 per
3175 1632 3343 1672 annos
3385 1617 3623 1688 singulos
3647 1631 3788 1672 mes-

2211 1723 2296 1764 ses
2326 1727 2338 1762 :
2365 1709 2574 1777 generis
2603 1719 2780 1764 autem
2823 1709 3038 1764 humani
3063 1725 3160 1764 una
3187 1711 3368 1765 ultima
3395 1711 3447 1764 in
3476 1711 3582 1766 line
3608 1709 3793 1765 surculi

2210 1801 2400 1854 messis
2419 1809 2679 1870 assurgat.
2708 1799 2925 1854 Ostendi
2954 1816 3096 1855 nunc
3121 1801 3288 1855 oculis
3313 1817 3417 1855 non
3449 1810 3624 1871 potest
3653 1819 3666 1856 :
3694 1799 3792 1855 sed

2210 1891 2276 1945 de
2303 1906 2406 1944 uno
2429 1890 2700 1960 principali
2730 1907 2894 1960 grano
2922 1891 3102 1946 datmn
3121 1901 3205 1946 est
3228 1892 3672 1962 experimentum.
3693 1890 3788 1944 Di-

2209 1981 2282 2036 cit
2327 1983 2440 2050 ipse
2495 1981 2749 2036 Dominus
2775 2022 2787 2046 ,
2841 1981 2902 2037 Si
2939 1999 3155 2053 granum
3191 1984 3262 2036 sic
3307 1983 3573 2047 manserit,
3613 1991 3661 2035 et
3691 1998 3796 2034 non

2211 2075 2565 2142 utorliﬁratum
2609 2075 2787 2143 fuerit,
2833 2075 2998 2128 solum
3040 2075 3255 2128 manebit
3305 2075 3481 2147 (Joan.
3515 2091 3624 2140 xu,
3656 2073 3793 2142 ‘25),

2211 2165 2393 2220 dicens
2434 2167 2502 2221 de
2547 2181 2640 2220 sua
2673 2167 3108 2233 mortiﬁcatione,
3141 2168 3260 2236 quia
3307 2167 3582 2236 multiplex
3619 2166 3796 2223 futura

2213 2267 2294 2312 est
2317 2259 2366 2310 in
2393 2257 2534 2312 illum
2559 2257 2888 2313 credentium
2911 2259 3252 2312 resurrectio.
3274 2257 3586 2328 Exemplum
3612 2257 3796 2312 datum

2213 2349 2386 2403 estde
2415 2365 2522 2403 uno
2559 2365 2745 2419 grano,
2789 2349 2884 2404 sed
2921 2349 3024 2404 tale
3071 2350 3371 2418 exemplum
3399 2349 3481 2404 cui
3516 2349 3800 2404 crederent

2213 2456 2400 2494 omnes
2427 2444 2517 2510 qui
2547 2455 2709 2510 grana
2739 2455 2859 2496 esse
2901 2441 3118 2496 vellent.
3167 2440 3479 2510 Quanquam
3523 2450 3575 2494 et
3617 2439 3799 2494 omnis

2213 2540 2452 2585 creatura
2486 2531 2717 2601 loquitur
2755 2532 3237 2598 resurrectionem,
3285 2531 3328 2586 si
3373 2529 3516 2586 surdi
3549 2547 3652 2586 non
3701 2547 3800 2585 su-

2213 2637 2333 2676 mus
2363 2640 2374 2675 :
2411 2621 2550 2676 unde
2576 2622 2842 2692 conjicere
2885 2621 3141 2678 debemus
3169 2621 3292 2691 quid
3321 2623 3373 2676 in
3402 2621 3505 2675 line
3536 2621 3703 2676 semel
3729 2620 3801 2676 de
3829 2613 3836 2624 ’

2213 2728 2409 2783 genere
2451 2713 2682 2769 lnnnano
2731 2713 2964 2770 facturus
3008 2724 3088 2770 est
3119 2715 3294 2781 Deus,
3326 2729 3446 2770 eum
3481 2723 3557 2769 tot
3603 2713 3802 2770 similia

2215 2803 2451 2874 quotidie
2479 2805 2772 2860 videamus.
2805 2805 3148 2862 Resurrectio
3173 2805 3590 2860 Christianorum
3631 2806 3802 2860 semel
3831 2793 3834 2802 ’

2219 2895 2346 2959 erit,
2395 2910 2615 2950 somnus
2644 2897 2950 2950 animalium
2981 2905 3037 2952 et
3065 2895 3333 2966 evigilatio
3359 2896 3662 2966 quotidiana
3691 2907 3799 2951 est.
3833 2889 3836 2892 ’

2215 2983 2486 3050 Dormire,
2519 2985 2674 3040 morti
2705 2985 2877 3040 simile
2907 2999 2988 3041 est
3033 3006 3048 3040 :
3101 2987 3382 3057 evigilare.
3413 2985 3798 3041 resurrectioni

2215 3075 2390 3131 simile
2417 3085 2516 3130 est.
2545 3075 2624 3130 Ex
2654 3075 2755 3131 hoc
2790 3076 2930 3146 quod
2961 3077 3195 3146 quotidie
3225 3079 3298 3142 lit,
3335 3075 3492 3132 crede
3518 3077 3658 3147 quod
3703 3092 3796 3132 se-

2217 3167 2321 3223 mel
2360 3167 2596 3223 iuturum
2622 3177 2721 3222 est.
2753 3169 2898 3224 Luna
2941 3185 3034 3239 per
3065 3185 3254 3225 omnes
3284 3185 3495 3225 menses
3535 3171 3796 3236 nascitur,

2215 3259 2436 3322 crescit,
2467 3259 2756 3328 perﬁcitur,
2800 3260 3071 3326 minuitur,
3117 3261 3466 3324 consumitur,
3496 3260 3797 3336 innovatur.

2217 3349 2367 3416 Quod
2395 3350 2446 3404 in
2477 3350 2598 3404 luna
2627 3365 2722 3419 per
2747 3365 2990 3416 menses,
3021 3350 3120 3405 hoc
3147 3351 3199 3404 in
3224 3351 3609 3405 resurrectione
3631 3351 3800 3406 semel

2217 3442 2271 3496 in
2307 3451 2423 3496 toto
2463 3451 2719 3512 tempore.
2749 3441 3028 3508 Quomodo
3055 3441 3104 3495 id
3131 3441 3270 3512 quod
3298 3442 3365 3496 de
3409 3441 3802 3498 dormientibus

2216 3531 2487 3603 quotidie,
2537 3532 2638 3586 hoc
2681 3531 2750 3587 de
2801 3532 2922 3586 luna
2971 3547 3064 3601 per
3107 3532 3350 3601 singulos
3385 3545 3614 3586 menses.
3642 3529 3804 3588 Unde

2219 3626 2450 3691 abeunt,
2487 3625 2628 3680 unde
2655 3625 2880 3680 redeunt
2910 3623 3123 3678 frondes
3148 3623 3458 3678 arboribus?
3488 3623 3538 3678 in
3565 3639 3682 3693 qua:
3707 3639 3801 3678 se-

2219 3728 2364 3773 creta
2392 3717 2772 3780 discedunt,de
2798 3716 2990 3787 quibus
3011 3716 3232 3770 secretis
3261 3715 3586 3769 adveniunt?
3616 3713 3802 3770 lliems

2220 3817 2324 3876 est,
2351 3819 2497 3864 certe
2524 3823 2667 3862 nunc
2691 3808 2908 3862 arbores
2937 3807 3212 3862 arentibus
3237 3806 3438 3862 similes
3469 3821 3630 3861 verno
3662 3815 3802 3860 tem-

2219 3916 2351 3970 pore
2379 3900 2713 3954 virescunt‘.
2761 3897 2913 3953 Nunc
2961 3900 3188 3968 primum
3233 3897 3426 3952 factum
3471 3905 3586 3962 est,
3631 3911 3699 3951 an
3745 3905 3802 3978 et

2219 3991 2490 4063 praeterito
2514 4006 2652 4044 anno
2679 3991 2748 4044 ita
2779 3989 2910 4044 fuit?
2940 3989 3048 4044 lmo
3074 3997 3129 4044 et
3169 3989 3442 4059 prasterito
3459 3989 3535 4044 sic
3571 3987 3685 4043 iuit.
3711 3987 3802 4044 ln-

2220 4089 2510 4150 terceptum
2537 4091 2622 4135 est
2657 4079 2724 4134 ab
2753 4089 3008 4134 autumno
3037 4081 3088 4133 in
3121 4079 3294 4133 hieme
3316 4121 3330 4144 ,
3365 4079 3501 4133 redit
3545 4093 3642 4148 per
3668 4093 3800 4133 ver-

2218 4187 2346 4228 nutn
2381 4173 2436 4226 in
2464 4181 2667 4226 aestate.
2697 4172 2834 4240 Ergo
2862 4185 3034 4224 annus
3055 4169 3194 4224 redit
3224 4169 3274 4222 in
3300 4179 3570 4238 tempore,
3599 4180 3652 4224 et
3691 4170 3800 4223 bo-

2219 4264 2410 4330 mines,
2439 4261 2564 4317 facti
2588 4263 2653 4316 ad
2673 4262 2951 4333 imaginem
2981 4261 3095 4327 Dei,
3127 4275 3248 4315 cum
3279 4260 3472 4314 mortui
3500 4259 3693 4315 fuerint
3713 4260 3804 4315 in-

2221 4357 2496 4412 teribunt?
3829 4359 3832 4362 '

2289 4453 2512 4509 CAPUT
2553 4451 2646 4508 XI.
2672 4483 2744 4494 --
2773 4453 2859 4507 ll.
2905 4451 3168 4518 Quomodo
3193 4451 3420 4506 tie-terra
3457 4450 3688 4524 quaedam
3713 4449 3804 4505 iu-

2223 4554 2534 4600 stanrautnr.
2573 4543 2676 4599 Sed
2709 4553 2881 4613 potest
2907 4543 3034 4596 mihi
3064 4541 3253 4612 aliquis
3273 4542 3450 4596 dicere
3477 4543 3649 4595 minus
3674 4535 3812 4596 diti-4

2216 4646 2402 4708 genter
2448 4637 2734 4706 inspiciens
2776 4636 3096 4689 mutationes
3142 4635 3657 4704 instaurationesque
3701 4651 3793 4689 re-

2216 4743 2334 4782 rum
2368 4745 2380 4781 :
2413 4725 2504 4780 illa
2549 4727 2672 4796 l'olia
2723 4735 3074 4798 putruerunt,
3131 4739 3261 4778 nova
3314 4733 3617 4780 nascuntur.
3649 4723 3802 4782 Bene

2215 4827 2392 4873 autem
2419 4817 2766 4872 considerans
2793 4817 2934 4870 videt
2959 4815 3099 4886 quod
3127 4823 3180 4870 et
3199 4815 3286 4869 illa
3313 4831 3430 4886 qua:
3459 4825 3798 4886 putrescunt,

2215 4911 2268 4965 in
2298 4911 2438 4964 vires
2469 4919 2622 4964 terra:
2665 4907 2879 4963 cedunt.
2915 4899 3064 4963 Unde
3093 4905 3232 4960 enim
3279 4915 3420 4961 terra
3477 4903 3800 4976 pinguiiica-

2215 5009 2316 5068 tur,
2351 5002 2449 5056 nisi
2497 5001 2563 5056 de
2613 4999 2892 5070 putredine
2940 4997 3316 5054 tcrrcnorum?
3352 4997 3641 5052 Attendunt
3673 4996 3800 5054 barc

2213 5094 2302 5164 qui
2341 5108 2526 5164 agrum
2573 5091 2784 5156 colunt;
2830 5099 2883 5144 et
2923 5089 3012 5159 qui
3047 5105 3151 5144 non
3179 5089 3380 5154 colunt,
3409 5091 3532 5159 quia
3575 5089 3626 5144 in
3658 5089 3800 5146 urbe

2213 5198 2424 5253 semper
2448 5183 2648 5248 vivunt,
2672 5181 2737 5236 de
2759 5179 2925 5235 hortis
2951 5165 3095 5235 certe
3119 5179 3306 5235 vicinis
3330 5179 3445 5234 urbi
3467 5189 3800 5249 cognoscant

2212 5273 2625 5343 contemptibilia
2667 5287 2891 5342 qumque
2937 5279 3281 5341 purgamenta
3328 5269 3558 5324 civitatis
3597 5267 3798 5339 Quibus

2211 5365 2400 5420 studiis
2443 5373 2742 5431 serventur,
2784 5380 2813 5418 a
2859 5363 3050 5433 quibus
3077 5363 3236 5418 etiam
3265 5362 3438 5432 pretio
3467 5375 3795 5432 comparen-

2211 5466 2317 5521 tur,
2347 5471 2452 5525 quo
2481 5467 2774 5526 ptirtemur.
2819 5455 2977 5511 Certe
3013 5455 3124 5526 jam
3193 5453 3644 5524 contemptibilia,
3694 5467 3794 5507 ex-

2211 5551 2406 5604 inanita
2433 5547 2580 5604 omni
2609 5549 2864 5616 utilitate,
2911 5547 2980 5604 ab
3022 5549 3311 5620 inexpertis
3341 5556 3560 5618 possent
3587 5545 3784 5617 putari.

2209 5641 2277 5698 Et
2302 5643 2420 5713 quis
2448 5639 2694 5711 dignatur
2718 5651 2925 5696 stercus
2965 5639 3196 5697 intueri?
3221 5639 3374 5709 Quod
3400 5639 3591 5696 intueri
3617 5637 3798 5694 homo

2277 5825 2293 5862 ι
2329 5832 2456 5886 5155.,
2475 5821 2779 5876 viridescum.
