4080 6360
236 397 257 447 Ι
267 394 371 449 οδε

229 504 446 573 horret,
475 519 690 560 scrvare
731 515 899 561 curat.
944 506 1075 564 lllud
1103 525 1228 580 ergo
1259 512 1399 581 quod
1433 523 1809 583 consumptum

221 593 333 662 jam
363 603 424 648 et
467 594 737 663 abjectum
786 597 1082 667 videbatur,
1136 601 1272 655 redit
1322 603 1374 656 in
1440 604 1812 673 pinguedinem

226 693 385 736 terra:
410 725 427 748 ,
457 685 725 755 pinguedo
754 687 807 741 in
848 702 1063 743 succum
1084 732 1099 755 ,
1131 706 1321 745 succus
1361 692 1411 745 in
1456 696 1690 750 radicem
1716 712 1730 760 ;
1763 706 1817 752 et

222 774 363 843 quod
397 775 467 829 de
493 785 635 829 terra
663 777 716 830 in
745 777 977 833 radicem
1006 781 1223 845 transit,
1257 781 1607 839 iuvisibilibus
1630 801 1812 840 acces-

221 864 376 918 sibus
412 865 607 934 migrat
640 867 693 919 in
736 869 916 933 robur,
949 870 1281 925 distribuitur
1308 888 1400 941 per
1425 889 1601 928 ramos
1624 917 1637 938 ,
1667 892 1694 928 a
1726 893 1814 929 ra-

224 956 326 1007 mis
373 956 430 1008 in
475 956 716 1024 germina
740 998 755 1023 ,
790 973 819 1011 a
851 960 1091 1028 germine
1118 962 1169 1015 in
1198 961 1397 1016 fructus
1419 973 1473 1017 et
1504 965 1644 1018 folia.
1674 966 1815 1022 Ecce

220 1044 366 1113 quod
400 1046 658 1101 horrebas
694 1049 744 1101 in
783 1050 1063 1117 putredine
1093 1053 1375 1121 stercoris,
1407 1054 1461 1109 in
1488 1056 1693 1111 arboris
1736 1058 1811 1113 fe-

218 1138 499 1192 cunditate
520 1149 575 1193 et
603 1140 869 1195 viriditate
897 1142 1130 1197 miraris.

287 1227 527 1285 CAPUT
555 1230 670 1285 XII.
700 1261 772 1271 —
799 1234 885 1287 12.
921 1232 1145 1305 Objectio
1163 1279 1179 1302 ,
1208 1238 1343 1308 quod
1379 1254 1560 1309 corpus
1588 1240 1734 1294 abeat
1759 1244 1811 1298 in

218 1322 463 1374 cinerem.
498 1322 613 1376 Mos
646 1322 1035 1395 Egyptiarum.
1076 1326 1339 1384 Cabbarat.
1383 1330 1517 1387 Nolo
1543 1334 1669 1388 mihi
1697 1328 1809 1405 'jam

218 1430 465 1481 opponas
490 1417 633 1486 quod
662 1419 805 1472 Soles
844 1434 1111 1488 opponere
1136 1440 1150 1476 :
1175 1422 1289 1477 Non
1330 1435 1506 1479 manet
1547 1426 1808 1497 integrum

217 1520 417 1575 corpus
468 1508 662 1576 sepulti
713 1510 942 1574 mortui;
987 1528 1107 1566 nam
1152 1513 1197 1568 si
1243 1525 1811 1589 maneret,resurgere

218 1598 524 1653 crederem.
549 1599 785 1671 Egyptii
811 1618 938 1673 ergo
962 1605 1059 1658 soli
1088 1605 1311 1660 credunt
1341 1612 1805 1675 resurrectionem,

217 1689 339 1757 quia
393 1690 681 1759 diligenter
708 1704 897 1747 curant
919 1695 1180 1750 cadavera
1224 1708 1574 1755 mortuorum.
1607 1702 1805 1758 Morem

218 1780 359 1833 enim
392 1780 594 1835 habent
618 1787 820 1839 siccare
841 1801 1062 1855 corpora
1078 1824 1093 1852 ,
1116 1796 1169 1843 et
1198 1790 1346 1858 quasi
1374 1807 1520 1847 aenea
1544 1794 1766 1849 reddere
1789 1813 1803 1850 :

222 1873 503 1928 Gabbaras
526 1891 583 1929 ea
614 1884 809 1932 vocant
835 1878 871 1931 ί.
906 1879 1045 1949 Ergo
1079 1882 1371 1937 secundum
1403 1884 1532 1939 istos
1552 1927 1566 1949 ,
1600 1888 1686 1956 qui
1718 1902 1806 1942 se-

217 1973 399 2019 cretos
441 1975 647 2020 natura:
685 1967 834 2021 sinus
861 1968 1137 2039 ignorant,
1171 1972 1257 2025 ubi
1307 1974 1483 2027 omnia
1514 1975 1655 2029 salva
1682 1987 1807 2032 sunt

217 2056 533 2123 Conditori,
580 2059 739 2113 etiam
786 2074 905 2114 cum
952 2064 1263 2119 mortalibus
1312 2067 1556 2122 sensibus
1598 2070 1806 2124 subtra-

216 2146 441 2213 huntur,
489 2150 593 2203 soli
639 2150 875 2223 IEgyptii
907 2153 1045 2207 bene
1094 2156 1317 2210 credunt
1359 2162 1803 2217 resurrectionem

215 2250 552 2294 mortuorum
580 2256 817 2308 suorum,
836 2243 1058 2298 aliorum
1087 2261 1212 2302 vero
1234 2246 1651 2305 Christianorum
1680 2268 1803 2321 spes

216 2328 266 2380 in
307 2339 546 2398 angusto
573 2332 687 2385 est?
716 2331 867 2402 Saepe
900 2334 1040 2387 enim
1073 2336 1158 2390 vel
1198 2346 1457 2393 vetustate
1502 2341 1584 2395 vel
1628 2343 1802 2412 aliqua

216 2435 315 2473 non
334 2421 601 2491 Sacrilega
620 2425 936 2479 necessitate
955 2426 1153 2493 apertis
1176 2429 1257 2482 vel
1288 2429 1500 2484 nudatis
1518 2433 1799 2503 sepulcris,

214 2511 431 2565 iuventa
446 2523 571 2567 sunt
592 2528 817 2584 corpora
844 2518 1132 2585 putruisse,
1154 2529 1201 2573 et
1238 2522 1566 2590 suspirantes
1586 2540 1802 2593 gemue-

213 2613 332 2655 runt
385 2602 659 2672 homines,
696 2606 785 2676 qui
826 2608 1003 2662 solent
1029 2611 1292 2680 corporali
1320 2614 1496 2681 specie
1522 2615 1797 2683 delectari,

213 2702 268 2748 et
312 2693 571 2750 dixerunt
621 2697 672 2751 in
717 2699 966 2754 cordibus
1011 2701 1122 2755 suis
1154 2720 1167 2756 :
1197 2701 1341 2758 Itane
1385 2705 1483 2759 iste
1525 2706 1659 2762 cinis
1700 2710 1799 2763 ali-

211 2788 429 2856 quando
455 2787 673 2844 habebit
700 2791 843 2845 illam
871 2794 1105 2862 speciem
1137 2796 1542 2866 pulchritudinis
1561 2844 1575 2867 ,
1606 2802 1796 2858 rcdde-

212 2885 296 2931 tur
334 2879 460 2933 vita:
483 2922 499 2947 ,
529 2880 784 2937 reddetur
813 2884 955 2939 luci?
983 2886 1206 2954 Quando
1246 2890 1383 2945 istud
1419 2892 1558 2947 erit?
1578 2897 1798 2960 Quando

210 2983 307 3038 ego
346 2970 555 3040 aliquid
600 2974 772 3028 vivum
818 2976 884 3030 de
926 2976 1029 3033 hoc
1069 2981 1248 3037 cinere
1290 2986 1533 3052 Sperem?
1558 2986 1655 3054 Qui
1698 2988 1796 3045 hoc

209 3061 340 3115 dicis
360 3101 377 3127 ,
413 3064 566 3117 vides
593 3064 645 3119 in
673 3068 917 3135 sepulcro
944 3070 1025 3124 vel
1065 3071 1297 3127 cinerem
1329 3092 1342 3126 :
1366 3076 1560 3146 replica
1586 3088 1794 3136 :etatem

213 3167 351 3208 tuam
373 3197 391 3221 ,
421 3158 465 3211 si
502 3173 590 3225 es,
623 3162 767 3215 verbi
796 3164 964 3232 gratia
985 3206 998 3229 ,
1032 3166 1239 3235 triginta
1262 3210 1276 3233 ,
1305 3171 1682 3242 quinquaginta
1712 3174 1794 3230 vel

210 3249 443 3317 amplius
479 3265 742 3305 annorum
777 3272 788 3307 :
821 3256 871 3308 in
903 3258 1149 3325 sepulcro
1180 3260 1260 3314 vel
1288 3261 1421 3315 cinis
1457 3273 1537 3318 est
1564 3267 1791 3335 mortui,

211 3346 262 3390 tu
288 3350 419 3393 ante
444 3341 823 3413 quinquaginta
852 3360 1019 3401 annos
1039 3348 1160 3417 quid
1191 3350 1346 3404 eras?
1377 3352 1461 3406 ubi
1485 3356 1644 3410 eras?
1666 3357 1796 3411 Cor-

212 3445 337 3496 pora
379 3432 624 3487 omuium
654 3445 927 3504 nostrum,
956 3438 1047 3507 qui
1092 3454 1233 3495 nunc
1278 3440 1561 3511 loquimur,
1590 3448 1671 3501 vel
1701 3464 1797 3503 au-

209 3521 422 3588 dimus,
455 3534 575 3593 post
618 3539 814 3595 paucos
848 3542 1017 3582 annos
1059 3531 1193 3583 cinis
1228 3542 1416 3601 erunt,
1448 3546 1795 3607 ante_paucos

210 3626 379 3668 annos
419 3630 520 3670 nec
556 3618 690 3672 cinis
726 3629 897 3674 erant.
935 3621 1035 3688 Qui
1064 3638 1191 3692 ergo
1227 3628 1397 3695 potuit
1434 3643 1618 3697 parare
1651 3633 1793 3703 quod

210 3721 313 3760 non
342 3715 495 3772 erat,
523 3708 734 3764 deﬁciet
756 3727 1004 3781 reparare
1031 3716 1170 3785 quod
1197 3718 1344 3771 erat?

276 3797 509 3855 CAPUT
540 3801 678 3857 XIII.
701 3832 775 3843 ——
810 3806 894 3859 l5.
923 3805 1113 3861 Contra
1154 3812 1290 3863 mala
1325 3813 1575 3884 colloquia
1600 3816 1728 3886 ﬁdes
1760 3836 1793 3872 a

210 3886 412 3944 Christo
440 3891 663 3959 firmata.
694 3894 944 3950 Desinant
963 3913 1089 3967 ergo
1113 3914 1385 3956 murmura
1414 3906 1550 3959 male
1572 3907 1793 3976 loquen-

212 3981 369 4044 tium,
404 3991 461 4036 et
488 3986 942 4054 corrumpentium
976 4004 1153 4043 mores
1181 3990 1346 4046 bonos
1375 3994 1650 4064 colloquiis
1680 4013 1790 4052 ma-

212 4071 295 4127 lis.
344 4072 519 4144 Figite
566 4076 731 4145 pedes
774 4079 972 4146 invia,
1005 4079 1188 4150 ﬁgite:
1220 4091 1278 4136 ut
1327 4099 1430 4138 non
1485 4088 1792 4155 relinquatis

211 4165 373 4231 viam,
398 4182 506 4221 non
550 4178 606 4221 ut
650 4172 968 4225 remaneatis
996 4172 1050 4226 in
1087 4174 1198 4239 via,
1225 4174 1319 4229 sed
1345 4178 1789 4245 quemadmodum

210 4255 413 4310 dictum
433 4266 551 4323 est,
580 4258 670 4313 Sic
704 4262 889 4315 currite
907 4304 922 4329 ,
950 4271 1001 4315 ut
1019 4265 1451 4334 comprehendatis
1478 4266 1517 4339 (Ι
1546 4266 1662 4323 Cor.
1696 4287 1751 4325 tx
1770 4313 1787 4341 ,

214 4346 322 4417 2i).
350 4350 579 4418 Semper
605 4353 778 4422 vigeat
821 4353 1064 4409 Christus
1107 4357 1158 4410 in
1196 4357 1389 4424 corde,
1412 4360 1501 4429 qui
1544 4361 1709 4417 voluit
1736 4365 1790 4419 in

212 4440 384 4509 capite
436 4442 720 4498 ostendere
766 4444 907 4513 quod
952 4447 1189 4502 membra
1234 4459 1426 4503 caetera
1471 4465 1703 4521 sperent.
1735 4456 1790 4511 In

212 4541 346 4585 terra
380 4533 599 4601 quidem
629 4533 933 4591 laboramus
952 4579 965 4602 ,
993 4548 1150 4607 caput
1177 4551 1415 4595 nostrum
1445 4542 1496 4597 in
1522 4546 1659 4601 coelo
1680 4547 1789 4615 jam

210 4639 307 4679 nec
333 4626 587 4691 moritur,
619 4642 716 4680 nec
740 4626 953 4694 deﬁcit,
983 4645 1080 4684 nec
1104 4629 1300 4703 aliquid
1330 4633 1526 4702 patitur
1544 4654 1558 4691 :
1578 4652 1791 4705 passum

209 4726 287 4768 est
313 4726 496 4769 tamen
524 4732 620 4785 pro
648 4718 821 4773 nobis.
847 4719 981 4787 Quia
1020 4722 1233 4776 traditus
1261 4734 1333 4777 est
1371 4737 1574 4795 prapter
1610 4728 1793 4783 delicta

208 4818 418 4872 nostra,
456 4817 504 4862 ct
548 4810 823 4865 resurrexit
868 4822 1075 4883 propter
1110 4815 1524 4885 justi/icationem
1570 4831 1794 4875 nostram

209 4900 385 4966 (Rom.
418 4914 493 4965 iv,
526 4900 640 4971 25).
686 4901 798 4957 lloc
826 4912 923 4959 nos
952 4919 1046 4973 per
1090 4906 1245 4959 ﬁdem
1291 4908 1533 4961 novimus
1560 4926 1574 4961 :
1603 4911 1792 4980 quibus

207 5000 386 5046 autem
422 5007 482 5046 se
511 4993 761 5058 ostendit,
790 5008 888 5063 per
915 4995 1097 5051 oculos
1121 4996 1438 5053 didicerunt.
1468 5000 1583 5056 Non
1614 5010 1789 5058 tamen

210 5097 305 5136 nos
331 5083 607 5151 reprobati
638 5099 824 5141 sumus
843 5126 860 5151 ,
888 5087 1007 5156 quia
1031 5090 1350 5157 resurrexit,
1380 5101 1435 5145 et
1462 5107 1582 5147 eum
1611 5095 1792 5151 videre

208 5176 378 5230 oculis
408 5176 715 5231 carnalibus
746 5194 852 5233 non
878 5179 1162 5245 potuimus.
1204 5181 1473 5240 [iubemus
1514 5201 1609 5254 pro
1641 5188 1793 5246 nobis

208 5264 374 5333 ipsius
402 5265 615 5324 Domini
635 5268 1019 5337 testimonium,
1039 5270 1179 5340 quod
1198 5270 1333 5326 dixit
1354 5271 1613 5329 dubitanti
1633 5276 1794 5334 disci-

209 5357 332 5423 pulo
359 5366 419 5411 et
449 5365 596 5412 tactu
622 5359 880 5428 quaerenti
908 5359 1049 5431 quod
1085 5361 1345 5418 crederet.
1383 5363 1514 5419 Nam
1539 5380 1660 5421 cum
1693 5382 1792 5424 ex-

207 5446 497 5501 clamasset
553 5446 863 5504 cicatricum
922 5452 1338 5509 contrectatione
1388 5455 1688 5524 convictus,
1739 5466 1795 5513 et

210 5537 461 5605 dixisset,
473 5537 723 5594 Dominus
741 5556 900 5607 meus,
914 5550 961 5595 et
986 5538 1125 5598 Deus
1144 5559 1283 5599 meus
1296 5560 1315 5598 :
1328 5544 1416 5600 ille
1433 5556 1640 5610 contra.
1660 5550 1794 5614 Quia

212 5628 383 5684 vidisti
408 5645 490 5685 me
506 5670 522 5695 ,
552 5630 757 5701 inquit,
789 5640 836 5687 et
861 5632 1155 5702 credidisti;
1180 5634 1311 5690 beati
1331 5638 1419 5705 qui
1439 5654 1538 5693 non
1562 5640 1729 5695 vident
1743 5651 1792 5695 et

511 5744 706 5807 isthmc,
739 5745 982 5799 Gabbaras
1009 5761 1069 5800 ea
1109 5758 1293 5813 vocant,
1342 5752 1518 5802 absunt
1548 5762 1582 5804 ‘a
1618 5766 1787 5805 manu-

362 5820 376 5853 Ι
409 5841 421 5853 .

362 5820 421 5853 IS.

1597 399 1824 457 SERMO
1862 399 2128 460 CCCLXI.

2663 462 2669 468 .
3361 429 3496 484 1608

1922 518 2342 613 credunt—(105m.
2388 540 2497 593 xx,
2539 526 2747 602 24-29).
2777 530 3216 605 Expergiscimini
3260 555 3387 613 ergo
3427 544 3493 599 ad

1925 605 2302 667 beatitudinem
2330 624 2590 684 vestram,
2624 621 2799 676 nullus
2843 625 2980 682 male
3005 629 3233 686 suadens
3256 605 3495 693 excutiat

1921 698 1989 753 de
2018 702 2269 757 cordibus
2296 707 2487 761 vestris
2506 710 2643 778 quod
2674 712 2918 769 Christus
2942 719 3129 771 inﬁxit.

1992 792 2077 844 Η.
2108 791 2173 846 In
2193 811 2275 847 eos
2295 800 2377 865 qui
2400 814 2652 869 resurgere
2674 801 2867 857 Christo
2892 815 3080 861 tantum
3094 810 3291 867 licuisse
3301 813 3493 869 dicunt.

1923 879 2261 938 Membrorum
2286 889 2571 956 conjunctio
2596 908 2710 944 cum
2731 894 2926 950 Christo
2953 900 3131 968 capite.
3155 901 3288 972 Apta
3312 905 3491 959 simiti«

1920 974 2060 1027 tudo.
2094 976 2274 1047 Neque
2301 979 2426 1033 mihi
2469 980 2598 1035 illud
2641 984 2864 1041 dicatur.
2895 989 3004 1045 lloc
3033 992 3173 1047 enim
3202 995 3396 1051 dicitur
3424 998 3493 1054 ab

1918 1066 2182 1133 omnibus,
2215 1070 2302 1139 qui
2327 1072 2434 1139 jam
2462 1074 2620 1127 etiam
2650 1075 2797 1131 inviti
2824 1083 3121 1138 auctoritati
3150 1085 3343 1142 Christi
3373 1104 3491 1145 ces-

1917 1167 2123 1213 serunt.
2152 1160 2347 1216 Omnes
2373 1165 2513 1218 enim
2558 1182 2691 1235 pene
2719 1168 2913 1239 Pagani
2932 1212 2947 1238 ,
2980 1175 3139 1229 etiam
3167 1178 3255 1246 qui
3300 1181 3488 1237 nolunt

1916 1256 2006 1301 aut
2031 1248 2279 1303 diﬁ‘erunt
2304 1252 2570 1309 Christum
2599 1257 2879 1314 devotione
2916 1264 3349 1335 apprehendere,
3380 1286 3485 1325 non

1914 1337 2110 1392 audent
2135 1342 2525 1410 reprehendere
2558 1363 2571 1399 :
2603 1350 2843 1417 quamvis
2869 1353 3095 1408 audeant
3121 1353 3449 1414 Christianos
3468 1402 3483 1424 ,

1915 1429 2179 1484 Christum
2209 1449 2316 1487 non
2362 1435 2591 1501 audent;
2624 1440 2817 1494 cedunt
2840 1443 2997 1512 capiti
3018 1485 3033 1509 ,
3064 1454 3118 1499 et
3160 1447 3335 1503 adlmc
3362 1466 3486 1504 cor-

1914 1523 2030 1591 pori
2057 1524 2331 1580 insultant.
2373 1526 2476 1583 Sed
2506 1545 2696 1599 corpus
2723 1532 2945 1589 audiens
2990 1537 3357 1597 insultationes
3386 1558 3482 1598 eo-

1912 1628 2063 1681 rum,
2092 1615 2181 1684 qui
2205 1616 2314 1686 jam
2354 1619 2545 1674 cedunt
2574 1622 2765 1690 capiti,
2798 1641 2901 1678 non
2929 1642 2988 1681 se
3033 1630 3309 1696 prmcisum
3338 1643 3489 1702 putet

1910 1721 1939 1760 a
1967 1709 2157 1776 capite,
2190 1711 2283 1764 sed
2311 1712 2617 1767 subnixum.
2646 1715 2775 1770 Nam
2803 1718 2845 1771 si
2875 1720 3079 1787 prtecisi
3109 1737 3364 1789 essemus,
3391 1725 3485 1780 de-

1910 1795 2120 1851 buimus
2165 1800 2350 1855 timere
2376 1818 2531 1857 voces
2575 1805 2937 1862 insultantium
2971 1827 2984 1863 :
3018 1826 3122 1866 non
3166 1822 3343 1870 autem
3385 1832 3483 1873 nos

1909 1901 2027 1941 esse
2071 1892 2321 1958 prmcisos
2370 1894 2457 1947 ille
2502 1895 2613 1963 ipse
2654 1905 2912 1963 testatur,
2944 1902 3031 1970 qui
3078 1902 3275 1971 Paulo,
3309 1905 3483 1964 adhuc

1909 1976 2070 2031 Saulo
2095 1980 2383 2035 Ecclesiam
2416 1988 2767 2055 persequenti,
2812 1990 2903 2054 ait,
2938 1991 3115 2058 Saule,
3146 1995 3324 2063 Saule,
3357 2000 3482 2067 quid

1908 2084 1986 2120 me
2010 2072 2355 2140 persequeris?
2381 2072 2495 2127 Jam
2536 2078 2811 2131 transierat
2842 2094 2936 2148 per
2977 2098 3167 2138 manus
3195 2086 3481 2155 impietatis

1906 2157 2209 2214 Judteorum
2230 2203 2243 2224 ,
2268 2162 2377 2231 jam
2414 2164 2613 2219 inferna
2646 2180 3046 2236 penetraverat,
3070 2173 3179 2243 jam
3205 2175 3272 2231 de
3296 2180 3477 2247 sepul-

1907 2264 1998 2303 cro
2028 2262 2409 2320 resurrexerat,
2427 2255 2536 2324 jam
2565 2258 2614 2310 in
2641 2261 2831 2314 caelum
2859 2264 3187 2331 ascenderat,
3207 2267 3313 2336 jam
3335 2269 3477 2325 dono

1906 2339 2130 2410 Spiritus
2159 2344 2327 2399 sancti
2353 2346 2679 2404 credentium
2706 2350 2866 2406 corda
2901 2353 3158 2410 ditaverat
3185 2370 3343 2429 atque
3381 2361 3475 2415 ﬁr-

1906 2443 2163 2501 maverat,
2195 2437 2258 2490 ad
2288 2438 2555 2494 dexteram
2590 2442 2759 2497 Patris
2791 2444 2983 2500 sedens
3012 2447 3353 2519 interpellans
3380 2469 3477 2524 pro

1905 2524 2059 2578 nobis
2092 2541 2103 2576 :
2138 2540 2242 2579 non
2285 2541 2343 2582 se
2374 2528 2562 2584 iterum
2596 2532 2753 2586 morti
2797 2534 3117 2604 traditurus,
3149 2541 3242 2595 sed
3288 2558 3382 2598 nos
3408 2544 3477 2600 de

1904 2624 2076 2670 morte
2118 2615 2463 2685 liberaturus,
2491 2620 2615 2690 quid
2656 2632 2860 2691 poterat
2890 2628 3089 2697 perpeti
3121 2644 3151 2683 a
3181 2630 3341 2686 Saulo
3369 2648 3475 2689 sic-

1904 2704 2118 2759 vientc?
2149 2706 2298 2761 Unde
2323 2708 2465 2762 illum
2494 2726 2679 2767 manus
2705 2713 2792 2767 illa
2825 2719 3087 2786 tangi-bat,
3120 2723 3360 2790 quamvis
3390 2740 3476 2779 es-

1903 2804 1984 2849 set
2014 2795 2104 2850 ille
2124 2838 2139 2863 ,
2172 2798 2307 2851 sicut
2331 2799 2582 2869 scriptum
2612 2812 2691 2857 est
2711 2845 2726 2870 ,
2759 2804 2976 2873 Spirans
3003 2809 3188 2863 aedem
3214 2810 3347 2881 (Act.
3382 2830 3432 2868 tx
3454 2856 3470 2880 ,

1902 2887 1970 2953 4,
2004 2887 2096 2957 4)?
2127 2887 2181 2941 lit
2207 2887 2535 2947 Christianos
2579 2892 2723 2948 ltunti
2769 2895 3069 2953 laborantes
3109 2901 3359 2970 impetum
3393 2904 3473 2959 fa-

1900 2992 2022 3033 cere
2044 2988 2286 3047 poterat:
2311 2981 2362 3033 in
2388 2980 2654 3037 Christum
2677 2993 2852 3039 autem
2875 2988 3085 3056 quando
3104 2998 3158 3045 et
3178 2994 3470 3061 quomodo?

1900 3070 2106 3125 Clamat
2136 3081 2308 3126 tamen
2353 3089 2451 3143 pro
2486 3077 2693 3130 caeteris
2735 3080 3021 3146 membris,
3071 3092 3258 3138 etnon
3301 3085 3468 3153 dicit,

1899 3160 2034 3227 Quid
2081 3166 2411 3233 persequeris
2438 3168 2622 3221 meos?
2650 3169 2694 3222 si
2730 3171 2869 3224 enim
2912 3171 3144 3240 diceret,
3177 3175 3310 3241 Quid
3346 3193 3471 3247 per-

1899 3253 2138 3321 sequeris
2164 3254 2350 3308 meos?
2378 3255 2723 3312 crederemus
2762 3273 2965 3315 servos.
2995 3262 3098 3316 Sed
3125 3280 3227 3318 non
3268 3278 3469 3323 tantum
3510 3304 3515 3309 -

1899 3343 2170 3399 coltzcrent
2198 3347 2337 3401 servi
2362 3347 2576 3403 domino
2596 3390 2611 3416 ,
2640 3360 2889 3419 quantum
2916 3352 3198 3410 Christiani
3237 3359 3467 3415 Christo.

1900 3435 2013 3489 Alia
2040 3446 2122 3490 est
2152 3437 2246 3491 ista
2277 3453 2534 3508 compago
2567 3458 2580 3493 :
2613 3441 2748 3495 alius
2773 3442 2905 3495 ordo
2933 3446 3324 3511 membrorum,
3366 3451 3469 3507 alia

1897 3528 2073 3581 nnitas
2096 3527 2385 3582 charitatis.
2412 3527 2582 3599 Caput
2608 3547 2702 3600 pro
2725 3533 2976 3587 membris
3001 3536 3232 3606 loqui.ur
3253 3580 3266 3602 ,
3297 3555 3469 3611 neque

1900 3616 1999 3671 hoc
2025 3625 2213 3672 saltem
2244 3618 2392 3682 dicit,
2420 3619 2554 3685 Quid
2582 3623 2914 3691 persequeris
2940 3627 3174 3680 membra
3202 3630 3351 3683 mea?
3372 3631 3467 3686 sed

1896 3708 2055 3772 dicit,
2091 3709 2225 3776 Quid
2252 3727 2329 3763 me
2362 3714 2705 3782 persequeris?
2728 3713 2842 3768 Non
2871 3718 3116 3787 tangebat
3139 3731 3329 3791 caput,
3370 3723 3468 3779 sed

1898 3800 2143 3869 tangebat
2166 3802 2306 3871 quod
2333 3803 2488 3872 capiti
2514 3805 2752 3871 junctum
2780 3816 2881 3860 est.

1967 3889 2191 3947 CAPU'I‘
2220 3891 2358 3946 XIV.
2388 3922 2461 3933 —
2485 3893 2599 3949 Jam
2630 3912 2773 3965 saepe
2796 3897 3030 3973 diximus
3050 3941 3064 3964 ,
3111 3901 3204 3957 sed
3229 3904 3348 3972 quia
3391 3905 3468 3960 si-

1896 3984 2136 4039 militudo
2162 3994 2283 4054 apta
2324 3994 2436 4052 est,
2465 3997 2518 4040 et
2559 4004 2671 4042 rem
2711 3989 2845 4044 bene
2889 3990 3151 4061 insinuat,
3182 3998 3466 4066 repetenda

1895 4084 1992 4131 est.
2025 4076 2125 4144 Qui
2154 4087 2202 4132 te
2229 4078 2279 4131 in
2313 4079 2463 4133 turba
2488 4080 2686 4146 calcat,
2719 4081 2904 4149 pedem
2935 4092 3079 4157 tuum
3110 4087 3331 4154 premit,
3366 4087 3469 4143 lin-

1894 4183 2010 4237 gum
2035 4177 2211 4222 autem
2251 4168 2381 4222 nihil
2408 4169 2549 4224 facit.
2578 4170 2712 4238 Quid
2738 4170 2837 4225 sibi
2862 4188 2990 4241 ergo
3020 4174 3158 4236 vult,
3189 4175 3328 4244 quod
3361 4177 3467 4230 litt-

1894 4273 1993 4327 gua
2020 4257 2230 4323 clamat,
2259 4258 2445 4312 Calcas
2471 4260 2592 4313 me?
2620 4260 2867 4314 Pressura
2899 4261 3047 4331 pedis
3073 4273 3173 4330 est,
3207 4265 3346 4319 nulla
3368 4266 3470 4321 lin-

1896 4365 2013 4420 gate
2038 4349 2221 4417 laesio,
2249 4348 2341 4404 sed
2373 4364 2473 4402 una
2517 4364 2795 4420 compago.
2828 4350 2894 4404 Et
2936 4353 2980 4405 si
3009 4369 3165 4406 unum
3194 4356 3470 4411 membrum

1896 4441 2115 4511 patitur,
2146 4440 2517 4509 compatiuntur
2549 4441 2715 4495 omnia
2741 4441 2998 4507 membra;
3022 4452 3069 4496 et
3090 4444 3134 4497 si
3157 4444 3471 4517 gloriﬁcatur

1894 4548 2050 4584 unum
2073 4530 2366 4597 membrum,
2389 4533 2701 4603 congaudent
2725 4534 2892 4588 omnia
2916 4535 3133 4588 membra
3161 4536 3203 4610 (l
3228 4540 3344 4595 Cor.
3374 4558 3469 4609 xu,

1895 4620 2007 4689 26).
2037 4621 2092 4677 Si
2118 4637 2244 4692 ergo
2269 4621 2444 4693 lingua
2473 4632 2557 4676 tua
2589 4639 2683 4694 pro
2723 4624 2857 4694 pede
2882 4635 2976 4700 tuo,
3001 4625 3233 4698 loquitur
3253 4672 3268 4696 ,
3310 4631 3469 4687 Chri-

1896 4723 2011 4767 sms
2036 4712 2088 4766 in
2135 4713 2274 4768 caelo
2304 4729 2398 4783 pro
2425 4712 2739 4769 Christianis
2780 4730 2890 4771 non
2930 4715 3200 4787 loquitur?
3228 4720 3345 4776 Non
3382 4725 3471 4779 sic

1898 4820 2025 4876 ergo
2071 4806 2303 4875 loquitur
2327 4805 2503 4876 lingua
2535 4816 2620 4859 tua
2650 4821 2744 4876 pro
2770 4807 2905 4878 pede
2925 4849 2940 4874 ,
2960 4818 3031 4881 Aut
3057 4809 3233 4876 dicat,
3278 4812 3468 4869 Calcas

1896 4897 2086 4967 pedem
2127 4914 2335 4964 meum;
2365 4899 2459 4954 sed
2479 4939 2494 4963 ,
2525 4899 2710 4955 Calcas
2740 4917 2825 4955 me
2844 4941 2859 4968 ,
2895 4917 3012 4956 cum
3041 4903 3151 4973 ipsa
3195 4920 3299 4960 non
3332 4915 3470 4963 tacta

1897 4990 1986 5043 sit.
2016 4989 2457 5060 Cognosceillum
2488 5000 2646 5060 caput
2672 5000 2815 5045 tuum
2837 5033 2852 5059 ,
2881 5007 2999 5046 cum
3025 5009 3122 5065 pro
3149 5005 3199 5050 te
3224 4996 3292 5054 de
3329 5000 3472 5055 cado

1898 5081 2148 5152 loquitur,
2179 5090 2232 5136 et
2264 5079 2407 5146 dicit,
2440 5079 2618 5145 Saule,
2650 5082 2825 5149 Saule,
2852 5084 2976 5153 quid
3013 5100 3093 5139 me
3118 5090 3424 5160 persequeris
3445 5091 3474 5145 .’

1898 5171 2038 5241 Ergo
2058 5212 2072 5237 ,
2119 5170 2309 5224 fratres
2332 5224 2344 5238 ,
2374 5178 2470 5226 cur
2500 5170 2599 5225 hoc
2623 5152 2890 5226 diximus?
2930 5172 3007 5228 Ne
3032 5152 3167 5233 forte
3209 5152 3282 5231 ita
3318 5152 3509 5245 vobisi

1898 5263 2189 5332 subrepant
2222 5262 2293 5317 illi
2321 5263 2388 5319 de
2411 5262 2601 5331 quibus
2625 5262 2753 5318 dicit
2777 5265 3059 5334 Apostolus
3077 5308 3093 5333 ,
3123 5266 3466 5341 Corrumpunt

1898 5370 2058 5409 mores
2084 5355 2237 5409 bonos
2261 5355 2508 5426 colloquia
2532 5354 2703 5418 mala;
2727 5354 2846 5424 quia
2872 5354 3072 5423 dicunt,
3099 5356 3468 5415 Manducemus

1897 5454 1945 5499 et
1984 5446 2248 5513 bibamus;
2271 5461 2385 5499 cras
2420 5447 2552 5500 enim
2578 5446 2820 5500 morimur
2847 5444 2955 5518 (Id.
2986 5461 3081 5514 xv,
3108 5448 3210 5515 55,
3238 5448 3330 5523 52)
3362 5466 3374 5503 :
3410 5458 3470 5521 ut

1897 5539 2077 5594 dicant
2116 5538 2267 5593 vobis
2296 5538 2427 5609 (non
2472 5538 2669 5593 audent
2709 5538 2850 5593 enim
2877 5538 3144 5593 Christum
3173 5542 3465 5609 reprehen-

1898 5631 2046 5699 dere,
2063 5630 2479 5686 contremiscunt
2502 5628 2792 5697 majestatis
2816 5630 3180 5685 auctoritatem
3209 5638 3317 5684 toto
3337 5631 3470 5687 orbe

1896 5722 2197 5788 fundatam;
2226 5720 2319 5776 scd
2344 5719 2607 5791 quomodo
2633 5718 2886 5788 scriptum
2916 5727 3033 5787 est,
3064 5719 3303 5774 Peccator
3325 5721 3467 5775 vide-

1900 5817 1988 5882 bit,
2016 5822 2063 5868 ct
2087 5814 2350 5879 irascetur,
2377 5810 2606 5866 dentibus
2631 5809 2737 5866 suis
2769 5810 2963 5881 {rendet
2986 5819 3035 5865 et
3058 5809 3266 5867 tabescet
3292 5809 3465 5883 (Psal.
