4046 6360
538 359 676 418 1607

537 488 624 528 cxt
643 513 658 538 ,
687 469 774 542 10)
808 485 822 525 :
853 465 1094 524 frendere
1119 469 1328 536 potest,
1371 469 1427 517 et
1463 459 1733 516 tabescere
1759 467 1965 528 potest;
1997 456 2114 511 bla-

539 562 822 635 sphemare
847 567 1019 614 autem
1045 556 1310 611 Christum
1337 567 1443 608 non
1469 551 1650 622 audet)
1674 566 1688 614 ;
1717 565 1782 603 ne
1807 549 1943 603 forte
1985 561 2114 618 ergo

539 657 612 712 ita
636 656 916 724 loquantur
931 660 986 705 et
999 649 1198 714 dicant,
1217 645 1429 703 Christo
1451 654 1652 700 tantum
1678 643 1839 696 licuit.
1863 642 2120 710 Aliquan-

539 746 610 801 do
638 747 778 802 enim
805 753 859 814 et
885 758 948 798 ex
976 742 1154 796 animo
1177 739 1382 802 dicunt,
1405 734 1692 806 aliquando
1715 743 1896 788 autem
1930 731 2122 786 timore

543 838 727 893 dicunt
755 854 769 890 :
799 844 854 888 tu
880 844 1054 889 tamen
1095 839 1150 888 et
1174 830 1298 902 quid
1323 829 1555 884 audeant
1579 827 1754 881 dicere
1783 823 1998 878 attende
2019 863 2033 888 ,
2068 830 2124 876 et

541 928 666 1000 quid
697 943 801 982 non
825 925 1074 981 audeant.

613 1017 838 1074 CAPUT
858 1015 973 1070 XV.
994 1045 1062 1054 —
1080 1013 1167 1069 15.
1191 1011 1418 1066 Christus
1438 1009 1608 1064 dolose
1627 1008 1687 1062 ab
1708 1007 1993 1077 inﬁdelibus
2013 1007 2126 1060 lau-

545 1110 715 1176 datur,
733 1125 794 1161 ne
815 1107 1029 1173 similent
1049 1104 1457 1159 resurrectionem
1481 1118 1754 1172 speremus.
1781 1099 1978 1154 Dicturi
1999 1113 2126 1169 ergo

546 1214 668 1257 sunt
699 1221 710 1256 ε
744 1201 886 1255 Dicis
914 1199 1041 1253 mihi
1069 1197 1208 1268 quod
1237 1195 1587 1251 resurrexerit
1619 1193 1864 1248 Christus
1884 1233 1898 1253 ,
1927 1200 1982 1246 et
2005 1190 2127 1245 inde

547 1308 732 1364 speras
757 1291 1205 1347 resurrectionem
1235 1295 1564 1342 mortuorum
1588 1301 1602 1348 ;
1633 1284 1726 1339 sed
1748 1282 1959 1339 Christo
1983 1282 2130 1336 licuit

549 1399 828 1453 resurgere
855 1399 884 1436 a
911 1381 1158 1436 mortuis.
1178 1380 1246 1434 Et
1273 1379 1453 1448 incipit
1477 1378 1582 1447 jam
1603 1377 1819 1443 laudare
1834 1375 2126 1441 Christum,

479 1451 492 1461 .
551 1491 657 1530 non
689 1451 744 1528 ut
771 1474 839 1527 illi
868 1473 959 1527 det
1001 1475 1294 1538 honorem,
1327 1469 1420 1524 sed
1464 1478 1521 1523 ut
1563 1468 1656 1522 tibi
1688 1466 1846 1522 faciat
1872 1465 2128 1535 despera-

553 1569 770 1621 tionem.
801 1565 1076 1632 Serpentis
1105 1573 1278 1618 astuta
1324 1562 1587 1633 pernicies
1608 1603 1624 1625 ,
1657 1572 1712 1615 ut
1757 1559 1911 1614 laude
1935 1557 2132 1613 Christi

554 1667 605 1712 te
629 1663 832 1712 avertat
858 1673 886 1708 a
913 1655 1146 1720 Christo,
1174 1652 1356 1708 dolose
1377 1651 1630 1722 prmdicat
1652 1667 1808 1720 quem
1832 1652 2133 1720 vituperare

556 1764 660 1803 non
687 1748 864 1802 audet.
911 1747 1212 1816 Exaggerat
1237 1744 1568 1814 majestatem
1613 1743 1783 1804 illius,
1814 1749 1872 1795 ut
1899 1741 2132 1810 singula-

552 1857 668 1898 rem
701 1840 877 1906 faciat,
906 1855 974 1894 ne
1002 1848 1054 1893 tu
1081 1853 1264 1908 Speres
1293 1837 1395 1893 tale
1425 1835 1642 1909 aliquid,
1673 1835 1828 1905 quale
1854 1834 1905 1888 in
1935 1835 2025 1888 illo
2051 1851 2136 1888 re-

554 1945 801 2006 surgente
827 1942 1175 1989 monstratum
1199 1942 1298 1988 est.
1331 1933 1397 1988 Et
1420 1932 1568 2003 quasi
1596 1931 1893 2002 religiosior
1916 1937 2136 1999 apparet

554 2042 677 2098 erga
706 2014 976 2081 Christum
997 2065 1012 2090 ,
1043 2041 1166 2080 cum
1209 2025 1338 2081 dicit
1370 2043 1384 2081 :
1417 2025 1554 2080 Ecce
1583 2024 1671 2094 qui
1703 2039 1762 2079 se
1788 2022 1947 2077 audet
1984 2036 2136 2076 com-

557 2137 746 2191 parare
767 2120 914 2177 Chris
925 2130 978 2174 to
999 2163 1014 2187 ,
1044 2127 1103 2174 ut
1125 2120 1244 2190 quia
1269 2120 1563 2175 resurrexit
1590 2118 1829 2173 Christus
1848 2159 1864 2184 ,
1891 2124 1946 2170 et
1966 2130 2026 2170 se
2050 2129 2140 2169 re-

555 2222 917 2268 surrecturum
939 2220 1108 2283 putet.
1131 2211 1246 2265 Noli
1277 2209 1569 2280 perturbari
1597 2223 1842 2279 perversa
1863 2205 2018 2261 laude
2037 2203 2141 2258 lm-

560 2303 818 2374 peratoris
845 2303 916 2356 tui
937 2319 952 2368 ;
971 2302 1189 2356 hostiles
1214 2300 1418 2372 insidia:
1446 2310 1496 2355 te
1524 2299 1853 2370 perturbant,
1875 2295 1969 2351 sed
1986 2294 2139 2351 Chri-

558 2395 627 2448 sti
657 2392 924 2447 humilitas
945 2401 999 2448 et
1029 2392 1328 2446 humanitas
1353 2400 1406 2446 te
1427 2390 1749 2446 consolatur.
1775 2389 1865 2443 Ille
1888 2387 2143 2458 praedicat

559 2494 813 2555 quantum
835 2494 1047 2541 erectus
1072 2485 1140 2538 sit
1159 2483 1402 2539 Christus
1428 2499 1459 2538 a
1488 2491 1538 2538 te
1561 2499 1575 2535 :
1601 2481 1842 2536 Christus
1862 2489 2037 2535 autem
2059 2479 2141 2534 di-

559 2575 629 2628 cit
651 2583 902 2644 quantum
929 2574 1204 2630 descendit
1223 2573 1289 2628 ad
1312 2584 1385 2630 te.
1412 2573 1691 2643 Responde
1718 2587 1845 2643 ergo
1867 2571 2021 2626 huic:
2050 2587 2143 2626 ex-

559 2669 662 2721 cita
685 2667 826 2721 illam
851 2667 1043 2728 tidem;
1077 2674 1364 2736 tempestas
1385 2672 1500 2731 est,
1531 2665 1721 2719 ﬂuctus
1747 2671 1905 2728 sunt,
1935 2661 2144 2717 laborat

559 2759 711 2813 navis
729 2801 744 2823 ,
771 2759 966 2813 dormit
989 2758 1264 2822 Christus;
1290 2757 1459 2813 excita
1490 2756 1633 2811 illam
1657 2755 1813 2810 fidem
1835 2796 1850 2820 ,
1877 2755 1984 2809 noli
2007 2754 2144 2808 obli-

558 2848 687 2903 visci
716 2848 856 2918 quod
882 2847 1153 2904 credidisti
1180 2847 1387 2918 (Matth.
1419 2860 1512 2901 Vttt
1531 2889 1546 2912 ,
1577 2845 1798 2919 24-26).
1825 2846 2014 2902 Statim
2056 2860 2143 2899 re-

560 2941 850 3010 spondebis
870 2982 885 3004 ,
915 2957 1037 2996 cum
1064 2943 1115 2995 in
1149 2950 1198 2996 te
1224 2939 1356 2996 fides
1381 2941 1682 3010 evangelica
1708 2939 1928 3010 vigilare
1958 2954 2141 3010 cmpe-

559 3032 650 3086 rit.
679 3031 792 3085 Non
819 3032 925 3086 eris
949 3031 1102 3102 inops
1131 3032 1183 3086 in
1211 3031 1618 3100 reSpondendo:
1653 3047 1760 3085 non
1789 3031 1929 3085 enim
1962 3040 2014 3084 tu
2037 3030 2143 3084 eris

561 3119 652 3190 qui
690 3121 958 3190 loqueris;
985 3135 1209 3175 manens
1237 3120 1290 3174 in
1333 3128 1386 3175 te
1408 3119 1655 3174 Christus
1680 3120 1902 3189 arripiet
1942 3121 2143 3174 instru-

561 3218 798 3266 mentum
830 3226 983 3266 suum
1024 3211 1256 3282 linguam
1298 3219 1440 3265 tuam
1461 3253 1476 3277 ,
1504 3210 1648 3265 velut
1684 3210 1918 3281 gladium
1947 3225 2098 3266 smtm
2123 3252 2139 3278 ,

563 3303 719 3349 utens
759 3294 920 3349 corde
965 3303 1057 3348 tuo
1086 3303 1139 3349 et
1168 3309 1295 3348 voce
1341 3301 1427 3348 tua
1461 3305 1710 3364 tanquam
1755 3309 2031 3365 possessor
2059 3296 2141 3350 in-

561 3383 843 3453 habitans,
872 3385 1084 3440 resistet
1125 3385 1432 3440 adversario
1451 3427 1466 3453 ,
1496 3399 1741 3440 securum
1771 3394 1820 3439 te
1851 3384 2007 3440 faciet
2038 3405 2050 3438 :
2087 3398 2142 3442 tu

562 3482 767 3530 tantum
797 3477 968 3532 excita
1008 3475 1364 3532 dormientem
1387 3517 1403 3544 ,
1436 3476 1489 3532 id
1527 3486 1642 3544 est,
1676 3479 1956 3532 recordare
2003 3479 2140 3534 obli-

561 3575 668 3622 tam
703 3567 882 3622 lidetn.

631 3657 858 3715 CAPUT
887 3658 1024 3714 XVI.
1049 3689 1121 3700 -——
1142 3659 1227 3716 16.
1250 3658 1436 3716 Christi
1457 3663 1815 3717 resurrectione
1837 3681 1976 3733 spem
2002 3665 2144 3720 nobis

559 3752 937 3805 resurrectionis
980 3752 1154 3806 merito
1200 3753 1409 3807 allatam
1450 3771 1572 3809 esse.
1621 3754 1910 3810 Mortalitas
1956 3755 2144 3811 Christi

561 3842 715 3895 unde.
745 3840 974 3897 Christus
1010 3843 1261 3914 quomodo
1286 3845 1448 3914 [actus
1473 3845 1736 3899 mediator.
1778 3847 1989 3900 Peccata
2013 3864 2143 3918 quo-

563 3932 713 3986 modo
740 3932 792 3985 in
821 3931 1039 3988 Christo.
1080 3933 1367 3988 Mortalitas
1392 3952 1539 4004 paena
1565 3938 1775 4005 peccati.
1805 3937 1958 3992 Modo
2001 3940 2141 3992 enim

561 4021 689 4089 quid
717 4021 952 4076 dicturus
979 4038 1121 4090 sum,
1142 4023 1282 4078 unde
1313 4025 1504 4080 talibus
1522 4041 1876 4095 responsurus
1898 4028 2011 4081 sis?
2028 4028 2140 4082 Non

561 4129 760 4169 novum
785 4114 981 4185 aliquid
1016 4114 1189 4170 dicam
1213 4158 1227 4180 ,
1256 4116 1349 4171 sed
1376 4101 1432 4170 id
1457 4116 1600 4188 quod
1629 4118 1922 4173 credidisti.
1955 4119 2142 4175 Excita

563 4222 691 4278 ergo
721 4208 876 4264 tidem
898 4251 914 4275 ,
955 4219 1009 4264 et
1034 4209 1297 4280 responde
1320 4210 1514 4265 dicenti
1537 4253 1549 4272 .
1581 4209 1828 4266 Christus
1856 4213 2000 4267 solus
2045 4228 2141 4283 po-

563 4300 684 4365 tuit,
715 4314 811 4353 nos
840 4287 946 4353 nan
975 4315 1259 4368 possumus
1285 4324 1296 4355 :
1331 4302 1594 4370 reSponde
1622 4311 1676 4357 ct
1699 4303 1806 4367 dic.
1842 4303 1965 4358 Ideo
1990 4305 2142 4360 Chri-

561 4399 677 4444 stus
707 4392 894 4460 potuit,
917 4393 1037 4460 quia
1068 4393 1236 4456 Deus;
1262 4394 1350 4448 illc
1376 4395 1577 4463 utique,
1601 4396 1721 4464 quia
1755 4395 1912 4450 Deus.
1942 4396 1995 4451 Si
2018 4398 2141 4468 quia

564 4481 724 4543 Deus,
755 4481 876 4550 quia
905 4482 1276 4550 otnnipotens;
1305 4485 1349 4538 si
1382 4486 1504 4551 quia
1532 4485 1888 4553 omnipotens,
1917 4504 2014 4541 cur
2041 4490 2140 4545 de-

561 4571 790 4643 sperabo
812 4571 952 4641 quod
981 4574 1170 4641 poterit
1197 4584 1251 4628 et
1277 4575 1327 4627 in
1357 4589 1474 4641 me,
1505 4575 1647 4645 quod
1675 4576 2060 4633 demonstravit
2086 4580 2139 4635 in

561 4679 622 4718 se
653 4673 867 4734 propter
904 4667 1026 4718 me?
1055 4665 1252 4720 Deinde
1280 4681 1461 4736 quer
1498 4667 1638 4722 unde
1665 4669 1955 4723 resurrexit
1982 4669 2141 4725 Chri-

563 4765 697 4811 stus.
730 4755 1108 4826 ltespondebit,
1139 4759 1180 4811 Α
1215 4759 1456 4812 mortuis.
1491 4758 1682 4824 Qner
1707 4774 1873 4829 quare
1898 4771 2139 4820 mortuus

561 4847 650 4902 sit.
679 4845 946 4916 Numquid
975 4847 1116 4901 enim
1150 4847 1287 4903 Deus
1314 4848 1450 4903 mori
1493 4849 1707 4920 potest?
1735 4850 1827 4906 Illa
1868 4852 2028 4907 etiam
2053 4853 2139 4908 di-

559 4937 754 4992 vinitas
782 4935 1018 4992 Verbum
1052 4937 1255 5006 :cquale
1298 4938 1475 5005 Patri,
1505 4955 1593 4994 ars
1621 4941 2004 5010 omnipotentis
2047 4959 2138 4999 ar-

562 5028 720 5082 titicis
739 5066 756 5092 ,
787 5041 882 5096 per
921 5041 1079 5096 quem
1125 5025 1260 5080 facta
1285 5038 1409 5082 sunt
1446 5030 1624 5085 omnia
1644 5071 1659 5096 ,
1689 5031 2138 5090 incommutabilis

557 5118 817 5190 sapientia
837 5157 854 5183 ,
884 5117 936 5170 in
965 5131 1024 5172 se
1048 5117 1162 5186 ipsa
1189 5131 1444 5186 manens,
1472 5120 1736 5177 innovans
1769 5128 1947 5179 omnia
1978 5127 2133 5199 (Sap.

557 5226 629 5266 vn
650 5251 666 5277 ,
708 5210 802 5280 27)
825 5251 840 5275 ,
868 5209 1136 5280 attingens
1160 5225 1192 5265 a
1224 5210 1326 5264 ﬁne
1351 5227 1516 5282 usque
1539 5216 1605 5269 ad
1639 5216 1798 5274 linem
1844 5219 2051 5276 fortiter
2083 5231 2139 5278 et

558 5302 849 5373 disponens
875 5300 1053 5355 omnia
1089 5301 1324 5356 suaviter
1351 5301 1460 5374 (Id.
1488 5321 1576 5360 vui
1597 5347 1610 5372 ,
1642 5307 1731 5380 1),
1759 5312 1894 5367 mori
1923 5315 2137 5384 potuit?

556 5395 712 5461 Non,
757 5393 946 5465 inquit.
977 5393 1043 5448 Et
1071 5403 1246 5448 tamen
1289 5394 1532 5454 Christus
1571 5411 1812 5459 mortuus
1835 5413 1936 5460 est.
1985 5405 2137 5463 Unde

558 5496 803 5544 mortuus
847 5485 967 5542 est?
997 5484 1250 5542 Videlicet
1289 5488 1428 5559 quod
1458 5507 1560 5546 non
1600 5497 1834 5566 rapinam
1861 5499 2136 5556 arbitratus

553 5585 629 5633 est
656 5593 762 5634 esse
787 5577 998 5648 wquatis
1028 5575 1165 5645 Deo,
1212 5579 1302 5634 sed
1339 5584 1664 5654 semetipsum
1688 5589 1991 5658 exinanivit,
2023 5593 2136 5662 for-

554 5683 691 5721 mam
718 5668 848 5724 serui
869 5667 1141 5740 accipiens.
1168 5669 1307 5726 Ante
1331 5681 1508 5729 autem
1531 5676 1656 5746 quid
1679 5679 1787 5733 ait?
1818 5679 1918 5745 Qui
1941 5699 2054 5737 cum
2079 5686 2133 5740 in

557 5759 720 5816 forma
743 5758 840 5816 Dei
879 5767 1003 5817 esset
1033 5757 1289 5835 (Philipp.
1321 5778 1393 5834 ιι,
1421 5765 1519 5822 6et
1534 5767 1614 5840 7).
1641 5768 1888 5828 Formam
1917 5772 2011 5830 Dei
2037 5788 2133 5832 ac-

1770 345 1827 402 S.
1875 340 2234 399 AUGUSTINI
2278 339 2583 397 EPISCOPI

3663 345 3806 406 1608

2223 464 2468 525 ceperat,
2497 472 2564 510 an
2595 456 2646 510 in
2683 471 2744 511 ea
2775 457 3085 514 naturaliter
3108 466 3226 514 erat
3254 458 3311 514 ‘?
3342 459 3625 534 Distinguit
3655 467 3806 535 Apo-

2224 548 2412 602 stolus.
2443 547 2574 603 Cum
2623 548 2843 603 formam
2889 549 2982 604 Dei
3025 549 3226 606 diceret
3249 592 3264 614 ,
3295 562 3418 608 esset
3464 553 3600 610 dixit
3634 574 3648 610 :
3679 569 3808 610 cum

2225 639 2452 695 formam
2480 641 2616 695 servi
2638 641 2955 707 nominaret,
2971 642 3223 711 accipiens
3241 642 3393 697 dixit.
3414 642 3657 700 Christus
3677 661 3812 718 ergo

2227 741 2341 785 erat
2365 731 2559 802 aliquid
2581 774 2597 798 ,
2628 733 2833 801 accepit
2857 733 3052 799 aliquid
3073 775 3088 796 ,
3122 742 3180 788 ut
3205 750 3323 788 cum
3352 735 3442 788 illo
3471 753 3632 792 unum
3662 747 3813 796 esset

2227 822 2368 892 quod
2394 832 2689 892 acceperat.
2725 824 2779 878 In
2821 823 2988 878 forma
3019 825 3111 878 Dei
3148 834 3264 880 erat
3289 829 3507 896 aequalis
3535 830 3665 894 Deo,
3697 831 3811 886 sic-

2229 925 2288 967 ut
2338 917 2660 985 evangelista
2693 916 2780 971 ille
2815 917 3044 986 piscator
3069 917 3336 988 loquitur,
3379 919 3594 975 Verbum
3623 933 3730 976 erat
3760 927 3814 978 in

2231 1006 2478 1075 principio
2497 1049 2510 1071 ,
2542 1018 2588 1061 et
2623 1007 2838 1064 Verbum
2865 1013 3004 1081 apud
3049 1014 3212 1069 Deum
3232 1059 3246 1082 ,
3279 1028 3326 1070 et
3368 1017 3509 1073 Deus
3537 1031 3648 1074 erat
3684 1019 3815 1075 Ver-

2230 1097 2345 1150 bum
2385 1096 2562 1168 (Joan.
2593 1116 2644 1166 t,
2674 1101 2727 1171 1)
2761 1119 2774 1154 :
2809 1103 2910 1158 hoc
2943 1115 3056 1170 est,
3086 1105 3211 1161 Cum
3239 1110 3291 1163 in
3334 1110 3497 1179 forma
3528 1111 3618 1166 Dei
3643 1123 3813 1180 esset,

2231 1207 2332 1244 non
2353 1190 2584 1262 rapinam
2607 1192 2878 1250 arbitratus
2896 1207 2968 1250 est
2988 1215 3094 1252 esse
3113 1201 3322 1269 (aqualis
3347 1202 3470 1256 Deo.
3494 1204 3646 1270 Quod
3668 1207 3814 1261 enim

2233 1296 2340 1336 non
2371 1283 2680 1338 naturaliter
2723 1285 2893 1352 inest,
2933 1287 3025 1342 sed
3055 1302 3342 1359 usurpatur
3381 1295 3593 1361 illicito,
3628 1298 3815 1366 rapina

2233 1382 2334 1427 est.
2364 1373 2740 1444 Equalitatcm
2781 1377 2873 1432 Dei
2905 1382 3177 1449 usurpavit
3214 1384 3466 1452 angelus,
3495 1395 3550 1440 et
3577 1390 3816 1455 cecidit,

2234 1473 2288 1517 et
2331 1464 2497 1519 factus
2546 1473 2630 1520 est
2669 1466 2911 1522 diabolus
2946 1487 2960 1523 :
2991 1471 3348 1541 mqualitatem
3401 1475 3490 1528 Dei
3541 1481 3823 1547 ursurpavit

2239 1554 2432 1621 homo,
2464 1564 2518 1610 et
2541 1558 2766 1624 cecidit,
2799 1567 2854 1614 et
2885 1559 3052 1614 factus
3081 1572 3160 1616 est
3190 1566 3449 1620 mortalis.
3483 1567 3579 1621 Hic
3611 1580 3818 1637 autem,

2235 1647 2325 1716 qui
2355 1657 2508 1703 natus
2549 1659 2631 1704 est
2671 1651 2922 1722 mqualis,
2954 1653 3076 1723 quia
3107 1671 3210 1708 non
3241 1665 3394 1710 natus
3421 1674 3486 1713 ex
3536 1668 3777 1731 tempore
3801 1703 3820 1729 ,

2237 1739 2332 1804 sed
2359 1742 2680 1810 sempiterno
2710 1743 2849 1797 Patri
2877 1746 3231 1813 sempiternus
3255 1747 3451 1816 Filius,
3481 1764 3693 1820 semper
3723 1769 3825 1808 na-

2239 1841 2354 1898 tus,
2387 1848 2484 1902 per
2507 1849 2663 1905 quem
2692 1835 2824 1890 facta
2853 1845 2976 1891 sunt
3017 1840 3192 1893 omnia
3214 1882 3228 1904 ,
3263 1841 3314 1894 in
3359 1841 3525 1898 forma
3557 1844 3649 1900 Dei
3678 1856 3825 1903 erat.

2239 1923 2308 1980 Ut
2334 1912 2510 1980 autem
2543 1926 2802 1982 mediator
2827 1938 2970 1984 esset
2999 1930 3137 1984 inter
3167 1931 3331 1987 Deum
3361 1943 3414 1988 et
3442 1933 3709 2002 homines,
3735 1936 3826 1992 iu-

2240 2027 2323 2072 ter
2343 2018 2544 2088 justum
2567 2030 2620 2073 et
2646 2020 2891 2092 injustas,
2922 2023 3059 2077 inter
3085 2025 3436 2082 immortalem
3465 2036 3519 2083 et
3535 2029 3824 2098 (mortales,

2240 2110 2527 2179 assumpsit
2563 2111 2760 2181 aliquid
2789 2112 2857 2167 ab
2893 2113 3100 2184 injustis
3125 2125 3180 2172 et
3221 2120 3567 2188 mortalibus,
3600 2137 3829 2181 servans

2241 2202 2439 2273 aliquid
2459 2219 2578 2258 cum
2599 2204 2744 2274 justo
2764 2214 2817 2260 et
2838 2207 3139 2263 immortali.
3170 2211 3302 2266 Cum
3318 2212 3463 2282 justo
3484 2216 3624 2271 enim
3645 2226 3700 2273 et
3722 2218 3830 2272 im-

2243 2295 2450 2349 mortali
2478 2297 2989 2367 servansjustitiam,
3008 2301 3074 2357 ab
3103 2299 3312 2371 injustis
3337 2316 3389 2360 et
3407 2308 3718 2364 mortalibus
3738 2325 3832 2367 as-

2243 2401 2460 2444 sumens
2487 2390 2860 2446 mortalitatcm
2881 2434 2895 2455 ,
2928 2392 3100 2450 factus
3128 2396 3178 2450 in
3211 2397 3386 2452 medio
3415 2401 3786 2458 reconciliator
3807 2444 3827 2470 ,

2243 2476 2498 2546 dejiciens
2522 2495 2729 2535 murum
2761 2493 3096 2550 peccatorum
3127 2496 3450 2553 nostrorum;
3477 2490 3616 2545 unde
3642 2492 3714 2548 illi
3735 2509 3834 2549 ca-

2244 2571 2389 2623 nitur
2413 2586 2440 2622 a
2475 2572 2669 2640 pepulo
2711 2588 2842 2638 suo,
2876 2573 2940 2628 Et
2965 2576 3017 2629 in
3047 2575 3154 2631 Deo
3194 2563 3304 2633 meo
3330 2583 3670 2652 transgredior
3709 2601 3834 2638 mu-

2243 2680 2357 2716 rum
2386 2662 2554 2735 (Psal.
2583 2681 2708 2732 xvu,
2730 2665 2820 2738 30)
2846 2685 2859 2720 :
2891 2668 3120 2724 reddens
3149 2671 3268 2726 Deo
3291 2673 3432 2742 quod
3478 2686 3690 2744 peccata
3733 2678 3838 2732 ab-

2245 2755 2623 2818 alienaverant.
2637 2758 2904 2814 redimens
2919 2775 3016 2815 suo
3033 2762 3287 2833 sanguine
3306 2764 3445 2834 quod
3458 2766 3836 2838 diaboluspos-

2245 2849 2483 2915 sidebat;
2512 2861 2752 2906 mortuus
2778 2862 2860 2906 est
2885 2867 2981 2923 pro
3009 2855 3180 2920 nobis,
3210 2865 3265 2911 et
3293 2860 3582 2913 resurrexit
3607 2875 3704 2930 pro
3730 2877 3834 2916 no-

2246 2938 2347 2993 bis.
2379 2935 2612 2994 Poriavit
2641 2951 2854 3011 peccata
2886 2953 3064 2999 nostra
3085 2986 3100 3010 ,
3129 2961 3236 3000 non
3272 2946 3375 3002 illis
3403 2948 3701 3016 inhaerens,
3730 2953 3831 3009 sed

2244 3045 2306 3084 ea
2349 3032 2616 3087 sustinens
2649 3051 2661 3086 :
2693 3034 2829 3088 sicut
2855 3034 3020 3090 Jacoh
3048 3041 3277 3107 portavit
3315 3039 3478 3109 pelles
3507 3039 3783 3098 haedorum
3808 3087 3830 3114 ,

2250 3132 2306 3178 ut
2324 3124 2520 3192 pilosus
2547 3125 2680 3193 patri
2709 3125 3040 3183 hcncdiccnti
3069 3130 3503 3203 videretur(Gen.
3529 3150 3692 3200 xxvu,
3713 3136 3828 3210 16).

2247 3215 2390 3272 Esau
2417 3217 2586 3271 malus
2615 3218 2748 3286 pilos
2772 3221 3015 3289 proprios
3043 3221 3304 3291 habebat,
3331 3223 3497 3280 Jaeob
3525 3236 3702 3282 autem
3733 3229 3834 3286 bo-

2246 3325 2347 3364 nus
2391 3311 2590 3365 alienos
2633 3313 2892 3381 portabat.
2939 3313 3246 3373 Mortalibus
3283 3315 3478 3388 quippe
3521 3319 3835 3379 hominibus

2249 3412 2465 3470 peccata
2515 3403 2792 3459 induerent.
2840 3405 2956 3462 Non
3002 3417 3180 3464 autem
3226 3409 3560 3467 iuhzerebant
3607 3413 3684 3468 illi
3734 3416 3834 3486 qui

2247 3492 2495 3558 dixerat,
2545 3493 2848 3550 Potestatem
2895 3497 3054 3552 habeo
3099 3500 3317 3569 ponendi
3358 3501 3580 3557 animm
3623 3521 3790 3560 meam
3813 3547 3834 3572 ,

2247 3601 2296 3644 et
2338 3600 2629 3660 potestatem
2670 3592 2825 3647 habeo
2861 3593 3044 3648 iterum
3082 3595 3314 3650 sumendi
3350 3611 3462 3651 eam
3504 3596 3705 3669 (locu.
3751 3614 3793 3656 ι
3813 3641 3836 3669 ,

2234 3681 2378 3753 ιε).
3837 3731 3843 3737 .

2317 3776 2542 3832 CAPUT
2572 3776 2732 3832 XVII.
2761 3807 2834 3818 —
2859 3778 3000 3833 Mors
3040 3795 3168 3850 ergo
3194 3780 3244 3834 in
3275 3781 3498 3837 Domino
3537 3790 3724 3838 nostro
3753 3785 3836 3840 si-

2248 3885 2408 3940 gnum
2438 3870 2533 3923 fuit
2557 3870 2847 3925 alienorum
2883 3882 3240 3940 peccatorum,
3273 3889 3378 3930 non
3406 3892 3558 3946 pmna
3588 3880 3838 3949 proprio-

2249 3977 2386 4015 rum.
2423 3962 2475 4016 ln
2519 3963 2766 4018 omnibus
2793 3973 2969 4018 autem
3000 3965 3306 4022 hominibus
3351 3970 3646 4026 mortalitas
3671 3987 3836 4043 praua

2247 4055 2449 4124 peccati
2477 4065 2560 4110 est
2590 4074 2603 4108 :
2637 4058 2862 4112 trahitur
2887 4060 3030 4114 enim
3074 4061 3142 4116 ab
3184 4062 3390 4133 origine
3417 4065 3653 4133 peccati,
3686 4067 3838 4122 unde

2247 4163 2432 4203 omnes
2466 4152 2738 4214 venimus;
2768 4152 2833 4206 de
2858 4152 2998 4207 illius
3023 4153 3254 4209 hominis
3277 4155 3460 4225 lapsu,
3491 4171 3595 4212 nou
3625 4157 3694 4213 de
3725 4159 3834 4214 hu-

2241 4240 2330 4310 jus
2371 4241 2650 4296 descensu.
2682 4242 2837 4296 Aliud
2865 4244 3006 4297 euim
3037 4255 3120 4299 est
3160 4245 3384 4309 cadere,
3415 4245 3560 4301 aliud
3599 4247 3838 4305 descen-

2246 4331 2392 4387 dere.
2421 4331 2626 4387 Cecidit
2667 4350 2804 4390 unus
2832 4337 3106 4406 nequiter,
3134 4336 3410 4392 descendit
3449 4339 3586 4396 alius
3615 4342 3836 4398 miseri~

2246 4421 2494 4478 corditer.
2523 4422 2668 4478 Sicut
2695 4426 2836 4480 enim
2867 4427 2918 4480 in
2943 4427 3106 4481 Adam
3133 4445 3307 4483 omnes
3332 4431 3616 4485 moriuntur
3633 4475 3649 4498 ,
3677 4433 3751 4487 sic
3781 4437 3838 4490 in

2246 4511 2445 4567 Christo
2488 4532 2658 4568 omnes
2699 4517 3082 4585 viviﬁcabuntur
3105 4519 3147 4588 (1
3168 4519 3285 4574 Cor.
3315 4536 3416 4586 xv,
3446 4522 3561 4594 22).
3602 4523 3838 4579 Portans

2245 4619 2374 4674 ergo
2397 4605 2566 4660 aliena
2595 4617 2808 4676 peccata
2828 4650 2843 4675 ,
2874 4609 3002 4676 Quae
3025 4628 3126 4665 non
3153 4613 3334 4682 rapui,
3365 4615 3570 4685 inquit,
3597 4625 3714 4671 tunc
3745 4635 3840 4672 ea:-

2244 4696 2492 4750 solvebam
2519 4695 2688 4762 (Psal.
2719 4715 2898 4768 ικνιιι,
2930 4701 2985 4771 5)
3020 4719 3033 4754 :
3069 4701 3121 4756 id
3147 4715 3250 4769 est,
3279 4714 3554 4774 peccatum
3600 4723 3704 4762 non
3738 4710 3839 4764 ha-

2244 4787 2376 4842 bens
2419 4789 2701 4846 moriebar.
2747 4789 2912 4857 Ecce,
2953 4793 3156 4863 inquit,
3201 4796 3360 4850 veniet
3404 4798 3636 4867 princeps
3677 4800 3838 4870 hujus

2244 4878 2441 4945 mundi,
2465 4889 2511 4933 et
2534 4880 2586 4933 in
2611 4896 2690 4934 me
2713 4881 2844 4936 nihit
2861 4883 3093 4937 inveniet.
3121 4885 3259 4952 Quid
3287 4893 3389 4954 est,
3417 4888 3546 4943 nihil
3567 4889 3620 4943 in
3650 4906 3730 4944 me
3752 4892 3838 4944 in-

2241 4970 2437 5025 veniet?
2461 4970 2576 5026 Non
2608 4971 2659 5028 in
2687 4987 2775 5026 me
2805 4973 3039 5030 inveniet
3067 4978 3312 5032 meritum
3344 4981 3550 5035 mortis.
3579 4981 3832 5039 Meritum

2241 5061 2384 5116 enim
2411 5063 2596 5116 mortis
2621 5072 2895 5134 peccatum
2925 5075 3027 5120 est.
3055 5067 3232 5135 Quare
3257 5086 3386 5141 ergo
3411 5073 3695 5129 morieris?
3725 5075 3832 5131 Se-

2241 5152 2420 5223 quitur
2437 5193 2453 5216 ,
2481 5163 2535 5206 et
2560 5153 2688 5208 dicit
2718 5170 2731 5208 :
2766 5154 2872 5210 Sed
2897 5165 2952 5209 ut
2991 5158 3155 5212 sciant
3179 5177 3349 5214 omnes
3377 5165 3496 5234 quia
3524 5165 3831 5223 uoluntath

2241 5241 2416 5297 Patris
2440 5244 2536 5296 mei
2573 5244 2706 5316 facio
2725 5285 2740 5310 ,
2769 5247 2957 5318 surgite
2974 5288 2988 5312 ,
3018 5265 3188 5303 cautus
3211 5251 3327 5305 hinc
3352 5252 3528 5325 (Joan.
3558 5270 3646 5310 xnv
3667 5299 3682 5322 ,
3716 5259 3788 5314 30
3812 5302 3829 5326 ,

2241 5333 2355 5406 5|).
2401 5335 2470 5389 Et
2503 5336 2672 5406 surgit
2702 5353 2927 5408 pergens
2969 5340 3034 5395 ad
3077 5343 3400 5412 passionem.
3445 5347 3662 5414 Quare?
3691 5350 3829 5416 Quia

2239 5427 2564 5482 voluntatem
2590 5429 2762 5484 Patris
2787 5431 2866 5484 sui
2893 5428 3140 5498 faciebat,
3171 5450 3274 5488 non
3303 5437 3423 5505 quia
3450 5439 3677 5509 principi
3704 5457 3830 5511 pee-

2238 5529 2478 5576 catorum
2519 5521 2714 5593 aliquid
2759 5523 3020 5592 debebat,
3070 5526 3120 5580 in
3159 5541 3264 5596 quo
3303 5539 3578 5598 peccatum
3616 5533 3826 5590 nullum

2237 5621 2373 5670 erat.
2422 5615 2560 5686 Ergo
2609 5616 2865 5673 Dominus
2912 5628 3094 5675 noster
3137 5620 3292 5676 Jesus
3340 5623 3584 5680 Christus
3627 5626 3827 5684 divini-

2237 5726 2484 5840 ᾐὲηὲξ..
2509 5737 2731 5780 Formam
2767 5729 2894 5782 servi
2929 5737 3180 5798 acceperat
3196 5766 3212 5795 ,
3257 5747 3319 5784 an
3359 5734 3412 5788 in
3444 5749 3504 5788 ea
3535 5737 3829 5798 ηαισαιὶιεν
