4080 6360
261 349 394 422 tcu's

257 490 421 541 tatem
467 492 649 540 secum
695 480 912 546 attulit,
962 469 1338 532 mortalitatem
1387 481 1563 525 autem
1611 485 1640 522 a
1688 464 1840 521 nohis

254 574 566 644 assumpsit.
615 568 765 628 lianc
813 568 1018 638 accepit
1063 567 1116 621 in
1166 575 1319 619 utero
1361 561 1576 631 virginis
1623 558 1838 620 Marize,

256 667 589 738 coniungens
637 680 696 719 se
747 665 918 732 ipsum
967 660 1199 716 Verbum
1251 657 1342 711 Dei
1395 655 1640 709 humanae
1683 660 1840 704 natu-

257 758 334 813 ra:
358 800 374 820 .
420 767 673 826 tanquam
716 767 943 824 sponsus
968 764 1178 822 Sponsa:
1207 749 1258 802 in
1301 747 1531 801 thalamo
1559 741 1798 813 virginali
1825 782 1839 804 ,

257 859 315 902 ut
357 849 473 918 ipse
499 857 748 917 tanquam
779 858 1005 916 sponsus
1031 839 1343 914 procederet
1385 837 1451 892 de
1491 837 1723 891 thalamo
1744 833 1843 887 Suo

254 941 431 1011 (Psal.
465 945 590 994 xvltt
605 982 620 1006 ,
652 940 732 1009 6).

329 1052 419 1108 17.
453 1051 742 1107 Μαι-ιαιὶιαε
765 1052 818 1106 in
841 1030 1039 1106 Christo
1067 1061 1202 1112 uera,
1235 1043 1334 1100 non
1361 1060 1422 1098 ea:
1447 1042 1642 1108 merito,
1670 1033 1758 1094 sed
1783 1029 1846 1092 ea:

260 1143 627 1201 misericordia.
656 1135 841 1201 Christi
865 1143 1160 1198 resurrectio
1180 1131 1454 1196 secundum
1478 1131 1679 1190 Carnem
1699 1143 1844 1188 antea

258 1237 547 1291 mortalem.
578 1236 639 1291 Si
658 1235 858 1307 justum
886 1251 999 1288 eum
1024 1235 1266 1304 fatentur,
1298 1226 1397 1282 non
1426 1227 1606 1298 fefellit
1635 1225 1845 1297 promit-

259 1340 368 1382 tens
410 1329 843 1383 resurrectionem.
874 1325 1007 1380 Redi
1045 1339 1173 1394 ergo
1211 1322 1278 1378 ad
1310 1321 1359 1376 id
1396 1320 1536 1392 quod
1580 1319 1841 1374 dicebam.

258 1418 554 1473 Mortalitas
593 1419 661 1473 de
711 1426 928 1488 peccato
970 1417 1115 1472 venit
1143 1417 1196 1470 in
1237 1428 1423 1469 omnes
1466 1403 1754 1467 homines:
1789 1411 1842 1465 in

258 1495 493 1566 Domino
529 1522 703 1587 autem
744 1511 811 1566 de
851 1501 1216 1566 misericordia
1245 1517 1390 1574 erat,
1419 1517 1473 1561 et
1500 1515 1680 1561 tamen
1719 1520 1844 1559 vera

258 1609 412 1668 crat;
445 1606 566 1674 quia
601 1599 720 1658 talis
742 1601 868 1659 caro
895 1618 1020 1658 vera
1049 1595 1165 1657 erat.
1184 1643 1197 1665 ,
1221 1611 1274 1656 et
1297 1616 1420 1655 vere
1443 1589 1682 1672 mortalis
1708 1607 1842 1674 erat,

259 1691 670 1749 similitudinem
707 1691 910 1750 habens
936 1693 1111 1748 carnis
1143 1692 1344 1763 peccati
1386 1690 1561 1762 (Rom.
1593 1705 1684 1744 vui
1704 1731 1720 1757 ,
1749 1688 1842 1761 5);

259 1802 368 1842 non
420 1775 826 1841 similitudinem
871 1781 1088 1848 carnis,
1139 1783 1232 1838 sed
1281 1781 1677 1838 similitudinem
1725 1796 1846 1836 car-

259 1879 342 1934 nis
376 1874 591 1950 peccati
621 1895 635 1932 :
667 1895 793 1934 vera
835 1875 976 1934 cnim
1003 1873 1161 1944 caro,
1189 1870 1283 1932 sed
1327 1892 1433 1930 non
1458 1874 1659 1945 peccati
1700 1870 1845 1928 euro.

256 1950 374 2023 Non
408 1969 556 2024 enim
596 1961 974 2025 mortalitatem
1003 1961 1143 2022 illam
1164 2010 1179 2033 ,
1209 1976 1266 2021 ut
1305 1950 1451 2030 dixi,
1497 1959 1688 2020 merito
1721 1979 1847 2034 pec-

257 2063 363 2118 cati
390 2073 690 2134 acceperat,
724 2059 814 2134 qui
839 2062 1160 2130 semetipsum
1181 2051 1456 2116 eainanivit
1483 2060 1697 2128 formam
1719 2057 1850 2140 servi

257 2154 516 2226 accipiens
537 2196 552 2220 ,
588 2165 634 2209 et
675 2159 838 2226 factus
875 2153 1107 2208 obediens
1150 2147 1304 2222 usque
1344 2149 1413 2204 ad
1452 2142 1680 2204 moriens.
1711 2137 1848 2217 Quid

258 2247 388 2318 ergo
414 2256 570 2312 erat,
618 2256 671 2302 ct
699 2246 824 2317 quid
850 2245 1120 2300 habebat?
1164 2238 1420 2299 Divitiitas
1443 2236 1600 2308 erat,
1647 2231 1849 2297 habens

259 2330 666 2392 inortalitatcm.
720 2327 870 2392 Uiide
912 2324 1088 2391 aulem
1141 2329 1380 2390 mortuus
1421 2341 1544 2401 est,
1593 2327 1716 2387 inde
1758 2347 1847 2386 rc-

257 2430 516 2484 Surrexit.

327 2544 562 2601 CAPUT
610 2521 797 2600 Xviu.
834 2575 905 2584 —
951 2522 1031 2598 Ad
1078 2558 1171 2598 eos
1194 2536 1304 2612 jam
1350 2541 1599 2612 respicite
1642 2539 1734 2611 qui
1764 2539 1852 2594 di-

259 2645 392 2690 cunt
414 2653 430 2689 :
452 2635 700 2691 Christus
727 2635 874 2690 solus
901 2635 1072 2707 potuit
1101 2647 1411 2703 resurgere,
1443 2647 1547 2687 non
1574 2641 1749 2686 autem
1773 2639 1849 2685 tu.

259 2726 366 2783 Sed
413 2727 684 2798 responde
720 2737 775 2782 et
813 2727 898 2801 dic
925 2745 937 2780 :
962 2726 1204 2800 Christus
1243 2725 1296 2781 in
1321 2740 1387 2780 eo
1413 2723 1556 2796 quod
1592 2740 1659 2779 ex
1698 2722 1852 2778 nobis

259 2828 546 2889 acceperat
564 2859 579 2883 ,
610 2819 925 2875 resurrexit.
957 2817 1105 2873 Tolle
1133 2816 1359 2872 formam
1385 2817 1555 2883 servi,
1581 2830 1688 2871 non
1708 2820 1854 2870 esset

261 2893 312 2964 in
338 2925 446 2981 qua
490 2919 827 2981 resurgeret;
858 2909 981 2980 quia
1010 2924 1116 2982 non
1141 2916 1286 2979 esset
1323 2908 1374 2962 in
1400 2921 1501 2980 quu
1530 2914 1849 2980 moreretur.

262 2990 401 3069 Quid
443 3016 576 3072 ergo
617 3001 748 3056 mihi
777 3001 844 3057 de
885 2999 1041 3054 laude
1086 2998 1294 3054 Domini
1323 2997 1429 3071 mei
1467 2997 1624 3052 [idem
1654 2996 1732 3051 vis
1756 2995 1853 3069 de-

263 3104 508 3168 struere,
540 3107 700 3164 quam
741 3091 795 3168 in
825 3106 911 3146 me
954 3089 1237 3145 aediﬁcavit
1263 3088 1518 3144 Dominus
1555 3085 1742 3143 meus?
1769 3086 1850 3140 Ex

263 3165 357 3257 illo
377 3181 526 3238 enim
553 3180 695 3252 quod
734 3165 960 3236 formam
1009 3180 1149 3236 'Bervi
1179 3176 1416 3257 accepit,
1460 3187 1702 3254 mortuus
1746 3185 1848 3252 est.

262 3254 574 3329 Secundum
619 3273 722 3343 hoc
767 3266 944 3328 autem
990 3254 1320 3351 resurrexit,
1369 3270 1661 3327 secundum
1709 3267 1852 3339 quod

264 3374 514 3420 mortuus
541 3373 644 3419 est.
672 3363 831 3420 Nullo
874 3362 1035 3418 modo
1077 3355 1205 3434 ergo
1229 3363 1370 3418 servi
1401 3359 1850 3438 resurrectionem

263 3457 684 3533 desperaverim,
704 3471 824 3512 cum
848 3457 898 3511 in
919 3455 1091 3512 forma
1111 3456 1252 3512 servi
1277 3455 1532 3510 Dominus
1556 3469 1855 3534 resurrexe-

264 3550 351 3604 rit.
385 3551 495 3604 Aut
521 3549 567 3604 si
609 3549 862 3624 potentia:
892 3547 1121 3604 hominis
1163 3547 1401 3624 tribuunt
1427 3545 1567 3622 quod
1609 3545 1854 3620 Christus

266 3633 562 3693 resurrexit
592 3654 623 3692 a
649 3619 908 3704 mortuis;
939 3653 1062 3693 nam
1090 3647 1146 3692 et
1173 3619 1275 3692 hoc
1303 3637 1479 3693 solent.
1503 3619 1701 3701 dicere,
1729 3619 1854 3708 quia

267 3709 434 3784 homo
459 3718 579 3784 erat
608 3737 713 3784 tam
739 3709 943 3798 iustus,
979 3721 1035 3784 ut
1071 3725 1453 3804 possetctiam
1501 3743 1780 3798 resurgere
1821 3743 1854 3782 a

267 3819 538 3900 mortuis:
581 3808 641 3875 ut
677 3811 890 3900 inierim
927 3809 1219 3900 secundum
1261 3815 1407 3889 ipsos
1438 3817 1656 3897 loquar,
1696 3827 1751 3872 et
1787 3817 1856 3875 de

267 3894 483 3968 Domini
511 3912 685 3968 nostri
713 3891 991 3968 divinitate
1019 3925 1126 3968 non
1158 3909 1362 3976 dicam;
1393 3893 1481 3965 ille
1510 3919 1617 3998 tam
1651 3909 1852 3979 justus,

269 4000 328 4059 ut
354 4021 386 4058 a
413 3995 642 4082 mortuis
666 4008 827 4080 etiam
852 4001 1132 4081 resurgere
1171 4011 1488 4070 mereretur,
1525 3995 1670 4057 nullo
1700 3995 1854 4072 paeto

266 4112 366 4152 nos
394 4083 582 4154 fallere
612 4096 802 4168 potuit;
848 4111 970 4152 cum
1012 4095 1174 4152 etiam
1210 4093 1365 4152 nobis
1407 4091 1854 4150 resitrrectione'm

269 4182 538 4258 rromisit.

335 4299 572 4358 CAPUT
607 4299 752 4357 XIX.
772 4308 848 4342 -—’
882 4299 970 4357 18.
1005 4299 1154 4356 Unde
1184 4299 1394 4370 probata
1419 4294 1649 4370 superius
1687 4315 1858 4354 resur-

269 4393 425 4468 rectio
450 4396 647 4464 futura.
673 4393 862 4449 Omnia
888 4407 1018 4464 ergo
1043 4408 1163 4463 quae
1188 4392 1328 4448 dicta
1357 4401 1510 4459 sunt,
1538 4392 1748 4458 fratres,
1788 4391 1856 4448 ad

271 4483 322 4537 id
347 4483 554 4550 valent,
592 4493 650 4538 ut
673 4484 792 4540 sitis
819 4483 1102 4552 instructi,
1141 4484 1186 4539 si
1213 4483 1303 4554 qui
1330 4483 1510 4538 dicunt
1537 4495 1642 4538 non
1681 4497 1855 4539 resur-

268 4589 399 4643 gere
423 4583 688 4631 mortuos.
712 4575 862 4631 Dicta
885 4584 1012 4632 sunt
1033 4584 1234 4643 autem,
1259 4575 1302 4630 si
1331 4575 1667 4640 meministis,
1689 4591 1858 4646 quan-

269 4676 383 4720 tum
418 4665 565 4723 Deus
609 4682 898 4738 suggerere
937 4667 1182 4738 dignatus
1210 4676 1294 4723 est
1322 4667 1650 4732 necessaria,
1693 4678 1748 4722 et
1789 4667 1859 4724 de

269 4771 457 4818 rerum
481 4766 670 4836 natura
693 4757 1125 4829 quotidianisque
1151 4757 1410 4828 exemplis
1443 4757 1581 4812 dicta
1611 4767 1734 4812 sunt
1773 4767 1856 4813 te-

269 4849 525 4905 stimonia
547 4866 563 4918 ;
587 4858 642 4906 et
666 4850 734 4906 de
762 4852 875 4922 ipsa
903 4851 1286 4927 omnipotentis
1319 4851 1412 4907 Dei
1445 4851 1528 4906 cui
1557 4851 1688 4906 nihil
1714 4851 1858 4906 ditii-

270 4942 374 4996 cile
401 4951 523 5007 est,
553 4942 642 5012 qui
669 4943 714 4998 si
744 4945 914 5013 potuit
942 4943 1120 4999 facere
1163 4943 1304 5014 quod
1348 4959 1458 4999 non
1497 4953 1612 5000 erat
1635 4985 1650 5009 ,
1689 4943 1858 4998 multo

273 5036 445 5106 magis
473 5044 652 5106 potest
680 5051 928 5107 reparare
952 5036 1094 5107 quod
1119 5046 1268 5103 erat;
1307 5046 1363 5092 et
1389 5035 1457 5092 de
1487 5035 1604 5106 ipso
1631 5035 1859 5092 Domino

271 5136 324 5182 et
343 5126 628 5182 Salvatore
644 5125 773 5183 Jesu
794 5125 1029 5195 Christo,
1056 5141 1214 5197 quem
1243 5135 1453 5182 constat
1476 5125 1855 5194 resurrexiSse,

272 5231 452 5286 neque
476 5216 597 5287 ejus
622 5217 1071 5273 resurrectionem
1097 5216 1287 5274 factam
1328 5218 1429 5273 nisi
1464 5217 1518 5272 in
1546 5217 1715 5273 forma
1741 5232 1858 5272 ser-

272 5306 321 5358 vi
341 5347 357 5372 ,
385 5306 512 5376 quia
545 5321 722 5377 neque
748 5321 897 5363 mors
926 5306 1040 5362 ﬁeri
1067 5306 1255 5377 potuit,
1283 5306 1423 5362 unde
1451 5315 1585 5378 optts
1609 5315 1752 5382 esset
1777 5320 1862 5362 re-

273 5411 519 5467 surgere,
545 5396 648 5453 nisi
672 5412 769 5467 per
794 5397 1020 5453 formam
1048 5398 1208 5474 servi.
1245 5397 1393 5454 Unde
1421 5399 1672 5468 quoniam
1715 5398 1861 5454 servi

274 5500 482 5551 sumus,
513 5485 570 5542 id
608 5487 662 5542 in
690 5486 863 5543 forma
893 5495 1076 5544 nostra
1124 5501 1341 5557 sperare
1380 5488 1639 5544 debemus
1663 5529 1678 5554 ,
1718 5488 1862 5559 quod

271 5580 360 5636 ille
388 5583 447 5636 in
478 5579 653 5638 forma
679 5582 819 5637 servi
861 5591 1271 5651 praemonstrare
1311 5582 1558 5652 dignatus
1604 5591 1704 5637 est.
1753 5582 1867 5637 Οὺι

273 5673 536 5727 ticcseant
589 5687 718 5743 ergo
765 5673 959 5743 lingua:
1024 5672 1313 5729 dicentium
1337 5715 1353 5740 ,
1401 5673 1768 5729 Manducemus
1813 5682 1861 5728 et

273 5764 538 5832 bibamus;
581 5780 694 5818 cras
750 5765 882 5819 enim
935 5765 1195 5818 morimur.
1245 5765 1472 5822 Prorsus
1524 5775 1578 5822 ct.
1634 5781 1730 5823 vos
1772 5783 1864 5824 re-

555 5875 782 5942 Smcr.
827 5876 1103 5940 Auousr.
1149 5864 1226 5941 ν.

1609 333 1838 403 SERMO
1873 322 2134 400 c’chi‘it.

3375 344 3397 396 i
3409 340 3513 408 I310

1947 466 2226 536 spondete,
2258 476 2310 522 et
2336 449 2523 522 dicite:
2556 449 2861 536 Jejuuenius
2890 473 2940 519 et
2962 455 3200 530 oremus;
3229 461 3348 520 cras
3379 466 3522 522 cnint

1946 557 2256 609 moriemur.

2016 645 2238 701 CAPUT
2279 645 2397 700 XX.
2435 677 2503 684 —
2542 646 2625 701 i9.
2663 645 2912 700 Ultimum
2945 646 3198 716 judicium
3237 650 3528 716 exspectare

1946 733 2176 807 exemplo
2224 735 2338 791 Noe
2379 737 2725 792 admonemur.
2760 738 2943 792 ltestat
2982 749 3039 793 ut
3073 738 3316 794 dicamus
3357 740 3530 810 qualis

1946 828 2051 882 erit
2078 829 2130 882 in
2158 823 2551 884 t'hSurrectione
2576 829 2680 885 vita
2702 828 2985 898 iustorum.
3013 829 3118 886 Sed
3141 831 3262 900 quia
3286 831 3396 902 jam
3425 831 3527 886 lio-

1945 916 2032 972 die
2058 917 2391 973 moderatum
2423 927 2632 990 tempus
2666 918 2857 976 videtis
2884 926 3242 990 assumptum,
3291 922 3341 976 id
3386 923 3527 992 quod

1949 1007 2278 1064 reddidimus
2320 1010 2588 1066 ruminate
2627 1029 2638 1065 :
2691 1010 2794 1066 hoc
2835 1007 3012 1068 autem
3055 1013 3196 1082 quod
3245 1013 3526 1080 debemus,

1945 1109 2095 1154 orate
2143 1111 2200 1155 ut
2243 1102 2528 1172 aliquando
2571 1095 2874 1158 reddamus.
2909 1103 3042 1159 Illud
3089 1105 3317 1161 maxime
3353 1115 3530 1162 tenete

1945 1207 2112 1262 quare
2138 1193 2298 1249 locuti
2336 1209 2518 1250 sumus
2540 1238 2555 1261 ,
2585 1197 2882 1265 praisertim
2936 1191 3152 1266 propter
3199 1196 3334 1278 dies.
3362 1197 3529 1254 l‘cstos

1947 1287 2102 1354 istos,
2147 1289 2336 1344 fratres
2361 1290 2502 1356 mei,
2525 1305 2659 1360 quos
2698 1289 2893 1362 Pagani
2920 1290 3213 1346 celebrant.
3259 1292 3532 1347 Attendile

1947 1379 2136 1434 vobis:
2169 1380 2355 1434 transit
2386 1377 2472 1435 hic
2501 1380 2749 1446 mundus,
2794 1381 3145 1436 recordamini
3185 1382 3531 1452 Evangelium

1945 1468 2036 1524 ubi
2069 1469 2302 1540 prardicit
2332 1471 2586 1524 Dominus
2614 1472 2691 1526 sic
2721 1473 2949 1526 futurum
2979 1473 3326 1527 'noviSsitnum
3351 1473 3493 1528 diem
3514 1516 3529 1537 ,

1945 1560 2215 1631 quomodo
2259 1561 2313 1616 in
2351 1560 2536 1616 diebus
2579 1561 2711 1618 Noe.
2753 1563 3132 1619 Manducabant
3175 1574 3221 1618 et
3269 1566 3526 1630 bibebant,

1947 1641 2174 1708 emebant
2227 1659 2276 1707 et
2321 1655 2596 1708 vendebant
2615 1695 2631 1721 ,
2674 1655 2855 1710 uxores
2893 1655 3176 1724 ducebant,
3235 1656 3486 1712 nubebant
3508 1699 3525 1724 ,

1948 1745 2106 1798 donec
2131 1745 2334 1799 intravit
2361 1743 2416 1798 Ν
2419 1753 2477 1799 οε
2495 1747 2546 1798 in
2572 1748 2925 1810 arcamwetiit
2949 1748 3213 1815 diluvium,
3239 1759 3288 1803 et
3308 1749 3528 1820 perdidit

1947 1850 2118 1889 omnes
2141 1833 2294 1906 (Luc.
2326 1841 2454 1902 Xvn,
2480 1833 2612 1907 2⁸1).
2640 1836 2858 1892 Habetis
2885 1839 3218 1908 apertissime
3249 1839 3530 1896 Dominum

1946 1933 2403 1994 praemonentem,
2450 1935 2505 1982 et
2557 1928 2663 1982 alio
2719 1927 2836 1984 loco
2885 1930 3183 1998 dicentem,
3235 1930 3358 1988 Non
3412 1947 3532 2004 gra-

1947 2025 2127 2072 ventur
2149 2018 2305 2073 corda
2328 2019 2490 2074 uestra
2503 2020 2556 2074 in
2581 2021 2790 2091 crapula
2812 2032 2857 2076 et
2885 2013 3118 2077 ebrietate
3144 2023 3252 2096 (ιδ.
3283 2041 3394 2092 xxt,
3412 2026 3527 2096 54).

1951 2108 2070 2163 Sint
2103 2104 2261 2164 lumbi
2301 2110 2452 2164 uestri
2499 2111 2729 2175 accincti,
2764 2121 2812 2166 et
2866 2113 3084 2168 lucerna:
3130 2115 3361 2171 ardentes
3389 2117 3442 2183 ’;
3483 2121 3532 2172 et

1948 2200 2137 2255 similes
2177 2211 2331 2256 estote
2372 2204 2542 2274 pueris
2599 2206 2998 2273 exspectantibus
3042 2208 3300 2263 dominum
3349 2226 3528 2277 suum,

1954 2293 2156 2362 quando
2185 2294 2349 2348 veniat
2377 2311 2409 2347 a
2434 2295 2621 2366 nuptiis
2665 2295 2777 2367 (Id.
2805 2312 2900 2362 xu,
2929 2297 3020 2363 55,
3052 2297 3120 2354 36
3238 2301 3532 2372 Exspecta-

1952 2396 2072 2441 mus
2111 2401 2234 2441 eum
2279 2397 2561 2443 venturum
2589 2430 2603 2456 ,
2653 2397 2760 2444 non
2810 2404 2908 2446 nos
2962 2391 3234 2459 torpentes
3277 2395 3532 2452 inveniat.

1952 2475 2130 2546 Turpe
2164 2485 2246 2532 est
2284 2479 2490 2534 mulieri
2536 2479 2832 2549 conjugatie
2872 2483 2976 2536 non
3013 2481 3319 2539 desiderare
3359 2485 3532 2543 virum

1951 2580 2105 2622 suum
2133 2583 2146 2622 ε
2174 2576 2371 2637 quanto
2408 2568 2614 2638 turpius
2639 2569 2894 2625 Ecclesia:
2917 2568 3022 2626 lion
3049 2568 3356 2630 desiderare
3380 2574 3538 2630 (Ζιιτίδ

1952 2651 2130 2711 stum?
2158 2657 2314 2713 Venit
2337 2658 2420 2712 vir
2443 2658 2510 2714 ad
2535 2660 2779 2715 earnales
2803 2655 3097 2732 amplexus,
3126 2672 3179 2718 et
3209 2664 3413 2735 magnis
3440 2680 3537 2722 vo-

1955 2751 2023 2805 tis
2047 2760 2208 2806 casta:
2235 2749 2415 2806 uxoris
2442 2751 2700 2822 accipitur
2728 2770 2745 2805 :
2775 2763 3028 2809 venturus
3057 2759 3138 2809 εει
3164 2770 3394 2825 Sponsus
3425 2756 3536 2814 Ec‘

1952 2841 2130 2896 clesia:
2158 2840 2225 2895 ad
2253 2840 2538 2897 tradendos
2563 2846 2794 2897 aeternos
2820 2845 3096 2913 amplexus
3114 2887 3127 2910 ,
3169 2845 3235 2900 ad
3267 2846 3537 2904 faciendo!

1953 2945 2056 2987 nos
2085 2930 2185 2986 sibi
2217 2932 2574 3002 sempiternos
2598 2932 2925 3002 cohieredes,
2965 2943 3020 2989 et
3053 2949 3151 2988 nos
3185 2935 3255 2989 ita
3281 2936 3530 3004 vivimus,

1953 3032 2013 3078 ut
2041 3022 2158 3094 ejus
2185 3022 2471 3078 adventum
2509 3035 2617 3078 non
2645 3023 2819 3078 solum
2850 3025 2955 3079 non
2997 3023 3394 3092 desideremus,
3440 3019 3537 3084 sed

1953 3115 2114 3169 etiam
2146 3114 2455 3170 timeamus!
2483 3111 2654 3182 Quam
2686 3117 2870 3171 verum
2900 3113 3144 3186 estquod
3172 3117 3250 3172 sic
3280 3127 3538 3175 venturus

1953 3214 2038 3260 est
2061 3205 2176 3261 dies
2201 3207 2311 3272 ille,
2340 3207 2608 3278 quomodo
2637 3208 2691 3262 in
2731 3207 2920 3264 diebus
2943 3207 3092 3264 N'oe?
3131 3209 3298 3278 Quam
3341 3211 3538 3266 multos

1953 3297 2033 3353 sic
2059 3298 2370 3354 inventurus
2394 3308 2498 3365 est,
2525 3307 2578 3354 et
2601 3313 2695 3354 eos
2731 3299 2820 3368 qut
2861 3296 3136 3354 christiani
3165 3296 3538 3370 appellantur?

1956 3388 2082 3446 ideo
2113 3406 2207 3461 per
2243 3399 2320 3446 tot
2349 3405 2518 3446 annos
2546 3391 2835 3445 :editicatnr
2861 3388 3004 3456 arca,
3051 3402 3110 3446 ut
3153 3392 3402 3463 evigilent
3445 3386 3538 3464 qui

1955 3494 2064 3538 non
2093 3482 2320 3538 credunt
2345 3480 2512 3554 (Gen.
2538 3497 2589 3537 vi
2611 3484 2647 3552 ).
2681 3481 2784 3537 Per
2807 3487 3022 3537 centum
3062 3494 3232 3539 annos
3260 3484 3346 3538 illa
3373 3482 3540 3540 indili-

1955 3580 2074 3628 cata
2101 3581 2204 3637 est,
2230 3581 2286 3628 et
2312 3580 2416 3627 nun
2443 3572 2824 3642 evigilavei-‘uut
2863 3577 2922 3627 ut
2958 3573 3213 3640 dicerent,
3261 3574 3379 3630 Non
3423 3577 3540 3632 sine

1957 3676 2117 3718 causa
2148 3662 2306 3719 homo
2349 3663 2442 3718 Dei
2496 3677 2675 3717 arcam
2721 3660 2970 3727 aidilicat,
2998 3663 3100 3717 nisi
3143 3664 3264 3733 quia
3295 3665 3539 3722 imminet

1957 3754 2176 3809 exitium
2206 3753 2390 3824 generi
2417 3751 2684 3819 humano;
2714 3759 2769 3808 et
2798 3754 3067 3824 placarent
3092 3754 3224 3809 iram
3265 3754 3381 3822 Dei,
3410 3769 3535 3810 eone

1956 3843 2099 3904 versi
2130 3847 2198 3903 ad
2222 3857 2400 3904 mures
2426 3846 2518 3919 qui
2540 3847 2752 3918 placent
2791 3847 2903 3905 Deo
2929 3888 2944 3917 ,
2989 3849 3258 3920 quomodo
3300 3849 3543 3906 fecerunt

1956 3936 2224 3993 Ninivitas.

2029 4028 2254 4086 CAPUT
2296 4027 2439 4085 XXI.
2464 4054 2539 4071 --—
2562 4028 2825 4086 Fecerunt
2851 4031 2992 4086 enim
3020 4029 3248 4087 fructum
3280 4033 3542 4102 paeniteat-

1959 4119 2067 4185 tite,
2095 4129 2149 4175 et
2174 4119 2590 4190 propitiaverunt
2619 4117 2750 4175 iram
2785 4121 2897 4176 Dei.

2031 4209 2122 4264 20.
2165 4209 2354 4264 Ninive
2375 4209 2529 4280 juxta
2558 4210 2874 4280 prophetiam
2903 4226 3091 4276 eversa,
3123 4211 3212 4266 sed
3252 4227 3340 4282 per
3377 4213 3541 4282 paeni-

1961 4303 2186 4356 tentiam.
2217 4300 2564 4356 Annuntiavit
2585 4302 2769 4368 Jonas,
2799 4319 2904 4358 non
2941 4303 3360 4380 misericordiam
3387 4345 3401 4368 ,
3445 4305 3542 4360 sed

1960 4391 2094 4448 iram
2137 4392 2406 4448 futuram:
2446 4408 2551 4448 non
2593 4395 2736 4449 enim
2767 4394 2934 4460 dixit,
2979 4395 3179 4450 Triduo
3203 4437 3218 4461 ,
3259 4401 3316 4451 et
3354 4395 3544 4453 Ninive

1959 4486 2260 4552 evertetur;
2289 4485 2332 4541 si
2359 4491 2537 4541 autem
2567 4477 2930 4556 pmiiitentiam
2959 4487 3008 4541 in
3037 4469 3138 4541 isto
3166 4488 3340 4542 triduo
3366 4488 3542 4557 egeri-

1961 4579 2060 4646 tis,
2107 4572 2292 4650 par’cet
2331 4573 2482 4634 vobis
2508 4567 2685 4634 Deus:
2718 4594 2826 4634 non
2854 4574 2986 4633 dixit
3029 4564 3148 4632 hoc.
3197 4579 3542 4635 Eversionem

1961 4671 2128 4725 solam
2160 4668 2390 4724 minatus
2419 4671 2520 4736 est,
2547 4662 2600 4725 et
2627 4669 2999 4739 prienuntia'vit
3025 4686 3039 4723 :
3071 4678 3126 4724 et
3154 4678 3326 4724 tamen
3363 4669 3440 4724 illi
3475 4668 3547 4724 de

1961 4760 2055 4816 Dei
2087 4759 2450 4817 misericordia
2474 4777 2579 4816 non
2600 4745 2967 4831 desperantes,
2990 4769 3369 4816 converterunt
3396 4776 3454 4817 se
3474 4754 3548 4816 ad

1963 4845 2358 4924 paenitendum;
2388 4861 2441 4906 et
2466 4851 2702 4922 pepercit
2729 4851 2880 4930 Deus~
2904 4850 2925 4922 (
2942 4850 3093 4906 lente
3119 4867 3175 4907 tu
3199 4851 3240 4924 ).
3280 4851 3387 4908 Sed
3415 4852 3544 4923 quid

1961 4946 2233 5002 dicemus?
2261 4940 2383 5016 quia
2420 4944 2685 5014 Proiihcta
2717 4940 2970 4999 mentitus
2999 4943 3115 5000 est?
3159 4945 3216 5001 Si
3257 4946 3546 5003 carnaliter

1962 5038 2248 5109 intelligas,
2274 5037 2466 5092 falsum
2495 5033 2701 5088 videtur
2737 5035 2976 5092 dixisset
3017 5036 3062 5091 si
3092 5037 3439 5106 spiritualitcr
3464 5038 3547 5092 in.

1964 5129 2190 5199 telligas,
2217 5125 2414 5182 factum
2440 5135 2523 5180 est
2560 5123 2700 5196 (ιυοά
2731 5109 2864 5181 dixit
2898 5125 3179 5195 Propheta.
3225 5119 3424 5182 Eversa
3463 5137 3550 5184 est

1963 5222 2103 5274 enim
2130 5214 2338 5275 Ninive.
2367 5209 2601 5272 Attende
2629 5207 2756 5287 quid
2790 5223 2906 5272 erat
2928 5216 3136 5284 Ninive,
3173 5216 3229 5272 ei.
3265 5207 3384 5274 vide
3421 5219 3546 5288 quia

1964 5313 2149 5368 eversa
2174 5318 2274 5365 est.
2300 5306 2436 5376 Quid
2466 5317 2580 5364 erat
2607 5298 2827 5363 Ninive?
2869 5297 3256 5364 Manducabaut
3291 5318 3348 5365 et
3392 5309 3546 5365 bibe-

1966 5407 2121 5473 bant,
2154 5402 2426 5469 emebant,
2453 5391 2771 5467 vendebant,
2816 5401 3156 5471 plantabant,
3189 5399 3557 5472 aediﬁcabant,

2035 5605 2186 5657 'Editi
2211 5607 2408 5667 addunt,
2431 5605 2481 5659 in
2501 5603 2720 5656 manibus
2743 5605 2940 5665 vestris;
2965 5605 3091 5668 quod
3113 5606 3253 5657 abest
3271 5617 3298 5654 a
3316 5612 3427 5668 uss.
3451 5621 3548 5657 non

1968 5672 2046 5720 hic
2069 5678 2270 5727 tantum,
2297 5669 2385 5718 sed
2407 5669 2590 5730 ubique
2613 5669 2720 5716 fere
2742 5667 2866 5728 apud
2885 5666 3216 5730 Augustinum.
3240 5666 3410 5730 Iisdem
3437 5676 3555 5730 vero.

1970 5736 2044 5781 his
2066 5739 2235 5782 carent
2267 5738 2375 5779 Mss.
2401 5727 2565 5793 grméi,
2607 5727 2792 5793 necica
2835 5727 3038 5780 exhibet
3065 5735 3224 5778 nostra
3275 5727 3480 5791 Vulgata
3499 5732 3549 5779 in

1971 5797 2181 5857 antiquis
2199 5791 2570 5843 corbeiensibus
2590 5791 2766 5840 bibliis.

2654 5877 3236 5960 ((Tinquante-htme.)
