4080 6360
525 365 650 421 1611

519 478 766 550 perjuriis
791 473 1068 536 vacabant,
1097 467 1406 532 mendaciis,
1436 463 1810 540 ebrietatibus,
1845 459 2094 514 facinori-

521 549 636 634 hus,
669 563 1098 636 eorruptionibus
1123 578 1135 613 :
1165 559 1281 614 hare
1306 565 1420 613 erat
1445 556 1651 611 Ninive.
1685 553 1914 608 Attende
1941 549 2099 606 modo

519 661 706 715 Ninive
739 676 750 710 :
780 658 1056 728 plangunt,
1087 651 1292 716 dolent,
1319 647 1719 710 contristantur,
1763 645 1816 698 in
1845 644 2018 698 cilicio
2047 651 2102 695 et

517 754 698 808 cinere
721 789 734 810 ,
787 748 838 801 in
882 743 1100 814 jejuniis
1136 751 1193 798 et
1228 738 1576 796 orationibus.
1628 735 1726 792 Ubi
1762 742 1844 792 est
1881 733 1968 788 illa
2011 731 2123 787 Ni-'

521 839 680 896 nive?
710 837 911 906 Nempe
941 848 1129 890 eversa
1157 839 1258 898 est,
1289 831 1410 901 quia
1449 843 1557 884 non
1585 827 1636 882 in
1677 826 1780 881 illis
1809 824 2100 896 superiori-

517 933 616 990 bus
647 929 853 984 actibus
882 927 1166 982 constituta
1195 933 1298 980 est.

589 1019 814 1078 CAPUT
853 1018 1020 1074 XXII.
1051 1047 1122 1057 —
1145 1016 1236 1071 ει.
1283 1013 1687 1088 Reprehensione
1727 1011 1981 1083 digniores
2017 1008 2102 1079 qui

519 1135 652 1174 nunc
700 1117 898 1174 Christo
938 1117 1220 1186 a'di/icante
1265 1112 1545 1168 Ecclesium
1582 1127 1682 1166 non
1723 1117 2099 1171 convertuntur,

521 1227 672 1282 quam
697 1211 782 1280 qui
813 1210 934 1264 aliut
962 1206 1076 1262 Noe
1101 1206 1384 1274 wdiﬁcante
1405 1219 1598 1260 arcam.
1625 1203 1785 1272 Ergo,
1813 1199 2024 1263 fratres,
2053 1206 2106 1252 et

523 1302 686 1358 modo
713 1301 1005 1357 aediﬁcatur
1027 1313 1168 1364 arca,
1193 1305 1246 1352 et
1269 1297 1344 1352 illi
1369 1305 1581 1352 centum
1593 1294 1720 1350 anni
1741 1301 1980 1362 tempora
2005 1291 2103 1344 ista

523 1403 646 1450 sunt
674 1402 865 1448 :‘tntus
895 1391 996 1446 iste
1037 1399 1238 1446 tractus
1273 1388 1528 1458 temporis
1572 1387 1662 1442 illo
1703 1399 1962 1440 annorum
2009 1399 2105 1438 nu-

527 1499 677 1540 mero
703 1483 1030 1554 significatus
1059 1490 1157 1536 est.
1203 1479 1261 1536 Si
1297 1493 1424 1549 ergo
1459 1477 1616 1548 digne
1659 1475 1970 1547 perierunt,
2015 1475 2106 1544 qui

525 1574 640 1632 Noe
679 1574 977 1630 aediﬁcante
1015 1587 1198 1626 arcam
1246 1568 1744 1634 dissimulaverunt;
1794 1565 1920 1636 quid
1963 1563 2106 1635 digni

523 1675 670 1731 sunt,
699 1665 787 1736 qui
814 1664 1026 1719 Christo
1055 1661 1348 1718 :cdiﬁcaute
1377 1659 1674 1715 Ecclesium
1701 1673 1729 1712 a
1757 1658 1926 1712 salute
1948 1655 2105 1710 dissi-

527 1756 765 1812 mulant?
805 1755 1036 1810 Tantum
1091 1755 1314 1808 interest
1361 1753 1498 1806 inter
1539 1750 1651 1806 Noe
1697 1757 1752 1804 et
1795 1748 2104 1813 Christum,

523 1858 786 1920 quantum
817 1850 954 1904 inter
975 1863 1187 1904 servum
1213 1855 1269 1902 et
1297 1846 1607 1907 Dominum;
1640 1843 1747 1898 imo
1772 1856 1920 1912 vero,
1943 1855 2110 1910 quan-

517 1949 636 1996 tum
681 1942 818 1996 inter
861 1941 1024 1996 Deum
1065 1948 1120 1996 et
1157 1938 1449 1993 hominem.
1493 1935 1624 1990 Nam
1687 1948 1874 1990 servus
1915 1941 1970 1988 et
2007 1932 2108 1987 do-

527 2032 702 2088 min'us
733 2037 953 2099 possunt
989 2039 1046 2085 et
1082 2029 1188 2086 duo
1229 2030 1472 2084 homines
1496 2027 1620 2084 dici.
1657 2027 1724 2082 Et
1765 2035 1944 2081 tamen
1985 2024 2108 2096 quia

525 2123 744 2178 homine
794 2121 1090 2177 aediﬁcante
1143 2135 1320 2176 arcam
1371 2135 1479 2176 non
1535 2119 1874 2176 crediderunt
1937 2117 2108 2172 homi-

527 2230 644 2282 nes,
673 2213 852 2268 datum
894 2213 1074 2268 estde
1107 2213 1212 2268 illis
1255 2211 1552 2267 cavendum
1591 2209 1891 2279 exemplum
1935 2218 2111 2278 [msic-

525 2306 620 2362 ris.
655 2303 900 2360 Christus
935 2305 1073 2360 Deus
1103 2311 1320 2374 prepter
1347 2318 1444 2359 nos
1475 2303 1634 2358 homo
1659 2301 1891 2357 aediﬁcat
1931 2300 2114 2356 Eccle-

527 2396 694 2463 siam;
729 2397 802 2450 illi
833 2410 971 2451 arere
997 2395 1400 2451 fundamentum
1425 2409 1486 2449 se
1529 2395 1700 2464 ipsum
1727 2393 1906 2463 posuit
1934 2411 1948 2446 :
1983 2406 2114 2462 quo-

531 2487 659 2542 tidie
694 2487 834 2557 ligna
863 2486 1226 2557 imputribilia,
1259 2485 1442 2540 ﬁdeles
1473 2485 1718 2540 homines
1748 2483 2114 2538 renuntiantes

529 2576 652 2631 huic
689 2576 920 2642 sacculo,
975 2577 1178 2630 intrant
1211 2576 1262 2630 in
1299 2591 1437 2630 arcte
1475 2575 1872 2644 compaginem;
1921 2581 1976 2629 et
2020 2571 2116 2628 ad-

531 2664 634 2722 huc
692 2665 919 2732 dicitur,
987 2664 1356 2720 Manducemus
1408 2675 1454 2718 et
1504 2665 1938 2729 bibamus;-cras
1983 2664 2116 2718 enim

529 2756 822 2810 morimur?
864 2755 973 2812 Vos
1011 2771 1160 2828 ergo,
1203 2766 1261 2812 ut
1307 2757 1456 2830 dixi,
1503 2756 1716 2822 fratres,
1767 2765 1950 2812 contra
1993 2747 2116 2812 illos

521 2845 726 2912 dicite,
766 2846 1077 2918 Jejunemus
1115 2857 1170 2902 et
1209 2861 1462 2912 oremus;
1503 2861 1622 2902 cras
1650 2847 1794 2902 enim
1829 2849 2113 2902 morimur.

533 2937 614 2992 llli
642 2937 784 2992 enim
809 2937 1026 3006 dicunt,
1059 2936 1428 2992 Manducemus
1467 2947 1512 2991 et
1551 2937 1812 3004 bibamus;
1839 2953 1955 2992 cras
1985 2938 2116 2992 enim

523 3029 796 3094 morimur,
821 3028 914 3098 qui
936 3027 1380 3084 resurrectionem
1409 3043 1513 3084 non
1535 3039 1752 3098 sperant
1779 3047 1794 3084 :
1819 3044 1918 3086 nos
1939 3037 2116 3085 autem

531 3119 622 3190 qui
652 3118 764 3188 jam
791 3117 1240 3174 resurrectionem
1265 3125 1323 3174 et
1345 3118 1684 3189 loquentibus
1716 3119 1998 3190 Propltetis
2018 3161 2033 3187 ,
2066 3130 2121 3176 et

533 3209 857 3280 praedicante
889 3209 1104 3265 Christo
1143 3221 1197 3266 et
1236 3211 1505 3280 Apostolis
1533 3212 1804 3270 credimus
1829 3222 1882 3270 et
1907 3229 2120 3268 annun-

531 3302 746 3367 tiamus,
765 3303 852 3372 qui
875 3318 1154 3372 speramus
1172 3317 1270 3358 nos
1289 3313 1410 3373 post
1431 3303 1588 3358 istam
1609 3314 1837 3362 mortem
1859 3306 2116 3372 victuros,

537 3409 643 3448 non
679 3393 1020 3460 deﬁciamus.
1051 3409 1150 3449 nec
1175 3393 1338 3450 corda
1369 3403 1552 3450 nostra
1589 3411 1878 3453 oneremus
1905 3399 2120 3468 crapula

535 3493 592 3538 et
628 3484 1006 3551 ebrietatibus;
1055 3484 1150 3540 sed
1195 3485 1406 3540 solliciti
1450 3495 1854 3556 exspectantes.
1898 3489 2122 3546 accincti

531 3577 736 3632 lumbis
765 3586 818 3632 et
843 3577 1078 3632 lucernis
1105 3577 1434 3646 ardentibus,
1471 3577 1758 3634 adventum
1789 3579 1992 3634 Domini
2021 3595 2119 3635 no-

539 3669 658 3736 stri,
683 3667 984 3738 jejunemus
1003 3677 1058 3724 et
1083 3682 1298 3724 oremus
1318 3709 1334 3734 ,
1359 3683 1466 3724 non
1493 3667 1613 3724 ideo
1637 3670 1760 3740 quia
1781 3684 1900 3726 cras
1925 3671 2122 3728 morie-

539 3775 682 3828 mur,
714 3759 808 3816 sed
834 3769 890 3814 ut
914 3749 1090 3815 securi
1125 3758 1440 3816 moriamur.
1461 3759 1613 3827 Quod
1639 3770 1807 3817 restat
1830 3777 1958 3833 ergo
1976 3805 1991 3830 ,
2019 3762 2124 3818 fra-

539 3859 672 3918 tres,
698 3847 752 3905 in
781 3851 996 3906 nomine
1025 3850 1236 3906 Domini
1259 3851 1364 3906 alio
1391 3859 1634 3922 tempore
1659 3867 1690 3908 a
1719 3851 1876 3910 nobis
1903 3853 2121 3926 exigite.

531 3939 796 3997 Conversi
827 3940 894 3996 ad
916 3941 1201 3996 Dominum
1222 3981 1237 4008 ,
1269 3949 1375 3997 etc.

963 4095 1192 4153 SERMO
1231 4095 1498 4152 CCCLXII
1537 4100 1557 4122 α
1598 4097 1696 4171 (α).

847 4233 920 4288 De
947 4229 1336 4288 Resurrectione
1365 4243 1680 4288 mortuorum
1699 4275 1713 4302 ,
1753 4249 1810 4289 ιι.

603 4364 835 4422 CAPUT
862 4363 1146 4421 PRIMUM.
1171 4394 1241 4406 —
1265 4365 1317 4420 1.
1349 4363 1637 4419 Dicendum
1665 4365 1831 4438 qualis
1857 4367 2031 4438 futura
2057 4373 2124 4424 sit

437 4521 440 4524 _
537 4461 788 4526 iustorum
805 4457 1121 4513 resurrectio.
1151 4456 1206 4512 In
1234 4458 1492 4514 memoria
1537 4457 1830 4514 retinentes
1857 4460 2122 4530 pollicita-

539 4552 740 4607 tionem
790 4556 1059 4616 nostram,
1103 4561 1369 4617 congruas
1410 4547 1570 4603 etiam
1615 4563 1683 4603 ex
1735 4549 2023 4620 Evangelio
2072 4561 2126 4607 et

538 4639 796 4712 Apostolo
819 4638 1043 4694 fecimus
1078 4638 1290 4694 recitari
1317 4637 1594 4694 lectiones.
1619 4638 1954 4713 Quicumque
1981 4643 2122 4698 enim

537 4739 776 4788 vestrum
815 4729 1085 4802 prmterito
1127 4729 1363 4784 sermoni
1407 4729 1732 4800 adfuerunt,
1775 4734 2127 4792 recordentur

539 4825 816 4882 nobiscum
839 4823 1164 4895 propositam
1189 4821 1257 4878 de
1281 4823 1672 4880 resurrectione
1699 4826 2046 4896 quaestionem
2072 4829 2126 4884 in

537 4917 806 4988 geminam
831 4915 1242 4986 disputationem
1269 4929 1298 4969 a
1329 4915 1483 4972 nobis
1512 4899 1846 4973 distributum
1872 4935 1887 4975 :
1919 4928 1977 4973 ut
2013 4922 2125 4990 pri-

539 5021 630 5063 mo
658 5006 1066 5071 dissereremus,
1090 5013 1310 5076 propter
1336 5020 1430 5063 eos
1449 5006 1539 5078 qui
1569 5007 1830 5080 dubitant,
1853 5011 1939 5066 vel
1963 5012 2124 5066 etiam

538 5097 630 5169 qui
657 5105 874 5169 negant,
907 5105 1083 5153 utrum
1111 5097 1288 5152 futura
1315 5097 1384 5152 sit
1411 5099 1735 5155 resurrectio
1763 5111 2121 5168 mortuorum;

539 5200 726 5262 postea
749 5203 897 5255 vero,
917 5197 1172 5260 quantum
1199 5202 1500 5260 possumus,
1519 5190 1810 5247 secundum
1826 5193 2127 5264 Scripturas

539 5295 940 5352 quaereremus,
969 5280 1144 5351 qualis
1171 5280 1224 5336 in
1265 5281 1656 5338 resurrectione
1699 5284 1874 5340 futura
1913 5287 1983 5342 sit
2020 5287 2126 5344 vita

537 5375 825 5444 justorum.
857 5372 913 5427 ln
944 5373 1112 5442 prima
1146 5387 1276 5444 ergo
1300 5381 1454 5444 parte
1489 5373 1579 5430 ubi
1617 5377 1957 5434 tractavimus
1984 5379 2128 5450 quod

541 5473 821 5534 resurgant
841 5464 1054 5530 mortui,
1085 5471 1194 5519 tam
1222 5463 1314 5519 diu
1339 5479 1523 5521 sumus
1551 5465 1838 5537 immorati,
1869 5470 2004 5526 sicut
2023 5487 2129 5528 meo

543 5556 762 5610 minisse
803 5543 1096 5626 dignamini
1117 5596 1132 5620 ,
1151 5563 1214 5610 ut
1239 5555 1488 5612 secunda:
1528 5557 1809 5628 quaestioni
1837 5563 2128 5620 tractandae

603 5713 620 5730 ‘
657 5711 944 5760 Emendatus
964 5710 1023 5760 ad
1045 5711 1094 5760 d.
1113 5723 1159 5759 r.
1183 5717 1219 5761 t.
1239 5725 1286 5761 v.
1311 5719 1360 5764 et
1377 5713 1436 5764 ad
1457 5719 1566 5764 Lov.

603 5773 678 5836 (tt)
717 5773 833 5822 Alias
873 5773 936 5822 de
955 5774 1162 5825 Diversis
1181 5772 1285 5824 121.

1687 415 1689 418 ⁴
1737 347 1792 401 s.
1836 337 2198 399 AUGUSTINI
2241 338 2546 394 EPISCUPI

3663 337 3800 392 llilz’.

2211 465 2420 524 tempus
2447 453 2720 520 deﬁceret,
2739 461 2898 522 atque
2930 452 3000 508 ita
3022 465 3136 506 eam
3163 453 3218 506 in
3245 451 3386 507 hunc
3414 449 3556 508 diem
3581 449 3799 508 dill'erre

2209 560 2542 615 cogeremur.
2590 544 2702 598 lloc
2725 558 2850 613 ergo
2876 558 2904 596 a
2933 542 3086 597 nobis
3121 541 3360 598 debitum
3405 550 3584 598 vestra
3629 545 3802 614 poscit

2211 635 2454 700 intentio,
2479 643 2535 689 et
2565 649 2661 687 nos
2687 632 2946 688 reddendi
2969 641 3180 703 tempus
3208 633 3566 704 agnoscimus.

2281 726 2509 782 CAPUT
2559 724 2944 780 lL—l‘ariter
2981 739 3109 795 ergo
3153 725 3237 794 pia
3281 724 3460 779 cordis
3503 725 3800 782 intentione

2211 817 2492 872 Dominum
2519 815 2888 885 deprecemur,
2920 825 2978 870 ut
3009 824 3064 870 et
3087 829 3184 870 nos
3208 823 3504 884 opportune
3530 805 3800 871 salvamus

2213 912 2477 976 debitum,
2509 922 2563 967 et
2583 927 2680 966 vos
2706 911 2990 966 salubriter
3013 913 3300 982 recipiatis.
3328 913 3422 968 Est
3463 913 3604 966 enim
3643 911 3760 968 haec
3781 954 3796 978 ,

2212 1005 2353 1077 quod
2379 1003 2647 1060 fatendum
2669 1013 2772 1070 est,
2792 1003 2961 1076 major
2980 1005 3203 1074 quaestio
3228 1022 3240 1058 :
3266 1003 3358 1058 sed
3383 1004 3631 1060 omnibus
3651 1019 3801 1074 (μιξε-

2213 1096 2474 1150 stionibus
2506 1093 2809 1149 difﬁcilibus
2848 1094 3033 1148 fortior
3073 1104 3157 1150 est
3197 1095 3459 1158 Charitas,
3485 1095 3568 1150 cui
3607 1109 3800 1167 omnes

2211 1186 2410 1242 servire
2437 1185 2721 1250 debemus,
2767 1194 2825 1238 ut
2857 1185 2993 1240 Deus
3019 1185 3106 1254 qui
3138 1185 3242 1240 hoc
3286 1186 3542 1257 prmcepit
3564 1228 3578 1251 ,
3607 1201 3800 1241 omnes

2211 1286 2421 1334 nostras
2455 1277 2799 1334 difﬁcultates
2839 1277 2891 1332 in
2935 1275 3238 1334 facilitatem
3275 1278 3632 1352 gaudiumque
3667 1295 3798 1335 con-

2211 1379 2401 1428 vertat.

2281 1463 2337 1518 2.
2371 1461 2516 1518 Idem
2558 1469 2802 1518 tractatur
2844 1472 3208 1534 argumentum.
3257 1463 3567 1519 Meministis
3609 1479 3729 1521 esse
3767 1479 3800 1520 a

2214 1555 2370 1612 nobis
2400 1555 2494 1611 illo
2520 1555 2605 1611 die
2629 1569 2946 1626 restionsum
2977 1555 3290 1625 quibusdam
3312 1556 3629 1623 dicentibus,
3659 1557 3798 1612 sicut

2213 1645 2501 1716 Apostolus
2529 1659 2625 1700 eos
2668 1644 2870 1715 arguit,
2913 1643 3278 1700 Manum-emus
3314 1655 3358 1700 et
3389 1645 3613 1700 bibamus
3631 1663 3652 1713 ;
3683 1663 3799 1701 cras

2213 1741 2346 1795 enim
2380 1739 2659 1794 morimur:
2689 1737 3018 1809 subjungens
3039 1747 3094 1792 et
3121 1737 3325 1805 dicens,
3349 1737 3688 1809 Corrumpunt
3711 1738 3804 1793 bo-

2214 1851 2306 1888 nos
2328 1849 2489 1887 mores
2508 1831 2758 1903 colloquia
2780 1830 2957 1898 mala;
2981 1839 3140 1902 atque
3169 1831 3240 1887 ita
3261 1832 3603 1900 concludens,
3629 1832 3803 1888 Sobrii

2215 1933 2398 1992 estote,
2419 1925 2582 1997 justi,
2631 1933 2674 1978 et
2702 1923 2855 1978 nolite
2883 1938 3128 1993 peccare:
3154 1923 3490 1996 ignorantiae:
3528 1923 3661 1978 enim
3701 1921 3803 1978 Dei

2215 2018 2420 2088 quidam
2440 2018 2620 2072 habent
2635 2033 2655 2082 ;
2683 2019 2750 2071 ad
2775 2017 3102 2072 reverentiam
3127 2018 3264 2072 vobis
3288 2017 3466 2088 loquor
3489 2019 3532 2087 (l
3554 2017 3672 2072 Cor.
3702 2033 3798 2086 xv,

2215 2111 2416 2182 5—2-54).
2451 2111 2573 2166 ll:ec
2604 2111 2764 2166 verba
2805 2093 3095 2182 apostolica
3134 2125 3322 2167 omnes
3359 2109 3718 2178 audierimus,
3749 2118 3807 2166 et

2216 2205 2360 2259 cordi
2403 2205 2868 2259 mandaverimus:
2901 2212 2956 2260 et
2992 2203 3232 2276 quisquis
3270 2203 3530 2271 audierit,
3571 2211 3626 2258 et
3653 2202 3806 2257 cordi

2218 2297 2567 2362 mandaverit,
2597 2311 2760 2368 opera
2785 2295 3040 2351 indicent.
3063 2293 3163 2363 Qui
3189 2293 3517 2360 auditeuim,
3549 2302 3804 2362 tanquam

2216 2405 2344 2460 ager
2367 2399 2449 2444 est
2467 2405 2648 2444 semen
2671 2388 2944 2459 excipiens
2964 2387 3276 2443 seminantis
3299 2405 3311 2443 :
3341 2387 3430 2459 qui
3454 2395 3628 2443 autem
3655 2387 3808 2442 cordi

2219 2479 2472 2544 mandat,
2501 2478 2691 2534 similis
2713 2488 2796 2534 est
2827 2478 3036 2550 glebam
3063 2479 3324 2549 frangenti
3345 2519 3361 2544 ,
3391 2485 3446 2532 et
3473 2477 3612 2548 quod
3640 2477 3808 2532 semi-

2219 2577 2400 2624 natum
2440 2578 2524 2626 est
2564 2571 2865 2640 operienti:
2897 2571 2985 2639 qui
3033 2579 3209 2624 autem
3253 2568 3542 2624 secundum
3583 2568 3636 2623 id
3663 2567 3811 2638 quod

2219 2663 2418 2719 audivit
2444 2671 2498 2719 et
2523 2663 2672 2719 cordi
2698 2663 2968 2718 mandavit
2993 2671 3264 2734 operatur,
3289 2663 3403 2732 ipse
3423 2671 3504 2716 est
3524 2661 3610 2731 qui
3639 2661 3812 2729 surgit

2221 2756 2274 2810 in
2303 2771 2565 2822 messem,
2610 2765 2665 2811 et
2693 2755 2919 2810 fructum
2951 2755 3102 2809 allcrt
3147 2769 3268 2809 cum
3305 2753 3584 2810 tolerantia
3605 2793 3619 2818 ,
3663 2751 3808 2807 aliud

2223 2848 2510 2914 tricenum,
2543 2845 2686 2902 aliud
2725 2861 3045 2916 sexagenum
3065 2888 3078 2910 ,
3107 2845 3250 2901 aliud
3277 2853 3565 2901 centenum
3593 2842 3808 2918 (Matth.

2225 2956 2342 3007 xm,
2367 2939 2458 3006 25,
2488 2947 2534 2994 et
2563 2937 2694 2993 Luc.
2721 2955 2838 3006 vm,
2867 2938 2977 3009 15).
3007 2939 3140 2994 lluic
3165 2954 3270 2994 non
3299 2939 3436 3010 ignis
3455 2938 3598 2994 velut
3617 2939 3809 3008 palea),

2223 3033 2316 3089 sed
2357 3033 2546 3088 horrea
2575 3035 2715 3088 sicut
2741 3031 3008 3088 frumento
3035 3042 3435 3102 praeparantur-

2293 3125 2518 3182 CAPUT
2551 3123 2639 3180 111.
2665 3156 2734 3166 —
2761 3124 2819 3179 ιιι
2847 3125 2977 3194 ipsis
3006 3139 3134 3194 ergo
3159 3124 3351 3179 abditis
3373 3123 3600 3188 horreis,
3636 3123 3688 3178 in
3717 3138 3816 3179 re-

2223 3217 2555 3274 surrectione
2597 3225 2928 3271 mortuorum
2969 3214 3242 3270 beatitudo
3287 3223 3369 3269 est
3412 3215 3498 3268 illa
3547 3225 3815 3284 perpetua

2225 3311 2383 3365 etiam
2434 3309 2548 3380 ipsa
2591 3315 2796 3364 secreta
2839 3309 3141 3378 justorum,
3189 3322 3295 3379 quo
3335 3321 3428 3363 eos
3476 3306 3818 3378 recipiendos

2225 3401 2495 3471 Scriptura
2521 3399 2880 3455 commendat.

2295 3495 2348 3550 '5.
2391 3493 2726 3549 Vasculorum
2755 3493 2956 3547 nomine
2983 3493 3238 3547 beatorum
3265 3499 3468 3546 secreta:
3491 3491 3631 3546 sedes
3654 3491 3821 3562 signi-

2227 3585 2414 3656 ficatio.
2441 3585 2803 3639 Absconditum
2845 3584 3010 3639 ettltus
3053 3581 3169 3637 Dei.
3217 3583 3476 3638 Vesorum
3527 3583 3683 3636 etiam
3715 3597 3820 3636 no-

2227 3679 2372 3734 mine
2413 3677 2518 3732 alio
2561 3678 2680 3732 loco
2731 3673 3195 3740 commemoravit,
3251 3673 3464 3744 quando
3515 3675 3589 3727 ait
3635 3673 3822 3727 Domi-

2227 3784 2328 3825 nus
2370 3769 2526 3824 Jesus
2571 3767 2840 3833 Christus,
2899 3767 3072 3821 simile
3113 3779 3232 3821 esse
3279 3779 3500 3835 regnum
3552 3763 3818 3819 caelorum

2227 3875 2467 3931 Sagente,
2517 3859 2567 3913 id
2615 3865 2729 3923 est,
2779 3855 3014 3920 retibus;
3065 3857 3196 3911 retia
3245 3857 3385 3910 enim
3433 3854 3676 3925 quiedam
3719 3870 3818 3908 sa-

2227 3968 2360 4023 gena
2406 3951 2758 4023 appellantur.
2812 3949 2992 4004 Simile
3025 3963 3152 4019 ergo
3192 3957 3294 4012 est,
3351 3947 3551 4015 inquit,
3601 3963 3822 4016 regnum

2229 4045 2466 4099 caelorum
2522 4057 2724 4112 sugente
2773 4040 2942 4094 missa:
2993 4039 3046 4093 in
3099 4053 3267 4104 mare,
3327 4047 3376 4092 et
3427 4055 3488 4092 ea:
3539 4037 3673 4091 omni
3723 4054 3820 4107 ge-

2229 4151 2346 4190 nere
2370 4131 2696 4203 congreganti
2719 4145 2738 4184 :
2763 4145 2874 4202 qua:
2897 4145 3012 4184 cum
3039 4129 3244 4200 impleta
3268 4137 3414 4194 esset,
3445 4127 3706 4181 educentes
3723 4169 3738 4194 ,
3771 4136 3824 4181 c:

2229 4243 2368 4282 secus
2397 4226 2536 4280 littus
2561 4223 2808 4290 sedentes,
2841 4222 3094 4293 elegerunt
3115 4222 3271 4276 bonos
3297 4223 3350 4275 in
3377 4237 3516 4286 vasa,
3545 4220 3705 4274 malos
3729 4237 3824 4274 au-

2229 4329 2328 4372 tem
2351 4322 2492 4389 foras
2519 4317 2761 4370 miserunt
2789 4311 3014 4384 (Matth.
3042 4329 3132 4368 xm
3152 4353 3168 4380 ,
3197 4313 3264 4368 47
3287 4321 3332 4366 et
3363 4311 3476 4383 48).
3503 4309 3825 4380 Signiﬁeare

2229 4409 2396 4465 voluit
2417 4407 2679 4464 Dominus
2709 4415 2892 4461 noster
2915 4405 3075 4462 modo
3103 4406 3181 4460 sic
3206 4405 3342 4460 mitti
3367 4404 3589 4460 verbum
3611 4403 3707 4459 Dei
3731 4418 3826 4460 su-

2233 4517 2325 4572 per
2355 4499 2578 4571 populos
2599 4507 2652 4552 et
2669 4511 2831 4568 super
2852 4505 3062 4568 gentes,
3085 4496 3352 4566 quomodo
3372 4509 3565 4566 sagena
3593 4495 3644 4548 in
3669 4508 3826 4550 mare

2225 4593 2440 4665 iacitur.
2478 4589 2690 4660 Colligit
2719 4597 2900 4644 autem
2927 4587 3092 4642 modo
3117 4587 3465 4642 sacramentis
3507 4585 3825 4641 christianis

2231 4693 2286 4742 et
2311 4687 2483 4742 bonos
2508 4692 2563 4740 et
2587 4683 2792 4738 malos:
2825 4681 2919 4737 sed
2937 4697 3044 4736 non
3065 4695 3254 4736 omnes
3277 4696 3408 4752 quos
3431 4693 3625 4751 sagena
3654 4679 3820 4746 tollit,

2231 4781 2391 4834 etiam
2433 4777 2664 4834 vasculis
2691 4776 3075 4833 reconduntur.
3103 4773 3331 4830 Vascula
3370 4775 3512 4830 enim
3543 4781 3667 4829 sunt
3693 4787 3828 4828 san-

2229 4879 2438 4925 ctorum
2463 4867 2646 4934 sedes,
2675 4877 2730 4923 et
2753 4867 2924 4922 beatce
2952 4866 3074 4921 vine
3095 4879 3283 4934 magna
3307 4873 3509 4920 secreta
3531 4907 3546 4931 ,
3575 4877 3680 4935 quo
3709 4878 3822 4918 non

2233 4965 2481 5032 poterunt
2509 4973 2699 5014 omnes
2739 4957 3024 5028 pervenire
3051 4956 3371 5026 quicumque
3409 4953 3682 5010 christiani
3724 4968 3826 5023 ap-

2229 5051 2516 5121 pellantur,
2543 5047 2638 5105 sed
2659 5047 2748 5118 qui
2773 5047 2851 5102 sic
2875 5045 3231 5117 appellantur,
3253 5055 3309 5100 ut
3328 5046 3456 5102 sint.
3480 5043 3619 5100 Sane
3638 5054 3824 5099 autem

2232 5142 2356 5198 boni
2381 5151 2436 5198 et
2461 5141 2586 5196 mali
2611 5141 2785 5211 pisces
2805 5140 2944 5194 intra
2984 5151 3236 5209 sagenam
3267 5147 3470 5202 natant,
3501 5147 3558 5194 et
3581 5137 3708 5194 boni
3735 5145 3824 5193 to-

2231 5233 2406 5288 lerant
2442 5231 2646 5296 malos,
2693 5228 2866 5284 donec
2893 5228 2946 5282 in
2987 5227 3094 5283 ﬁne
3119 5235 3453 5298 separentur.
3497 5227 3705 5283 Dictum
3737 5235 3828 5282 est

2233 5323 2392 5378 etiam
2417 5321 2646 5392 quodam
2674 5320 2815 5386 loco,
2841 5317 3128 5374 Abscondes
3155 5335 3238 5373 eos
3258 5317 3310 5373 in
3337 5318 3632 5373 abscondito
3653 5317 3824 5371 cultus

2235 5415 2308 5470 tui
2349 5412 2535 5485 (Psal.
2585 5427 2726 5478 xxx,
2753 5407 2904 5482 21):
2937 5409 3254 5480 loquebatur
3289 5409 3432 5465 enim
3481 5408 3553 5464 de
3597 5408 3820 5463 sanctis.

2234 5503 2524 5561 Abscondes
2549 5519 2654 5566 eos,
2688 5501 2877 5572 inquit,
2905 5502 2960 5556 in
2985 5501 3276 5556 abscondito
3301 5501 3470 5556 uultus
3496 5500 3611 5554 tui:
3639 5499 3690 5554 id
3715 5507 3822 5565 est,

2233 5612 2342 5668 quo
2368 5611 2474 5652 non
2506 5603 2730 5665 possunt
2757 5593 2907 5664 sequi
2929 5594 3068 5650 oculi
3099 5593 3395 5656 hominum,
3424 5605 3598 5662 neque
3621 5591 3826 5658 cogita-

2236 5688 2412 5744 tiones
2447 5685 2778 5751 mortalinm;
2807 5693 3012 5740 secreta
3050 5683 3291 5754 quaedam
3329 5682 3633 5754 signiﬁcans
3661 5679 3824 5736 nimis

2237 5776 2550 5835 abscondita
2615 5775 2772 5832 nimis
2815 5775 3021 5832 occulta
3043 5815 3056 5842 ,
3088 5774 3140 5830 in
3181 5775 3490 5833 abscondito
3519 5775 3692 5831 vultus
3724 5773 3824 5829 Dei
