4080 6360
258 402 393 465 1613

253 521 404 577 dixit.
458 517 728 590 Numquid
779 514 1057 573 carnaliter
1114 514 1454 587 cogitandum
1507 524 1589 569 est
1643 514 1840 570 habere

254 612 423 667 Deum
448 610 737 682 quamdam
761 608 945 663 faciem
966 606 1243 678 grandem,
1274 616 1328 662 et
1352 607 1402 660 in
1428 604 1557 660 facie
1584 605 1699 675 ejus
1724 620 1844 660 esse

253 703 469 774 aliquod
511 702 908 772 receptaculum
946 700 1255 770 corporale,
1285 698 1375 754 ubi
1415 697 1585 752 sancti
1614 697 1841 752 abscon-

252 795 414 851 dendi
437 795 597 851 sunt?
626 794 753 849 Ilaec
783 794 994 857 videtis,
1020 792 1225 857 fratres,
1255 789 1700 861 quemadmodum
1726 803 1841 843 car-

251 887 393 941 nalia
423 887 552 952 sint,
585 885 729 941 etab
768 885 1003 939 omnium
1037 882 1272 938 ﬁdelium
1316 882 1477 937 corde
1516 879 1837 950 respuenda.

250 980 639 1036 Absconditum
670 995 799 1049 ergo
840 977 1016 1032 vultus
1059 976 1152 1031 Dei
1179 975 1303 1045 quid
1334 982 1545 1045 oportet
1584 973 1836 1043 intelligi,

250 1076 353 1131 nisi
385 1073 529 1144 quod
556 1071 923 1129 tantummodo
950 1070 1114 1124 vultui
1143 1069 1238 1125 Dei
1266 1068 1536 1139 cognitum
1557 1067 1679 1123 est?
1704 1065 1839 1122 Cum

250 1182 378 1237 ergo
409 1166 661 1221 dicuntur
684 1166 873 1219 horrea
894 1204 909 1229 ,
936 1171 994 1217 ut
1017 1161 1380 1233 signiﬁcentur
1399 1168 1624 1227 secreta,
1653 1167 1707 1215 et
1734 1160 1839 1213 alio

250 1257 370 1312 loco
400 1255 651 1311 dicuntur
676 1254 919 1319 vascula;
950 1269 1124 1324 neque
1161 1252 1352 1307 horrea
1391 1259 1515 1305 sunt
1540 1266 1657 1321 quae
1686 1250 1838 1304 navi-

251 1364 396 1413 mus,
430 1363 604 1417 neque
632 1347 869 1401 vaseula.
896 1344 1029 1400 Nam
1054 1345 1097 1400 si
1129 1343 1326 1415 aliquid
1352 1358 1513 1397 unum
1544 1342 1646 1397 tale
1674 1351 1832 1408 esset,

251 1440 483 1494 alterum
514 1438 713 1508 aliquid
744 1454 851 1493 non
876 1436 1161 1492 diceretur.
1194 1434 1299 1490 Sed
1327 1434 1446 1505 quia
1468 1448 1562 1503 per
1588 1432 1836 1487 similitu-

250 1531 408 1587 dines
436 1532 738 1587 hominibus
766 1540 917 1585 notas
935 1572 951 1599 ,
986 1537 1042 1585 ut
1064 1536 1306 1598 possunt,
1334 1526 1668 1582 insinuantur
1692 1526 1839 1581 inco-

250 1626 399 1695 gnita
418 1668 433 1690 ,
474 1626 542 1679 ad
581 1624 683 1681 hoc
713 1634 994 1694 utrumque
1022 1622 1351 1677 nominatum
1382 1619 1637 1691 accipite,
1668 1628 1727 1674 ut
1752 1634 1838 1674 se-

249 1728 463 1773 cretum
490 1718 800 1789 intelligatis
821 1758 835 1781 ,
864 1726 916 1772 et
942 1715 1121 1771 horrei
1149 1714 1365 1770 nomine
1389 1724 1445 1769 et
1476 1713 1833 1768 vasculorum.

250 1807 356 1863 Sed
414 1808 460 1861 si
512 1808 751 1878 quarritis
797 1807 953 1878 quale
1010 1813 1307 1871 secretum,
1360 1802 1542 1859 audite
1595 1803 1837 1873 Pr0phe-

253 1909 362 1953 tam
417 1900 722 1967 dicentem,
790 1898 1078 1955 Abscondes
1128 1913 1212 1953 eos
1264 1897 1320 1952 in
1376 1894 1667 1951 abscondito
1720 1895 1836 1949 vul-

248 2002 326 2044 tus
355 1991 452 2045 tui.

316 2082 551 2141 CAPUT
590 2084 678 2140 IV.
702 2085 846 2140 -4.
878 2083 958 2138 Ad
986 2083 1204 2155 patriam
1224 2082 1327 2153 ﬁde
1344 2081 1676 2152 suspiramus.
1708 2077 1839 2148 Quae

245 2191 370 2232 cum
406 2176 478 2232 ita
504 2178 630 2242 sint,
656 2176 865 2243 fratres,
890 2177 942 2231 in
969 2176 1069 2230 hac
1087 2174 1263 2230 adhuc
1282 2174 1384 2229 vita
1410 2172 1835 2245 peregrinamur,

247 2268 427 2323 adhuc
448 2269 501 2323 in
530 2269 671 2323 illam
704 2269 884 2324 nescio
915 2283 1072 2339 quam
1105 2268 1329 2337 patriam
1356 2264 1459 2321 ﬁde
1480 2265 1832 2334 suspiramus.

248 2362 313 2416 Et
340 2377 514 2431 quare
561 2362 742 2419 nescio
772 2377 927 2432 quam
948 2401 965 2428 ,
994 2361 1133 2416 unde
1158 2362 1301 2416 cives
1332 2372 1517 2414 sumus
1539 2400 1554 2425 ,
1584 2358 1686 2413 nisi
1713 2359 1836 2428 quia

244 2452 296 2506 in
333 2452 625 2523 longinqua
653 2450 1038 2524 peregrinando
1065 2450 1216 2507 obliti
1245 2464 1362 2505 eam
1390 2462 1610 2516 sumus,
1652 2456 1711 2503 ut
1741 2462 1836 2517 pa-

245 2545 405 2599 triam
451 2554 692 2601 nostram
722 2547 989 2616 possimus
1032 2545 1212 2602 dicere
1240 2544 1422 2601 nescio
1461 2542 1661 2615 quam?
1687 2542 1836 2598 Ilanc

246 2637 576 2693 oblivionem
615 2638 841 2709 expellit
868 2638 935 2693 de
960 2637 1121 2692 corde
1146 2637 1406 2692 Dominus
1431 2635 1673 2691 Christus
1692 2674 1708 2699 ,
1742 2648 1837 2688 rex

245 2727 416 2797 ipsius
445 2729 664 2799 patrim,
696 2730 917 2784 veniens
948 2728 1016 2782 ad
1043 2728 1385 2798 peregrinos;
1418 2734 1472 2783 et
1496 2725 1836 2795 susceptione

240 2820 424 2874 carnis
451 2820 701 2874 divinitas
728 2819 845 2889 ejus
883 2820 942 2874 ﬁt
981 2820 1133 2874 nobis
1159 2821 1277 2884 via,
1327 2827 1386 2873 ut
1425 2833 1524 2889 per
1562 2817 1835 2872 hominem

237 2907 518 2964 Christum
566 2925 878 2981 pergamus,
929 2918 983 2965 ct
1024 2910 1076 2965 in
1109 2910 1220 2965 Deo
1257 2908 1471 2966 Christo
1499 2921 1831 2963 maneamus.

240 3000 378 3065 Quid
409 3016 563 3071 ergo,
592 3002 817 3057 fratres?
857 3010 1121 3057 secretum
1154 3000 1283 3056 illud
1304 3043 1320 3069 ,
1350 3000 1495 3071 quod
1520 3015 1621 3056 nec
1646 3000 1834 3055 oculus

242 3092 398 3159 vidit,
433 3107 535 3149 nec
558 3094 705 3148 auris
746 3093 966 3161 audivit,
997 3108 1098 3149 nec
1122 3093 1176 3148 in
1220 3107 1313 3150 cor
1338 3092 1571 3147 hominis
1595 3090 1836 3148 ascendit

240 3184 285 3257 (l
312 3184 437 3240 Cor.
468 3202 544 3250 ιι,
577 3184 655 3257 9),
688 3201 793 3256 quo
833 3185 1044 3255 eloquio
1083 3185 1234 3240 vobis
1261 3185 1572 3255 explicaturi
1615 3199 1831 3253 sumus,

237 3287 331 3333 aut
351 3294 465 3348 quo
492 3278 650 3333 oculo
670 3292 770 3333 nos
790 3278 989 3333 visuri?
1015 3277 1308 3332 Possumus
1331 3276 1528 3347 aliquid
1552 3276 1834 3346 aliquando

239 3385 405 3426 nosse
426 3413 441 3435 ,
484 3370 629 3441 quod
656 3369 833 3441 eloqui
873 3379 1045 3426 tamen
1075 3384 1179 3425 non
1207 3382 1531 3440 possumus:
1570 3368 1713 3440 quod
1741 3384 1836 3424 au-

240 3472 349 3519 tem
383 3479 499 3518 non
542 3464 827 3530 novimus,
873 3462 1162 3533 aliquando
1200 3462 1381 3533 eloqui
1425 3478 1529 3517 non
1572 3462 1830 3518 valemus.

238 3554 377 3608 Cum
409 3569 544 3624 ergo
586 3553 704 3609 ﬁeri
734 3554 903 3623 possit
944 3563 1006 3609 ut
1031 3554 1075 3609 si
1106 3568 1205 3624 ego
1233 3553 1319 3608 illa
1365 3568 1613 3620 nossem,
1659 3553 1833 3623 eloqui

238 3661 302 3701 ca
350 3647 511 3704 vobis
550 3662 657 3702 non
705 3661 954 3717 possem;
1004 3655 1205 3717 quanto
1252 3645 1520 3701 difﬁcilius
1561 3645 1831 3715 eloquium

240 3754 422 3792 meum
452 3739 589 3803 erit,
632 3738 846 3810 quando
873 3746 928 3795 et
974 3754 1093 3810 ego,
1144 3737 1375 3802 fratres,
1419 3738 1697 3793 vobiscum
1739 3752 1835 3807 per

238 3830 404 3885 ﬁdem
430 3831 649 3886 ambulo
668 3872 682 3894 ,
711 3831 945 3887 nondum
976 3847 1069 3901 per
1112 3830 1389 3901 speciem?
1420 3830 1526 3887 Sed
1558 3830 1661 3886 hoc
1697 3844 1830 3901 ego,

238 3937 307 3976 an
336 3931 395 3977 et
438 3923 555 3993 ipse
595 3923 923 3993 Apostolus?
951 3922 1085 3977 Nam
1129 3924 1435 3979 consolatur
1480 3923 1830 3993 ignorantiam

238 4025 483 4069 nostram
502 4057 521 4082 ,
551 4026 604 4071 et
628 4016 857 4072 aediﬁcat
887 4016 1044 4072 ﬁdem
1065 4059 1078 4082 ,
1104 4016 1287 4072 dicens
1318 4035 1331 4072 :
1363 4015 1573 4071 Fratres
1591 4058 1605 4083 ,
1638 4032 1727 4086 ego
1756 4031 1835 4068 me

238 4124 342 4161 non
374 4109 597 4162 arbitror
637 4110 1047 4180 apprehendisse.
1084 4109 1253 4165 Unum
1300 4119 1500 4173 autent,
1547 4124 1659 4178 qua:
1699 4118 1833 4160 retro

239 4198 453 4265 oblitus,
484 4199 539 4252 in
568 4217 625 4253 ea
649 4216 761 4270 quae
795 4209 913 4256 ante
936 4210 1053 4255 sunt
1080 4210 1306 4255 extentus
1323 4242 1338 4267 ,
1365 4200 1639 4255 secundum
1664 4200 1830 4253 inten-

238 4290 435 4345 tionem
459 4307 638 4360 sequor
664 4294 733 4345 ad
756 4292 980 4363 palmam
1018 4308 1250 4363 superna:
1275 4292 1543 4347 vocationis
1570 4290 1829 4363 (Philipp.

240 4396 324 4449 Ill,
355 4382 429 4437 15
446 4393 492 4435 et
519 4383 606 4453 I4)
633 4383 808 4439 :uudc
826 4399 884 4439 se
912 4384 1246 4440 demonstrat
1275 4386 1324 4439 in
1355 4386 1438 4440 via
1464 4400 1604 4440 esse.
1638 4384 1703 4439 Et
1730 4385 1831 4439 alio

240 4472 407 4529 loco:
446 4473 703 4540 Quamdiu
727 4492 932 4542 sumus,
964 4477 1168 4547 inquit,
1200 4477 1252 4531 in
1283 4493 1512 4547 corpore,
1545 4476 1827 4548 peregrina-

239 4581 357 4618 mur
394 4582 429 4617 a
456 4564 717 4623 Domino:
753 4585 841 4639 per
880 4570 1030 4638 ﬁdem
1058 4570 1190 4623 enim
1216 4569 1568 4635 ambulamus,
1601 4588 1701 4625 non
1745 4589 1834 4641 per

236 4658 464 4727 speciem
494 4658 562 4732 (II
593 4659 709 4715 Cor.
739 4676 795 4725 v,
825 4660 857 4715 6
878 4670 926 4715 et
951 4660 1027 4731 7).
1057 4662 1124 4716 Et
1168 4663 1359 4716 iterum
1385 4681 1399 4716 :
1433 4661 1539 4732 Spe
1563 4664 1715 4729 enim,
1745 4663 1830 4717 in-

236 4753 385 4821 quit,
431 4752 561 4808 salui
598 4754 720 4824 [acti
747 4771 940 4809 sumus.
977 4755 1107 4825 Spes
1132 4764 1299 4809 autem
1325 4772 1436 4824 quae
1471 4756 1681 4821 videtur,
1732 4772 1830 4810 non

236 4853 310 4897 est
336 4861 458 4914 spes
482 4860 501 4898 :
527 4846 660 4915 quod
687 4847 819 4899 enim
859 4846 990 4900 videt
1012 4848 1123 4917 quis
1148 4889 1161 4913 ,
1198 4848 1319 4917 quid
1342 4848 1554 4917 sperat?
1580 4848 1641 4903 Si
1666 4858 1830 4902 autent

235 4935 375 5002 quod
397 4952 500 4988 non
520 4937 741 4990 ridemus
762 4954 1041 5005 speramus,
1071 4956 1159 5008 per
1177 4939 1470 5008 patientiam
1489 4950 1831 5011 exspectamus

236 5025 419 5096 (Rom.
443 5042 560 5092 vnt,
588 5026 656 5082 24
684 5038 729 5081 et
756 5028 872 5097 25).

306 5116 545 5173 CAPUT
587 5117 651 5171 V.
677 5149 747 5159 --
776 5119 829 5173 5.
866 5118 1090 5191 Ecclesia
1118 5122 1261 5175 docet
1294 5123 1428 5189 quod
1455 5124 1694 5188 credidit,
1728 5141 1828 5179 non

232 5210 373 5277 quod
433 5209 589 5262 novit.
624 5209 713 5265 Sic
743 5226 904 5280 ergo,
953 5210 1179 5278 fratres,
1230 5214 1409 5267 audite
1451 5229 1481 5267 a
1523 5231 1610 5269 me
1642 5230 1828 5271 vocem

233 5317 355 5369 qua:
382 5302 542 5357 estin
571 5302 816 5371 Psalmis,
850 5305 1010 5374 piam,
1041 5305 1316 5371 humilem,
1342 5318 1694 5374 mansuetam,
1722 5324 1827 5363 non

232 5394 454 5460 elatam,
492 5409 597 5448 non
623 5395 1000 5460 turbulentam,
1033 5412 1134 5451 non
1164 5398 1510 5467 praecipitem,
1541 5415 1644 5453 non
1671 5409 1830 5456 teme-

233 5485 455 5538 rariam.
489 5485 578 5539 Ait
600 5487 742 5540 enim
772 5486 1002 5557 quodam
1047 5487 1098 5541 in
1127 5488 1245 5543 loco
1277 5489 1555 5544 Psalmus:
1602 5491 1825 5557 Credidi,

234 5589 445 5646 prapter
473 5579 608 5647 quod
629 5580 825 5633 locutus
851 5596 981 5633 sum.
1014 5579 1081 5633 Et
1111 5580 1427 5649 interposuit
1454 5581 1555 5636 hoc
1582 5584 1824 5637 testimo-

233 5671 382 5725 nium
413 5656 703 5740 Apost'olus
727 5710 743 5737 ,
792 5681 951 5741 atquc
997 5671 1258 5740 subjecit:
1295 5671 1361 5725 Et
1401 5689 1493 5727 nos
1536 5675 1785 5729 credimus
1809 5717 1823 5741 ,

237 5771 441 5831 prapter
455 5762 591 5831 quod
608 5772 652 5816 et
674 5763 921 5830 loquimur
935 5764 952 5833 (
966 5761 1107 5815 Ρδιιι.
1128 5778 1252 5829 cxv,
1271 5764 1357 5826 10,
1374 5775 1417 5819 et
1434 5765 1471 5819 ll
1488 5765 1602 5818 Cor.
1621 5782 1690 5827 Iv,
1710 5768 1799 5837 15)
1811 5806 1823 5818 .

240 5852 410 5909 Vultis
435 5872 561 5925 ςςέο
590 5872 650 5910 ea
677 5872 761 5910 me
783 5846 958 5911 dicere
981 5871 1098 5926 quae
1126 5858 1278 5912 novi?
1306 5857 1420 5913 Non
1444 5874 1537 5914 vos
1564 5858 1706 5926 fallo,
1736 5876 1825 5915 au-

1632 402 1861 459 SERMO
1899 400 2186 461 CCCLX".

3405 430 3540 489 16M

1954 515 2062 569 dite
2084 518 2225 589 quod
2251 520 2473 574 credidi.
2504 520 2615 577 Non
2645 524 2791 582 vobis
2823 527 3059 597 vilescat,
3090 532 3212 603 quia
3241 535 3383 605 quod
3408 552 3534 596 cre-

1951 607 2057 661 didi
2085 610 2314 665 auditis:
2342 613 2535 668 auditis
2577 617 2717 671 enim
2750 635 2990 676 veracem
3032 624 3442 684 confessionem.
3477 632 3532 689 Si

1948 706 2125 751 autem
2152 699 2382 756 dicerem
2406 742 2419 764 ,
2456 704 2646 761 Audite
2671 708 2811 776 quod
2840 712 2989 777 novi;
3020 713 3275 772 audiretis
3302 728 3535 777 temera-

1948 788 2081 842 riam
2112 794 2601 862 prtesumptionem.
2633 796 2688 852 Si
2718 814 2862 869 ergo,
2896 800 3117 871 fratres,
3168 822 3358 864 omnes
3400 826 3533 873 nos.

1950 889 2024 946 et,
2059 890 2114 934 ut
2140 883 2406 939 credimus
2432 895 2736 943 sanctorum
2764 890 2985 959 litteris,
3033 910 3222 952 omnes
3246 899 3405 954 etiam
3436 905 3527 972 qui

1944 980 2067 1026 ante
2094 988 2192 1027 nos
2216 974 2264 1027 in
2297 989 2458 1032 carne
2487 979 2750 1047 vixerunt,
2778 992 2831 1037 et
2860 1000 2956 1054 per
2980 1001 3115 1055 quos
3142 988 3364 1060 loquens
3403 994 3527 1065 Spi-
3610 1048 3613 1049 ν

1946 1064 2079 1119 ritus
2106 1066 2200 1122 Dei
2242 1068 2513 1126 distribuit
2552 1072 2856 1131 hominibus
2887 1086 3088 1133 tantum
3116 1092 3369 1151 quantum
3398 1088 3529 1143 satis

1945 1164 2088 1211 esset
2117 1157 2403 1227 signiﬁcari
2432 1165 2924 1235 peregrinantibus,
2965 1185 3151 1227 omnes
3191 1176 3331 1243 quod
3358 1179 3532 1233 credi-

1945 1262 2062 1302 mus
2090 1248 2395 1318 loquimur:
2430 1253 2684 1312 Dominus
2726 1268 2903 1313 autem
2945 1261 3092 1331 ipse,
3138 1279 3256 1334 quae
3286 1282 3527 1329 noverat.

1941 1338 2080 1407 Quid
2111 1341 2289 1412 igitur,
2318 1345 2364 1400 si
2393 1346 2539 1403 solus
2567 1348 2823 1407 Dominus
2847 1352 2915 1408 de
2942 1355 3048 1409 vita
3075 1355 3126 1409 in
3153 1367 3409 1415 aeternum
3438 1362 3523 1416 fu-

1942 1439 2061 1487 tura
2088 1449 2248 1491 nosse
2277 1445 2484 1506 poterat
2523 1442 2663 1510 quod
2689 1442 2934 1512 dicebat;
2966 1445 3052 1500 alii
3083 1464 3211 1504 vero
3238 1464 3525 1521 sequentes

1942 1522 2249 1596 Dominum,
2278 1529 2400 1585 ideo
2442 1532 2564 1602 quia
2594 1534 2968 1592 crediderunt?
3018 1540 3318 1598 Invenimus
3352 1545 3527 1615 ipsum

1944 1615 2226 1673 Dominum
2270 1630 2510 1676 nostrum
2552 1623 2735 1681 Jesum
2761 1626 3061 1697 Christum,
3108 1634 3365 1689 scientem
3401 1638 3528 1706 quid

1942 1707 2268 1779 loqueretur,
2304 1728 2406 1767 non
2436 1714 2702 1772 dicentem
2752 1728 2948 1775 tamen.
2990 1722 3080 1778 Ait
3118 1725 3260 1780 enim
3292 1727 3524 1796 quodam

1944 1800 1997 1856 in
2024 1801 2142 1858 loco
2168 1805 2444 1876 discipulis
2473 1809 2620 1864 suis:
2655 1811 2835 1865 Adhuc
2880 1815 3039 1870 multa
3084 1816 3240 1872 habeo
3286 1820 3422 1875 vobis
3448 1822 3529 1874 di-

1941 1909 2086 1960 cere;
2110 1896 2199 1950 sed
2221 1914 2320 1951 non
2342 1900 2547 1968 potestis
2565 1901 2656 1955 illa
2673 1913 2875 1971 portare
2898 1906 3046 1960 modo
3068 1906 3247 1977 (Joan.
3275 1926 3383 1977 xw,
3410 1911 3525 1983 η).

1942 1984 2034 2041 llIc
2048 1996 2266 2058 propter
2281 1989 2491 2045 illorum
2510 1991 2889 2061 inﬁrmitatem,
2908 2012 3012 2052 non
3031 2010 3248 2069 propter
3265 2016 3414 2057 suam
3432 2002 3528 2058 dif-

1943 2077 2249 2147 ﬁcultatem,
2278 2083 2419 2152 quod
2442 2094 2663 2141 noverat
2686 2086 2864 2143 dicere
2892 2088 3191 2147 differebat.
3216 2093 3325 2151 Nos
3345 2103 3525 2152 autem

1942 2179 2160 2240 propter
2181 2187 2519 2231 communem
2557 2178 2795 2233 omnium
2842 2188 3083 2237 nostrum
3126 2183 3521 2251 inﬁrmitatem,

1942 2276 2049 2318 non
2085 2265 2225 2333 quod
2268 2269 2513 2325 novimus
2543 2271 2673 2325 satis
2698 2272 2857 2343 digne
2897 2274 3074 2345 eloqui
3119 2291 3396 2344 conamur,
3429 2281 3524 2335 sed

1942 2368 2060 2423 quae
2084 2354 2244 2427 digne
2272 2358 2575 2428 credimus,
2622 2371 2678 2416 ut
2722 2378 3036 2432 possumus.
3081 2367 3439 2439 explicamus;
3471 2379 3528 2426 et

1940 2459 2037 2499 vos
2061 2446 2233 2516 capite
2260 2458 2317 2504 ut
2345 2453 2588 2521 potestis.
2630 2452 2701 2508 Et
2724 2455 2769 2509 si
2797 2456 3025 2527 amplius
3049 2456 3185 2514 forte
3208 2473 3401 2529 capere
3423 2461 3528 2516 ali-

1940 2538 2062 2608 quis
2085 2549 2321 2596 vestrum
2347 2551 2554 2612 potest,
2584 2560 2743 2616 quam
2771 2562 2870 2618 ego
2908 2548 3122 2617 dicere;
3152 2565 3263 2607 non
3290 2553 3529 2610 attendat

1939 2630 2007 2685 ad
2031 2631 2277 2701 exiguum
2305 2636 2497 2701 rivum,
2521 2637 2614 2692 sed
2640 2649 2821 2694 currat
2843 2639 2910 2695 ad
2939 2640 3264 2698 uberrimum
3285 2646 3483 2700 fontem
3507 2662 3523 2701 :

1940 2725 2189 2790 quoniam
2215 2725 2355 2794 apud
2381 2741 2502 2781 cum
2530 2736 2612 2783 est
2638 2728 2755 2785 fons
2777 2731 2899 2786 vita:
2916 2773 2930 2798 ,
2962 2732 3015 2787 in
3043 2733 3195 2804 cujus
3219 2735 3424 2794 lumine
3447 2739 3525 2793 vi-

1939 2812 2182 2872 debimus
2205 2816 2383 2873 lumen
2413 2818 2584 2891 (Psal.
2615 2838 2780 2889 xxxv,
2812 2822 2923 2894 10).

2010 2906 2237 2965 CAPUT
2273 2911 2358 2966 VI.
2390 2943 2462 2953 —
2489 2915 2542 2968 6.
2574 2914 2860 2971 Christiano
2898 2918 2963 2972 de
2988 2920 3348 2976 resurrectione
3374 2923 3526 2980 dubi-

1940 3006 2047 3053 tare
2068 3015 2168 3054 non
2194 3001 2328 3056 licet.
2358 3002 2491 3071 Quia
2518 3020 2649 3076 ergo
2670 3016 2752 3061 est
2778 3010 3098 3065 resurrectio
3118 3010 3519 3082 disputavimus,

1938 3091 2017 3147 sic
2056 3092 2325 3150 credimus
2348 3136 2363 3163 ,
2395 3096 2473 3151 sic
2516 3097 2736 3154 credere
2779 3098 3071 3167 debemus,
3112 3103 3193 3157 sic
3232 3103 3521 3175 loquimur,

1937 3182 2060 3252 quia
2082 3183 2161 3241 sic
2183 3186 2526 3255 credidimus,
2549 3189 2595 3245 si
2616 3189 2890 3246 christiani
2909 3205 3114 3259 sumus,
3138 3194 3406 3253 intuentes
3424 3211 3525 3268 po-

1939 3276 2160 3332 tentiam
2198 3277 2400 3335 brachii
2432 3280 2641 3337 Domini
2684 3283 2977 3340 sternentis
3020 3300 3406 3358 usquequaque
3433 3303 3525 3344 su-

1937 3369 2176 3439 perbiam
2207 3372 2465 3442 gentium,
2495 3381 2550 3429 et
2577 3373 2890 3432 aediﬁcantis
2930 3375 3069 3433 hanc
3096 3376 3254 3433 ﬁdem
3281 3386 3389 3434 tam
3419 3379 3525 3436 late

1937 3476 2035 3533 per
2058 3464 2243 3519 orbem
2271 3473 2531 3521 terrarum
2548 3507 2564 3534 ,
2593 3482 2751 3537 quam
2777 3470 3100 3538 promissum
3129 3479 3213 3526 est
3236 3472 3405 3527 multo
3429 3487 3526 3527 an-

1940 3562 2152 3624 tequam
2179 3554 2368 3610 ﬁeret:
2402 3556 2518 3610 haec
2547 3557 2832 3623 intuentes,
2867 3558 3195 3615 :cdiﬁcamur
3214 3560 3281 3617 ad
3300 3561 3527 3618 creden-

1937 3645 2065 3701 dum
2108 3660 2172 3702 ea
2208 3662 2329 3717 qua:
2369 3646 2603 3702 nondum
2630 3646 2873 3704 videmus
2896 3689 2910 3715 ,
2956 3659 3015 3706 ut
3065 3651 3236 3722 ipsam
3262 3652 3523 3709 visionem

1939 3737 2242 3794 mercedem
2290 3738 2413 3794 ﬁdei
2448 3738 2789 3809 recipiamus.
2835 3740 2968 3797 Cum
3014 3757 3141 3814 ergo
3184 3743 3523 3801 manifestum

1936 3831 2007 3893 sit
2031 3830 2152 3886 ﬁdei
2179 3841 2378 3887 nostra:
2404 3830 2635 3886 futuram
2671 3834 3121 3890 resurrectionem
3148 3845 3482 3893 mortuorum
3502 3878 3520 3903 ,

1938 3932 1992 3975 et
2018 3923 2089 3976 ita
2131 3922 2468 3977 manifestum
2487 3964 2502 3988 ,
2534 3931 2592 3977 ut
2622 3922 2745 3979 hinc
2773 3924 3013 3995 quisquis
3036 3925 3360 3982 dubitaverit
3381 3969 3394 3990 .
3425 3927 3523 3982 im-

1939 4012 2321 4081 pudentissime
2359 4028 2419 4069 se
2460 4014 2601 4069 dicat
2642 4014 3021 4081 christianum;
3062 4017 3319 4087 qureritur
3345 4018 3518 4088 qualia

1938 4119 2162 4174 corpora
2189 4105 2461 4161 habebunt
2486 4106 2693 4171 sancti,
2737 4116 2792 4162 et
2828 4123 2948 4177 quae
2975 4108 3079 4161 vita
3122 4124 3306 4163 eorum
3347 4112 3522 4166 futura

1939 4197 2207 4251 sit.Multis
2228 4197 2370 4253 enim
2390 4198 2562 4252 visum
2581 4205 2663 4253 est
2678 4199 3120 4264 resurrectionem
3142 4184 3356 4271 quidem
3381 4201 3520 4270 ﬁeri,

1937 4288 2032 4345 scd
2061 4303 2157 4359 per
2185 4290 2327 4344 solas
2353 4288 2579 4343 animas.

2006 4381 2235 4438 CAPUT
2274 4380 2383 4435 VII.
2412 4411 2481 4419 —
2503 4381 2554 4434 7.
2587 4380 2828 4449 Quazstio,
2858 4381 3031 4449 qualia
3061 4386 3234 4444 futura
3270 4384 3371 4439 sint
3409 4402 3525 4440 cor-

1940 4490 2086 4544 pora.
2115 4472 2313 4544 Regula
2340 4472 2480 4542 ﬁdei,
2514 4472 2818 4543 symbolum.
2875 4473 3009 4543 Apta
3041 4475 3341 4531 similitudo.
3386 4477 3521 4546 Quia

1940 4580 2065 4620 vero
2090 4573 2372 4635 resurgunt
2396 4573 2451 4619 et
2470 4578 2711 4634 corpora,
2743 4580 2848 4619 non
2875 4579 3007 4635 opus
3028 4574 3111 4620 est
3139 4566 3228 4621 diu
3255 4568 3523 4626 disserere

1939 4669 2057 4731 post
2084 4672 2386 4715 sermonem
2411 4659 2759 4728 praeteritum.
2793 4658 2901 4714 Sed
2939 4659 3187 4728 objicitur
3212 4660 3519 4731 hujusmodi

1936 4751 2195 4821 quzestio:
2227 4749 2284 4805 Si
2309 4764 2533 4820 corpora
2563 4749 2737 4804 futura
2764 4760 2917 4816 sunt,
2946 4750 3122 4819 qualia
3146 4751 3320 4807 futura
3357 4758 3521 4811 sunt?

1937 4844 2085 4899 Talia
2130 4842 2306 4913 qualia
2336 4856 2477 4896 nunc
2503 4849 2656 4907 sunt,
2698 4855 2765 4894 an
2806 4840 3025 4896 alterius
3063 4842 3250 4898 modi?
3290 4844 3346 4900 Si
3386 4846 3520 4902 alte—

1936 4937 2047 4992 rius
2075 4935 2217 4990 modi
2244 4977 2258 5001 ,
2285 4934 2402 5004 quis
2433 4934 2520 4987 ille
2546 4932 2771 4986 modus?
2793 4930 2849 4985 Si
2882 4931 3004 4987 talia
3024 4974 3040 5000 ,
3070 4948 3197 5004 ergo
3239 4936 3303 4990 ad
3330 4937 3519 4993 eadem

1934 5028 2133 5099 Opera?
2162 5027 2294 5095 Quia
2325 5040 2452 5095 ergo
2475 5039 2581 5078 non
2612 5024 2677 5078 ad
2699 5023 2883 5078 eadem
2911 5025 3207 5093 prmseribit
3237 5027 3513 5094 Dominus,

1934 5124 2056 5192 quia
2086 5136 2189 5175 non
2220 5119 2285 5173 ad
2315 5118 2436 5171 talia
2462 5116 2619 5170 docet
2644 5115 2952 5185 Apostolus.
2983 5114 3116 5169 Nam
3141 5132 3246 5172 non
3274 5118 3341 5172 ad
3365 5134 3518 5174 eam-

1934 5213 2056 5269 dem
2082 5212 2264 5276 vitam,
2294 5222 2400 5262 non
2426 5206 2494 5261 ad
2535 5205 2721 5260 eadem
2747 5204 2880 5260 facta
2906 5206 3147 5260 mortalia
3172 5216 3225 5261 ct
3249 5210 3517 5279 corrupti-

1935 5305 2058 5360 bilia
2085 5312 2139 5358 et
2177 5303 2407 5372 peritura
2444 5307 2603 5369 atque
2644 5297 2969 5353 lranseuntia
2994 5338 3010 5363 ,
3043 5313 3149 5352 non
3190 5298 3255 5353 ad
3278 5301 3515 5356 carnalia

1933 5397 2143 5470 gaudia,
2170 5410 2273 5450 non
2301 5394 2365 5448 ad
2389 5393 2629 5448 carnales
2649 5390 3060 5445 consolationes.
3089 5390 3145 5446 Si
3169 5406 3296 5462 ergo
3318 5407 3425 5446 non
3445 5392 3511 5447 ad

1934 5488 2143 5553 eadem,
2174 5501 2274 5541 nec
2300 5484 2440 5539 talia.
2469 5483 2524 5538 Si
2553 5499 2657 5537 non
2686 5481 2827 5547 talia,
2852 5480 3117 5550 quomodo
3138 5497 3266 5551 ergo
3286 5497 3415 5536 caro
3438 5498 3501 5537 re

1932 5581 2148 5650 surget?
2171 5577 2359 5632 Carnis
2387 5583 2564 5629 autem
2592 5571 3041 5627 resurrectionem
3064 5571 3322 5626 habemus
3349 5573 3399 5625 in
3429 5587 3521 5627 re-

1931 5672 2053 5742 gula
2083 5670 2226 5733 ﬁdei,
2257 5679 2311 5723 et
2330 5683 2449 5723 eam
2470 5659 2785 5720 conﬁtentes
2804 5663 3153 5735 baptizamur.
3178 5662 3243 5717 Et
3263 5663 3519 5735 quidquid

1934 5767 2003 5822 ibi
2021 5765 2356 5828 conﬁtemur,
2380 5778 2443 5816 ex
2466 5760 2689 5814 veritate
2710 5768 2761 5812 et
2782 5758 2832 5811 in
2854 5756 3076 5812 veritate
3096 5755 3434 5820 conﬁtemur,
3465 5759 3520 5814 in

1935 5876 2036 5932 qua
2053 5859 2278 5915 vivimus
2299 5866 2352 5912 ct
2371 5870 2646 5911 movemur
2661 5862 2715 5909 et
2729 5866 2931 5908 sumus.
2950 5851 3353 5922 Temporalibus
3374 5854 3521 5910 enim
