4080 6360
231 374 365 428 {GH

224 489 502 560 stipulam.
522 486 686 542 Extra
709 484 848 542 enim
868 482 1015 555 ponit
1038 488 1225 547 totum,
1252 480 1371 552 quia
1399 495 1503 536 non
1526 479 1578 534 in
1603 477 1815 535 Christo

225 583 397 650 ponit.
426 577 737 634 Rcsurrexit
764 591 891 647 ergo
921 574 1175 629 Dominus
1200 582 1381 628 noster
1403 572 1454 627 in
1479 586 1544 629 eo
1570 586 1812 642 corpore,

226 676 277 727 in
306 687 416 742 quo
445 670 687 740 sepultus
716 677 818 724 est.
848 666 1189 723 Resurrectio
1218 664 1541 736 promittitur
1566 664 1820 720 Christia-

227 767 327 820 nis.
361 765 552 820 Talem
584 764 1029 819 resurrectionem
1059 775 1372 831 speremus,
1413 759 1586 830 qualis
1623 758 1677 813 in
1719 757 1821 813 Do-

228 858 376 911 mino
417 863 605 909 nostro
646 854 918 925 przecessit
957 854 1195 906 omnium
1243 859 1481 905 nostrum
1523 848 1703 904 ﬁdem.
1738 849 1819 904 Ad

228 946 331 999 hoc
358 945 504 999 enim
536 943 814 1014 praevenit,
856 949 917 997 ut
960 941 1093 997 ﬁdes
1135 949 1315 996 nostra
1347 939 1818 1011 supermdilicetur.

228 1038 367 1105 Quid
398 1037 593 1107 igitur?
619 1033 899 1102 Quomodo
926 1048 1031 1088 non
1061 1033 1214 1099 tales,
1242 1031 1426 1103 quales
1447 1042 1587 1086 nunc
1614 1029 1822 1085 sumus?

228 1129 363 1182 Caro
390 1128 535 1181 enim
568 1123 779 1180 Domini
807 1123 973 1179 nostri
996 1122 1124 1179 Jesu
1151 1120 1351 1177 Christi
1376 1121 1683 1187 resurrexit,
1726 1120 1822 1177 sed

228 1218 475 1272 ascendit
504 1218 557 1272 in
586 1216 804 1272 coelum.
834 1215 895 1270 In
920 1226 1058 1270 terra
1088 1213 1262 1268 ofﬁcia
1286 1212 1516 1268 humana
1544 1212 1777 1269 servavit
1805 1255 1820 1280 ,

230 1317 286 1363 ut
327 1307 685 1378 persuaderet
712 1308 813 1362 hoc
836 1306 1195 1362 resurrexisse
1224 1303 1365 1375 quod
1395 1304 1657 1374 sepultum
1686 1313 1820 1360 erat.

230 1400 502 1471 Numquid
530 1408 707 1455 autem
735 1407 788 1455 et
816 1398 867 1452 in
907 1398 1046 1453 caelo
1086 1396 1207 1452 talis
1249 1396 1399 1452 cibus
1441 1396 1560 1451 est?
1600 1394 1733 1451 Nam
1770 1403 1825 1450 et

231 1492 471 1563 Angelos
497 1490 673 1546 oflieia
713 1489 943 1545 humana
984 1489 1037 1543 in
1079 1496 1220 1543 terra
1268 1487 1493 1557 legimus
1518 1494 1820 1544 exsecutos.

234 1583 517 1638 Venerunt
544 1581 613 1637 ad
648 1581 937 1648 Abraham,
978 1588 1033 1635 et
1081 1578 1567 1645 manducavcrunt;
1606 1586 1660 1635 et
1702 1593 1824 1634 cum

232 1678 397 1733 Tobia
430 1678 658 1749 angelus
699 1675 835 1742 fuit,
880 1684 935 1731 et
980 1672 1338 1730 manducavit.
1379 1672 1515 1742 Quid
1560 1672 1821 1739 dicimus,

235 1771 353 1839 quia
405 1769 726 1839 phantasma
777 1776 892 1822 erat
934 1766 1019 1821 illa
1065 1765 1444 1832 manducatio,
1493 1773 1683 1821 etnon
1710 1773 1827 1821 erat

234 1865 396 1918 vera?
426 1862 619 1917 Nonne
664 1861 1006 1917 manifestum
1048 1868 1150 1927 est,
1198 1858 1338 1929 quod
1379 1859 1601 1913 vitulum
1631 1856 1828 1919 occidit

234 1955 506 2011 Abraham
528 1997 543 2022 ,
593 1969 759 2024 panes
794 1953 947 2021 fecit,
975 1962 1027 2009 et
1056 1952 1123 2008 ad
1153 1968 1393 2009 mensam
1423 1953 1632 2023 posuit;
1665 1953 1824 2007 mini-

235 2050 420 2102 stravit
446 2047 688 2118 angelis,
730 2054 785 2104 ct
814 2045 1267 2101 manducaverunt
1293 2045 1442 2119 (Gen.
1476 2062 1621 2110 xvut,
1657 2044 1827 2117 1-9)?

236 2141 423 2196 Omnia
477 2141 579 2196 ista
626 2138 1057 2195 manifestissime
1105 2136 1239 2192 facta
1288 2147 1343 2192 et
1396 2137 1826 2197 manifestissime

238 2245 494 2301 expressa
526 2238 669 2285 sunt.

300 2321 539 2377 CAPUT
577 2320 668 2375 Xl.
702 2351 773 2362 —
794 2321 878 2375 Η.
914 2319 1077 2374 Ilomo
1107 2336 1169 2374 ca:
1199 2320 1491 2374 necessitate
1517 2321 1788 2374 mandarat
1811 2363 1824 2387 ,

245 2414 455 2484 angelus
486 2428 549 2466 ea:
578 2421 839 2481 potestate.
871 2411 1007 2477 Quid
1050 2425 1178 2481 ergo
1218 2410 1345 2464 dicit
1383 2411 1432 2464 in
1475 2409 1613 2466 libro
1642 2410 1827 2465 Tobim

240 2502 505 2574 angelus?
543 2501 752 2556 Vidistis
782 2518 862 2555 me
890 2502 1223 2569 manducare,
1250 2501 1337 2555 sed
1368 2502 1475 2556 visu
1503 2509 1663 2556 vestro
1687 2501 1827 2556 vide-

242 2594 367 2647 batis
392 2592 549 2662 (Tob.
585 2609 677 2660 xu,
707 2592 820 2665 l9).
854 2592 1120 2662 Numquid
1147 2594 1268 2661 quia
1299 2608 1405 2647 non
1433 2592 1786 2649 manducabat
1811 2633 1826 2658 ,

242 2683 331 2738 sed
374 2682 701 2737 manducare
758 2682 1073 2738 videbatur?
1123 2681 1233 2737 lmo
1282 2697 1411 2737 vero
1454 2682 1826 2738 manducabat.

244 2774 377 2841 Quid
406 2784 491 2829 est
513 2789 660 2844 ergo,
690 2774 798 2828 visu
818 2782 977 2828 vestro
1002 2774 1280 2828 videbatis?
1309 2774 1549 2829 Intendat
1568 2773 1832 2830 Sanctitas

244 2875 419 2921 vestra
470 2865 614 2934 quod
653 2864 774 2919 dico
808 2884 822 2920 :
850 2864 1089 2919 intendat
1118 2865 1171 2918 in
1201 2866 1495 2919 orationem
1528 2866 1645 2934 plus
1673 2880 1829 2935 quam

245 2958 296 3012 in
324 2972 449 3022 me;
484 2966 543 3010 ut
566 2955 871 3025 intelligatis
897 2956 1037 3026 quod
1068 2956 1314 3023 dicimus,
1348 2965 1402 3010 ut
1442 2966 1496 3011 ct
1522 2970 1621 3010 nos
1651 2956 1723 3011 ita
1752 2956 1831 3011 di-

245 3063 430 3103 camus
458 3048 909 3118 quemadmodum
942 3063 1039 3103 vos
1085 3058 1299 3117 oportet
1340 3048 1523 3103 audire
1552 3056 1605 3103 et
1629 3046 1832 3104 intelli-

244 3157 368 3214 gere
394 3140 541 3211 quod
568 3140 781 3195 auditis.
812 3140 1015 3210 Corpus
1044 3149 1282 3195 nostrum
1305 3140 1556 3217 quamdiu
1576 3140 1836 3211 corrupti-

248 3232 354 3287 bilc
381 3241 469 3287 est
493 3242 548 3286 et
571 3233 912 3300 moriturum,
933 3232 1273 3302 indigentiam
1298 3233 1492 3307 patitur
1508 3232 1831 3300 refectionis,

244 3322 369 3377 inde
396 3332 453 3377 et
478 3322 646 3378 fames
673 3323 854 3379 existit
880 3341 894 3379 ε
927 3332 1206 3394 propterea
1234 3325 1497 3379 esurimus
1524 3334 1576 3379 et
1604 3324 1833 3390 sitimus;

245 3424 297 3469 ct
327 3416 373 3469 si
410 3416 649 3471 esuriem
689 3416 939 3486 sitimque
978 3426 1212 3471 nostram
1252 3416 1613 3473 distulerimus
1639 3418 1836 3473 diutius

246 3520 403 3574 quam
432 3515 613 3576 potest
637 3521 833 3576 corpus
849 3507 1129 3571 sustinere,
1150 3507 1454 3576 perducitur
1478 3510 1545 3562 ad
1575 3508 1836 3566 tabiﬁcam

247 3599 496 3661 maciem,
526 3606 578 3652 ct
603 3597 667 3652 ad
689 3597 973 3670 quamdam
997 3598 1288 3658 morbidum
1318 3599 1631 3666 exilitatem,
1660 3599 1837 3654 disce-

247 3688 502 3743 dentibus
530 3689 732 3749 viribus
762 3698 815 3744 et
845 3704 947 3744 non
980 3682 1386 3745 succedentibus
1417 3710 1430 3746 :
1459 3699 1513 3746 et
1540 3692 1584 3746 si
1610 3691 1839 3761 amplius

248 3781 358 3845 ﬁat,
388 3795 539 3834 mors
564 3781 724 3835 etiam
752 3791 1131 3857 consequetur.
1181 3782 1311 3836 Nam
1351 3798 1564 3853 semper
1602 3782 1668 3839 de
1714 3799 1836 3838 cor-

249 3886 378 3945 pore
430 3880 621 3925 nostro
672 3871 895 3925 discedit
941 3871 1137 3942 aliquid
1190 3873 1343 3943 quasi
1393 3874 1624 3944 quodam
1679 3874 1840 3930 ﬂuvio

248 3962 598 4017 discessionis
618 4004 633 4028 ,
675 3963 766 4017 sed
799 3963 923 4018 inde
952 3980 1055 4019 non
1086 3966 1341 4019 sentimus
1368 3966 1511 4021 vires
1558 3966 1839 4023 disceden-

249 4064 348 4120 tes,
392 4054 529 4123 quia
578 4069 674 4122 per
719 4053 1061 4109 refectionem
1116 4057 1439 4112 assumimus
1472 4058 1836 4115 succedentes.

248 4146 401 4214 Quod
439 4147 584 4201 enim
628 4147 841 4217 copiose
869 4149 1103 4212 accedit,
1135 4150 1381 4219 paulatim
1422 4151 1646 4210 discedit
1675 4171 1686 4205 :
1714 4168 1839 4223 pro-

250 4248 429 4306 pterea
473 4253 639 4307 parvo
682 4247 921 4309 tempore
967 4240 1253 4308 reﬁcimus,
1302 4241 1636 4311 productiore
1662 4254 1839 4303 autem

251 4338 492 4398 tempore
523 4329 775 4384 deserunt
800 4346 897 4385 nos
926 4333 1085 4400 vires,
1132 4348 1250 4408 quae
1275 4343 1508 4405 accepta:
1554 4347 1677 4392 sunt
1718 4353 1840 4394 cum

250 4419 633 4474 rcﬁcercmus.
683 4421 831 4475 Sicut
872 4422 1047 4478 oleum
1101 4424 1151 4478 in
1194 4424 1431 4491 lucerna,
1475 4426 1613 4496 quod
1667 4444 1834 4499 parvo

252 4521 498 4581 tempore
540 4513 783 4581 mittitur,
834 4513 1032 4568 diutius
1080 4516 1440 4587 paulatimque
1483 4522 1836 4579 consumitur.

249 4602 379 4657 Cum
423 4614 605 4659 autem
648 4621 812 4676 prope
852 4616 1223 4678 consumptum
1270 4608 1447 4677 fuerit,
1476 4610 1586 4681 jam
1617 4611 1840 4685 languor

254 4698 543 4752 ﬂammida:
571 4698 710 4752 illius
750 4700 899 4768 quasi
943 4700 1107 4755 fames
1150 4700 1399 4770 lucernze,
1430 4703 1840 4775 admonctnos,

250 4799 298 4842 et
326 4791 587 4844 continuo
617 4792 993 4856 suhvenimus,
1026 4775 1085 4849 ul
1123 4794 1446 4854 instaurctur
1473 4796 1562 4850 illa
1588 4798 1794 4868 species
1819 4839 1836 4865 ,

249 4890 301 4934 et
328 4890 550 4936 maneat
576 4882 667 4936 lux
700 4884 751 4936 in
778 4878 994 4943 lucerna
1018 4927 1034 4951 ,
1062 4885 1182 4941 cibo
1208 4902 1305 4941 suo
1332 4887 1528 4945 refeCIa
1558 4905 1678 4945 cum
1705 4890 1841 4960 adji-

254 4971 417 5025 cimus
447 4973 649 5028 oleum.
679 4972 766 5030 Sic
796 4978 934 5030 vires
962 4985 1178 5044 nostrm,
1213 4994 1345 5049 quas
1370 4982 1658 5052 accipimus
1688 4998 1840 5039 man-

249 5061 495 5117 durando
515 5105 533 5131 ,
559 5074 689 5119 eunt
712 5075 765 5120 et
789 5066 1038 5122 deserunt
1066 5084 1164 5124 nos
1193 5078 1444 5140 perpetua
1473 5072 1797 5129 discessione
1821 5117 1836 5142 ,

248 5153 339 5207 sed
388 5154 669 5223 paulatim.
700 5154 834 5211 Nam
865 5167 918 5212 et
947 5158 1172 5233 idipsum
1202 5175 1340 5216 nunc
1365 5164 1536 5231 agitur
1569 5164 1620 5225 in
1662 5165 1896 5239 nobis”;

246 5252 300 5297 et
317 5244 369 5297 in
388 5245 646 5300 omnibus
664 5247 963 5304 actionibus
987 5250 1211 5317 nostris,
1230 5252 1281 5305 in
1311 5253 1836 5325 omnictiamquiete

248 5346 426 5389 nostra
456 5352 566 5391 non
592 5348 765 5392 cessat
802 5338 880 5394 ire
908 5339 1049 5411 quod
1078 5350 1355 5412 acceptum
1382 5353 1464 5400 est
1491 5362 1502 5397 :
1533 5354 1585 5399 ct
1609 5345 1652 5399 si
1681 5346 1839 5401 fuerit

245 5428 465 5483 omnino
494 5440 871 5501 consumptum
891 5474 904 5499 ,
938 5432 1007 5487 ita
1039 5433 1199 5489 homo
1225 5444 1277 5490 et
1306 5437 1532 5490 moritur
1569 5438 1836 5507 quomodo

246 5518 462 5575 lucerna
491 5523 865 5594 exstinguitur.
901 5524 969 5579 Ut
1001 5535 1175 5580 autem
1215 5541 1319 5581 non
1351 5528 1625 5595 moriatur,
1660 5529 1708 5583 id
1732 5538 1834 5593 est,

247 5623 303 5667 ut
330 5630 436 5668 non
468 5619 863 5687 cxstinguatur,
892 5634 998 5673 non
1029 5620 1149 5690 quia
1180 5621 1403 5675 moritur
1432 5621 1633 5687 animo,
1659 5622 1752 5677 sed
1779 5632 1836 5677 ut

245 5708 541 5773 corporalis
582 5707 695 5761 hare
725 5708 827 5762 vita
858 5718 1036 5765 nostra
1074 5727 1177 5764 non
1212 5711 1594 5782 exstinguatur,
1622 5719 1674 5765 et
1694 5727 1836 5782 qtue-

246 5790 366 5853 d-‘uu
394 5796 547 5866 quasi
578 5798 873 5868 vigilatioin
895 5799 993 5854 isto
1021 5816 1239 5873 corpore
1270 5800 1537 5871 succedat,
1569 5802 1830 5858 currimus

1611 362 1835 422 SERMO
1874 361 2157 419 CCCLX".

3384 368 3513 424 iliis

1924 486 1977 533 et
2005 478 2314 549 subiicimus
2344 481 2486 553 quod
2526 485 2744 540 recessit
2766 529 2779 553 ,
2810 494 2863 542 et
2890 485 3107 543 reﬁcere
3133 487 3377 544 dicimur.
3403 488 3502 555 Qui

1923 568 2051 625 dicit
2078 571 2243 639 reﬁci,
2278 571 2402 643 quid
2438 574 2628 642 reﬁcit,
2657 577 2702 633 si
2744 579 2872 636 nihil
2895 580 3113 638 deﬁcit?
3140 582 3241 637 Per
3264 580 3503 654 indigen-

1925 662 2050 717 tiam
2078 679 2205 735 ergo
2230 665 2366 721 hanc
2388 673 2442 722 et
2461 669 2852 739 corruptionem
2869 673 3029 729 etiam
3052 674 3296 731 morituri
3322 691 3508 732 sumus

1924 768 2112 811 omnes
2135 796 2150 823 ,
2204 756 2326 827 quia
2370 757 2474 813 tale
2502 769 2584 815 est
2621 760 2720 817 hoc
2752 778 2966 835 corpus,
2995 773 3053 821 ut
3077 766 3127 822 ei
3151 781 3298 823 mors
3326 766 3501 826 debita

1925 855 2245 902 reservetur.
2276 848 2421 906 llanc
2439 850 2581 906 enim
2598 854 2974 912 mortalitatem
2992 857 3293 929 signiﬁcant
3316 859 3508 933 pelles.

1926 939 2118 1009 quibus
2148 940 2314 996 induti
2346 952 2470 997 sunt
2493 943 2662 999 Adam
2692 954 2746 1001 et
2777 946 2908 1011 Eva,
2938 956 2991 1004 et
3019 950 3224 1009 dimissi
3254 950 3324 1008 de
3349 966 3510 1021 para-

1925 1030 2043 1086 diso
2074 1030 2226 1103 (Gen.
2255 1048 2333 1099 lli,
2364 1033 2580 1105 21-24).
2614 1036 2789 1092 Pelles
2814 1038 2956 1094 enim
2982 1048 3209 1096 mortem
3248 1040 3505 1109 indicant,

1927 1138 2043 1193 qua:
2070 1138 2100 1178 a
2130 1125 2354 1181 mortuis
2389 1127 2680 1196 pecudibus
2725 1129 2934 1190 detrahi
2977 1131 3171 1192 solent.
3208 1133 3342 1189 Cum
3385 1148 3513 1205 ergo

1929 1220 2202 1284 portamus
2240 1214 2396 1270 istam
2444 1214 2801 1273 defectibilem
2850 1219 3228 1289 inﬁrmitatem,
3280 1222 3367 1281 cui
3411 1224 3513 1279 etsi

1928 1303 2076 1358 cibus
2104 1319 2373 1374 nunquam
2403 1305 2563 1374 desit,
2596 1308 2690 1364 sed
2717 1310 2939 1367 subinde
2968 1319 3181 1381 reparet
3209 1313 3371 1380 vires,
3406 1330 3513 1372 non

1928 1402 2108 1451 tamen
2147 1394 2308 1452 efﬁcit
2350 1406 2409 1452 ut
2452 1412 2597 1455 mors
2628 1415 2735 1455 non
2762 1402 2832 1456 sit
2856 1402 3027 1458 futura
3056 1402 3222 1476 (totus
3250 1406 3393 1466 enim
3423 1406 3514 1463 ille

1932 1494 2102 1541 status
2126 1489 2365 1558 corporis
2390 1504 2485 1565 per
2505 1491 2851 1550 succedentes
2867 1503 3073 1565 :etates,
3091 1496 3300 1554 etiamsi
3316 1497 3513 1555 diutius

1930 1575 2016 1631 hic
2042 1575 2254 1632 vivatur
2275 1620 2291 1646 ,
2323 1579 2501 1635 veniet
2532 1580 2817 1652 aliquando
2853 1584 2921 1640 ad
2952 1587 3512 1649 terminumsenectu-

1932 1666 2016 1733 tis,
2050 1676 2107 1723 et
2134 1667 2270 1722 ultra
2298 1684 2403 1738 quo
2420 1671 2721 1743 porrigatur
2748 1688 2854 1730 non
2883 1675 3117 1734 inveniet
3137 1678 3239 1733 nisi
3261 1686 3513 1736 mortem.

1930 1757 2061 1813 Nam
2089 1768 2143 1815 et
2168 1759 2384 1816 lucerna
2413 1763 2546 1833 ipsa,
2575 1765 2784 1822 etiamsi
2824 1768 3049 1824 subinde
3091 1784 3305 1842 semper
3334 1772 3517 1828 mittas

1930 1850 2127 1913 oleum,
2159 1867 2263 1908 non
2290 1854 2432 1909 valet
2457 1870 2669 1927 semper
2688 1859 2905 1925 ardere;
2926 1860 3069 1931 quia,
3093 1870 3153 1920 ut
3169 1863 3285 1918 aliis
3304 1863 3520 1922 casibus

1942 1960 2047 1999 non
2076 1945 2466 2015 exstinguatur,
2494 1948 2606 2023 ipsa
2634 1957 2787 2020 stupa
2808 1950 3004 2019 deficit,
3031 1959 3085 2006 et
3113 1952 3339 2022 quadam
3367 1954 3519 2023 quasi

1930 2044 2209 2093 senectute
2250 2039 2616 2109 consumitur)
2650 2041 2944 2110 :quamdiu
2985 2056 3113 2115 ergo
3140 2043 3264 2098 talia
3292 2058 3517 2114 corpora

1930 2127 2182 2196 gerimus,
2199 2143 2261 2183 ex
2281 2127 2491 2183 defectu
2504 2116 2820 2200 indigemus,
2839 2147 2904 2186 ex
2927 2131 3211 2202 indigentia
3229 2135 3519 2203 esurimus,

1932 2230 1996 2272 ex
2019 2216 2194 2272 esurie
2211 2218 2620 2274 manducamus.
2632 2221 2861 2291 Angelus
2880 2237 3007 2278 vero
3030 2237 3136 2279 non
3151 2239 3218 2279 ex
3233 2223 3520 2296 indigentia

1932 2308 2234 2364 manducat.
2262 2311 2418 2365 Aliud
2443 2321 2526 2368 est
2547 2312 2689 2368 enim
2715 2329 2781 2369 ex
2808 2321 3071 2384 potestate
3099 2315 3295 2387 aliquid
3322 2316 3518 2382 facere,

1932 2399 2073 2454 aliud
2104 2416 2169 2455 ex
2205 2404 2541 2460 necessitate.
2584 2405 2863 2461 Manducat
2891 2406 3073 2471 homo,
3102 2423 3170 2463 ne
3214 2409 3472 2469 moriatur
3502 2427 3519 2464 :

1932 2489 2213 2546 manducat
2229 2494 2532 2563 angelus,ut
2546 2496 2858 2552 mortalibus
2868 2498 3204 2569 congruaLSi
3220 2501 3363 2557 enim
3380 2515 3523 2557 mor-

1934 2587 2041 2636 tem
2063 2596 2169 2637 non
2192 2583 2344 2639 timet
2362 2586 2602 2656 angelus,
2626 2602 2731 2642 non
2753 2602 2819 2643 ex
2841 2586 3048 2645 defectu
3066 2589 3302 2646 reﬁcitur
3318 2609 3333 2646 :
3348 2592 3394 2648 si
3414 2607 3522 2651 non

1934 2687 1998 2728 ex
2020 2674 2227 2730 defectu
2252 2676 2487 2732 reﬁcitur
2505 2719 2519 2745 ,
2551 2693 2656 2733 non
2683 2693 2749 2734 ex
2776 2678 3065 2750 indigentia
3090 2681 3392 2737 manducat.
3420 2682 3522 2749 Qui

1935 2772 2113 2819 autem
2155 2766 2402 2823 videbant
2431 2769 2677 2839 angelum
2722 2771 3064 2839 manducare,
3102 2781 3350 2845 tanquam
3396 2789 3522 2831 esu-

1935 2855 2161 2912 rientem
2197 2859 2473 2927 putabant.
2508 2860 2619 2916 lloc
2644 2870 2726 2917 est
2753 2863 2894 2932 quod
2923 2865 3017 2931 ait,
3049 2864 3172 2922 Visa
3201 2877 3362 2927 vestro
3388 2868 3524 2928 vide-

1938 2948 2084 3002 batis.
2116 2947 2231 3003 Non
2261 2950 2402 3004 enim
2441 2951 2593 3017 dixit,
2622 2952 2894 3010 Videbatis
2920 2970 3007 3011 me
3042 2956 3363 3013 manducare
3383 2999 3397 3024 ,
3428 2959 3525 3016 sed

1938 3052 2042 3092 non
2072 3039 2385 3096 manducavi
2412 3058 2425 3095 :
2459 3039 2735 3109 Videbatis,
2767 3043 2956 3114 inquit,
2985 3062 3066 3100 me
3090 3048 3414 3116 manducare,
3438 3050 3527 3104 sed

1938 3131 2046 3185 visu
2069 3140 2228 3186 vestro
2258 3133 2536 3201 videbatis;
2559 3134 2611 3190 id
2638 3144 2744 3203 est,
2764 3151 2863 3205 ego
2885 3138 3271 3203 manducabam
3295 3150 3352 3195 ut
3377 3142 3547 3196 vobis.

1940 3240 2322 3297 congruerem,
2362 3244 2467 3284 non
2499 3231 2619 3300 quia
2652 3230 2844 3286 famem
2876 3232 3038 3287 ullam
3067 3242 3159 3288 aut
3185 3233 3528 3304 indigentiam

1941 3320 2195 3390 patiebar,
2222 3335 2325 3390 qua
2355 3330 2580 3392 cogente
2616 3337 2713 3377 vos
2761 3323 3083 3380 manducare
3126 3325 3476 3381 consuevistis
3508 3368 3527 3392 ,

1941 3420 1996 3467 et
2035 3413 2153 3467 ideo
2197 3428 2332 3483 quos
2372 3413 2695 3475 manducare
2739 3414 2994 3481 videritis,
3045 3432 3109 3471 ex
3152 3416 3444 3487 indigentia
3475 3417 3527 3474 id

1943 3503 2056 3559 ﬁeri
2100 3505 2478 3575 suspicamini,
2509 3506 2598 3577 qui
2626 3521 2690 3560 ex
2716 3515 2894 3562 vestra
2938 3509 3325 3567 consuetudine
3367 3509 3525 3571 meti-

1943 3596 2073 3650 mlni
2092 3596 2233 3665 quod
2261 3595 2449 3651 videtis
2478 3613 2491 3649 :
2522 3596 2624 3651 hoc
2646 3604 2747 3662 est,
2778 3598 2886 3653 visu
2910 3608 3068 3655 vestro
3096 3599 3357 3654 videbatis.

1934 3752 1935 3755 η
2013 3686 2240 3742 CAPUT
2277 3686 2557 3743 IUL—12.
2580 3688 2927 3743 Manducandi
2942 3699 3159 3760 potestas
3181 3698 3528 3761 postresttrre:

1944 3782 2156 3836 ctionem
2176 3783 2288 3849 erit,
2319 3783 2445 3836 sicut
2465 3783 2518 3837 in
2539 3782 2755 3849 Christo,
2781 3800 2881 3837 non
2910 3785 3195 3839 necessitas.
3220 3784 3357 3851 Quid
3377 3800 3529 3855 ergo,

1946 3869 2135 3926 fratres
2165 3871 2302 3926 mei?
2330 3872 2554 3940 Scimus,
2578 3873 2717 3927 sicut
2742 3872 2869 3927 dicit
2892 3874 3202 3943 Apostolus,
3234 3874 3353 3945 quia
3377 3874 3532 3935 Cltri-g

1945 3971 2051 4017 stus
2091 3980 2355 4035 resurgens
2399 3980 2462 4019 ea:
2500 3965 2713 4019 mortuis
2732 3965 2843 4036 jam
2869 3981 2969 4020 non
2998 3966 3233 4034 moritur,
3261 3976 3308 4021 et
3332 3983 3468 4021 mors
3486 3967 3534 4033 ei

1948 4057 2082 4109 ultra
2108 4073 2210 4110 non
2246 4057 2606 4110 dominabitur.
2634 4056 2781 4123 Quod
2801 4058 2931 4110 enim
2954 4065 3179 4113 mortuus
3204 4065 3276 4110 est
3301 4066 3525 4125 peccato,

1946 4156 2171 4200 mortuus
2201 4156 2273 4201 est
2301 4148 2453 4200 semel
2480 4163 2498 4200 :
2518 4147 2651 4217 quod
2690 4155 2856 4200 autent
2880 4145 2995 4202 vivit
3013 4187 3037 4215 ,ν
3056 4146 3176 4200 vivit
3212 4145 3320 4200 Deo
3351 4144 3528 4217 (Rom.

1946 4251 2020 4303 vt,
2046 4236 2078 4292 9
2104 4246 2150 4289 et
2174 4235 2286 4308 10).
2314 4234 2368 4290 Si
2401 4250 2529 4306 ergo
2558 4235 2649 4295 ille
2670 4235 2784 4306 jam
2806 4251 2914 4295 non
2938 4235 3193 4303 moritur,
3230 4244 3284 4290 et
3307 4250 3451 4290 mors
3481 4235 3531 4299 ei

1948 4328 2084 4382 ultra
2125 4343 2229 4384 non
2265 4328 2658 4394 dominabitur;
2686 4329 2763 4383 sic
2792 4344 2889 4384 nos
2915 4337 3312 4393 resurrecturos
3346 4345 3529 4399 sperc—

1946 4436 2089 4485 mus,
2111 4430 2167 4475 ut
2190 4421 2243 4474 in
2265 4434 2329 4475 eo
2354 4428 2495 4475 statu
2519 4420 2934 4490 sempersimus,
2958 4421 3009 4475 in
3032 4436 3188 4492 quem
3210 4420 3535 4492 resurgendo

1947 4512 2292 4574 mutabimur.
2332 4511 2687 4569 lilanducandi
2733 4522 2911 4580 autem
2961 4513 3276 4576 etbibendi
3326 4514 3535 4575 etiamsi

1948 4614 2184 4676 potestas
2230 4606 2685 4673 crit,rnccessitas
2716 4622 2821 4663 non
2857 4607 2979 4667 erit.
3010 4606 3137 4665 Erat
3183 4614 3362 4663 autem
3407 4616 3536 4662 tunc

1946 4700 2166 4757 curhoc
2192 4700 2389 4756 faceret
2422 4701 2715 4767 Dominus,
2744 4702 2868 4771 quia
2902 4708 3053 4755 erant
3083 4699 3256 4757 adhuc
3282 4700 3338 4755 in
3372 4715 3551 4757 carnes

1948 4792 2139 4862 quibus
2192 4791 2353 4847 vellet
2408 4806 2742 4861 congruere,
2795 4790 2988 4861 quibus
3045 4791 3205 4845 etiam
3259 4792 3536 4849 cicatrices

1948 4883 2233 4939 ostendere
2276 4884 2461 4945 voluit.
2505 4883 2620 4938 Non
2664 4883 2804 4938 enim
2852 4883 2941 4952 qui
2987 4882 3111 4938 fecit
3159 4884 3343 4939 oculos
3380 4885 3535 4953 cmci,

1948 4992 2082 5053 quos
2109 4978 2171 5041 in
2192 4978 2377 5031 matris
2408 4985 2561 5031 utero
2590 4991 2694 5030 non
2725 4985 3025 5047 acceperat,
3057 4978 3171 5032 sine
3196 4976 3532 5033 cicatricibus

1947 5083 2227 5138 resurgere
2253 5082 2358 5123 non
2389 5067 2617 5122 valebat.
2646 5067 2745 5135 Qui
2773 5068 2817 5121 si
2847 5067 3008 5124 vellet
3036 5060 3203 5138 ipsius
3220 5069 3397 5131 carnis
3422 5084 3538 5126 sum

1949 5161 2226 5221 mortalem
2257 5159 2603 5231 indigentiam
2637 5171 2764 5219 ante
2807 5170 3036 5216 mortem
3073 5161 3144 5216 ita
3167 5171 3535 5230 commutare,
3588 5203 3592 5206 .

1949 5263 2137 5315 utnon
2183 5253 2405 5310 haberet
2444 5252 2674 5323 aliquam
2702 5251 3033 5308 necessitatis
3071 5253 3324 5322 inopiam,
3353 5259 3538 5323 posset

1948 5347 2172 5418 utique:
2220 5346 2272 5400 in
2312 5360 2474 5407 manu
2510 5345 2653 5401 enim
2696 5345 2960 5410 habebat,
2986 5345 3110 5415 quia
3154 5345 3295 5399 Deus
3322 5354 3438 5401 crat
3481 5346 3533 5400 in

1948 5452 2129 5503 carne,
2153 5445 2208 5492 ct
2236 5436 2576 5506 onmipotens
2602 5435 2788 5501 Filius,
2823 5436 2960 5490 sicut
2979 5434 3319 5505 omnipotens
3349 5435 3529 5493 Pater.

1948 5527 2077 5582 Nam
2105 5536 2159 5582 et
2189 5528 2355 5597 ipsam
2384 5542 2602 5587 carnem
2650 5540 2800 5581 suam
2830 5535 2955 5582 ante
2976 5534 3203 5581 mortem
3233 5526 3455 5581 mutavit
3481 5527 3534 5582 in

1948 5619 2088 5692 quod
2137 5619 2320 5673 voluit.
2366 5618 2420 5673 In
2462 5628 2641 5673 monte
2696 5618 2891 5689 quippe
2936 5633 3055 5673 cum
3105 5617 3378 5687 discipulis
3413 5633 3537 5677 cum

1949 5721 2108 5777 esset,
2144 5712 2278 5773 sicut
2308 5710 2385 5765 sol
2416 5709 2686 5779 splenduit
2714 5712 2890 5765 vultus
2913 5711 3028 5780 ejus
3048 5709 3257 5781 (Matth.
3290 5725 3419 5776 xvu,
3450 5712 3531 5781 2).

1951 5804 2058 5863 lloc
2104 5812 2277 5863 autem
2307 5811 2564 5873 potestate
2605 5802 2761 5871 fecit,
2790 5803 3071 5860 ostendere
3105 5804 3290 5861 volens
3318 5805 3439 5878 quia
3481 5816 3532 5861 et
