4080 6360
557 347 696 403 ibi!)

555 463 721 534 ipsam
752 473 965 516 carnem
996 469 1147 511 suam
1175 461 1356 526 posset
1381 453 1449 509 ab
1484 451 1627 510 omni
1656 447 1946 520 indigentia
1980 461 2134 502 com-

556 566 782 622 mutare,
805 564 981 608 utnon
1003 558 1299 608 moreretur
1321 548 1368 606 si
1389 549 1571 606 nollet.
1592 546 1918 611 Potestatem,
1943 543 2136 614 inquit:

557 645 716 700 habeo
741 644 958 715 ponendi
983 643 1202 696 animum
1238 658 1399 696 meam
1418 683 1432 708 ,
1464 651 1510 694 et
1541 648 1829 709 potestatem
1860 638 2016 692 habeo
2042 638 2139 690 ite-

555 755 667 792 rum
684 735 911 792 sumendi
926 751 1054 790 eam.
1085 733 1249 789 Nemo
1267 750 1377 788 eam
1400 732 1528 788 tollit
1558 748 1589 784 a
1615 748 1693 787 me
1725 729 1981 801 (Joan.~x,
2024 727 2136 799 i8).

557 823 804 897 Potestas
826 828 942 884 hinc
981 843 1167 898 magna
1191 870 1207 894 ,
1235 843 1338 898 qua
1381 834 1557 897 posset
1596 832 1651 880 et
1693 839 1799 878 non
1828 823 1963 878 mori
1998 840 2011 876 :
2046 822 2138 877 sed

557 921 729 990 major
778 919 1176 983 misericordia,
1206 934 1309 989 qua
1343 916 1507 972 voluit
1541 917 1694 972 mori.
1726 915 1807 970 Ad
1850 915 1953 969 hoc
1996 913 2138 968 enim

553 1013 686 1071 fecit
717 1029 812 1085 per
849 1009 1267 1070 misericordiam
1288 1053 1304 1080 ,
1328 1011 1467 1082 quod
1513 1019 1693 1080 posset
1721 1017 1775 1064 et
1810 1023 1913 1062 non
1952 1007 2134 1062 facere

556 1119 655 1175 per
682 1112 995 1176 potestatem
1017 1144 1030 1170 ,
1065 1113 1122 1158 ut
1163 1101 1318 1158 nobis
1355 1103 1702 1157 constitueret
1731 1099 2132 1155 fundamentum

559 1196 967 1252 resurrectionis
1010 1213 1031 1254 ξ
1063 1205 1121 1250 ut
1161 1193 1291 1250 illud
1331 1192 1471 1265 quod
1509 1200 1724 1264 propter
1767 1205 1865 1247 nos
1908 1187 2133 1244 mortale

558 1285 828 1356 portabat,
849 1294 904 1342 et
939 1293 1265 1352 moreretur,
1295 1285 1418 1356 quia
1457 1281 1698 1338 morituri
1742 1295 1957 1345 sumus;
1986 1289 2040 1333 et
2067 1276 2136 1334 ad

554 1377 1010 1433 immortalitatem
1038 1384 1370 1446 resurgeret,
1394 1385 1450 1432 ut
1474 1372 1920 1429 immortalitatem
1947 1383 2134 1440 spere-

555 1483 697 1524 mus.
743 1467 972 1539 Ideoque
1004 1477 1126 1526 ante
1149 1475 1377 1522 mortem
1415 1480 1522 1521 non
1551 1464 1724 1520 solum
1765 1463 2020 1532 scriptum
2055 1471 2138 1517 est

557 1557 680 1629 quia
701 1556 1037 1612 manducavit
1061 1564 1114 1612 et
1148 1555 1310 1622 bibit,
1337 1554 1430 1610 sed
1459 1553 1618 1610 etiam
1653 1553 1775 1623 quia
1815 1552 2036 1608 esurivit
2083 1559 2138 1606 et

556 1652 723 1707 sitivit
748 1651 961 1722 (Matth.
990 1667 1062 1715 IV,
1093 1650 1164 1706 22
1185 1692 1199 1715 ,
1229 1660 1276 1706 et
1295 1648 1449 1704 Joan.
1477 1664 1565 1704 xix
1587 1688 1602 1714 ,
1631 1647 1721 1719 28)
1755 1665 1770 1700 :
1801 1654 1922 1716 post
1948 1659 2134 1700 resur-

555 1746 848 1807 rectionem
897 1754 1099 1799 tantum
1128 1744 1251 1814 quia
1295 1751 1349 1797 et
1386 1739 1721 1796 manducavit
1748 1746 1802 1794 et
1831 1737 1996 1802 bibit,
2030 1750 2134 1792 non

554 1843 730 1890 autem
770 1835 892 1905 quia
933 1835 1150 1889 esurivit
1183 1842 1237 1891 et
1277 1833 1478 1897 sitivit;
1509 1830 1634 1901 quia
1664 1830 1716 1884 in
1759 1842 1985 1898 corpore
2028 1841 2135 1882 non

555 1924 783 1996 amplius
826 1926 1085 1980 morituro
1110 1938 1214 1979 non
1242 1932 1356 1978 erat
1383 1923 1468 1978 illa
1503 1919 1792 1990 indigentia
1833 1917 2135 1987 corruptio-

556 2010 658 2085 nis,
684 2027 741 2074 ut
769 2027 910 2074 esset
947 2018 1239 2074 necessitas
1264 2015 1568 2073 refectionis
1587 2056 1602 2075 .
1633 2015 1728 2071 sed
1757 2022 1870 2071 erat
1898 2022 2134 2084 potestas

554 2109 766 2166 edendi.
793 2110 1012 2166 Factum
1034 2117 1116 2166 est
1144 2125 1302 2168 causa
1326 2108 1650 2180 congruendi
1673 2150 1690 2175 ,
1719 2123 1826 2163 non
1851 2117 1910 2164 ut
1945 2107 2136 2164 subve-

554 2205 761 2261 niretur
787 2203 983 2276 inopiae
1009 2202 1186 2260 carnis
1207 2245 1221 2271 ,
1243 2202 1337 2258 sed
1361 2208 1417 2257 ut
1439 2201 1755 2257 suaderetur
1785 2199 1988 2256 veritas
2010 2213 2135 2256 cor-

556 2297 723 2366 poris.

649 2386 874 2445 CAPUT
921 2386 1062 2444 Xlll.
1091 2415 1165 2429 —-
1207 2387 1293 2443 l5.
1348 2384 1590 2455 Qutestio,
1619 2383 1867 2458 quomodo
1917 2399 2034 2437 caro
2088 2391 2136 2437 et

555 2479 764 2550 sanguis
808 2496 909 2534 non
958 2477 1229 2548 possidebit
1269 2494 1478 2549 regnum
1516 2475 1634 2531 Dei.
1683 2475 1956 2532 Adversus
1998 2474 2133 2529 hanc

557 2578 755 2625 tantam
771 2569 1112 2633 evidentiam,
1137 2568 1371 2622 nonnulli
1401 2567 1552 2622 nobis
1565 2583 1630 2623 ex
1655 2568 1910 2637 Apostolo
1939 2566 2135 2623 faciunt

554 2661 900 2730 quaestionem
932 2678 947 2715 :
977 2669 1160 2714 contra
1187 2658 1342 2714 istam
1360 2659 1555 2730 quippe
1571 2658 2133 2729 disputationem,vide

554 2751 680 2821 quid
720 2751 994 2822 objiciunt.
1052 2751 1190 2816 Non,
1247 2752 1509 2822 inquiunt,
1565 2757 1805 2820 resurget
1857 2765 2036 2804 caro:
2085 2751 2132 2805 si

554 2844 697 2899 enim
726 2853 986 2914 resurget,
1011 2841 1300 2912 possidebit
1327 2857 1543 2913 regnum
1577 2841 1701 2906 Dei;
1728 2849 1911 2910 aperte
1954 2848 2130 2896 autem

555 2933 683 2988 dicit
707 2933 1015 3004 Apostolus,
1042 2932 1173 2989 Caro
1201 2943 1247 2990 et
1271 2934 1477 3004 sanguis
1502 2949 1709 3003 regnum
1730 2930 1827 2984 Dei
1851 2947 1951 2984 non
1975 2931 2134 3000 possi-

555 3025 708 3079 debit.
759 3025 1016 3089 Audistis,
1065 3039 1188 3080 cum
1238 3025 1524 3094 Apostolus
1568 3024 1848 3093 legeretur.
1899 3021 2133 3077 Dicimus

557 3130 773 3170 carnem
801 3130 1080 3185 resurgere
1097 3156 1111 3180 ,
1137 3123 1193 3170 et
1217 3113 1410 3170 clamat
1438 3113 1749 3182 Apostolus,
1775 3109 1907 3167 Caro
1934 3121 1983 3167 et
2016 3128 2138 3166 san-

553 3207 668 3278 guis
688 3223 892 3277 regnum
918 3205 1014 3260 Dei
1053 3222 1154 3260 non
1193 3204 1482 3276 possidebit.
1510 3203 1650 3273 Ergo
1683 3211 1868 3258 contra
1907 3202 2135 3272 Aposto-

553 3295 664 3351 lum
689 3296 1058 3366 praedicamus,
1090 3303 1182 3351 aut
1208 3297 1318 3364 ipse
1344 3303 1526 3348 contra
1557 3293 1894 3363 Evangelium
1937 3291 2133 3362 praedi-

553 3387 731 3442 cavit?
755 3386 1098 3458 Evangelium
1122 3385 1297 3440 divina
1325 3399 1454 3439 voce
1482 3392 1734 3450 testatur,
1775 3381 1988 3437 Verbum
2014 3399 2132 3437 caro

555 3479 748 3548 factum
775 3488 880 3543 est,
909 3487 953 3533 et
979 3478 1216 3532 habitavit
1254 3477 1307 3530 in
1333 3477 1472 3532 nobis
1501 3475 1677 3548 (Joan.
1711 3491 1749 3542 ι,
1785 3475 1896 3545 14).
1927 3474 1982 3530 Si
2009 3489 2135 3530 caro

554 3569 750 3624 factum
794 3579 909 3635 est,
936 3583 1060 3622 vera
1093 3582 1220 3623 caro
1263 3566 1454 3622 factum
1489 3575 1588 3621 est.
1619 3566 1750 3621 Nam
1780 3565 1823 3620 si
1859 3579 1965 3620 non
2007 3577 2134 3618 vera

556 3671 719 3724 caro,
751 3673 851 3714 nec
899 3673 1043 3713 caro.
1069 3657 1218 3713 Sicut
1254 3673 1378 3712 vera
1421 3671 1545 3712 caro
1587 3655 1802 3722 Mariae,
1840 3670 1964 3712 vera
2006 3669 2133 3709 caro

559 3749 778 3820 Christi,
807 3766 925 3821 quae
973 3750 1094 3806 inde
1123 3759 1366 3820 suscepta
1391 3758 1488 3804 est.
1530 3749 1654 3802 Haec
1677 3763 1803 3802 vera
1828 3761 1954 3802 caro
1987 3761 2136 3802 com-

557 3841 839 3910 prehensa,
861 3839 1142 3912 flagellata,
1167 3839 1516 3912 colaphizata,
1545 3851 1835 3906 suspensa;
1870 3835 1983 3890 lucc
2009 3851 2133 3890 vera

557 3946 680 3986 caro
721 3939 927 3987 mortua
947 3972 964 4000 ,
992 3931 1107 3988 lucc
1135 3947 1259 3986 vera
1293 3945 1418 3985 caro
1460 3929 1664 3998 sepulta
1701 3937 1816 3993 est;
1848 3925 1964 3982 htec
2007 3941 2132 3982 vera

559 4035 684 4076 caro
718 4035 747 4074 a
786 4031 957 4076 morte
982 4022 1142 4077 etiam
1191 4019 1501 4076 resurrexit.
1538 4018 1787 4073 Reddunt
1829 4017 2130 4072 testimonia

555 4111 859 4166 cicatrices:
878 4111 1059 4166 vident
1079 4111 1215 4166 oculi
1235 4110 1636 4181 discipulorum,
1651 4118 1703 4164 et
1723 4109 1895 4164 adhuc
1917 4108 2134 4164 fluctuat

558 4202 873 4268 admiratio;
914 4202 1214 4272 compalpat
1264 4217 1488 4265 manus,
1533 4216 1600 4256 ne
1653 4200 1858 4256 dubitet
1901 4201 2130 4255 animus.

556 4289 752 4346 Contra
780 4299 978 4346 tantam
1026 4292 1340 4348 evidentiam
1367 4332 1381 4356 ,
1412 4292 1630 4358 fratres,
1655 4307 1810 4362 quam
1840 4291 1942 4348 hoc
1965 4291 2134 4358 fmodo

558 4383 723 4453 poluit
751 4381 1009 4438 Dominus
1037 4394 1217 4439 noster
1244 4383 1400 4438 Jesus
1423 4384 1665 4438 Christus
1692 4385 2009 4454 persuadere
2047 4383 2131 4438 di-

560 4472 775 4542 scipnlis
804 4487 920 4529 eam
952 4489 1047 4543 per
1075 4474 1257 4529 orbem
1289 4482 1545 4527 terrarum
1582 4475 1977 4543 prmdicaturis;
2007 4488 2134 4528 con-

566 4569 641 4614 tra
693 4562 828 4618 hanc
890 4563 1207 4620 evidentiam
1270 4579 1503 4634 pugnare
1551 4564 1758 4619 videtur
1807 4564 2129 4634 Apostolus,

568 4653 750 4709 dicens
780 4671 795 4708 :
826 4653 957 4708 Caro
983 4663 1028 4708 et
1051 4655 1258 4724 sanguis
1283 4671 1492 4723 regnum
1521 4653 1614 4708 Dei
1640 4671 1738 4708 non
1763 4653 2068 4724 possidebit?

627 4743 716 4797 14.
737 4741 964 4798 Solvitur
991 4745 1218 4814 quwstio.
1247 4742 1424 4797 Prima
1456 4745 1702 4814 expositio
1727 4743 1971 4813 Apostoli.
2003 4741 2133 4798 Pos-

561 4849 743 4889 semus
768 4833 905 4888 hanc
925 4835 1268 4904 quaestionem
1309 4836 1379 4890 ita
1411 4836 1619 4892 solvere
1641 4878 1656 4902 ,
1683 4846 1737 4890 et
1762 4835 2011 4890 resistere
2036 4850 2132 4889 va-

556 4924 639 4979 nis
681 4925 1147 4981 calumniatoribus
1191 4944 1207 4982 :
1259 4939 1622 4981 verumtamen
1667 4935 1722 4981 et
1753 4928 1829 4980 sic
1872 4926 2129 4994 solvetur,

557 5015 826 5084 quomodo
851 5024 1029 5085 potest
1056 5016 1161 5071 cito
1190 5017 1527 5086 responderi,
1555 5026 1610 5072 et
1635 5016 1960 5086 diligentius,
1989 5017 2130 5086 quod

557 5104 628 5156 ait
659 5104 963 5173 Apostolus,
991 5105 1444 5160 considerabimus
1479 5106 1621 5161 unde
1661 5105 1729 5160 sit
1754 5105 1973 5161 dictum.
2006 5107 2134 5161 Dico

559 5211 684 5264 ergo
710 5195 977 5265 quomodo
1013 5197 1278 5267 possimus
1323 5197 1568 5252 facillime
1614 5198 1955 5268 respondere.
1998 5197 2134 5264 Quid

560 5286 721 5342 habet
751 5287 1135 5359 Evangelium?
1165 5289 1314 5358 Quod
1361 5289 1650 5344 resurrexit
1687 5288 1930 5344 Christus
1974 5290 2028 5344 in
2066 5303 2133 5344 eo

559 5392 782 5449 corpore
802 5420 816 5445 ,
849 5394 955 5449 quo
984 5380 1222 5448 sepultus
1262 5389 1382 5435 est:
1414 5378 1535 5450 quia
1566 5379 1728 5443 visus,
1754 5381 1875 5450 quia
1922 5390 2134 5435 contre-

559 5478 726 5525 ctatus
751 5479 852 5538 est,
884 5471 1004 5540 quia
1045 5471 1316 5541 discipulis
1337 5471 1412 5525 ait
1457 5471 1759 5541 putantibus
1797 5473 1936 5541 quod
1981 5473 2136 5542 spiri-

557 5569 639 5615 tus
674 5569 852 5629 esset,
883 5559 1132 5631 Palpate,
1155 5570 1201 5616 et
1228 5561 1386 5616 videte
1409 5603 1422 5626 ,
1450 5563 1568 5631 quia
1607 5563 1812 5633 spiritus
1845 5579 2046 5616 carnem
2089 5573 2134 5617 et

556 5668 668 5705 ossa
717 5669 818 5706 non
862 5653 1028 5720 habet,
1080 5655 1206 5710 sicut
1255 5670 1334 5707 me
1380 5654 1552 5708 videtis
1599 5655 1778 5708 habere
1805 5653 1954 5725 (Luc.
1987 5672 2131 5714 XXIV,

553 5743 622 5798 59
641 5744 680 5811 ).
741 5743 879 5813 Quid
930 5754 1112 5801 contra
1153 5745 1474 5815 Apostolus?
1519 5747 1648 5804 (loro
1684 5754 1727 5802 et
1765 5747 1999 5817 sanguis,
2051 5747 2132 5804 in-

1780 335 1833 391 S.
1879 332 2234 389 AUGUSTINI
2280 331 2576 388 EPlSCOPI

3675 349 3816 408 169.0

2247 445 2378 514 quit,
2401 464 2608 518 regnum
2633 449 2727 505 Dei
2764 468 2863 507 non
2903 455 3238 524 possidebunt.
3267 459 3578 530 Antpleetor
3602 473 3806 523 utrum-

2255 553 2388 607 que,
2439 556 2537 595 nec
2568 542 2686 598 dico
2718 543 2816 600 ista
2864 550 3145 618 pugnantia
3168 591 3184 616 ,
3214 567 3284 608 ne
3330 569 3429 626 ego
3479 557 3594 626 ipse
3633 571 3817 617 contra

2250 631 2519 686 stimulum
2544 649 2795 704 pugnem.
2821 636 3099 706 Quomodo
3124 655 3252 712 ergo
3290 644 3584 714 amplector
3607 657 3815 706 utrum-

2249 723 2393 792 que?
2429 725 2576 792 Cito,
2617 735 2676 780 ut
2719 727 2848 797 dixi,
2904 744 3115 800 possem
3161 734 3240 788 sic
3288 739 3610 806 respondere
3637 739 3821 809 :Apo-

2247 817 2413 872 stolus
2440 819 2532 884 ait,
2565 819 2694 875 Caro
2721 830 2766 876 et
2801 825 3005 894 sanguis
3032 841 3238 896 regnum
3264 826 3360 886 Dei
3384 830 3672 887 haereditate
3693 851 3817 904 pos-

2245 907 2405 962 sidere
2444 925 2546 963 non
2580 922 2804 980 possunt.
2831 913 2997 971 Recte
3028 915 3188 982 dixit;
3215 933 3320 973 non
3349 929 3432 974 est
3458 921 3598 975 enim
3638 924 3816 980 carnis

2245 998 2540 1066 possidere,
2585 1002 2679 1056 sed
2701 1004 2978 1071 possideri.
3016 1006 3127 1062 Non
3149 1010 3290 1064 enim
3315 1024 3506 1081 corpus
3533 1019 3682 1067 tuum
3720 1015 3818 1069 ali-

2242 1091 2365 1162 quid
2389 1094 2644 1162 possidet,
2669 1095 2761 1150 sed
2783 1097 2956 1152 anima
2979 1106 3063 1154 tua
3092 1115 3188 1170 per
3205 1117 3398 1172 corpus
3421 1106 3668 1174 possidet,
3692 1124 3815 1180 quas

2243 1187 2413 1257 ipsum
2440 1189 2598 1243 etiam
2618 1203 2810 1260 corpus
2835 1193 3090 1262 possidet.
3109 1193 3163 1251 Si
3179 1211 3308 1267 ergo
3333 1199 3410 1253 sic
3425 1201 3815 1272 resurgitcaro,

2243 1287 2299 1331 ut
2323 1277 2601 1348 habeatur,
2631 1297 2736 1336 non
2769 1281 2994 1350 habeat;
3024 1294 3081 1339 ut
3116 1287 3480 1358 possideatur,
3511 1307 3614 1350 non
3644 1296 3816 1363 possi—

2241 1367 2359 1426 deat
2384 1388 2397 1424 :
2421 1371 2544 1441 quid
2574 1373 2764 1428 mirum
2791 1375 2835 1430 si
2865 1391 2987 1432 caro
3013 1387 3066 1433 et
3091 1380 3307 1449 sanguis
3325 1396 3544 1452 regnum
3575 1383 3668 1440 Dei
3703 1401 3813 1442 non

2241 1461 2552 1530 possidebit,
2580 1465 2700 1534 quia
2734 1467 2914 1536 utique
2938 1469 3324 1538 possidebitur?
3349 1473 3482 1529 Nam
3503 1490 3595 1531 eos
3637 1478 3814 1547 possi-

2240 1551 2330 1606 det
2349 1567 2494 1621 caro,
2525 1556 2615 1625 qui
2637 1571 2741 1611 non
2783 1567 2906 1614 sunt
2932 1575 3150 1631 regnum
3189 1563 3302 1629 Dei,
3329 1565 3422 1621 sed
3451 1582 3670 1638 regnum
3696 1569 3814 1626 dia-

2241 1642 2368 1708 boli,
2397 1655 2452 1700 et
2477 1646 2596 1702 ideo
2615 1647 2811 1704 subditi
2839 1658 2964 1706 sunt
2981 1653 3336 1724 voluptatibus
3359 1659 3554 1715 carnis.
3579 1659 3732 1717 Unde
3756 1668 3814 1717 et

2241 1733 2330 1789 ille
2358 1737 2678 1808 paralyticus
2697 1741 2914 1810 grabato
2939 1744 3246 1813 portabatur
3273 1763 3287 1802 :
3315 1747 3409 1805 sed
3433 1757 3618 1804 sanato
3637 1751 3813 1807 Domi-

2239 1839 2339 1880 nus
2362 1826 2454 1890 ait,
2489 1826 2630 1884 Tolle
2649 1830 2908 1900 grabatum
2933 1841 3090 1899 tuum,
3131 1844 3176 1890 et
3203 1837 3328 1891 vade
3358 1839 3410 1891 in
3439 1837 3641 1893 domum
3669 1849 3813 1895 tuam

2244 1913 2429 1985 (Marc.
2460 1933 2516 1984 ιι,
2545 1918 2653 1989 ll).
2684 1918 2771 1975 Sic
2790 1936 2918 1992 ergo
2947 1924 3177 1998 paralysi
3205 1933 3386 1982 sanata
3414 1935 3559 1983 tenet
3591 1943 3813 1986 carnem

2239 2021 2409 2072 suam,
2440 2017 2494 2062 et
2543 2009 2687 2064 ducit
2719 2027 2824 2082 quo
2863 2015 3003 2068 vult:
3027 2031 3131 2070 non
3179 2031 3284 2087 quo
3304 2033 3411 2090 non
3439 2019 3602 2074 vulta
3647 2035 3812 2077 carne

2240 2099 2354 2168 ipse
2378 2101 2623 2169 trahitur,
2653 2113 2707 2159 et
2733 2115 2906 2174 portat
2924 2109 3100 2178 potius
3134 2123 3349 2178 corpus,
3387 2127 3546 2181 quam
3565 2121 3814 2182 portatur

2238 2203 2268 2242 a
2289 2204 2529 2260 corpore.
2554 2193 2884 2251 Manifestum
2911 2205 2992 2252 est
3032 2199 3173 2268 quod
3202 2199 3253 2254 in
3285 2200 3370 2254 illa
3415 2203 3814 2260 resurrectione

2239 2296 2345 2337 non
2371 2281 2587 2340 habebit
2611 2300 2737 2341 caro
2759 2287 3129 2345 illecebrarum
3151 2298 3396 2356 tractum,
3417 2300 3478 2348 ut
3501 2293 3662 2349 ducat
3683 2295 3810 2350 ani-

2238 2387 2379 2426 mam
2434 2387 2530 2442 per
2590 2376 2844 2446 quasdam
2899 2380 3226 2436 titillationes
3274 2391 3434 2452 atque
3485 2382 3813 2454 blanditias,

2238 2475 2343 2528 quo
2362 2462 2537 2517 anima
2565 2478 2667 2519 non
2694 2466 2826 2533 vult,
2848 2476 2903 2524 et
2930 2468 3236 2539 plerumque
3255 2479 3562 2542 superatur,
3589 2474 3808 2531 dicens:

2246 2551 2405 2608 Video
2468 2553 2622 2610 aliam
2676 2556 2833 2629 legem
2881 2559 2935 2612 in
2989 2558 3223 2614 membris
3277 2561 3402 2616 meis
3444 2575 3811 2634 repugnantem

2237 2643 2337 2717 legi
2383 2647 2563 2703 mentis
2588 2665 2711 2703 mete
2731 2690 2747 2715 ,
2777 2658 2826 2704 et
2868 2651 3116 2720 captivum
3164 2667 3246 2706 me
3291 2652 3551 2709 ducentem
3610 2656 3664 2710 in
3701 2657 3812 2727 lege

2239 2737 2448 2804 peccati,
2475 2753 2587 2807 quia
2612 2748 2682 2792 est
2703 2740 2755 2793 in
2779 2740 3008 2794 membris
3033 2742 3175 2796 meis.
3206 2741 3394 2798 Adhuc
3422 2753 3659 2814 portatur
3684 2760 3812 2816 grao

2237 2824 2361 2880 hato
2390 2827 2729 2897 paralyticus,
2759 2828 2988 2884 nondum
3017 2839 3193 2900 portat
3219 2850 3231 2886 :
3265 2834 3522 2890 exclamet
3543 2850 3690 2905 ergo,
3712 2835 3812 2890 In-

2238 2915 2363 2984 felix
2387 2931 2474 2986 ego
2505 2916 2676 2983 homo,
2703 2919 2814 2987 quis
2838 2934 2915 2972 me
2940 2919 3163 2974 liberabit
3190 2921 3252 2976 de
3277 2939 3486 2993 corpore
3521 2926 3694 2980 mortis
3720 2927 3814 2980 htt-

2227 3004 2352 3072 jus?
2380 3005 2815 3076 Respondeatur,
2845 3008 3021 3064 Gratia
3065 3010 3163 3066 Dei
3207 3029 3297 3084 per
3338 3013 3514 3069 Iesum
3553 3015 3809 3072 Christum

2236 3093 2512 3151 Dominum
2528 3108 2755 3153 nostrum
2776 3100 2951 3170 (Rom.
2974 3117 3066 3168 vn,
3087 3103 3305 3175 22-25).
3329 3105 3458 3162 Cum
3477 3121 3604 3177 ergo
3629 3122 3810 3164 resur-

2237 3187 2550 3251 rexerimus,
2570 3202 2673 3243 non
2692 3203 2790 3244 nos
2800 3204 2925 3245 caro
2941 3193 3190 3263 portabit,
3206 3193 3298 3249 sed
3325 3209 3420 3250 nos
3436 3210 3551 3250 eam
3571 3196 3807 3264 portabi-

2239 3291 2391 3331 mus:
2433 3277 2478 3332 si
2507 3292 2604 3334 nos
2631 3281 2956 3350 portabimus
2974 3324 2988 3350 ,
3023 3298 3121 3338 nos
3145 3299 3262 3338 eam
3289 3285 3674 3355 possidebimus
3703 3302 3719 3338 :
3759 3287 3808 3342 si

2238 3384 2336 3424 nos
2357 3384 2472 3425 eam
2495 3371 2904 3441 possidebimus,
2923 3390 3027 3428 non
3056 3375 3122 3429 ab
3151 3391 3210 3430 ea
3238 3376 3654 3445 possidebimur;
3683 3377 3810 3446 quia

2238 3459 2445 3516 liberati
2466 3475 2494 3514 a
2519 3460 2730 3517 diabolo
2754 3479 2973 3534 regnum
3002 3465 3097 3520 Dei
3126 3481 3309 3522 sumus
3340 3483 3352 3520 :
3381 3475 3536 3538 atque
3576 3468 3649 3522 ita
3682 3483 3810 3523 caro

2238 3559 2291 3606 et
2316 3552 2531 3622 sanguis
2555 3567 2774 3623 regnum
2798 3552 2889 3606 Dei
2912 3568 3014 3608 non
3039 3556 3346 3624 possidebit.
3369 3557 3505 3626 Ergo
3521 3557 3812 3612 calumnia-

2239 3650 2382 3697 tores
2408 3642 2480 3696 illi
2507 3643 2900 3706 conticescant,
2932 3644 3021 3713 qui
3049 3660 3173 3699 vere
3200 3655 3321 3700 sunt
3345 3660 3472 3701 caro
3495 3653 3548 3701 et
3573 3647 3808 3716 sanguis,

2239 3733 2292 3788 et
2334 3732 2464 3787 nihil
2495 3742 2717 3803 possunt
2753 3733 2853 3788 nisi
2888 3735 3172 3789 carnaliter
3197 3736 3444 3806 c0gitare.
3474 3736 3605 3804 Quia
3648 3737 3810 3792 etiam

2238 3821 2304 3876 de
2330 3823 2436 3878 illis
2464 3823 2516 3877 in
2562 3823 2746 3878 eadem
2776 3823 3050 3893 prudentia
3095 3827 3267 3880 carnis
3309 3827 3808 3895 perseverantibus,

2239 3913 2379 3968 unde
2401 3929 2525 3968 caro
2555 3923 2608 3970 et
2650 3916 2864 3986 sanguis
2904 3919 3095 3971 merito
3123 3919 3454 3987 appellantur
3475 3959 3490 3984 ,
3521 3928 3666 3974 recte
3703 3919 3810 3976 dici

2240 4005 2426 4075 potuit,
2450 4005 2580 4061 Caro
2605 4015 2650 4060 et
2674 4008 2882 4078 sanguis
2905 4026 3111 4077 regnum
3135 4009 3228 4063 Dei
3254 4027 3352 4064 non
3375 4012 3716 4080 possidebunt.

2308 4096 2534 4154 CAPUT
2557 4097 2768 4152 XIV.-—
2781 4099 2952 4153 Etiam
2972 4100 3070 4156 hoc
3097 4101 3252 4155 modo
3273 4103 3506 4156 solvatur
3527 4104 3640 4159 tunc
3663 4119 3810 4175 qua:-

2238 4190 2376 4244 stio:
2408 4191 2528 4259 quia
2558 4190 2690 4244 tales
2720 4189 2982 4258 homines,
3015 4192 3102 4261 qui
3135 4207 3258 4246 caro
3295 4201 3348 4246 et
3383 4194 3808 4269 sanguisappel-

2238 4282 2413 4337 lantur
2440 4281 2540 4351 (de
2565 4281 2753 4336 talibus
2801 4283 2941 4336 enim
2993 4285 3150 4338 etiam
3197 4285 3481 4353 Apostolus
3507 4284 3651 4347 dicit,
3686 4283 3809 4339 Non

2238 4385 2310 4429 est
2352 4374 2493 4429 nobis
2533 4374 2821 4428 colluctatio
2872 4375 3107 4430 adversus
3153 4392 3353 4430 carnem
3408 4387 3455 4430 et
3515 4377 3809 4446 sanguinem

2243 4464 2454 4538 [Ep/tes.
2485 4483 2558 4533 γι,
2595 4465 2728 4539 12]).
2747 4467 2791 4521 si
2818 4483 2922 4520 non
2953 4483 3010 4522 se
3035 4467 3100 4522 ad
3128 4467 3454 4538 Spiritualem
3489 4469 3648 4522 vitam
3676 4482 3811 4522 οοιιο

2239 4557 2514 4619 verterint,
2551 4564 2604 4612 et
2647 4558 2833 4625 spiritu
2875 4557 3010 4612 facta
3035 4558 3210 4613 carnis
3237 4555 3688 4623 mortiﬁcaverint,
3717 4571 3811 4612 re-

2238 4660 2398 4714 gnum
2426 4647 2516 4700 Dei
2548 4647 2820 4716 possidere
2851 4664 2953 4702 non
2985 4655 3251 4718 poterunt.

2312 4736 2395 4791 l5.
2445 4734 2622 4790 Verior
2666 4738 2887 4808 Apostoli
2931 4755 3122 4792 sensus.
3154 4737 3528 4793 Verumtamen
3571 4735 3696 4808 quid
3733 4737 3802 4795 ait

2237 4827 2562 4898 Apostolus,
2605 4830 2797 4884 dixerit
2836 4830 3064 4899 aliquis?
3092 4829 3182 4884 Ille
3220 4830 3361 4884 enim
3409 4831 3584 4884 verior
3621 4844 3808 4886 sensus

2239 4928 2339 4982 est,
2369 4920 2456 4988 qui
2482 4919 3130 4974 circumstantialectionis
3149 4920 3401 4989 aperitur.
3427 4919 3604 4989 Itaque
3636 4921 3809 4991 ipsum

2239 5012 2412 5081 potius
2437 5011 2733 5076 audiamus,
2763 5020 2815 5063 et
2844 5025 2907 5064 ex
2937 5019 3040 5064 tota
3064 5026 3178 5080 qum
3203 5010 3339 5065 circa
3367 5018 3451 5065 est
3468 5011 3809 5068 contextioue

2241 5103 2527 5172 Scriptum
2550 5141 2565 5166 ,
2596 5101 2718 5170 quid
2753 5101 2802 5153 in
2830 5115 2894 5154 eo
2922 5100 3040 5154 loco
3085 5098 3306 5171 intelligi
3348 5101 3594 5167 voluerit,
3626 5100 3810 5156 videa-

2240 5209 2378 5247 tnus.
2423 5191 2512 5246 Sic
2555 5191 2693 5244 enim
2735 5191 2804 5244 ait
2835 5207 2847 5242 :
2879 5189 3084 5244 Primus
3130 5190 3277 5244 homo
3321 5190 3384 5244 de
3441 5200 3572 5244 terra
3597 5233 3611 5255 ,
3649 5200 3812 5245 terre-

2241 5297 2369 5344 nus;
2397 5281 2640 5336 secundus
2683 5281 2829 5334 homo
2873 5280 2935 5334 de
2971 5279 3112 5334 cwlo.
3140 5280 3315 5348 Qualis
3343 5291 3586 5348 terrenus,
3611 5280 3734 5334 tales
3764 5287 3814 5334 et

2243 5374 2472 5440 terreni;
2509 5383 2556 5426 et
2595 5373 2756 5442 qualis
2804 5373 3014 5426 caelestis
3044 5414 3060 5438 ,
3114 5373 3238 5427 tales
3282 5382 3328 5426 et
3373 5373 3612 5427 calestes.
3666 5371 3816 5427 Sicut

2242 5467 2549 5538 portavimus
2586 5465 2852 5535 imaginem
2897 5463 3117 5531 terreni,
3162 5472 3414 5534 portemus
3459 5473 3506 5519 et
3545 5463 3816 5532 imaginem

2243 5561 2350 5627 eius
2374 5560 2459 5629 qui
2480 5557 2542 5611 de
2567 5557 2687 5610 caelo
2713 5568 2804 5610 est.
2837 5554 2946 5609 Hoc
2966 5563 3130 5608 autem
3167 5555 3298 5619 dico,
3327 5555 3530 5624 fratres,
3553 5554 3671 5625 quia
3694 5569 3816 5608 caro

2241 5663 2291 5708 et
2315 5651 2520 5722 sanguis
2546 5665 2754 5720 regnum
2783 5646 2876 5701 Dei
2905 5662 3005 5700 non
3038 5645 3340 5715 possidebit;
3377 5663 3533 5716 neque
3559 5645 3816 5713 corruptio

2243 5726 2660 5814 incorruptionem
2683 5740 2727 5810 (Ι
2749 5739 2863 5794 Cor.
2886 5753 2976 5804 xv,
3001 5735 3211 5807 47-50).
3241 5736 3457 5808 Singula
3482 5751 3608 5809 ergo
3635 5734 3815 5792 videtr
