4080 6360
299 368 426 427 (6‘2!

298 497 431 539 mus.
464 478 670 534 Primus
691 476 860 540 homo,
879 472 1066 543 inquit,
1091 472 1151 526 de
1176 477 1327 537 terra,
1351 478 1574 524 terrenus
1588 485 1606 536 ;
1627 467 1876 524 secundus

297 574 463 637 homo,
495 570 559 624 de
581 567 728 624 creto.
757 565 935 633 Qualis
965 575 1208 628 terrenus,
1240 560 1367 617 tales
1397 571 1443 615 et
1471 562 1674 629 terreni,
1696 560 1747 616 id
1773 567 1878 626 est,

296 677 480 719 omnes
509 659 752 716 morituri
776 675 795 713 :
824 666 869 710 et
889 657 1055 728 qualis
1086 654 1316 718 celestis,
1341 653 1466 708 tales
1500 661 1545 706 et
1567 653 1807 720 ctelestes,
1831 651 1885 706 id

296 764 396 822 est,
417 767 609 809 omnes
633 748 1006 806 resurrecturi.
1038 738 1325 801 Jam‘enim
1351 745 1587 800 caelestis
1617 743 1778 798 homo
1800 759 1886 798 re-

293 845 546 910 surrexit,
572 853 626 899 et
654 840 892 898 ascendit
935 841 986 894 in
1016 839 1210 895 caelum
1235 854 1250 892 :
1279 838 1364 892 cui
1411 852 1506 908 per
1545 836 1703 891 (idem
1745 850 1886 892 nunc

294 939 717 1007 incorporamur,
735 943 794 988 ut
811 933 879 988 sit
909 933 1022 1001 ipse
1041 937 1198 999 caput
1226 937 1500 992 nostrum;
1525 925 1764 981 membra
1791 939 1886 980 au-

294 1040 403 1084 tem
437 1027 631 1085 ordine
654 1040 754 1081 suo
781 1033 1071 1094 sequantur
1106 1030 1265 1092 caput
1289 1035 1466 1086 suum,
1495 1027 1547 1075 et
1582 1018 1723 1089 quod
1750 1031 1886 1088 prae-

291 1129 647 1176 monstratum
671 1127 754 1174 est
781 1117 835 1172 in
875 1116 1072 1187 capite,
1096 1123 1337 1184 tempore
1368 1127 1466 1169 suo
1493 1111 1886 1168 demonstretur

293 1212 347 1266 in
385 1211 682 1266 membris:
711 1209 872 1264 modo
912 1215 1090 1262 autem
1121 1206 1226 1262 hoc
1267 1205 1372 1261 tide
1414 1213 1706 1275 portemus,
1738 1209 1794 1256 ut
1819 1201 1887 1256 ad

291 1303 462 1372 ipsam
508 1318 622 1360 rem
655 1311 712 1359 et
759 1301 991 1372 speciem
1039 1314 1138 1355 suo
1179 1308 1417 1369 tempore
1458 1299 1752 1353 veniamus.
1791 1295 1888 1350 Sic

291 1396 435 1452 enim
461 1396 568 1452 alio
596 1395 713 1451 loco
737 1394 902 1451 dicit:
937 1394 995 1450 Si
1022 1402 1192 1448 autem
1219 1392 1568 1447 resurrexistis
1592 1405 1706 1444 cum
1741 1387 1888 1444 Chri-

289 1497 366 1544 sto
384 1529 401 1553 ,
428 1499 544 1558 quae
569 1503 768 1542 sursum
791 1496 908 1542 sunt
936 1485 1144 1556 quwrite
1164 1526 1178 1551 ,
1209 1484 1295 1539 ubi
1320 1483 1552 1540 Christus
1580 1491 1652 1537 est
1681 1482 1734 1536 in
1761 1480 1888 1535 dea:-

292 1593 400 1636 tcra
429 1581 528 1637 Dei
567 1582 786 1649 sedens;
836 1597 948 1651 quia
992 1596 1192 1635 sursum
1232 1587 1347 1634 sunt
1393 1579 1584 1650 sapite,
1631 1595 1731 1632 non
1773 1592 1889 1648 quas

290 1689 445 1744 super
486 1683 672 1727 terram
713 1671 949 1744 (Coloss.
982 1689 1072 1737 ιιι,
1108 1674 1134 1727 1
1173 1681 1219 1727 ει
1247 1671 1327 1744 2).
1351 1670 1500 1726 Sicut
1525 1685 1655 1740 ergo
1682 1684 1804 1725 cum
1831 1669 1884 1724 in

291 1765 697 1835 nobismetipsis
736 1764 972 1819 nondum
1004 1764 1366 1830 surreximus,
1398 1762 1536 1818 sicut
1561 1761 1804 1818 Christus
1831 1762 1884 1816 in

290 1873 523 1928 corpore
544 1901 559 1926 ,
597 1873 694 1929 per
724 1857 881 1913 [idem
915 1866 1090 1912 tamen
1128 1871 1250 1912 cum
1280 1855 1492 1912 Christo
1530 1855 1887 1911 resurrexisse

290 1966 392 2007 nos
437 1951 669 2008 dicimur
712 1968 726 2004 :
775 1951 844 2005 ita
897 1950 1183 2021 imaginem
1230 1949 1465 2006 caelestis
1508 1947 1781 2014 hominis,
1831 1948 1884 2004 id

290 2052 394 2109 est,
414 2043 508 2113 qui
521 2046 630 2112 jam
657 2042 709 2096 in
739 2041 889 2097 cmlis
906 2050 1006 2104 est,
1027 2040 1131 2098 ﬁde
1147 2040 1359 2095 interim
1376 2047 1588 2110 portare
1605 2054 1700 2094 nos
1711 2037 1881 2109 jubet.

361 2133 452 2189 16.
507 2133 740 2188 Christus
789 2132 1039 2203 quomodo
1083 2132 1232 2186 homo
1284 2131 1347 2185 de
1389 2131 1516 2184 caelo
1559 2130 1792 2185 ccclestis.
1825 2129 1883 2186 Si

289 2226 410 2295 quis
451 2234 629 2282 autem
677 2225 865 2297 quzerit
901 2241 996 2280 cur
1025 2224 1296 2280 hominem
1342 2223 1635 2279 secundum
1682 2239 1788 2279 non
1829 2223 1882 2278 in

289 2319 430 2375 uelo
461 2318 695 2388 dixerit,
725 2318 818 2373 sed
847 2318 915 2374 de
939 2318 1079 2372 coelo
1098 2359 1114 2385 ,
1153 2331 1273 2372 cum
1301 2325 1356 2372 et
1393 2317 1506 2386 ipse
1536 2315 1794 2372 Dominus
1817 2320 1884 2371 de

290 2421 436 2466 terra
468 2427 666 2483 corpus
707 2411 1005 2481 acceperit,
1032 2409 1155 2480 quia
1201 2407 1384 2478 utique
1423 2407 1586 2462 Maria
1617 2422 1680 2462 ex
1713 2407 1881 2461 Adam

288 2510 339 2554 et
370 2501 480 2555 Eva
514 2508 630 2558 erat
655 2501 966 2572 progenita;
999 2499 1258 2570 intelligat
1295 2507 1562 2554 terrenum
1613 2495 1883 2552 hominem

289 2592 590 2648 secundum
646 2601 910 2647 terrenam
964 2591 1453 2662 concupiscentiam
1517 2588 1715 2643 dictum
1767 2605 1781 2640 :
1830 2597 1886 2641 et

289 2685 547 2755 quoniam
586 2684 805 2740 aﬁ'ectus
849 2685 936 2740 ille
968 2693 1211 2741 terrenus
1243 2693 1343 2750 est,
1374 2699 1479 2753 quo
1509 2698 1603 2753 per
1627 2681 1880 2739 concubi—

291 2787 404 2833 tum
434 2778 604 2832 maris
631 2787 686 2832 et
724 2777 934 2832 feminze
971 2785 1268 2832 nascuntur
1304 2775 1578 2838 homines,
1612 2774 1884 2829 trahentes

289 2871 453 2926 etiam
485 2887 550 2926 ex
578 2870 891 2941 parentibus
916 2870 1172 2940 originale
1201 2878 1476 2940 peccatum
1511 2885 1526 2934 ;
1569 2881 1767 2937 corpus
1792 2882 1885 2920 au-

291 2974 398 3018 tem
427 2962 638 3020 Domini
669 2962 815 3018 nullo
841 2962 932 3017 tali
967 2961 1165 3016 aliectu
1194 2976 1256 3017 ex
1279 2969 1436 3016 utero
1467 2958 1706 3029 virginali
1732 2973 1883 3012 crea-

295 3064 407 3110 tum
439 3065 546 3121 est,
589 3055 830 3126 quamvis
851 3053 918 3108 de
944 3060 1086 3108 terra
1109 3051 1354 3107 Christus
1380 3049 1728 3118 assumpserit
1763 3063 1884 3102 car-

293 3163 450 3216 nem,
487 3148 628 3218 quod
677 3145 990 3216 intelligitur
1033 3144 1262 3214 Spiritus
1292 3152 1508 3198 sanctus
1551 3140 1882 3212 signiﬁcare,

291 3239 480 3295 dicens
504 3279 520 3304 ,
559 3236 753 3292 Veritas
777 3237 839 3291 de
863 3246 997 3291 terra
1018 3245 1129 3288 orta
1167 3243 1238 3288 est
1269 3231 1448 3305 (Psal.
1493 3248 1712 3297 Lxxxw,
1737 3230 1842 3300 12)
1868 3249 1882 3298 ;

293 3345 402 3383 non
448 3339 628 3384 tamen
659 3337 940 3394 terrenus,
969 3325 1063 3381 sed
1090 3323 1324 3382 cwlestis
1351 3323 1542 3388 homo,
1579 3332 1630 3377 et
1655 3322 1725 3378 de
1749 3322 1886 3378 caelo

291 3421 512 3475 dicitur.
550 3419 606 3475 Si
635 3419 778 3474 enim
805 3418 918 3474 suis
943 3417 1044 3473 hoc
1068 3416 1310 3472 ﬁdelibus
1358 3431 1453 3485 per
1477 3413 1702 3483 gratiam
1744 3428 1886 3482 pra:-

294 3517 471 3585 stitit,
504 3523 565 3571 ut
582 3523 730 3572 recte
755 3514 897 3570 dicat
922 3512 1229 3584 Apostolus,
1257 3510 1447 3565 Nostra
1475 3510 1604 3564 enim
1624 3523 1887 3563 conversa~

295 3612 366 3664 tio
405 3611 460 3664 in
487 3610 628 3665 cretis
649 3618 721 3664 est
753 3607 773 3680 (
803 3607 1033 3678 Philipp.
1063 3622 1138 3669 ιιι,
1162 3604 1268 3676 20)
1302 3622 1312 3658 :
1341 3612 1538 3674 quanto
1564 3601 1732 3673 magis
1772 3601 1887 3671 ipse

294 3705 535 3761 caelestis
562 3704 724 3759 homo
744 3746 759 3770 ,
780 3709 834 3758 et
853 3701 921 3757 de
941 3701 1080 3756 coelo
1104 3698 1362 3756 dicendus
1389 3707 1470 3753 est
1495 3739 1511 3765 ,
1557 3697 1610 3751 in
1640 3710 1747 3767 quo
1776 3695 1888 3751 nul-

295 3800 409 3855 lum
435 3813 668 3869 unquam
695 3805 968 3868 peccatum
997 3794 1093 3849 fuit
1125 3795 1148 3847 ?
1179 3793 1404 3862 Propter
1427 3799 1700 3861 peccatum
1743 3788 1883 3845 enim

297 3891 503 3946 dictum
531 3900 616 3947 est
641 3888 844 3945 homini
868 3928 886 3956 ,
916 3885 1077 3941 Terra
1098 3903 1170 3951 es,
1196 3894 1242 3940 et
1271 3887 1322 3938 in
1369 3892 1554 3938 terram
1594 3881 1688 3936 ibis
1714 3877 1882 3953 (Cen.

298 4000 378 4049 ιιι,
410 3984 477 4039 19
499 3985 540 4052 ).
585 3982 662 4038 De
703 3981 842 4038 caelo
877 3994 1008 4050 ergo
1025 3977 1258 4033 caelestis
1285 3975 1449 4030 homo
1477 3975 1563 4028 ille
1592 3972 1886 4028 rectissime

298 4075 532 4142 dicitur,
563 4074 718 4144 cujus
755 4070 1091 4128 conversatio
1133 4068 1200 4123 de
1227 4067 1367 4123 uelo
1395 4079 1667 4136 nunquam
1709 4078 1887 4119 reces-

298 4168 370 4220 sit
403 4185 417 4221 :
445 4166 688 4237 quamvis
725 4164 817 4220 Dei
859 4163 1027 4218 Filius
1067 4161 1226 4216 etiam
1258 4157 1488 4212 hominis
1533 4154 1671 4210 ﬁlius
1719 4153 1886 4210 factus

298 4259 370 4314 de
392 4267 534 4314 terra
583 4271 779 4327 corpus
830 4252 1197 4324 assumpserit,
1247 4250 1299 4304 id
1327 4256 1440 4315 est,
1471 4246 1694 4302 formam
1723 4247 1882 4301 servi.

300 4352 420 4406 Non
449 4352 592 4408 enim
617 4347 890 4412 ascendit,
915 4347 1014 4401 nisi
1044 4346 1134 4417 qui
1162 4342 1460 4400 descendit.
1488 4340 1621 4407 Quia
1657 4339 1755 4394 etsi
1783 4352 1887 4394 ca!-

302 4444 436 4506 teri,
468 4443 890 4513 quibuscumque
930 4436 1207 4494 donaverit
1235 4433 1560 4497 ascendunt,
1588 4431 1688 4487 vel
1713 4431 1888 4500 potius

302 4536 424 4604 ejus
447 4535 615 4606 gratia
643 4533 889 4588 levantur
921 4530 976 4585 in
1005 4529 1198 4584 coelum
1216 4569 1230 4594 ,
1261 4527 1419 4582 etiam
1447 4523 1525 4579 sic
1555 4523 1667 4593 ipse
1695 4535 1886 4575 ascen-

302 4627 403 4693 dit,
443 4627 572 4696 quia
590 4639 785 4696 corpus
813 4625 929 4694 ejus
953 4621 1131 4687 ﬁunt;
1169 4627 1223 4675 et
1265 4615 1556 4674 secundum
1607 4614 1709 4670 hoc
1750 4628 1886 4666 unus

303 4717 547 4772 ascendit
574 4735 588 4770 :
613 4716 862 4786 quoniam
888 4721 1277 4770 sacramentum
1309 4723 1554 4780 magnum
1590 4707 1643 4762 in
1677 4704 1892 4761 Christo

304 4820 359 4865 ct
405 4809 648 4864 Ecclesia
690 4806 909 4877 exponit
950 4804 1239 4875 Apostolus
1263 4843 1278 4868 ,
1317 4816 1423 4871 quo
1465 4797 1720 4867 scriptum
1769 4804 1885 4861 est,

307 4900 375 4955 Et
419 4909 566 4955 erunt
610 4898 710 4952 duo
735 4898 789 4951 in
821 4913 1026 4951 carnem
1052 4911 1206 4950 unam
1236 4892 1255 4966 (
1281 4891 1467 4963 Ephes.
1496 4905 1551 4955 γ,
1584 4886 1697 4958 51).
1738 4884 1889 4941 Unde

305 4993 466 5047 etiam
487 4990 702 5055 dicitur,
731 4986 898 5060 Igitur
919 5002 1018 5040 non
1038 4986 1147 5058 jam
1168 4984 1286 5046 duo,
1309 4980 1398 5036 sed
1419 4996 1520 5033 una
1539 4993 1656 5032 caro
1676 4975 1888 5048 (Matth.

309 5099 422 5148 ιιι,
456 5083 536 5151 6).
565 5081 899 5150 Quapropter
923 5092 1069 5130 nemo
1101 5073 1324 5129 ascendit
1361 5072 1412 5124 in
1441 5071 1620 5123 ca’lum
1639 5110 1654 5134 ,
1682 5067 1780 5121 nisi
1805 5066 1890 5136 qui

309 5176 372 5228 de
416 5175 542 5229 caelo
592 5171 877 5237 descendit,
931 5167 1098 5223 Filius
1139 5165 1384 5230 hominis,
1433 5162 1519 5231 qui
1555 5167 1628 5214 est
1673 5160 1727 5212 in
1769 5157 1892 5212 caelo

311 5268 508 5338 (Joan.
539 5282 614 5332 ιιι,
647 5265 770 5335 15).
802 5263 1029 5332 Propter
1055 5259 1157 5313 hoc
1188 5257 1332 5311 enim
1361 5253 1596 5317 addidit,
1627 5251 1713 5320 qui
1740 5258 1811 5304 est
1839 5249 1894 5302 in

311 5361 453 5425 coelo,
487 5374 555 5413 ne
599 5352 876 5428 quisquam
906 5354 1022 5425 ejus
1049 5350 1506 5407 conversationem
1536 5345 1604 5400 de
1641 5343 1776 5398 coelo
1805 5357 1892 5397 re-

312 5453 539 5507 cessisse
579 5450 963 5512 arbitraretur,
994 5460 1114 5500 cum
1152 5459 1248 5514 per
1278 5449 1544 5496 terrenum
1591 5450 1786 5505 corpus
1842 5435 1893 5487 in

314 5553 450 5598 terra
506 5542 809 5598 hominibus
866 5545 1162 5608 appareret.
1221 5535 1361 5602 Ergo
1403 5533 1530 5586 sicut
1591 5527 1897 5599 portavimus

316 5634 583 5705 inmgiuem
631 5632 844 5698 terreni,
877 5639 1128 5701 portemus
1174 5636 1220 5682 et
1262 5623 1531 5693 imaginem
1575 5620 1685 5690 ejus
1726 5616 1810 5686 qui
1836 5615 1900 5670 de

321 5728 439 5780 caelo
469 5736 566 5791 est,
591 5725 802 5779 interim
839 5721 962 5785 ﬁde,
1007 5735 1103 5790 per
1148 5732 1308 5788 quam,
1340 5714 1498 5768 etiam
1520 5725 1657 5764 cum
1689 5707 1780 5761 illo
1809 5721 1897 5762 re-

322 5819 647 5874 surrexiutus
679 5833 690 5869 :
721 5822 776 5870 ut
802 5824 855 5868 et
891 5826 1099 5868 sursum
1144 5824 1236 5865 cor
1262 5806 1548 5862 habeamus
1571 5842 1586 5870 ,
1620 5799 1707 5855 ubi
1737 5795 1897 5853 Chri-

1665 352 1891 410 SERMO
1929 351 2209 413 CCCLX".

3101 437 3104 440 1
3444 365 3569 418 tces

1993 481 2104 525 saus
2129 481 2207 525 est
2238 489 2289 526 ιιι
2333 473 2547 529 dextera
2577 473 2675 530 Dei
2713 474 2940 540 sedens;
2971 483 3022 528 ct
3062 473 3179 531 ideo
3221 490 3337 546 qua:
3367 492 3574 535 sursuu'r

1992 573 2114 617 sunt
2141 580 2441 634 qumramtts
2461 607 2474 632 ,
2505 574 2662 636 atque
2687 567 2976 637 sapiamus,
3008 581 3116 622 non
3137 583 3254 639 qua:
3280 582 3441 640 super
3467 579 3549 627 ter

1993 671 2105 710 ram
2114 694 2126 706 .

2063 747 2287 804 CAPUT
2325 747 2632 804 XV.—l7.
2679 748 2789 804 Hoc
2838 749 2979 805 nobis
3030 749 3390 807 resurrectione
3438 769 3546 824 pra:

1993 841 2262 907 standum,
2305 841 2440 912 quod
2505 841 2557 895 in
2605 839 2803 897 Christo
2850 844 3122 914 prtecessit.
3180 843 3310 900 Cara
3364 846 3574 918 sanguis

1993 947 2085 1000 pro
2112 932 2450 1002 corruptione.
2491 931 2595 987 Sed
2637 933 2759 1002 quia
2807 933 2875 989 de
2913 935 3304 990 resurrectione
3333 938 3576 1005 corporis

1993 1023 2180 1088 agebat
2227 1039 2241 1088 ;
2298 1038 2418 1078 nam
2467 1023 2535 1077 ita
2582 1033 2933 1094 proposuerat
2978 1042 2992 1079 :
3039 1023 3144 1080 Sed
3190 1025 3310 1079 dicit
3351 1027 3566 1096 aliquis,

1997 1113 2259 1181 Quomodo
2299 1123 2566 1185 resurgunt
2612 1115 2798 1169 mortui
2845 1115 2864 1184 (
2902 1114 2924 1170 I
2961 1113 3078 1171 Cor.
3118 1132 3186 1171 xv
3210 1156 3224 1182 ,
3255 1117 3370 1189 55)
3403 1118 3429 1171 ‘l
3472 1133 3569 1188 que

1992 1215 2156 1260 autem
2181 1222 2390 1276 corpore
2429 1206 2632 1261 veniunt
2657 1207 2684 1262 ?
2710 1215 2765 1262 et
2803 1216 3079 1278 propterea
3109 1207 3334 1275 dixerat,
3363 1207 3569 1265 Primus

1994 1297 2141 1352 homo
2179 1299 2240 1352 de
2265 1309 2396 1352 terra
2417 1309 2658 1366 terrenus,
2679 1299 2928 1356 secundus
2949 1300 3118 1368 homo,
3139 1299 3201 1354 de
3226 1300 3370 1356 σωιο.
3392 1297 3569 1368 Qualis

1993 1402 2234 1460 terrenus,
2259 1393 2382 1448 tales
2409 1403 2456 1448 et
2475 1394 2659 1450 terreni
2687 1410 2707 1460 ;
2732 1403 2778 1448 et
2805 1394 2971 1464 qualis
2990 1393 3219 1462 catastis,
3240 1393 3365 1448 tales
3392 1402 3442 1448 et
3466 1408 3569 1448 cas-

1994 1483 2137 1539 lestes
2165 1502 2182 1540 :
2221 1494 2279 1540 ut
2319 1485 2419 1541 hoc
2446 1500 2721 1557 speremus
2747 1487 2799 1542 in
2828 1494 3012 1543 nostro
3037 1501 3262 1558 corpore
3291 1484 3522 1542 futurum
3545 1526 3562 1552 ,

1990 1577 2130 1647 quod
2175 1577 2226 1632 in
2267 1578 2462 1634 Christi
2486 1593 2711 1649 corpore
2737 1579 3007 1650 praecessit
3039 1596 3055 1644 ;
3085 1587 3243 1649 atque
3269 1578 3370 1634 hoc
3393 1590 3568 1648 quan-

1991 1684 2146 1738 quam
2170 1669 2404 1724 nondum
2427 1671 2600 1740 reipsa
2623 1671 2987 1741 percepimus,
3015 1670 3223 1725 interim
3257 1669 3359 1724 ﬁde
3389 1677 3571 1722 tenea-

1989 1775 2127 1815 mus.
2179 1761 2300 1816 ldeo
2323 1762 2700 1831 suhjuuxerat,
2756 1761 2901 1817 Sicut
2947 1761 3252 1832 portavimus
3298 1745 3568 1831 imaginem

1991 1853 2190 1915 terreni,
2231 1862 2482 1922 portemus
2507 1862 2551 1906 et
2591 1853 2860 1924 imaginem
2885 1854 2992 1924 ejus
3019 1852 3104 1922 qui
3125 1852 3187 1906 de
3213 1852 3340 1907 (telo
3371 1860 3462 1906 est.
3490 1849 3569 1905 Ne

1988 1943 2054 1997 ad
2106 1943 2226 1998 talia
2279 1959 2378 1999 nos
2425 1953 2820 2000 resurrecturos
2859 1943 3232 2008 crederemus,
3271 1942 3445 2011 qualia
3477 1955 3568 1996 se-

1988 2036 2218 2091 cundum
2247 2038 2474 2106 primum
2501 2036 2768 2090 hominem
2786 2036 3200 2104 corruptibiliter
3235 2035 3548 2104 agebamus,

1987 2128 2214 2198 Subjecit
2254 2130 2430 2185 statim
2460 2145 2474 2183 :
2501 2127 2613 2182 Hoc
2637 2137 2804 2182 autem
2852 2128 3000 2194 dico,
3049 2127 3247 2194 fratres,
3303 2127 3422 2198 quia
3451 2140 3570 2178 caro

1987 2228 2036 2272 et
2056 2220 2264 2290 sanguis
2284 2235 2492 2290 regnum
2513 2218 2607 2272 Dei
2627 2217 2917 2272 haereditate
2939 2216 3192 2288 possidere
3208 2231 3309 2269 non
3335 2223 3576 2292 possunt.

1990 2312 2161 2382 Atque
2183 2311 2466 2367 ostendere
2485 2311 2670 2365 volens
2686 2309 2813 2380 quid
2839 2309 3033 2364 dixerit
3047 2321 3260 2364 carnem
3274 2314 3331 2362 et
3347 2306 3568 2375 sangui-

1989 2419 2131 2472 nem,
2160 2406 2279 2474 quia
2306 2419 2410 2458 non
2447 2403 2613 2474 ipsam
2653 2404 2882 2475 speciem
2935 2401 3206 2470 corporis,
3253 2399 3347 2454 sed
3386 2412 3572 2454 corru-

1988 2496 2220 2564 ptionem
2242 2494 2506 2566 signiﬁcat
2541 2495 2757 2549 nomine
2797 2493 2976 2548 carnis
3002 2499 3056 2548 et
3103 2491 3404 2562 sanguinis,
3450 2504 3569 2560 qua:

1988 2585 2258 2656 corruptio
2299 2594 2423 2642 tunc
2467 2600 2572 2641 non
2617 2586 2736 2641 erit.
2783 2584 2990 2655 Corpus
3029 2584 3172 2640 enim
3220 2584 3336 2638 sine
3383 2596 3570 2637 corru~

1988 2677 2170 2748 ptione
2189 2717 2204 2742 ,
2232 2691 2336 2732 non
2368 2678 2583 2746 proprie
2606 2676 2800 2732 dicitur
2820 2690 2945 2731 caro
2967 2682 3024 2729 et
3061 2674 3303 2745 sanguis,
3331 2673 3424 2728 sed
3452 2687 3572 2727 cor-

1988 2783 2106 2839 pus.
2139 2767 2195 2822 Si
2236 2768 2378 2822 enim
2406 2782 2532 2822 caro
2561 2775 2662 2833 est,
2691 2766 3076 2836 corruptibilis
3130 2773 3289 2834 atque
3331 2762 3571 2818 mortalis

1989 2869 2068 2914 est
2104 2877 2118 2913 :
2145 2859 2188 2914 si
2218 2867 2395 2914 autem
2421 2858 2530 2928 jam
2573 2873 2678 2912 non
2706 2857 2952 2922 moritur,
2977 2856 3086 2926 jam
3119 2869 3222 2908 non
3249 2853 3566 2922 corruptibi-

1989 2953 2052 3008 lis
2080 2967 2095 3018 ;
2122 2960 2176 3008 et
2219 2952 2337 3006 ideo
2384 2952 2498 3007 sine
2531 2950 2873 3019 corruptione
2911 2955 3165 3002 manente
3205 2945 3422 3015 specie,
3461 2958 3567 2998 non

1986 3044 2094 3115 jam
2121 3058 2268 3110 caro,
2300 3041 2394 3098 sed
2419 3057 2613 3111 corpus
2632 3041 2826 3096 dicitur
2853 3058 2864 3094 :
2897 3048 2952 3095 et
2977 3039 3022 3094 si
3059 3035 3254 3093 dicitur
3287 3049 3434 3101 caro,
3465 3048 3568 3088 non

1985 3134 2094 3205 jam
2144 3133 2360 3204 proprie
2401 3131 2627 3198 dicitur,
2673 3130 2766 3187 sed
2796 3139 3017 3201 prepter
3056 3126 3339 3199 quamdam
3374 3124 3572 3196 speciei

1990 3223 2407 3278 similitudinem.
2450 3221 2599 3278 Sicut
2617 3236 2899 3292 possumus
2920 3219 3056 3275 forte
3086 3227 3302 3288 propter
3327 3216 3568 3271 eamdem

1991 3314 2415 3383 similitudinem,
2443 3315 2603 3369 etiam
2629 3313 2955 3383 Angelorum
2985 3325 3198 3366 carnem
3226 3308 3424 3374 dicere,
3447 3321 3569 3362 cum

1991 3409 2128 3463 sicut
2178 3407 2421 3462 homines
2463 3413 2823 3476 apparuerunt
2865 3403 3168 3458 hominibus
3197 3417 3211 3466 ;
3241 3415 3360 3456 cum
3390 3408 3572 3454 essent

1991 3516 2213 3571 corpus.
2265 3515 2368 3555 non
2396 3515 2520 3556 caro
2559 3517 2573 3554 :
2602 3502 2723 3569 quia
2761 3495 3117 3567 corruption-is
3143 3493 3430 3564 indigentia
3462 3506 3569 3545 non

1992 3592 2179 3646 inerat.
2211 3590 2344 3658 Quia
2373 3603 2500 3660 ergo
2539 3602 2821 3658 possumus
2846 3585 3137 3641 secundum
3164 3581 3571 3638 similitudinem

1990 3695 2202 3737 carnem
2249 3679 2517 3751 appellare
2548 3680 2707 3734 etiam
2753 3692 2948 3749 corpus
2973 3675 3113 3747 quod
3147 3675 3256 3745 jam
3304 3687 3408 3728 non
3450 3687 3572 3728 cor-

1991 3772 2252 3843 rumpitur
2269 3811 2290 3839 ,7
2327 3778 2541 3828 secutus
2569 3768 2824 3825 sollicitus
2869 3768 3156 3839 Apostolus
3182 3779 3450 3834 exponere
3477 3776 3574 3817 vo-

1991 3866 2086 3920 luit
2109 3865 2235 3935 quid
2274 3864 2467 3920 dixerit
2511 3879 2731 3920 carnem
2758 3871 2814 3917 et
2840 3862 3152 3933 sanguinem
3179 3877 3193 3926 ;
3225 3860 3345 3931 quia
3376 3872 3570 3913 secun-

1990 3956 2116 4012 dum
2163 3957 2557 4026 corruptionem
2598 3956 2698 4010 hoc
2735 3954 2888 4020 dixit,
2945 3969 3050 4008 non
3101 3950 3394 4007 secundum
3447 3964 3572 4018 epe-

1991 4047 2125 4101 ciem
2160 4063 2174 4101 :
2205 4054 2260 4101 ct
2303 4046 2530 4116 subjecit
2571 4045 2748 4100 statim
2770 4087 2784 4110 ,
2819 4043 2994 4112 Neque
3033 4040 3295 4111 corruptio
3338 4040 3572 4094 incorru-

1991 4139 2213 4205 ptionem
2241 4138 2533 4192 haereditate
2554 4136 2824 4208 possidebit
2853 4150 2872 4189 :
2898 4143 3146 4203 tanquam
3168 4133 3386 4194 (liceret,
3417 4130 3569 4197 Quod

1990 4227 2095 4282 dixi
2120 4269 2136 4293 ,
2167 4227 2298 4282 Caro
2319 4236 2366 4280 et
2385 4227 2592 4296 sanguis
2621 4241 2828 4296 regnum
2857 4224 2951 4279 Dei
2973 4240 3074 4276 non
3112 4220 3384 4291 possidebit
3410 4236 3429 4285 ,'
3469 4220 3570 4274 hoc

1991 4318 2122 4384 dixi,
2147 4317 2396 4387 quoniam
2425 4317 2680 4387 corruptio
2702 4315 3127 4383 incorruptionem
3153 4329 3256 4367 non
3279 4311 3569 4383 possidebit.

2063 4409 2148 4465 18.
2185 4408 2450 4473 Quomodo
2491 4408 2544 4460 in
2582 4406 2706 4461 ctelo
2731 4407 2824 4461 erit
2867 4421 3049 4475 corpus
3095 4412 3356 4465 nostrum,
3401 4405 3572 4455 sinon

1991 4503 2082 4556 erit
2108 4501 2174 4555 ibi
2217 4501 2493 4569 corruptio.
2537 4497 2717 4555 Carnis
2757 4515 2858 4552 non
2884 4505 3027 4550 erunt
3055 4494 3229 4549 eadem
3268 4508 3421 4565 opera
3462 4502 3575 4561 post

1993 4592 2425 4647 resurrectionem.
2476 4589 2776 4644 Iudaeorum
2818 4598 2864 4642 et
2893 4587 3296 4642 Sadducteorum
3329 4600 3471 4639 error.
3512 4583 3576 4636 de

1993 4685 2369 4739 resurrectione.
2406 4681 2721 4737 Resnrrectio
2758 4680 2825 4733 ad
2851 4679 3000 4734 vitam
3040 4675 3364 4747 Angelorum.
3414 4673 3482 4728 Et
3508 4687 3578 4728 ne

1994 4780 2270 4849 quisquam
2297 4777 2514 4842 diceret,
2547 4775 2603 4830 Si
2642 4789 2770 4844 ergo
2800 4769 3126 4839 incorruptio
3162 4783 3194 4822 a
3227 4766 3576 4836 corruptione

1997 4884 2101 4922 non
2133 4874 2308 4936 potest
2345 4865 2630 4937 possideri,
2663 4863 2931 4934 quomodo
2985 4859 3055 4915 ibi
3087 4859 3190 4914 erit
3229 4872 3422 4927 corpus
3469 4871 3571 4911 no-

1996 4970 2164 5016 strum
2189 4960 2213 5012 ?
2235 4959 2414 5013 audite
2447 4955 2588 5027 quod
2634 4953 2890 5024 sequitur.
2936 4951 3096 5021 Quasi
3127 4951 3270 5006 enim
3309 4949 3580 5004 diceretur

1997 5051 2277 5122 Apostolo,
2305 5049 2441 5115 Quid
2476 5058 2560 5103 est
2587 5061 2715 5118 ergo
2751 5045 2892 5116 quod
2935 5044 3070 5103 dicis
3099 5046 3122 5098 ‘t
3152 5042 3417 5098 frustraue
3455 5055 3578 5096 creo

1998 5143 2229 5199 didimus
2270 5140 2446 5194 carnis
2489 5137 2985 5194 resurrectionem?
3026 5135 3084 5192 Si
3124 5149 3259 5190 caro
3279 5141 3334 5188 et
3361 5133 3580 5202 sanguis

2000 5249 2222 5306 regnum
2246 5232 2340 5288 Dei
2363 5248 2467 5285 non
2491 5229 2798 5301 possidebit,
2833 5231 3022 5284 frustra
3051 5227 3375 5284 credidimus
3409 5239 3581 5280 resur-

2000 5327 2204 5383 rexisse
2239 5323 2520 5379 Dominum
2570 5330 2810 5377 nostrum
2837 5336 2866 5374 a
2901 5320 3124 5374 mortuis
3157 5319 3209 5373 in
3248 5331 3474 5386 corpore
3529 5315 3581 5368 in

2001 5433 2106 5490 quo
2133 5427 2287 5472 natus
2328 5425 2384 5472 et
2409 5413 2692 5470 cruciﬁxus
2711 5422 2814 5480 est,
2851 5413 2904 5467 in
2928 5425 2994 5466 eo
3035 5409 3342 5464 ascendisse
3386 5407 3440 5462 in
3467 5420 3578 5462 cte-

2001 5513 2110 5568 lum
2141 5525 2322 5567 coram
2349 5508 2519 5563 oculis
2543 5506 2922 5576 discipulorum
2953 5518 3192 5568 suorum,
3220 5500 3289 5556 de
3307 5514 3411 5570 quo
3438 5499 3578 5554 etelo

2003 5603 2068 5660 ad
2114 5613 2166 5658 te
2207 5602 2474 5666 clamavit,
2522 5599 2712 5663 Saule,
2746 5597 2925 5664 Saule,
2976 5594 3098 5667 quid
3143 5609 3222 5646 me
3271 5591 3580 5662 persequeris

2005 5695 2142 5764 (Act.
2169 5695 2314 5766 tx,4)
2338 5694 2361 5748 ?
2389 5692 2631 5749 Occurrit
2659 5691 2759 5746 hoc
2785 5690 2950 5746 Paulo
2978 5697 3162 5742 sancto
3182 5693 3237 5741 et
3263 5684 3419 5738 beato
3451 5697 3580 5752 apo-

2008 5789 2142 5845 stolo
2167 5830 2180 5857 ,
2213 5797 2263 5844 ct
2290 5789 2371 5860 pia
2395 5789 2650 5844 charitatc
2689 5784 2997 5852 parturienti
3028 5783 3162 5839 ﬁlios
3187 5794 3312 5837 suos
3341 5778 3394 5835 in
3422 5777 3577 5834 Chri-
