4046 6360
487 348 512 402 1
523 345 628 402 625

485 475 572 520 sto
595 477 689 534 per
709 459 1053 533 Evangelium
1077 457 1281 530 genitos
1299 457 1352 532 (ι
1371 459 1486 515 Cor.
1506 473 1578 527 ιν,
1608 458 1721 529 15),
1741 472 1874 530 quos
1894 457 2070 512 adhuc

485 554 816 625 parturiebat
835 554 1004 610 donec
1023 551 1264 608 Christus
1294 551 1348 605 in
1369 551 1446 606 eis
1461 550 1844 606 .reformaretur
1869 547 2064 622 (Galat.

485 662 561 712 Iv,
593 644 714 716 19),
747 645 799 699 id
827 651 927 706 est,
950 643 1123 698 donec
1149 651 1422 714 portarent
1469 657 1561 712 per
1593 641 1749 697 fidem
1781 641 2062 712 imaginem

484 739 602 808 ejus
637 737 727 808 qui
757 736 824 792 de
867 736 1008 792 cmlo
1031 743 1132 791 est.
1169 735 1395 791 Nolebat
1423 735 1564 789 enim
1605 748 1700 790 eos
1729 734 1782 788 in
1813 748 1876 789 ea
1911 733 2064 788 ruina

483 843 784 894 remanere,
809 837 868 884 ut
890 825 1274 884 arbitrarentur
1297 842 1358 883 se
1387 827 1510 882 talia
1550 826 1784 882 facturos
1815 826 1866 880 in
1897 839 2062 895 regno

481 923 608 984 Dci,-
633 923 684 976 in
714 922 800 976 illa
829 929 1028 976 mterna
1058 920 1185 985 vita,
1214 919 1388 990 qualia
1419 917 1682 973 faciebant
1707 918 1760 972 in
1799 917 1904 972 hac
1924 917 2060 982 vita,

483 1012 534 1068 iu
558 1012 914 1083 voluptatibus
939 1010 1288 1066 manducandi
1311 1018 1366 1066 et
1389 1009 1624 1075 bibendi,
1652 1009 1902 1075 nubendi,
1929 1024 2064 1064 uxo-

429 1173 434 1178 _
481 1119 570 1158 res
618 1103 883 1169 ducendi,
915 1113 970 1158 et
1019 1118 1114 1159 eos
1155 1103 1440 1160 carnaliter
1479 1102 1766 1173 generandi
1797 1099 1876 1172 (α)
1909 1120 1920 1155 :
1951 1101 2066 1156 haec

479 1195 622 1250 enim
643 1209 806 1265 opera
833 1194 1102 1264 corruptio
1134 1195 1310 1249 earnis
1339 1193 1518 1259 habet,
1561 1208 1666 1248 non
1716 1193 1828 1263 ipsa
1857 1193 2065 1263 species

481 1288 680 1344 carnis.
727 1287 844 1343 Jam
887 1301 1015 1357 ergo
1041 1287 1164 1356 quia
1191 1301 1300 1340 non
1339 1285 1406 1340 ad
1446 1285 1570 1340 talia
1599 1283 1950 1340 resurrecturi
1975 1299 2065 1338 su-

478 1395 620 1444 mus,
659 1378 1014 1450 prmscripsit,
1045 1389 1102 1432 ut
1137 1378 1246 1448 jam
1276 1377 1476 1432 dudum
1515 1376 1776 1442 dixeram,
1809 1375 2064 1431 Dominus

480 1472 534 1526 in
565 1471 869 1540 evangelica
900 1471 1132 1528 lectione
1157 1484 1278 1540 qua:
1321 1468 1481 1524 modo
1507 1469 1728 1524 recitata
1762 1476 1862 1524 est.
1890 1466 2061 1523 ludzci

478 1563 622 1618 enim
673 1561 1122 1624 resurrectionem
1169 1560 1381 1631 quidem
1409 1559 1703 1616 credebant
1739 1559 1938 1626 carnis,
1967 1559 2061 1616 sed

477 1654 640 1708 talem
669 1653 900 1710 futuram
927 1650 1200 1721 putabant,
1229 1661 1286 1706 ut
1313 1653 1392 1708 ea‘
1415 1651 1523 1704 vita
1567 1660 1714 1708 esset
1737 1651 1790 1704 in
1819 1665 2061 1706 resurre-

476 1743 673 1808 ctione,
694 1744 906 1815 qualem
927 1745 978 1802 in
993 1743 1094 1802 hoc
1119 1742 1316 1798 smeulo
1341 1741 1632 1813 gerebant;
1655 1751 1814 1813 atque
1845 1743 1917 1797 ita
1940 1757 2061 1798 car-

477 1834 672 1890 naliter
707 1834 1034 1905 cogitantes,
1065 1832 1372 1890 Sadducmis
1411 1832 1740 1903 respondere
1765 1847 1872 1888 non
1911 1842 2062 1904 pote-

475 1935 597 1984 rant
646 1926 1064 1996 proponentibus
1116 1925 1184 1982 de
1231 1925 1626 1983 resurrectione
1671 1925 2018 1996 quaastionem
2041 1969 2056 1994 ,

476 2015 629 2085 cujus
657 2017 760 2072 erit
784 2031 917 2072 uxor
945 2016 1154 2082 mulier,
1178 2031 1335 2087 quam
1365 2023 1572 2086 septem
1597 2015 1788 2072 fratres
1813 2016 1913 2072 sibi
1940 2031 2061 2072 suc-

474 2108 726 2166 cedentes
760 2108 1095 2174 habuerunt,
1124 2123 1246 2164 cum
1299 2108 1459 2164 vellet
1499 2108 1862 2178 unusquisque
1906 2106 2058 2164 fratri

475 2213 575 2256 suo
603 2207 820 2255 mortuo,
840 2213 906 2254 ex
935 2199 1054 2269 ejus
1082 2201 1264 2258 uxore.‘
1283 2213 1469 2256 semen
1498 2197 1750 2256 excitare.
1781 2197 2062 2268 Sadduczei

475 2288 618 2346 enim
657 2297 803 2350 secta
829 2298 946 2344 erat
969 2289 1212 2358 quaedam
1255 2288 1558 2350 ludreorum
1578 2330 1596 2356 ,
1645 2304 1764 2360 qua:
1807 2304 1918 2348 non
1943 2304 2060 2346 cre-

475 2381 638 2436 debat
677 2380 1143 2452 resurrectionem.
1189 2379 1364 2436 Judaei
1395 2395 1523 2451 ergo
1557 2379 1868 2436 Sadduczeis
1904 2380 2058 2436 istam

475 2471 826 2540 quaestionem
855 2471 1272 2541 proponentibus
1311 2473 1628 2528 ﬂuctuantes
1656 2481 1708 2530 et
1752 2471 2060 2528 lnesitantes

478 2561 804 2632 respondere
832 2578 938 2618 non
979 2570 1223 2632 poterant
1250 2605 1264 2629 ,
1299 2563 1420 2635 quia
1467 2579 1688 2634 regnum
1717 2563 1810 2618 Dei
1837 2579 1868 2618 a
1899 2579 2059 2620 carne

477 2659 533 2705 et
576 2651 856 2722 sanguine,
898 2651 952 2712 id
991 2661 1095 2720 est,
1147 2653 1600 2723 incorruptionem
1649 2668 1678 2708 a
1717 2655 2059 2725 corruptione

471 2743 733 2812 possideri
775 2759 933 2814 posse
957 2744 1367 2800 arbitrabantur.
1409 2743 1569 2800 Venit
1599 2745 1842 2808 Veritas,
1889 2745 2057 2800 inter-

471 2843 690 2905 rogatur
716 2850 746 2889 a
767 2835 1004 2906 deceptis
1027 2845 1084 2892 et
1105 2835 1481 2908 deceptoribus
1500 2836 1806 2896 Sadducteis
1821 2879 1837 2904 ,
1871 2853 2058 2908 propo-

475 2926 617 2984 nitur
661 2926 747 2980 illa
785 2929 1009 2998 quaestio
1055 2927 1300 2985 Domino.
1359 2929 1426 2982 Et
1465 2928 1722 2984 Dominus
1761 2929 1850 2999 qui
1895 2929 2060 2984 sciret

473 3017 599 3086 quid
628 3017 831 3073 diceret
855 3059 871 3084 ,
908 3027 964 3074 et
995 3018 1144 3088 quod
1168 3019 1536 3074 nesciebamus
1565 3019 1784 3075 credere
1822 3035 1919 3080 nos
1949 3019 2058 3076 vel-

475 3108 566 3173 let,
613 3108 902 3179 reSpondet
939 3110 1252 3166 auctoritate
1297 3109 1588 3180 majestatis
1614 3125 1723 3166 suze
1767 3109 1909 3180 quod
1935 3126 2054 3166 cre-

474 3197 684 3254 damus.
708 3198 994 3268 Apostolus
1037 3207 1212 3258 autem
1239 3201 1482 3271 exposuit
1501 3208 1758 3270 quantum
1795 3202 1846 3258 ei
1871 3203 2054 3259 datum

472 3297 558 3346 est
598 3307 614 3346 :
661 3289 827 3362 quod,
875 3299 1130 3362 quantum
1175 3307 1476 3362 possumus,
1509 3292 1882 3363 intelligamus.
1917 3295 2055 3362 Quid

473 3397 604 3453 ergo
628 3382 883 3442 Dominus
911 3382 1221 3442 Sadducmis
1243 3383 1266 3437 ?
1289 3382 1504 3447 Erratis,
1539 3383 1742 3460 inquit,
1765 3401 1866 3438 non
1889 3385 2054 3440 scien-

473 3483 545 3530 tes
591 3475 907 3547 Scripturas,
955 3493 1120 3548 neque,
1153 3477 1386 3532 virtutem
1427 3476 1540 3532 Dei.
1592 3475 1656 3532 In
1697 3479 2057 3540 resurrectione

472 3567 606 3622 enim
632 3583 792 3638 neque
817 3567 1028 3635 nubunt,
1055 3585 1214 3642 neque
1247 3585 1430 3624 uxores
1455 3569 1646 3626 ducunt
1675 3585 1695 3634 ;
1741 3586 1897 3641 neque
1921 3570 2054 3626 enim

468 3659 726 3730 incipiunt.
747 3660 1009 3738 mori,sed
1033 3671 1177 3716 erunt
1215 3661 1432 3730 mquales
1481 3661 1688 3733 Angelis
1709 3659 1824 3718 Dei.
1868 3661 2056 3732 Magna

470 3752 638 3806 virtus
659 3751 772 3808 Dei.
801 3753 978 3821 Quare
1003 3769 1107 3808 non
1139 3753 1362 3821 nubunt,
1379 3751 1568 3825 neque
1597 3770 1787 3812 uxores
1806 3755 2053 3811 ducunt?

470 3843 601 3909 Quia
649 3859 756 3900 non
807 3843 1060 3914 incipient
1096 3846 1252 3900 mori.
1297 3845 1369 3900 lbi
1415 3846 1558 3902 enim
1612 3859 1912 3911 successor,
1963 3846 2052 3902 ubi

469 3933 742 3994 decessor.
772 3933 928 3990 Nulla
947 3949 1074 4006 ergo
1099 3934 1176 3994 ibi.
1197 3934 1316 3990 talis
1340 3935 1633 4005 corruptio.
1668 3937 1736 3992 Et
1765 3937 1856 3994 ille
1877 3937 2056 3992 Domi-

469 4039 571 4082 nus
609 4040 702 4095 pcr
725 4033 908 4082 anates
931 4025 1000 4082 ab
1026 4024 1241 4081 infantia
1263 4041 1430 4098 usque
1467 4026 1536 4082 ad
1576 4025 1908 4097 iuventutem
1955 4045 2052 4086 cu-

468 4117 654 4182 currit,
695 4117 816 4187 quia
865 4117 1042 4172 carnis
1083 4116 1256 4174 adhuc
1283 4117 1522 4178 mortalis
1545 4118 1764 4188 gerebat
1797 4120 2050 4176 substan-

468 4207 637 4262 tiam:
665 4215 1009 4278 posteaquam
1049 4209 1342 4266 resurrexit
1367 4209 1424 4266 in
1453 4219 1609 4266 aetate
1647 4210 1700 4266 in
1729 4226 1834 4280 qua
1875 4213 2054 4283 sepul-

467 4298 646 4367 pullus
688 4307 804 4364 est,
852 4300 1105 4370 numquid
1155 4301 1421 4358 credimus
1447 4317 1570 4358 eum
1611 4303 1668 4356 in
1701 4303 1838 4358 coelo
1894 4319 2052 4359 seue-

467 4405 622 4447 sccre
645 4391 670 4444 ?
698 4392 840 4462 Ergo
865 4401 1008 4446 erant
1024 4433 1039 4458 ,
1068 4393 1269 4463 inquit,
1291 4395 1510 4465 azquales
1531 4394 1734 4464 Angelis
1759 4395 1875 4450 Dei.
1909 4397 2048 4451 Abs-

473 4481 598 4536 tulit
645 4481 716 4536 de
753 4481 930 4537 medio
978 4482 1331 4551 suspicionem
1373 4484 1676 4542 Judazorum
1697 4527 1712 4553 ,
1741 4485 1938 4542 refellit
1961 4503 2051 4542 ea.

471 4571 704 4628 lumuias
733 4571 1144 4629 Sadduearorum
1187 4591 1200 4627 :
1242 4576 1364 4644 quia
1393 4575 1564 4631 Judaei
1601 4577 1892 4634 credebant
1933 4581 2051 4650 qui-

468 4662 590 4718 dem
619 4672 1012 4720 resurrecturos
1037 4673 1294 4732 mortuos,
1323 4666 1418 4722 sed
1449 4666 1512 4720 ad
1535 4683 1652 4736 qua:
1677 4683 1838 4738 opera
1865 4687 2046 4726 resur-

467 4761 672 4822 gcrcnt,
701 4753 983 4808 carnaliter
1014 4755 1332 4824 sentiebant.
1367 4755 1532 4812 Erunt
1569 4760 1810 4828 tequales,
1855 4762 2044 4832 inquit,

469 4846 677 4918 Angelis
719 4845 832 4900 Dei.
884 4847 1090 4902 Audisti
1129 4847 1198 4902 de
1225 4848 1418 4916 virtute
1461 4851 1583 4916 Dci,
1627 4853 1754 4910 audi
1790 4855 1949 4910 etiam
1981 4857 2048 4913 de

469 4937 778 5008 Scripturis.
837 4937 916 4991 De
969 4941 1328 5004 resurrectione
1349 4981 1364 5006 ,
1405 4940 1616 5012 inquit,
1665 4961 1770 5000 non
1821 4947 2045 5018 legistis,

471 5029 724 5100 quomodo
770 5029 966 5084 locutus
1016 5029 1081 5084 sit
1129 5029 1377 5086 Dominus
1427 5033 1496 5084 ad
1540 5033 1751 5104 Moysen
1797 5039 1860 5090 de
1897 5039 2042 5107 rubo,

467 5124 638 5176 dicens
668 5137 686 5175 :
719 5120 828 5193 Ego
853 5138 966 5176 sum
999 5121 1132 5177 Dens
1159 5123 1409 5178 Abraham
1429 5167 1445 5192 ,
1477 5125 1612 5180 Deus
1633 5126 1805 5196 Isaac,
1833 5139 1882 5183 et
1906 5129 2047 5187 Deus

464 5211 626 5268 Iacob
647 5213 673 5266 1’
695 5211 816 5266 Non
841 5222 912 5267 est
941 5212 1078 5268 Deus
1107 5221 1434 5283 mortuarum,
1461 5217 1550 5271 sed
1575 5219 1797 5274 uiuorum
1816 5220 2042 5293 (Matth.

467 5321 600 5370 xxn,
640 5304 833 5368 35-39,
859 5315 906 5360 et
937 5305 1063 5360 Luc.
1097 5323 1182 5370 xx,
1213 5307 1423 5380 27-58).

531 5395 768 5454 CAPUT.
797 5397 1116 5456 XVl.-_—19.
1149 5399 1465 5455 Rcsurrectio
1493 5401 1570 5454 ad.
1590 5403 1740 5457 vitam
1781 5405 1890 5460 ine
1925 5423 2043 5462 cor—

462 5488 713 5556 ruptione.
760 5487 978 5544 Mutatio
1028 5492 1193 5546 carnis
1219 5491 1271 5544 in
1317 5491 1496 5560 melius
1529 5493 1772 5548 bonorum
1811 5499 2040 5570 propria.

463 5580 613 5647 Quod
641 5596 768 5651 ergo
795 5597 1152 5653 resurgamus,
1202 5584 1399 5640 dictum
1441 5595 1565 5640 est:
1609 5597 1667 5642 et
1705 5591 1952 5659 quoniam
1975 5593 2048 5648 ad.

527 5671 599 5731 (α)
617 5674 806 5722 Rectius
821 5735 832 5745 Ι
843 5673 970 5742 forte
991 5675 1244 5745 legeretur
1267 5689 1278 5724 :
1307 5687 1481 5728 uxores
1504 5678 1732 5745 (turmali,
1747 5689 1908 5745 patos,
1935 5683 2038 5745 vel,

465 5746 633 5802 pueras
663 5735 925 5802 carnaliter
957 5735 1218 5802 generatim
1239 5755 1270 5802 ;_
1287 5745 1370 5786 aut
1395 5753 1502 5802 cum
1527 5740 1688 5796 Morel,
1713 5735 1858 5800 talem.
1895 5735 2028 5802 'Crit.,'

465 5807 510 5848 ιι.
547 5794 632 5843 190
657 5811 666 5844 :
697 5809 871 5847 uxores
892 5794 1115 5860 ducendi,
1141 5812 1203 5850 ex
1226 5794 1292 5851 ιίὶδ
1309 5801 1563 5852 carnaliter
1587 5794 1862 5865 getwrundi.
1919 5794 1972 5854 tu.

1723 343 1778 400 S.
1821 338 2183 400 AUCUSTlNl
2223 341 2524 400 EPISCOPI

3619 354 3770 417 εὔει

2177 453 2334 508 vitam
2366 456 2684 528 Angelorum
2731 455 3074 528 resurgimus,
3103 472 3132 513 a
3159 457 3384 518 Domino
3411 463 3712 523 audivimus
3741 486 3758 524 :

2173 545 2226 600 in
2265 561 2366 616 qua
2409 563 2538 604 vero
2579 548 2758 619 specie
2799 563 3158 620 resurgamus,
3189 551 3302 622 ipse
3329 555 3565 612 ostendit
3586 558 3640 613 in
3671 575 3763 614 re-

2171 637 2501 692 surrectione
2549 655 2666 695 sua.
2695 639 2829 708 Quia
2854 657 2984 698 vero
3037 641 3152 712 ipsa
3194 645 3401 714 species
3453 650 3762 720 corruptio-

2171 741 2294 782 nem
2321 743 2426 784 non
2450 728 2684 797 habebit,
2729 732 3018 802 Apostolus
3047 734 3175 789 dicit
3205 752 3221 788 :
3273 735 3386 790 Hoc
3425 750 3594 793 autem
3619 741 3755 806 dico,

2172 821 2375 890 putres,
2405 822 2523 890 quia
2557 837 2675 877 caro
2709 833 2756 877 et
2801 825 3008 896 sanguis
3053 843 3266 897 regnum
3316 828 3414 883 Dei
3461 832 3760 888 hereditate

2171 911 2426 980 possidere
2452 928 2552 968 non
2577 923 2790 983 possunt
2819 933 2839 982 ;
2865 933 3020 987 neque
3043 907 3304 990 corruptio
3325 919 3757 992 incorruptionem

2170 1001 2463 1058 hereditate
2495 1005 2766 1074 possidebit
2793 1021 2814 1060 :
2835 1015 2894 1061 ut
2919 1008 3227 1066 ostenderet
3245 1012 3460 1068 nomine
3487 1014 3670 1070 carnis
3705 1005 3761 1070 et

2168 1095 2440 1166 sanguinis
2465 1099 2862 1168 corruptionem
2889 1101 3128 1157 mortalis
3165 1103 3522 1174 animalisque
3556 1120 3758 1177 corpo-

2168 1185 2244 1241 ris
2285 1201 2346 1242 sc
2386 1187 2682 1260 intelligere
2721 1189 2975 1247 voluisse.
3029 1192 3234 1248 Deinde
3285 1193 3448 1249 solvit
3482 1195 3592 1266 jam
3641 1197 3758 1266 ipse

2167 1277 2536 1348 qumstionem,
2581 1295 2739 1350 quam
2775 1290 2994 1352 possent
3035 1283 3106 1338 ab
3129 1299 3196 1339 eo
3231 1285 3443 1340 solliciti
3483 1286 3757 1342 auditores

2167 1369 2450 1439 exquirere
2480 1389 2495 1426 :
2521 1372 2646 1442 quia
2673 1372 2948 1428 sollicitior
2973 1374 3088 1444 ipse
3110 1374 3179 1430 de
3195 1375 3468 1434 intellectu
3497 1376 3752 1445 ﬁliorum,

2166 1476 2328 1531 quam
2353 1461 2446 1516 filii
2469 1472 2598 1518 sunt
2618 1462 2685 1520 dc
2713 1465 2889 1520 verbis
2925 1474 3222 1536 parentum.
3261 1467 3548 1540 Subjungit
3593 1483 3752 1541 ergo,

2165 1560 2220 1606 et
2246 1550 2374 1608 dicit
2401 1569 2414 1606 :
2441 1551 2572 1608 Ecce
2610 1555 2900 1624 mysterium
2925 1555 3062 1610 vobis
3086 1555 3220 1616 dico.
3244 1557 3756 1630 Quiescatoogitatio

2167 1649 2278 1708 tua,
2311 1655 2344 1698 o
2369 1641 2550 1710 homo,
2581 1644 2822 1714 quisquis
2863 1660 2943 1708 es.
2968 1644 3226 1716 Cmperas
3251 1647 3394 1705 enim
3421 1651 3658 1720 cogitare
3683 1649 3754 1706 dc

2166 1735 2342 1794 verbis
2387 1737 2650 1806 Apostoli,
2693 1737 2840 1809 quod
2887 1753 3016 1798 caro
3055 1739 3288 1796 humana
3333 1755 3442 1796 non
3485 1751 3751 1813 resurgat,

2165 1841 2284 1880 cum
2303 1825 2538 1894 audires,
2565 1827 2696 1884 Caro
2726 1837 2774 1883 et
2799 1829 3006 1900 sanguis
3031 1845 3240 1900 regnum
3267 1829 3364 1886 Dei
3387 1848 3486 1886 non
3519 1833 3752 1904 posside:

2165 1916 2233 1970 bit
2263 1933 2282 1970 :
2309 1917 2406 1972 sed
2429 1917 2607 1988 praebe
2647 1933 2831 1976 aurem
2857 1921 3304 1992 consequentibus
3331 1923 3529 1989 verbis,
3555 1933 3609 1979 et
3631 1940 3755 1980 rm:-

2164 2007 2278 2076 rige
2323 2009 2792 2078 praesumptionem
2835 2011 3193 2080 cogitationis.
3217 2011 3366 2080 Ecce,
3411 2013 3610 2084 inquit,
3634 2022 3754 2086 ing-

2164 2098 2370 2153 sterium
2399 2098 2514 2154 dico
2539 2100 2676 2155 vobis
2703 2117 2722 2154 :
2751 2117 2922 2158 omnes
2939 2102 3144 2172 quidem
3171 2119 3506 2176 resurgentia,
3531 2106 3624 2161 sed
3649 2124 3755 2162 non

2163 2205 2340 2258 quinas
2375 2190 2774 2247 immntabintur.
2801 2193 2940 2260 Quid
2981 2204 3064 2250 est
3111 2194 3259 2253 hoc?
3295 2197 3518 2254 Mutatio
3555 2199 3758 2270 quippe

2161 2281 2326 2336 autin
2347 2281 2498 2352 pejus
2523 2291 2626 2349 est,
2655 2292 2749 2350 aut
2773 2285 2830 2340 in
2855 2285 3064 2351 melius.
3089 2287 3150 2356 Si
3169 2303 3298 2360 ergo
3323 2291 3494 2362 posita
3519 2300 3603 2347 est
3629 2307 3756 2348 mu.-

2164 2371 2312 2438 tatio,
2330 2381 2390 2427 ut
2403 2373 2636 2428 nondum
2649 2374 2924 2432 videamus
2941 2377 3118 2447 qualis
3139 2379 3264 2447 erit,
3280 2389 3458 2440 utrum
3475 2382 3530 2440 in
3547 2383 3754 2454 aliquid

2161 2463 2372 2532 melius,
2394 2479 2460 2517 an
2491 2465 2540 2518 in
2569 2465 2769 2536 aliquid
2791 2466 3028 2524 deterius
3057 2487 3069 2524 :
3095 2485 3228 2542 ergo
3251 2482 3524 2542 sequatur,
3553 2483 3612 2530 et
3635 2475 3758 2544 ipse

2162 2561 2392 2622 exponat
2423 2569 2438 2618 ;
2485 2554 2612 2624 quid
2651 2556 2805 2612 nobis
2833 2565 2915 2612 est
2941 2557 3249 2628 suspicari?
3284 2561 3353 2616 Et
3393 2561 3618 2619 fortasse
3647 2564 3753 2626 bu:

2161 2659 2318 2698 mana
2347 2645 2651 2715 suspicione
2679 2647 2784 2703 labi
2815 2649 2868 2704 in
2901 2664 3142 2706 errorem
3171 2659 3222 2706 te
3265 2666 3370 2708 non
3411 2655 3668 2722 permittit
3695 2655 3754 2710 in

2159 2737 2494 2806 conjecturas
2541 2747 2657 2795 tuas
2689 2742 2980 2810 apostolica
3005 2745 3315 2813 auctoritas,
3345 2756 3400 2801 et
3425 2745 3526 2802 hoc
3551 2747 3755 2818 liquide

2161 2830 2414 2900 exponit,
2447 2831 2746 2902 cujusmodi
2789 2835 3138 2892 mutationem
3163 2838 3294 2894 velit
3319 2838 3562 2910 intelligi.
3607 2840 3758 2909 Quid

2159 2920 2336 2990 ergo?
2363 2919 2495 2976 Cum
2535 2921 2774 2989 dixisset,
2811 2923 2997 2979 Omnes
3061 2941 3394 3000 resurgemus,
3440 2947 3543 2986 non
3583 2940 3754 2986 tamen

2159 3025 2330 3074 omnes
2368 3011 2744 3076 immutabimw:
2780 3029 2802 3070 .'
2842 3013 2998 3082 video
3034 3030 3222 3073 omnes
3270 3029 3662 3078 resurrecturus
3695 3033 3758 3078 ct

2157 3101 2329 3166 bonos
2355 3111 2410 3162 et
2427 3103 2596 3162 malos
2622 3119 2642 3170 ;
2660 3104 2756 3168 sed
2776 3105 2866 3176 qui
2890 3106 3309 3165 immutabuntur
3323 3151 3342 3178 ι
3357 3111 3630 3177 videamus
3655 3130 3670 3180 ;
3693 3124 3756 3176 et

2159 3191 2285 3267 hinc
2313 3194 2667 3268 intelligamus
2692 3198 3068 3272 mutationem,
3095 3209 3274 3256 utrum
3301 3204 3358 3266 in~
3377 3203 3568 3278 inelius
3595 3221 3664 3260 an
3691 3207 3754 3262 in

2157 3281 2392 3344 deterius
2419 3284 2487 3340 sit
2515 3285 2712 3342 futura.
2736 3287 2792 3342 Si
2818 3289 2961 3360 enim
2983 3290 3246 3362 malorum
3265 3301 3350 3363 est
3371 3293 3470 3350 ista
3499 3296 3750 3360 mutatio,

2159 3373 2212 3428 in
2243 3374 2433 3444 pejus;
2461 3375 2506 3431 si
2531 3385 2709 3432 autem
2737 3380 3022 3446 bonorum,
3059 3381 3112 3436 in
3149 3381 3337 3440 melius
3361 3385 3480 3446 erit.
3525 3384 3593 3450 In
3629 3393 3748 3440 ato-

2157 3481 2261 3530 mo,
2285 3465 2476 3536 inquit,
2502 3468 2556 3521 in
2584 3469 2686 3523 ictu
2712 3470 2867 3538 oculi,
2890 3469 2944 3524 in
2971 3473 3240 3528 novissima
3265 3475 3404 3540 tuba.
3427 3477 3581 3540 Cane!
3609 3477 3754 3546 enim

2158 3557 2297 3625 tuba,
2339 3568 2384 3612 el
2423 3561 2609 3616 mortui
2631 3573 2887 3635 resurgant
2925 3563 3224 3634 incompti,
3261 3576 3308 3620 et
3333 3584 3422 3620 nos
3451 3567 3750 3637 inmutanti-

2157 3666 2291 3720 uutr.
2317 3649 2435 3724 iam
2475 3667 2603 3736 ergo
2645 3653 2698 3708 in
2725 3655 2915 3711 melius
2943 3657 3044 3712 erit
3083 3657 3182 3712 ista
3225 3660 3620 3724 mutatio,'enm
3661 3662 3748 3720 di-

2155 3743 2248 3810 cit,
2272 3742 2342 3812 Et
2363 3761 2453 3808 aps
2479 3746 2850 3808 immutabitnur
2877 3763 2897 3802 :
2919 3748 3014 3804 sed
3055 3749 3289 3806 nondum
3315 3767 3628 3822 expressum
3655 3763 3748 3810 est

2155 3844 2416 3910 quantum
2432 3837 2660 3910 exprimi
2681 3839 2936 3907 oportuit,
2975 3855 3252 3912 quousque
3277 3858 3471 3916 corpus
3491 3853 3739 3902 nostrum

2156 3939 2513 3987 commutatur
2538 3931 2588 3984 in
2619 3931 2830 4005 melius.
2858 3932 2994 4000 Quid
3039 3944 3122 3998 est
3147 3934 3318 4007 ipsum
3353 3938 3564 4013 melius,
3602 3954 3750 4012 nou-l

2155 4021 2282 4076 dum
2309 4021 2508 4084 dictum
2535 4031 2635 4090 est.
2661 4022 2794 4096 Nam
2817 4035 2874 4079 et
2895 4025 2964 4080 ab
2990 4025 3209 4100 infantia
3243 4029 3300 4098 in
3325 4030 3742 4090 adolescentiam

2155 4125 2277 4168 cum
2307 4121 2558 4178 mutatur,
2592 4121 2768 4185 potest
2821 4114 2927 4188 diei
2969 4115 3021 4170 in
3063 4117 3254 4194 melius
3287 4122 3621 4188 commutari,
3647 4122 3740 4177 ubi

2155 4201 2254 4256 etsi
2283 4203 2459 4257 minus
2486 4203 2772 4272 infirmum,
2800 4204 2975 4262 adhuc
3004 4215 3179 4276 tamen
3215 4209 3484 4282 infirmum
3509 4221 3562 4278 et
3585 4227 3738 4267 mors

2155 4295 2259 4350 tale
2279 4304 2378 4350 est.

2223 4405 2446 4464 CAPUT
2475 4409 2636 4464 XVII.
2667 4440 2739 4451 —
2761 4410 2852 4468 20.
2881 4412 3120 4470 Celeritas
3163 4419 3563 4474 resurrectionis.
3608 4420 3738 4474 Alo-

2153 4514 2286 4565 ruus,
2333 4499 2476 4569 quid.
2531 4501 2741 4558 Atomus
2781 4503 2836 4557 in
2885 4521 3112 4575 corpore.
3143 4506 3352 4566 Atomus
3401 4509 3454 4564 in
3491 4518 3734 4581 tempore.

2153 4587 2292 4643 lctus
2319 4591 2470 4643 oculi.
2495 4591 2634 4661 Ergo
2671 4593 2873 4663 singula
2917 4595 3221 4665 diligentius
3271 4607 3642 4656 retractemus.
3665 4601 3739 4656 In

2151 4691 2348 4748 atomo,
2381 4681 2570 4752 inquit.
2618 4683 2843 4740 Difficile
2862 4685 3072 4742 videtur
3105 4687 3412 4744 hominibus
3447 4706 3736 4764 resurgere

2152 4781 2433 4832 mortuos:
2463 4774 2555 4832 sed
2599 4774 2794 4830 mirum
2836 4786 2919 4832 est
2960 4779 3411 4848 quemadmodum
3449 4782 3737 4840 abstulerit

2151 4865 2438 4932 Apostolus
2465 4881 2654 4928 omnes
2698 4869 2955 4940 ancipites
3002 4870 3340 4928 difficultates
3369 4872 3439 4930 de
3480 4875 3738 4932 cordibus

2153 4954 2406 5010 fidelium.
2435 4957 2576 5010 Dicis
2619 4966 2707 5024 tu,
2745 4958 2858 5014 Non
2891 4971 3176 5032 resurgunt
3209 4965 3401 5020 mortui
3435 4983 3449 5019 :
3481 4981 3582 5036 ego
3619 4983 3730 5024 non

2151 5046 2324 5118 solum
2353 5061 2631 5115 resurgere
2651 5057 2918 5106 mortuum
2944 5050 3070 5108 dico
3087 5091 3104 5118 ,
3131 5053 3226 5110 sed
3253 5063 3394 5108 tanta
3417 5057 3696 5114 celeritate
3711 5099 3733 5130 ,

2150 5147 2345 5209 quanta
2365 5153 2468 5196 non
2498 5148 2786 5208 conceptus
2807 5151 2862 5194 et
2881 5151 3040 5198 natus
3065 5158 3146 5199 es.
3188 5143 3394 5210 Quanta
3421 5147 3564 5202 enim
3581 5164 3733 5206 mora

2150 5241 2234 5289 est
2249 5239 2310 5286 ut
2321 5230 2582 5288 formetur
2599 5231 2760 5288 homo
2776 5232 2827 5287 in
2850 5241 3022 5300 utero,
3039 5245 3099 5290 ut
3124 5239 3444 5307 perficiatur,
3456 5249 3516 5296 ut
3538 5257 3732 5300 nasca-

2149 5330 2254 5384 tur,
2285 5330 2341 5375 ut
2360 5329 2576 5377 aetatum
2599 5323 2939 5380 successione
2965 5326 3286 5384 roboretur?
3307 5330 3570 5402 Numquid
3593 5334 3732 5391 forte

2147 5413 2225 5468 sic
2241 5403 2638 5468 resurrecturus
2653 5423 2734 5470 est
2748 5414 2898 5470 ‘iNon
2923 5433 2938 5470 :
2959 5417 3054 5474 sed
3071 5419 3124 5472 in
3147 5429 3338 5488 atomo,
3363 5422 3552 5493 inquit.
3579 5423 3734 5480 Multi

2149 5503 2392 5560 nesciunt
2416 5504 2542 5575 quid
2571 5506 2642 5562 sit
2685 5516 2914 5564 atomus.
2941 5511 3172 5568 Atomus
3209 5512 3382 5570 dictus
3415 5525 3548 5572 esta
3578 5529 3730 5585 τομή,

2147 5594 2288 5665 quod
2315 5604 2398 5652 est
2419 5598 2590 5652 sectio
2615 5615 2628 5652 :
2653 5603 2838 5666 ἄτομος
2856 5615 3030 5670 grzece
3046 5603 3186 5673 quod
3203 5605 3374 5661 secari
3401 5621 3506 5663 non
3528 5616 3728 5678 potest.

2147 5687 2250 5743 Sed
2281 5687 2474 5742 dicitur
2487 5697 2698 5746 atomus
2717 5690 2771 5746 in
2799 5707 3055 5762 corpore,
3083 5693 3279 5751 dicitur
3295 5696 3347 5752 in
3371 5705 3630 5768 tempore.
3666 5699 3730 5756 In

2152 5793 2372 5848 corpore
2403 5779 2616 5848 dicitur,
2649 5782 2692 5836 si
2737 5783 2862 5853 quid
2889 5784 3113 5843 inveniri
3141 5796 3316 5858 potest
3341 5788 3482 5861 quod
3503 5790 3734 5862 quidem
