4080 6360
261 318 399 390 163.5

254 433 419 498 dividi
473 445 579 486 non
631 442 788 498 posse
829 425 1156 496 perhibetur,
1211 421 1586 493 corpusculum
1633 419 1844 492 aliquod

252 535 362 578 tam
391 524 676 584 minutum,
723 529 782 573 ut
814 519 926 588 jam
954 531 1060 572 non
1091 515 1284 570 habeat
1310 515 1398 570 ubi
1439 513 1610 568 secari
1654 511 1841 583 possit.

252 616 482 683 Atomus
503 621 682 668 autem
703 611 754 667 in
780 617 1021 680 tempore
1036 615 1362 663 momentum
1389 613 1472 662 est
1501 605 1684 670 breve,
1703 603 1844 674 quod

249 706 357 776 iam
386 720 498 760 non
535 703 697 759 habet
738 701 831 756 ubi
875 700 1160 754 dividatur.
1188 697 1345 753 Verbi
1371 697 1561 766 gratia,
1614 703 1669 749 ut
1715 708 1841 764 pos-

248 800 361 854 sint
391 799 553 854 etiam
607 796 768 852 corda
811 795 1045 848 tardiora
1098 807 1292 862 capere
1331 791 1470 862 quod
1510 791 1632 844 dico
1665 807 1677 843 :
1707 788 1841 858 lapis

247 899 371 954 est;
401 886 580 942 divide
599 902 720 942 eum
744 887 794 940 in
826 892 1027 954 partes,
1061 893 1116 938 et
1161 891 1340 952 partes
1379 883 1522 952 ipsas
1568 880 1747 935 divide
1786 880 1839 934 in

249 978 486 1048 lapillos,
515 977 723 1046 lapillos
745 975 959 1045 quidem
989 975 1040 1027 in
1069 989 1234 1044 grana
1255 1014 1270 1038 ,
1302 972 1466 1030 veluti
1489 981 1614 1026 sunt
1637 985 1836 1036 arente,

247 1081 546 1138 rursusque
583 1066 697 1136 ipsa
726 1079 902 1120 arena:
929 1078 1093 1134 grana
1119 1062 1298 1117 divide
1328 1062 1381 1116 in
1421 1058 1838 1117 minutissinnun

246 1158 552 1235 pulverem,
580 1156 748 1212 donec
768 1156 813 1211 si
845 1155 1013 1226 possit
1035 1154 1313 1224 pervenias
1332 1152 1399 1208 ad
1418 1153 1647 1224 aliquam
1666 1152 1843 1206 minu-

253 1251 602 1320 tiam,qualis
622 1250 732 1320 jam
763 1248 926 1304 dividi
955 1263 1058 1302 non
1087 1256 1280 1318 potest.
1307 1245 1430 1303 Haec
1446 1253 1754 1302 estatomus
1785 1245 1838 1300 in

246 1343 590 1412 corporibus.
639 1341 697 1396 In
728 1347 970 1410 tempore
1000 1356 1126 1396 vero
1155 1341 1234 1394 sic
1272 1338 1598 1410 intelligitur.
1629 1337 1837 1402 Annus,

247 1434 402 1489 verbi
441 1435 635 1506 gratia,
674 1435 929 1491 dividitur
955 1434 1008 1488 in
1036 1448 1269 1500 menses,
1292 1447 1505 1488 menses
1532 1429 1840 1485 dividuntur

248 1528 298 1580 in
331 1527 486 1592 dies,
519 1528 634 1584 dies
667 1526 843 1585 adhuc
893 1527 948 1582 in
986 1525 1148 1581 horas
1183 1523 1346 1580 dividi
1379 1533 1636 1594 possunt,
1691 1520 1838 1575 hora:

245 1617 427 1672 adhuc
472 1619 528 1672 in
583 1628 761 1688 partes
825 1619 1080 1674 horarum
1125 1615 1381 1686 quasdam
1437 1612 1834 1683 productiores,

247 1724 366 1793 qua:
392 1708 684 1764 admittunt
702 1709 1014 1776 divisiones,
1033 1721 1311 1779 quousque
1333 1705 1516 1760 venias
1539 1703 1607 1760 ad
1635 1711 1837 1758 tantum

248 1802 514 1872 temporis
553 1813 837 1872 punctum,
882 1811 937 1858 et
983 1800 1267 1873 quamdam
1296 1799 1553 1868 momenti
1600 1796 1794 1853 stillam
1818 1836 1835 1863 ,

249 1901 303 1946 ut
324 1908 426 1962 per
451 1894 654 1949 nullam
683 1894 946 1956 morulam
997 1891 1218 1964 produci
1247 1891 1433 1963 possit,
1463 1898 1520 1946 et
1567 1889 1688 1948 ideo
1725 1888 1838 1958 jam

244 1982 416 2037 dividi
442 1998 552 2039 non
579 1985 746 2054 possit
778 2003 790 2040 :
823 1985 939 2040 hcce
960 1993 1042 2041 est
1064 1992 1274 2039 atomus
1303 1982 1578 2052 temporis.
1608 1980 1838 2037 Dicebas

247 2090 377 2146 ergo
399 2091 512 2147 non
541 2091 820 2146 resurgere
846 2086 1086 2132 mortuos
1119 2093 1134 2130 :
1165 2091 1274 2130 non
1316 2075 1491 2136 solum
1527 2082 1833 2142 resurgunt,

248 2165 342 2238 sed
368 2175 518 2222 tanta
544 2168 817 2228 celeritate
837 2175 1123 2239 resurgunt
1140 2209 1156 2236 ,
1186 2176 1245 2224 ut
1282 2167 1337 2237 in
1383 2176 1562 2222 atomo
1587 2166 1840 2237 temporis

248 2257 428 2311 futura
458 2259 529 2312 sit
557 2258 796 2320 omnium
827 2259 1146 2321 resurrectio
1175 2268 1530 2324 mortuorum.

316 2348 555 2405 CAPUT
595 2348 778 2410 XVIII.
799 2379 869 2390 —-
889 2349 957 2404 Et
981 2363 1254 2419 exponens
1283 2349 1377 2404 tibi
1403 2349 1566 2404 atomi
1594 2348 1843 2405 celerita-

251 2447 399 2505 tem,
447 2454 573 2494 cum
613 2423 876 2507 dixisset,
920 2439 973 2493 in
1023 2449 1214 2506 atomo,
1268 2439 1510 2510 adjunxit
1565 2440 1840 2508 continuo,

250 2541 514 2602 quantum
543 2531 656 2588 fieri
681 2532 847 2603 possit
871 2525 1098 2587 actionis
1118 2547 1183 2588 ac
1210 2541 1385 2588 motus
1417 2532 1470 2587 in
1495 2541 1677 2588 atomo
1703 2540 1843 2588 tem-

251 2624 433 2692 poris,
471 2621 541 2676 In
561 2623 661 2677 ictu
687 2623 821 2678 oculi
850 2625 943 2677 ait.
974 2623 1142 2678 Scivit
1170 2623 1314 2678 enim
1341 2622 1572 2678 obscure
1607 2622 1842 2688 dixisse,

251 2719 302 2791 in
326 2726 534 2789 atonto,
561 2725 614 2771 et
637 2716 842 2785 planius
862 2716 1042 2784 dicere
1067 2715 1234 2772 voluit
1253 2714 1395 2785 quod
1421 2715 1628 2778 facilius
1650 2715 1844 2771 intelli-

250 2818 490 2878 geretur.
539 2807 677 2875 Quid
720 2816 804 2863 est
855 2808 989 2862 ictus
1033 2807 1212 2862 oculi?
1258 2805 1376 2868 Non
1421 2821 1528 2878 quo
1579 2806 1846 2878 palpebris

253 2893 558 2956 claudimus
605 2901 818 2956 oculum
881 2899 966 2956 vel
1014 2899 1328 2973 aperimus:
1359 2898 1455 2956 sed
1503 2899 1665 2953 ictum
1717 2897 1846 2953 dicit

252 2993 393 3047 oculi
422 2991 768 3048 emissionem
794 2990 1063 3046 radiorum
1089 2989 1156 3044 ad
1177 2988 1376 3060 aliquid
1394 2988 1718 3045 cernendum
1742 2988 1840 3058 (τι).

252 3082 373 3157 Mox
405 3084 552 3138 enim
577 3093 634 3138 ut
660 3083 956 3153 conjeceris
975 3090 1248 3152 aspectum
1273 3123 1289 3148 ,
1317 3082 1547 3136 emissus
1573 3081 1756 3137 radius
1791 3082 1845 3136 in

253 3175 452 3250 emtum
484 3175 740 3244 pervenit,
773 3174 864 3228 ubi
892 3173 1061 3229 solem
1090 3182 1145 3228 et
1181 3173 1363 3227 lunam
1391 3181 1444 3228 et
1468 3172 1650 3228 stellas
1675 3182 1732 3228 et
1768 3173 1844 3227 si-

252 3264 382 3319 dera
409 3274 745 3330 contoemur,
782 3274 887 3318 tam
926 3263 1189 3320 immenso
1223 3263 1499 3319 intervallo
1528 3277 1559 3316 a
1586 3271 1728 3320 terra
1760 3279 1846 3320 sc-

253 3367 463 3426 parata.
491 3357 693 3412 Tubam
720 3374 846 3414 vero
871 3358 1236 3426 novissimam,
1265 3359 1474 3430 signum
1499 3359 1846 3415 novissimum

253 3447 407 3512 dicit.
437 3447 595 3516 Canet
638 3449 792 3517 enim,
840 3450 1035 3523 inquit,
1075 3451 1214 3518 tuba,
1263 3460 1311 3506 et
1356 3451 1847 3522 mortuiresurgent

255 3540 560 3613 incorrupti,
593 3551 639 3594 et
682 3558 772 3595 nos
827 3541 1223 3609 immutabimur.
1271 3541 1382 3599 Nos
1426 3544 1608 3614 utique
1659 3543 1848 3598 ﬁdeles

257 3631 414 3697 dixit,
445 3642 501 3686 et
526 3633 729 3701 priores
758 3643 1096 3705 resurgentes
1117 3635 1184 3689 ad
1213 3635 1372 3690 vitam
1401 3644 1678 3691 teternam.
1709 3637 1848 3707 Ergo

260 3721 345 3775 illa
382 3722 635 3788 mutatio,
666 3723 788 3794 quia
836 3724 1047 3794 piorum
1099 3735 1262 3796 atque
1311 3736 1616 3782 sanctorum
1645 3736 1761 3796 est,
1795 3714 1846 3784 in

259 3813 454 3867 melius
480 3813 605 3878 erit,
633 3829 740 3868 non
768 3813 819 3868 in
847 3813 1101 3870 deterius.

327 3903 423 3965 2|.
456 3904 754 3960 Immutatio
781 3915 1068 3960 sanctorum
1089 3907 1140 3962 in
1167 3916 1526 3963 resurrectione
1549 3912 1711 3978 qualis
1731 3913 1846 3964 erit.

263 3995 395 4068 Caro
416 4006 464 4050 et
497 3997 704 4068 sanguis
731 3999 933 4068 praprie
958 4001 1294 4070 corruptionis
1321 4010 1370 4065 et
1401 4002 1722 4058 mortalitatis
1751 4019 1848 4056 no-

263 4090 422 4142 mina.
453 4089 559 4144 Sed
588 4107 706 4160 qua:
731 4102 814 4146 cSt
843 4092 940 4146 ista
971 4093 1232 4148 mutatio?
1259 4093 1387 4164 quid
1414 4104 1497 4149 est
1537 4095 1666 4149 illud
1707 4094 1851 4164 quod

263 4185 360 4246 ait,
393 4183 828 4240 Immutabimur?
873 4187 1086 4256 Species
1130 4188 1389 4241 amittitur
1413 4203 1530 4258 qua:
1561 4203 1705 4246 nunc
1727 4197 1809 4244 est
1829 4230 1845 4255 ,

263 4291 330 4330 an
353 4277 468 4346 sola
498 4278 790 4347 corruptio,
821 4288 1040 4350 preptcr
1079 4279 1131 4334 id
1157 4280 1300 4350 quod
1326 4280 1525 4335 dictum
1573 4291 1677 4348 est,
1719 4280 1852 4336 Caro

265 4377 307 4418 et
326 4367 539 4437 sanguis
555 4385 760 4437 regnum
776 4357 873 4427 Dei
897 4369 1153 4440 possidere
1174 4387 1275 4424 non
1296 4381 1536 4442 possint,-
1563 4382 1722 4442 neque
1741 4389 1828 4427 cor

268 4457 435 4525 ruptio
462 4459 890 4530 incorruptionem
937 4461 1228 4527 liwreditate
1266 4461 1575 4531 possidebit?
1604 4463 1754 4530 Quod
1788 4478 1853 4518 ne

267 4549 567 4605 auditorem
597 4560 834 4607 moveret
873 4552 939 4606 ad
971 4552 1358 4624 despcrandam
1409 4556 1586 4610 carnis
1615 4571 1855 4611 resurre—

269 4642 501 4695 ctionem
520 4682 534 4707 ,
566 4641 821 4712 subjecit,
854 4643 982 4698 Ecce
1008 4645 1296 4714 mysterium
1324 4646 1460 4704 vobis
1503 4647 1616 4701 dico
1639 4664 1658 4702 :
1683 4664 1853 4704 attines

270 4751 625 4804 rcsurgcmus,
651 4737 740 4789 sed
767 4753 867 4790 non
912 4753 1084 4792 omnes
1121 4739 1514 4804 immutabimur.
1547 4741 1613 4796 Et
1659 4757 1726 4798 ne
1754 4758 1852 4811 pu-

272 4832 511 4879 taremus
559 4825 983 4883 immutationem
1035 4829 1088 4883 in
1128 4829 1280 4899 pejus
1334 4830 1561 4885 futuram
1595 4848 1607 4884 :
1640 4842 1694 4886 et
1733 4848 1851 4899 nos,

273 4917 469 4990 inquit,
498 4920 896 4975 immutabimur.
930 4922 1115 4977 Restat
1139 4938 1267 4993 ergo
1297 4932 1353 4977 ut
1376 4923 1519 4979 dicat
1551 4925 1722 4994 qualis
1749 4925 1852 4990 im-

273 5009 497 5064 mutatio
522 5007 694 5080 l'ntura
706 5011 793 5065 sit.
813 5011 1022 5081 Oportet
1037 5012 1170 5066 enim
1190 5013 1284 5067 hoc
1302 5015 1645 5085 corruptibile,
1661 5017 1850 5086 inquit,

272 5099 482 5164 induere
507 5099 956 5171 incorruptionem,
974 5112 1019 5157 et
1034 5105 1244 5159 mortale
1263 5105 1355 5172 (ioc
1374 5105 1581 5160 induere
1594 5107 1857 5171 immorta-

277 5188 489 5243 litatem.
519 5189 575 5246 Si
605 5193 950 5266 corrup‘tibile
978 5193 1082 5258 hoc
1124 5195 1374 5263 induetur
1419 5197 1818 5268 incorruptione
1837 5239 1854 5266 ,

278 5289 331 5335 et
358 5283 596 5338 mortale
616 5283 720 5340 hoc
748 5275 996 5358 indquetur
1025 5287 1456 5362 immortalitate;
1487 5292 1599 5361 jam
1627 5307 1731 5354 non
1757 5294 1860 5350 erit

279 5373 640 5444 corruptibilis
664 5389 810 5435 caro.
835 5376 895 5450 Si
917 5393 1044 5457 ergo
1065 5394 1178 5453 non.
1193 5381 1296 5436 erit
1323 5383 1683 5452 corruptibilis
1709 5399 1854 5450 caro,

282 5467 514 5521 cessabit
540 5482 736 5523 nomen
778 5471 1136 5541 corruptionis
1174 5473 1228 5528 in
1272 5488 1432 5530 carne
1479 5484 1534 5530 et
1577 5476 1857 5547 sanguine,

284 5560 514 5617 cessabit
549 5562 709 5616 etiam
737 5579 930 5620 nomen
960 5567 1234 5642 proprium
1259 5569 1435 5629 carnis
1461 5579 1516 5626 et
1553 5571 1858 5640 sanguinis;

289 5653 401 5722 quia
426 5653 769 5710 mortalitatis
818 5666 944 5712 sunt
997 5658 1095 5713 ista
1145 5661 1377 5721 nomina.
1410 5663 1472 5718 Et
1499 5663 1542 5718 si
1567 5662 1644 5737 ita.
1670 5672 1778 5717 est.
1809 5672 1863 5713 at

347 5763 424 5836 (et)
446 5763 561 5820 vide
584 5779 744 5838 supra,
772 5783 920 5824 serm.
948 5770 1056 5832 277,
1082 5786 1184 5838 cap.
1216 5775 1288 5846 ψ.

1646 305 1874 366 SERMO
1911 304 2198 365 CCCLX".
2232 311 2244 324 '

3396 324 3534 380 1626

1949 436 2075 478 caro
2100 435 2374 496 resurget,
2403 436 2456 483 et
2483 431 2605 498 quia
2653 428 2958 488 immutatur
2985 442 3039 490 et
3080 436 3138 490 llt
3196 435 3526 509 incorrupta,

1949 533 2068 570 caro
2111 527 2157 571 et
2192 519 2396 590 sanguis
2424 537 2632 592 regnum
2665 523 2760 579 Dei
2799 543 2899 580 non
2943 528 3233 598 possidebit.
3275 531 3428 597 Quod
3472 534 3518 587 si

1948 607 2091 663 illam
2119 609 2539 668 immutationem
2570 614 2623 668 in
2657 616 2736 671 eis
2769 619 2960 689 aliquis
2999 620 3298 692 intelligere
3338 625 3512 679 volue-

1946 698 2048 763 rit,
2070 714 2204 768 quos
2229 709 2354 757 tunc
2380 702 2554 760 adhuc
2594 709 2745 762 vivos
2775 708 2863 764 ille
2901 709 3019 766 dies
3066 711 3378 768 inventurus
3399 725 3518 781 est;

1946 796 2005 842 ut
2031 789 2118 858 qui
2138 789 2249 860 jam
2280 794 2473 848 mortui
2500 805 2671 862 erant,
2696 809 2997 870 resurgant,
3029 803 3117 871 qui
3143 811 3319 858 autem
3345 804 3523 862 adhuc

1945 884 2147 949 vivunt,
2180 884 2560 955 immutentur;
2588 899 2646 943 ut
2691 906 2876 946 eorum
2913 908 3197 962 personam
3220 898 3522 968 suscepisse

1943 975 2194 1031 credatur
2235 977 2542 1047 Apostolus,
2571 995 2694 1036 cum
2735 983 2830 1049 ait,
2863 983 2931 1037 Et
2960 1001 3053 1038 nos
3094 986 3472 1044 immutabimur
3501 1002 3522 1044 :

1943 1064 2133 1120 eadem
2158 1074 2335 1122 tamen
2363 1069 2504 1124 ratio
2528 1081 2903 1141 consequetur,
2931 1074 3054 1144 quia
3079 1075 3164 1128 illa
3194 1077 3521 1148 incorruptio

1941 1152 2010 1210 ad
2039 1169 2228 1211 omnes
2258 1158 2439 1229 utique
2466 1160 2754 1230 pertinebit
2775 1202 2789 1226 ,
2819 1179 2936 1217 cum
2961 1165 3287 1235 corruptibile
3315 1169 3409 1221 ltoc
3438 1168 3522 1222 in-

1943 1243 2059 1299 duet
2082 1246 2526 1319 incorruptionem,
2557 1261 2602 1305 et
2630 1254 2841 1307 mortale
2885 1254 2982 1308 hoc
3016 1256 3190 1310 induet
3215 1257 3518 1312 immortali-

1944 1345 2117 1391 tatem.
2157 1337 2300 1393 Tunc
2338 1340 2425 1408 ﬁet
2466 1357 2629 1396 sermo
2657 1343 2745 1409 qui
2769 1345 2987 1415 scriptus
3033 1354 3135 1412 est,
3173 1345 3422 1418 Absorpta
3447 1357 3517 1402 est

1943 1444 2078 1484 mors
2104 1429 2157 1484 in
2183 1429 2466 1491 victoriam.
2497 1431 2596 1486 Ubi
2637 1443 2744 1499 est,
2800 1452 2956 1502 nwrs,
2987 1437 3237 1495 contentio
3282 1437 3412 1490 tua?
3436 1437 3523 1492 ubi

1941 1527 2034 1585 est,
2062 1535 2218 1588 mors,
2239 1521 2446 1576 aculeus
2471 1531 2586 1578 tuus
2600 1524 2626 1578 .7
2650 1524 2858 1597 Corpus
2878 1537 3052 1582 autem
3073 1528 3218 1598 quod
3241 1529 3351 1598 jam
3373 1544 3520 1584 mor-

1944 1609 2050 1666 tale
2090 1627 2196 1666 non
2222 1622 2334 1678 est,
2379 1631 2484 1672 non
2531 1619 2745 1689 proprie
2797 1619 2991 1676 dicitur
3036 1635 3164 1677 caro
3189 1630 3245 1676 et
3272 1623 3518 1692 sanguis,

1941 1720 2060 1774 qua:
2089 1713 2298 1763 terrena
2341 1718 2469 1764 sunt
2494 1724 2716 1781 corpora
2743 1726 2756 1763 :
2779 1711 2872 1767 sed
2903 1726 3097 1782 corpus
3135 1713 3347 1780 dicitur,
3377 1714 3522 1784 quod

1936 1795 2046 1866 jam
2073 1799 2292 1855 caeleste
2333 1799 2437 1856 dici
2482 1809 2677 1870 potest.
2725 1802 2876 1858 Sicut
2916 1803 3055 1858 idem
3099 1804 3372 1874 apostolus
3398 1819 3521 1859 cum

1940 1887 2143 1944 diceret
2169 1888 2238 1945 de
2275 1890 2514 1946 carnium
2554 1890 2851 1951 diil'erentia
2881 1910 2895 1947 :
2931 1892 3055 1948 Non
3099 1895 3286 1961 omnis,
3319 1894 3520 1964 inquit,

1941 1994 2060 2032 caro
2076 1979 2247 2056 eadem
2259 1997 2396 2036 coro.
2411 1981 2528 2042 Alia
2549 1983 2748 2053 quidem
2762 1994 2834 2043 est
2850 1985 3129 2052 hominum,
3148 1986 3252 2039 alia
3264 2002 3517 2057 pecorum,

1942 2071 2046 2125 alia
2058 2072 2292 2142 piscium,
2309 2075 2414 2128 alia
2435 2075 2712 2141 volucrum,
2731 2077 2834 2131 alia
2845 2079 3170 2148 serpentium.
3197 2078 3263 2132 Et
3287 2095 3521 2148 corpora,

1944 2162 2113 2233 inquit
2130 2206 2145 2231 ,
2175 2166 2393 2220 celestia
2410 2208 2426 2234 ,
2457 2177 2504 2221 et
2532 2185 2746 2238 corpora
2770 2171 3022 2225 terrestria
3051 2171 3100 2241 (l
3118 2171 3234 2226 Cor.
3261 2188 3352 2233 xv.
3379 2173 3446 2229 39
3473 2181 3524 2227 et

1944 2255 2058 2327 55).
2081 2255 2238 2312 Nullo
2250 2257 2409 2312 modo
2424 2266 2603 2314 autem
2623 2259 3021 2318 diceretcarncs
3039 2263 3314 2327 caelestes;
3331 2279 3520 2333 quam-

1945 2347 2027 2402 vis
2050 2362 2238 2404 carnes
2263 2348 2472 2418 possint
2495 2350 2598 2406 dici
2628 2365 2872 2421 corpora,
2907 2352 3002 2408 sed
3025 2353 3316 2408 terrestria.
3338 2353 3524 2408 Omnis

1945 2438 2089 2494 enim
2135 2455 2262 2495 caro
2313 2456 2509 2511 corpus
2561 2451 2812 2498 estznon
2875 2453 3052 2498 autem
3115 2459 3275 2499 omne
3332 2459 3524 2514 corpus

1945 2542 2108 2584 caro:
2141 2544 2247 2585 non
2297 2530 2468 2586 solum
2509 2533 2630 2602 quia
2675 2533 2897 2588 cmleste
2943 2549 3136 2603 corpus
3175 2549 3281 2588 non
3329 2533 3523 2588 dicitur

1946 2633 2106 2686 caro,
2132 2620 2227 2676 sed
2265 2621 2423 2676 etiam
2453 2621 2693 2692 quaedam
2716 2623 2827 2693 ipsa
2865 2624 3134 2680 terrestria
3155 2665 3172 2690 ,
3221 2623 3358 2678 sicut
3382 2624 3522 2695 ligna

1947 2722 2002 2767 et
2028 2713 2263 2783 lapides,
2315 2724 2370 2770 et
2403 2715 2447 2769 si
2479 2715 2603 2784 quid
2633 2715 2894 2784 ejusmodi
2929 2725 3028 2770 est.
3077 2715 3252 2770 Etiam
3277 2716 3356 2772 sic
3394 2731 3524 2785 ergo

1947 2819 2072 2868 caro
2098 2815 2152 2861 et
2174 2807 2388 2877 sanguis
2417 2823 2637 2878 regnum
2668 2808 2760 2864 Dei
2783 2808 3055 2878 possidere
3099 2823 3203 2863 non
3261 2817 3522 2878 possunt:

1948 2896 2068 2967 quia
2095 2911 2380 2968 resurgens
2401 2913 2526 2953 caro
2554 2899 2605 2954 in
2639 2900 2742 2956 tale
2781 2915 2976 2970 corpus
3007 2901 3440 2968 commutabitur,
3471 2901 3527 2957 in

1948 3002 2054 3058 quo
2074 2987 2184 3056 jam
2210 3004 2316 3044 non
2337 2990 2437 3044 erit
2463 2992 2701 3046 mortalis
2725 2993 3016 3063 corruptio,
3035 3002 3089 3047 et
3117 3001 3396 3063 propterea
3421 3007 3522 3050 nec

1949 3079 2125 3137 carnis
2144 3087 2199 3135 et
2226 3080 2499 3151 sanguinis
2534 3097 2751 3138 nomen.

2020 3172 2244 3237 CAPUT
2269 3173 2412 3232 XIX.
2433 3205 2506 3216 —
2521 3175 2612 3231 22.
2642 3175 2804 3232 Error
2825 3176 3158 3248 quorumdam
3187 3177 3322 3231 circa
3349 3177 3530 3232 verita-

1951 3275 2048 3320 tem
2070 3266 2467 3325 resurrectionis.
2523 3266 2630 3322 Sed
2676 3266 2965 3333 intendite,
3014 3266 3237 3335 fratres,
3282 3281 3532 3337 rogamus

1953 3372 2084 3422 vos;
2115 3372 2222 3412 non
2251 3366 2334 3413 est
2360 3372 2446 3413 res
2470 3357 2619 3427 parvi
2640 3357 2916 3428 pendenda
2937 3397 2952 3422 ,
2979 3357 3048 3413 de
3074 3357 3177 3412 lide
3203 3365 3384 3412 nostra
3415 3357 3531 3426 agi-

1953 3459 2074 3508 tur:
2103 3451 2315 3506 cuinon
2347 3459 2452 3504 tam
2482 3466 2512 3505 a
2542 3450 2766 3521 Paganis
2813 3449 3109 3508 cavendum
3152 3456 3232 3503 cst
3252 3490 3267 3515 ,
3299 3462 3454 3518 quam
3499 3462 3529 3499 a

1952 3542 2264 3614 quibusdam
2287 3541 2569 3612 perversis,
2598 3542 2686 3613 qui
2708 3557 2766 3597 se
2789 3539 3119 3596 Christianos
3140 3539 3243 3594 dici
3278 3549 3331 3593 et
3359 3537 3528 3591 videri

1952 3635 2156 3692 volunt.
2190 3633 2306 3688 Non
2343 3634 2484 3690 enim
2524 3633 2746 3688 deerant
2781 3633 2942 3688 etiam
2979 3633 3078 3686 sub
3105 3630 3413 3702 Apostolis,
3441 3631 3530 3699 qui

1953 3725 2195 3781 dicerent
2233 3725 2680 3782 resurrectionem
2712 3724 2822 3793 jam
2861 3724 3053 3777 tactam
3105 3737 3258 3789 esse,
3290 3731 3346 3776 et
3373 3721 3532 3774 lidcm

1953 3817 2302 3891 quorumdam
2340 3824 2732 3888 perverterent,
2764 3815 2831 3870 de
2859 3815 3050 3884 quibus
3083 3812 3391 3884 Apostolus,
3429 3811 3532 3878 Qui

1955 3909 2087 3962 circa
2127 3910 2402 3975 veritatem,
2448 3907 2649 3978 inquit,
2677 3915 2986 3972 erraverunt,
3029 3907 3248 3959 dicentes
3298 3920 3528 3958 resurre-

1956 4000 2169 4054 ctionem
2183 4001 2296 4070 jam
2314 4004 2500 4072 factam
2520 4016 2658 4064 esse;
2683 4008 2728 4053 et
2749 4000 2902 4068 [idem
2927 3997 3254 4069 quorumdam
3274 3996 3529 4051 subverte-

1955 4099 2073 4144 runt
2103 4089 2167 4158 (ll
2192 4090 2320 4145 Tim.
2347 4107 2404 4157 ιι,
2448 4090 2560 4161 18).
2590 4089 2702 4145 Νοη
2732 4098 2909 4144 autem
2935 4098 3088 4144 vacat
3114 4087 3256 4157 quod
3287 4103 3392 4142 non
3423 4088 3528 4154 ait,
3606 4128 3615 4133 -

1956 4181 2000 4235 A
2033 4180 2251 4238 veritate
2294 4180 2706 4243 abcrraverunt;
2749 4179 2878 4244 sed,
2934 4179 3068 4231 circa
3117 4178 3393 4240 veritatem,
3424 4193 3528 4231 non

1957 4279 2133 4324 tamen
2165 4270 2438 4327 veritatem
2463 4279 2765 4329 tenuerunt.
2793 4270 2932 4324 Mors
2948 4284 3074 4338 ergo
3103 4268 3324 4331 tollitur,
3349 4276 3402 4322 et
3424 4283 3532 4322 non

1963 4363 2305 4434 eritquodam
2335 4363 2494 4418 modo
2517 4380 2531 4417 :
2551 4364 2687 4418 sicut
2712 4362 2997 4432 Apostolus
3024 4362 3135 4425 ait,
3180 4361 3534 4416 Absorbebitur

1956 4454 2218 4508 mortalea
2244 4454 2345 4506 vita
2389 4452 2455 4526 (ll
2491 4452 2608 4508 Cor.
2647 4470 2702 4519 v,
2736 4454 2811 4525 4).
2840 4453 2928 4510 Sic
2953 4452 3095 4508 enim
3127 4451 3325 4507 dictum
3361 4461 3444 4507 est
3472 4461 3526 4507 et

1957 4543 2024 4599 de
2056 4544 2309 4610 Domino,
2340 4544 2463 4614 quia
2491 4543 2766 4614 deglutivit
2805 4553 3028 4598 mortem
3061 4541 3105 4612 (l
3134 4541 3274 4596 Petr.
3301 4557 3377 4606 in,
3404 4541 3524 4614 22).

1957 4635 2072 4691 Νοη
2101 4636 2242 4690 enim
2270 4635 2420 4704 quasi
2447 4634 2644 4689 recedit
2689 4649 2834 4689 mors
2880 4633 3081 4686 habens
3121 4632 3354 4702 aliquam
3401 4632 3532 4686 sub-

1958 4727 2205 4782 stantiam
2235 4740 2384 4781 suam
2419 4725 2550 4780 :sed
2581 4727 2631 4778 in
2677 4725 2790 4794 ipso
2827 4737 3054 4792 corpore
3085 4722 3174 4776 ubi
3222 4731 3368 4790 erat,
3410 4737 3534 4778 esse

1959 4819 2200 4886 desinet,
2226 4827 2286 4882 ut
2306 4818 2539 4888 speciem
2572 4816 2752 4872 videas
2771 4857 2786 4883 ,
2809 4799 3048 4884 speciem
3091 4825 3298 4883 teneas,
3329 4830 3539 4886 quaeras

1959 4912 2354 4981 corruptionem
2381 4917 2436 4964 et
2463 4908 2834 4964 mortalitatem
2857 4947 2872 4972 ,
2911 4918 2963 4962 et
2994 4923 3098 4962 non
3129 4908 3388 4963 invenias.
3419 4906 3542 4962 Dis-

1960 5003 2121 5068 cessit
2147 5018 2274 5074 ergo
2298 5003 2476 5072 aliquo
2502 5001 2810 5069 corruptio?
2849 5000 2965 5055 Non
3005 5017 3020 5053 τ
3059 5001 3150 5056 sed
3181 5001 3252 5056 ibi
3285 5001 3544 5064 interem-

1961 5103 2051 5164 pta
2081 5102 2198 5159 est,
2227 5093 2301 5148 ibi
2339 5093 2589 5161 absorpta
2639 5099 2739 5147 est.
2780 5091 3067 5162 PrOptcrea
3104 5108 3225 5147 cum
3273 5092 3538 5162 dixisset,

1966 5176 2177 5256 Oportet
2200 5184 2519 5253 corruptibilc
2539 5183 2632 5238 hoc
2651 5183 2856 5239 induere
2870 5185 3317 5254 incorruptionem,
3341 5196 3386 5240 et
3405 5202 3542 5240 mor-

1965 5277 2066 5347 tale
2115 5275 2208 5330 hoc
2258 5275 2682 5342 immortalitatem
2727 5274 3122 5328 induere:tunc
3173 5275 3277 5343 ﬁet,
3327 5275 3532 5345 inquit,

1964 5382 2126 5440 smne
2151 5366 2236 5436 qui
2263 5365 2476 5435 scriptus
2506 5374 2598 5432 est,
2642 5364 2986 5434 Absorpta'est
3015 5380 3149 5419 mors
3179 5365 3232 5418 in
3257 5367 3538 5421 victoriam.

1970 5456 2183 5532 (Ibiest,
2214 5474 2373 5528 mors,
2415 5458 2665 5512 contentio
2689 5457 2816 5510 tua?
2860 5456 2945 5510 ubi
2991 5465 3085 5523 est,
3119 5473 3290 5525 mors,
3335 5457 3538 5514 aculeus

1967 5550 2123 5605 tuus?
2159 5549 2227 5604 Et
2252 5564 2356 5605 non
2385 5550 2479 5618 ait,
2512 5549 2760 5606 Discessit
2788 5563 2928 5604 mors
2956 5548 3010 5602 in
3051 5548 3363 5614 victoriam;
3406 5549 3500 5604 sed
3527 5591 3541 5614 ,

1970 5643 2218 5712 Absorpta
2257 5652 2326 5696 est
2359 5659 2494 5697 mors
2543 5643 2595 5697 in
2644 5643 2919 5696 victoriam.
2963 5640 3241 5709 Quomodo
3291 5657 3419 5713 ergo
3469 5641 3544 5700 illi

1971 5737 2109 5804 circa
2135 5735 2408 5792 veritatem
2449 5736 2864 5811 aberravcrunt?
2906 5734 3037 5821 Quia
3087 5749 3270 5809 veram,
3295 5733 3546 5802 dixerunt
