4080 6360
557 341 696 397 1627

557 455 1000 512 resurrectionem
1037 464 1220 514 unam,
1251 447 1346 503 sed
1373 445 1529 502 aliam
1561 453 1912 516 negaverunt.

624 547 848 604 CAPUT
887 544 1079 600 λΧ.--
1093 544 1182 598 25.
1208 540 1528 596 Resurrectio
1555 539 1765 611 duplex,
1787 539 1841 593 in
1871 538 2058 609 spiritu
2085 543 2132 590 et

553 641 606 694 in
648 653 871 710 corpore.
915 634 1140 704 Corpora
1179 634 1452 704 impiorum
1493 631 1666 702 qualia
1703 637 1988 700 resurgent.
2039 627 2134 681 Est

555 735 697 788 enim
739 729 1058 786 resurrectio
1106 725 1399 784 secundum
1451 726 1610 780 ﬁdem
1636 767 1650 791 ,
1705 725 1761 778 in
1799 738 1902 793 qua
1957 721 2131 775 onmis

553 825 642 892 qui
667 821 854 888 credit,
901 820 1129 891 resurgit
1169 820 1222 874 iu
1253 819 1461 889 spiritu.
1495 817 1700 872 Etenim
1744 815 1834 868 ille
1875 813 2010 867 bene
2039 824 2130 865 re-

551 921 732 985 surget
747 915 800 970 in
815 927 1059 985 corpore,
1085 913 1172 984 qui
1191 913 1364 982 primo
1385 907 1678 965 resurrexit
1697 907 1748 960 in
1772 902 2134 976 spiritu.Nam

549 1005 644 1077 qui
669 1014 825 1061 antea
854 1005 907 1060 in
933 1005 1122 1074 spiritu
1142 1019 1234 1073 per
1255 1001 1413 1056 ﬁdem
1442 1013 1548 1054 non
1575 995 1990 1062 resurrexerint,
2019 1009 2130 1049 non

553 1099 618 1152 ad
645 1097 790 1152 illam
831 1095 1300 1152 commutationem
1327 1089 1690 1160 resurgentia
1739 1101 1966 1158 corpore
1993 1126 2008 1152 ,
2042 1083 2132 1139 ubi

551 1197 852 1246 assumetur
898 1199 952 1244 et
977 1187 1352 1244 absorbebitur
1390 1184 1568 1240 omnis
1597 1182 1875 1252 corruptio
1899 1222 1914 1247 ,
1939 1179 2037 1235 sed
2064 1177 2132 1234 ad

549 1281 694 1336 illam
721 1281 986 1350 pmnalem
1033 1279 1414 1348 integritatem.
1465 1273 1598 1330 Nam
1644 1274 1848 1346 integra
1883 1277 2040 1326 erunt
2079 1277 2134 1325 et

549 1385 774 1442 corpora
789 1372 1094 1442 impiorum,
1115 1369 1328 1424 nihilex
1355 1367 1435 1424 eis
1461 1366 1798 1422 imminutum
1819 1361 2128 1434 apparebit;

550 1464 644 1520 sed
669 1465 736 1519 ad
757 1479 966 1535 pinnam
987 1465 1090 1520 erit
1110 1462 1388 1532 integritas
1413 1459 1676 1530 corporis,
1696 1464 1751 1513 et
1778 1455 2042 1528 quaedam,
2077 1462 2133 1508 ut

551 1556 622 1611 ita
639 1556 832 1622 dicam,
851 1556 1089 1627 quzedam
1126 1555 1348 1610 ﬁrmitas
1378 1552 1638 1622 corporis,
1657 1547 2014 1618 corruptibilis
2037 1545 2129 1600 ﬁr-

549 1648 708 1703 mitas
729 1665 741 1702 :
765 1647 887 1718 quia
907 1648 996 1703 ubi
1023 1646 1176 1702 dolor
1195 1659 1314 1702 esse
1338 1643 1551 1714 poterit,
1575 1657 1681 1696 non
1711 1647 1885 1710 potest
1899 1637 2000 1694 dici
2023 1634 2130 1692 non

551 1751 672 1794 esse
697 1739 1004 1808 corruptio;
1035 1737 1275 1808 quamvis
1301 1750 1406 1790 non
1432 1732 1645 1802 deﬁciat
1665 1731 1753 1786 illa
1773 1729 2053 1784 inﬁrmitas
2077 1729 2130 1783 in

550 1827 841 1894 doloribus,
870 1843 938 1883 ne
955 1829 1114 1884 dolor
1145 1828 1261 1898 ipse
1281 1825 1556 1880 moriatur.
1577 1823 1710 1878 Nam
1738 1822 1906 1891 ipsam
1941 1837 2132 1876 corru-

551 1920 790 1989 ptionem
817 1921 1033 1976 nomine
1075 1919 1272 1974 vermis
1295 1915 1604 1988 prophetico
1646 1913 1993 1985 signilieatam
2027 1927 2130 1967 non

550 2011 843 2082 incongrue
875 2010 1130 2076 creditur,
1163 2019 1218 2064 et
1259 2009 1432 2079 ipsum
1459 2007 1699 2062 dolorem
1728 2005 1945 2059 nomine
1971 2003 2128 2074 ignis.

549 2101 658 2158 Sed
693 2103 815 2172 quia
851 2101 1071 2156 firmitas
1117 2108 1262 2155 tanta
1303 2099 1440 2164 erit,
1467 2107 1525 2152 ut
1553 2111 1652 2152 nec
1678 2095 1952 2151 doloribus
1978 2093 2132 2149 cedat

549 2193 604 2248 in
638 2201 866 2248 mortem
890 2236 905 2261 ,
939 2207 1037 2248 nec
1079 2193 1147 2248 ad
1189 2193 1666 2261 incorruptionem.
1721 2189 1775 2243 in
1826 2203 1928 2258 qua
1957 2187 2132 2242 nullus

551 2285 704 2341 dolor
725 2295 840 2353 est,
867 2293 1257 2350 commutatur;
1290 2291 1574 2354 propterea
1603 2283 1683 2338 sic
1714 2281 1970 2351 scriptum
2019 2289 2132 2347 est,

559 2375 752 2436 Vermis
773 2395 943 2432 eorum
973 2396 1072 2432 non
1107 2380 1369 2444 morietur,
1392 2387 1440 2432 et
1459 2378 1591 2449 ignis
1613 2393 1784 2430 eorum
1811 2391 1913 2430 non
1937 2376 2132 2429 exstin-

547 2479 728 2539 guetur
747 2468 896 2540 (lsai.
922 2485 1062 2534 Lm,
1083 2469 1182 2536 2-5;
1205 2469 1370 2524 Marc.
1397 2485 1474 2535 ιχ,
1505 2469 1594 2535 45,
1625 2467 1738 2539 45).
1765 2465 2134 2522 Commutatio

547 2573 678 2614 vero
700 2575 818 2630 qua:
836 2562 1230 2630 corruptionem
1258 2575 1364 2615 non
1389 2560 1638 2627 habebit,
1667 2567 1975 2614 sanctorum
2009 2559 2130 2613 erit.

549 2650 764 2705 Illorum
797 2666 926 2721 ergo
948 2653 1078 2716 erit,
1127 2651 1218 2721 qui
1249 2651 1407 2706 modo
1445 2650 1644 2705 habent
1673 2649 2127 2705 resurrectionem

548 2743 766 2812 Spiritus
786 2759 882 2813 per
920 2744 1077 2799 ﬁdem
1109 2761 1121 2797 :
1155 2743 1222 2799 de
1251 2760 1353 2814 qua
1379 2744 1772 2800 resurrectione
1809 2743 1940 2799 dicit
1983 2745 2130 2813 Apo-

547 2834 735 2900 stolus,
765 2834 826 2889 Si
843 2844 1011 2888 autem
1035 2837 1378 2890 resurrexistis
1405 2851 1518 2890 cum
1541 2834 1765 2904 Christo,
1796 2853 1910 2905 qua:
1929 2853 2132 2890 sursunt

547 2935 665 2982 sunt
691 2928 916 2996 qum-ite,
948 2927 1033 2982 ubi
1062 2925 1293 2984 Christus
1322 2938 1394 2983 est
1433 2929 1484 2982 in
1529 2929 1733 2983 dextera
1775 2928 1872 2982 Dei
1915 2929 2093 2983 sedens
2115 2945 2136 2983 .'

547 3035 662 3090 qua:
678 3037 878 3076 sursum
902 3029 1019 3074 sunt
1044 3022 1226 3093 sapite,
1253 3037 1354 3075 non
1383 3037 1496 3092 qua:
1514 3039 1666 3092 super
1695 3031 1900 3077 terram.
1940 3022 2136 3076 Mortui

549 3111 685 3164 enim
717 3111 855 3178 estis,
875 3120 921 3164 et
952 3111 1053 3164 vita
1097 3121 1260 3165 vestra
1285 3111 1576 3166 abscondita
1605 3120 1678 3166 est
1705 3127 1821 3164 cum
1847 3111 2043 3166 Christo
2083 3113 2136 3166 in

549 3202 679 3257 Deo.
711 3203 986 3271 Quomodo
1029 3205 1288 3258 morimur
1317 3203 1610 3258 secundum
1653 3203 1935 3274 spiritum,
1967 3213 2021 3259 et
2047 3219 2135 3260 re-

549 3295 814 3366 surgimus
861 3296 1151 3352 secundum
1191 3298 1476 3367 spiritum:
1508 3299 1585 3353 sic
1630 3305 1814 3368 postea
1875 3299 2136 3353 morimur

549 3385 840 3441 secundum
865 3401 1102 3453 carnem,
1136 3397 1190 3442 et
1221 3389 1547 3458 resurgimus
1570 3389 1862 3444 secundum
1888 3404 2128 3445 carnem.

547 3477 850 3534 Secundum
879 3481 1123 3549 spiritum
1149 3495 1298 3534 mors
1325 3489 1428 3546 est,
1463 3495 1568 3535 non
1611 3480 1830 3536 credere
1856 3495 1988 3534 vana
2015 3495 2135 3550 qua:

548 3571 820 3636 credebat,
854 3587 958 3626 non
1006 3571 1180 3627 facere
1208 3573 1344 3627 mala
1381 3587 1500 3642 qua:
1547 3572 1796 3628 faciebat.
1827 3572 2131 3630 Secundum

549 3662 791 3732 spiritum
813 3664 1132 3717 resurrectio
1144 3671 1225 3718 est
1245 3661 1468 3718 credere
1491 3663 1722 3718 salubria
1749 3678 1867 3734 qua:
1888 3678 1994 3718 non
2013 3677 2132 3718 crc-

550 3753 732 3820 debat,
765 3762 818 3809 et
845 3754 1020 3809 facere
1048 3754 1186 3808 bona
1223 3770 1342 3824 qua:
1373 3769 1480 3810 non
1525 3754 1774 3810 faciebat.
1799 3755 1902 3822 Qui
1925 3764 2134 3810 terrena

549 3844 692 3900 idola
721 3855 774 3901 et
795 3846 1038 3916 ﬁgmenta
1060 3846 1192 3901 deos
1215 3847 1454 3916 putabat,
1479 3862 1642 3900 unum
1667 3845 1834 3901 Deum
1863 3847 2131 3917 cognovit,

550 3937 606 3992 in
635 3951 756 3992 cum
773 3936 1017 4003 credidit,
1035 3946 1278 3992 mortuus
1297 3947 1380 3992 est
1405 3938 1456 3992 in
1489 3937 1818 4004 idololatria,
1843 3938 2136 3993 resurrexit

554 4027 745 4096 inﬁde
773 4029 1080 4082 christiana.
1123 4027 1379 4084 Ebriosus
1427 4037 1562 4092 erat,
1607 4029 1818 4084 sobrius
1845 4037 1963 4092 est;
1991 4043 2139 4084 mor-

553 4130 676 4176 tuus
705 4131 786 4175 cst
815 4122 880 4176 ab
902 4122 1178 4189 ebrietate,
1203 4123 1496 4178 resurrexit
1525 4124 1578 4178 in
1617 4124 1921 4180 sobrietate.
1947 4123 2038 4180 Sic
2072 4124 2140 4178 ab

551 4213 800 4267 omnibus
829 4213 980 4267 malis
1028 4214 1276 4285 operibus
1316 4231 1436 4270 cum
1481 4214 1770 4280 receditur,
1815 4231 1959 4270 mors
1989 4231 2136 4284 quae-

554 4305 677 4360 dam
703 4305 764 4360 ﬁt
792 4305 844 4360 in
876 4307 1050 4360 anima
1072 4349 1086 4372 ,
1116 4317 1170 4362 et
1199 4308 1250 4362 in
1280 4309 1396 4377 ejus
1429 4308 1586 4364 bonis
1611 4309 1864 4379 operibus
1889 4307 2136 4378 resurgit.

555 4395 889 4466 Mortiﬁcate,
923 4397 1095 4467 inquit
1125 4398 1432 4468 Apostolus,
1453 4401 1677 4452 membra
1705 4407 1869 4453 vestra
1891 4415 2004 4469 qua:
2023 4409 2140 4453 sunt

553 4505 708 4558 super
751 4497 966 4554 terram,
996 4489 1401 4556 immunditiam,
1447 4491 1907 4560 perturbationem,
1951 4507 2142 4542 concu-

554 4580 851 4650 piscentiam
879 4581 1065 4634 malam
1083 4622 1097 4646 ,
1123 4589 1166 4634 et
1193 4583 1456 4634 avaritiam
1477 4621 1492 4648 ,
1523 4581 1726 4651 inquit,
1750 4597 1862 4648 qua:
1883 4589 1953 4634 est
1977 4581 2140 4635 idolo-

555 4689 669 4726 rum
707 4675 918 4727 servitus
941 4671 1158 4746 (Coloss.
1193 4689 1283 4739 ιιι,
1319 4675 1455 4744 1-5).
1503 4673 1833 4728 Mortiﬁcatis
1874 4689 2001 4744 ergo
2027 4675 2142 4728 istis

554 4767 809 4821 membris
829 4806 844 4832 ,
869 4767 1195 4837 resurgimus
1235 4767 1290 4822 in
1315 4765 1471 4821 bonis
1496 4781 1613 4836 qua;
1638 4775 1762 4821 sunt
1789 4765 1902 4821 istis
1925 4775 2140 4823 contra-

554 4857 668 4918 ria;
703 4857 754 4910 in
797 4857 1108 4924 sanctitate,
1137 4857 1188 4910 in
1223 4857 1632 4927 tranquillitate,
1663 4857 1716 4911 in
1759 4857 2055 4924 charitate,
2087 4859 2140 4912 in

552 4947 932 5018 eleemosynis.
965 4946 1244 5015 Quomodo
1276 4957 1452 5003 autem
1493 4947 1751 5019 praecedit
1771 4965 1916 5004 mors
1944 4965 2139 5004 secun-

553 5040 678 5094 dum
737 5041 1012 5110 spiritum,
1062 5043 1508 5097 resurrectionem
1554 5059 1673 5114 quae
1719 5053 1803 5098 est
1848 5045 2138 5100 secundum

551 5133 794 5202 spiritum
823 5132 934 5188 :sic
955 5148 1280 5202 pra-cessura
1306 5143 1382 5190 est
1413 5150 1557 5190 mors
1587 5135 1878 5189 secundum
1899 5151 2134 5204 carnem,

551 5225 998 5280 resurrectionem
1023 5241 1142 5296 qua:
1169 5225 1340 5282 futura
1371 5237 1454 5282 est
1481 5228 1772 5282 secundum
1805 5245 2040 5283 carnem.

621 5317 850 5374 CAPUT
877 5317 1130 5372 XXL—2
1143 5319 1185 5372 ι.
1205 5317 1510 5373 Tcstimonia
1532 5319 1594 5372 de
1610 5319 1804 5388 duplici
1820 5323 2140 5376 resurrectio-

551 5425 613 5464 ne
638 5427 699 5464 ex
723 5409 986 5480 Apostolo.
1009 5409 1301 5482 Utramque
1330 5427 1457 5482 ergo
1480 5411 1803 5478 noverimus,
1819 5421 1874 5467 et
1892 5413 2139 5482 spirituu-

549 5503 652 5556 lem
671 5511 724 5556 et
741 5501 1178 5572 corporalem.Ad
1191 5502 1516 5573 spiritttalem
1537 5501 1763 5572 pertinet
1783 5504 1922 5574 quod
1938 5505 2138 5559 dictum

551 5603 660 5657 est,
683 5594 867 5664 Surge
885 5636 899 5660 ,
943 5595 1028 5664 qui
1054 5595 1278 5658 dormis;
1305 5603 1352 5649 et
1381 5609 1592 5666 exsurge
1618 5611 1650 5647 a
1679 5596 1889 5649 mortuis
1918 5597 2136 5668 (Ephes.

551 5699 584 5738 v
603 5725 616 5748 ,
662 5687 752 5754 Μ)
795 5707 808 5738 :
850 5695 904 5741 et
941 5685 1066 5741 illud
1089 5728 1102 5752 ,
1147 5688 1248 5755 Qui
1273 5687 1507 5742 sedebant
1533 5689 1586 5741 in
1610 5687 1787 5742 umbra
1815 5689 1988 5742 mortis
2007 5730 2020 5754 ,
2048 5691 2138 5745 (ua:

551 5787 658 5830 orta
704 5793 778 5831 est
821 5779 890 5831 eis
939 5775 1088 5848 (lsai.
1133 5795 1218 5846 ιιι,
1259 5779 1315 5852 2)
1362 5796 1376 5834 :
1423 5789 1476 5836 et
1503 5778 1632 5836 illud
1657 5779 1799 5850 quod
1826 5783 1982 5852 paulo
2013 5793 2134 5839 autc

1788 319 1843 386 S.
1889 323 2248 384 AUGUSTINI
2287 325 2588 386 EPISCOPI

3695 347 3826 405 1628

2247 445 2692 514 commemoravi,
2748 445 2810 502 Si
2865 449 3246 506 consurreaistis
3291 469 3402 508 cum
3457 453 3688 526 Christo,
3717 477 3826 532 qua

2243 549 2442 588 sursum
2478 547 2594 591 sunt
2636 540 2858 608 qutvrite.
2905 540 2984 596 Ad
3015 545 3348 613 corporalem
3373 557 3548 605 autem
3579 567 3822 612 resurre-

2241 625 2469 681 ctionem
2495 627 2721 696 pertinet
2745 632 2885 702 quod
2909 649 3048 690 nunc
3067 635 3194 714 dicit
3215 637 3523 707 Apostolus,
3546 643 3633 712 qui
3663 645 3824 700 talem

2241 717 2341 772 sibi
2371 720 2720 788 quaestionem
2751 735 3099 794 proposuerat
3130 745 3142 781 :
3178 727 3285 784 Sed
3309 730 3430 785 dicit
3457 733 3670 804 aliquis,
3701 753 3825 802 quo-

2241 810 2390 863 modo
2428 821 2696 882 resurgunt
2737 817 2972 870 mortui?
3009 833 3108 890 quo
3147 829 3314 874 autent
3349 839 3560 892 corpore
3586 827 3824 880 venient?

2239 899 2443 970 Agebat
2479 917 2608 972 ergo
2645 903 2712 960 de
2753 909 3148 965 resurrectione
3173 913 3444 981 corporis,
3477 915 3529 969 in
3555 932 3656 986 qua
3683 932 3823 988 pra:-

2239 991 2401 1045 cessit
2449 992 2702 1049 Dominus
2741 994 3034 1054 Ecclesium
3073 1013 3223 1056 suam
3269 1020 3282 1057 :
3322 1003 3389 1060 de
3433 1005 3531 1060 hac
3555 1021 3683 1078 ergo
3711 1009 3824 1076 ait,

2243 1082 2453 1154 Oportet
2505 1089 2831 1158 corruptibile
2873 1091 2966 1145 hoc
3013 1093 3222 1149 induere
3265 1095 3730 1169 incorruptionem,
3778 1111 3827 1155 et

2239 1177 2452 1231 mortale
2473 1177 2566 1234 hoc
2584 1179 2793 1236 induere
2813 1181 3260 1239 immortalitatem.
3287 1185 3510 1258 Pr0pter
3532 1189 3658 1246 illud
3681 1191 3826 1261 quod

2239 1267 2482 1337 dixerat,
2529 1271 2661 1327 Caro
2682 1283 2728 1328 et
2774 1278 2984 1348 sanguis
3023 1295 3233 1351 regnum
3275 1280 3372 1336 Dei
3399 1300 3500 1338 non
3529 1287 3824 1356 possidebit.

2239 1360 2506 1418 Habemus
2551 1375 2726 1421 autem
2758 1365 2863 1423 alio
2891 1369 3010 1426 loco
3039 1374 3374 1443 apertissime
3403 1375 3570 1447 ipsius
3594 1379 3826 1450 apostoli

2239 1451 2387 1507 Pauli
2427 1453 2787 1514 testimonium
2825 1460 2896 1516 de
2919 1467 3311 1522 resurrectione
3341 1470 3634 1526 secundum
3661 1473 3824 1542 spiri-

2240 1551 2350 1598 tum
2371 1587 2384 1609 ,
2415 1557 2467 1603 et
2487 1547 2553 1604 de
2587 1553 2980 1610 resurrectione
3021 1557 3311 1614 secundum
3351 1575 3588 1618 carnem.
3615 1565 3836 1634 Corpus.

2237 1637 2378 1692 enim
2425 1643 2683 1707 mortale,
2733 1645 2876 1714 quod
2925 1649 3218 1704 animatum
3270 1661 3352 1708 est
3401 1655 3485 1709 vel
3527 1656 3826 1712 animatum

2241 1725 2368 1793 luit,
2412 1744 2537 1786 caro
2577 1731 2794 1790 dicitur.
2837 1733 2926 1792 Sic
2967 1752 3098 1809 ergo
3137 1742 3425 1810 Apostolus
3449 1743 3727 1818 loquitur:
3763 1748 3830 1805 Si

2238 1829 2406 1872 autem
2449 1819 2678 1878 Christus
2717 1825 2772 1878 in
2808 1827 2980 1896 vobis,
3021 1845 3205 1900 corpus
3241 1833 3442 1903 quidem
3481 1846 3731 1892 mortuum
3755 1848 3834 1895 est

2239 1921 2446 2004 propter
2472 1923 2766 1983 peccatum,
2798 1917 3006 1988 spiritus
3034 1934 3200 1976 autem
3227 1925 3328 1978 vita
3354 1937 3426 1982 est
3456 1931 3834 2004 pr0pterjusti-

2195 2045 2200 2048 .
2238 2003 2377 2055 tiam.
2409 2003 2545 2059 Ecce
2561 2005 2670 2075 jam
2701 2012 3022 2066 resurrectio
3051 2013 3264 2082 spiritus
3285 2031 3383 2087 per
3405 2017 3666 2088 justitiam
3689 2021 3828 2077 facta

2239 2093 2548 2164 intelligitur
2587 2115 2600 2151 :
2639 2098 2762 2154 vide
2805 2109 2978 2156 utrmn
3017 2105 3276 2173 speranda
3307 2107 3374 2162 sit
3399 2109 3558 2164 etiam
3584 2112 3829 2181 corporis

2239 2187 2581 2242 resurrectio.
2631 2188 2854 2247 Mortale
2903 2192 3046 2248 enim
3093 2209 3289 2268 corpus
3335 2201 3504 2255 noluit
3552 2204 3830 2273 appellare

2241 2278 2492 2345 mortale,
2533 2280 2626 2336 sed
2656 2293 2923 2339 mortuum
2948 2301 2962 2352 ;
2994 2297 3047 2342 et
3077 2296 3254 2345 tamen
3282 2290 3383 2348 hoc
3410 2309 3470 2349 se
3497 2295 3830 2366 signiﬁcasse

2239 2368 2292 2422 in
2332 2375 2782 2442 consequentibus
2819 2377 3009 2447 aperit.
3055 2379 3308 2452 Sequitur
3330 2383 3542 2456 itaque,
3572 2397 3625 2441 et
3649 2387 3778 2442 dicit
3811 2405 3826 2442 :

2239 2462 2300 2517 Si
2327 2480 2446 2535 ergo
2465 2465 2674 2535 spiritus
2695 2469 2804 2537 eius
2825 2471 2914 2541 qui
2930 2473 3186 2532 suscitavit
3205 2475 3382 2531 Iesum
3403 2495 3433 2532 a
3458 2481 3670 2536 mortuis
3689 2524 3704 2549 ,
3733 2483 3832 2536 ha-

2241 2553 2362 2606 bitat
2387 2557 2440 2610 in
2463 2557 2638 2625 vobis;
2661 2561 2750 2630 qui
2775 2564 3032 2619 suscitavit
3061 2565 3332 2626 Dominum
3362 2582 3588 2628 nostrum
3605 2572 3784 2630 Iesum
3802 2621 3820 2644 ,

2239 2645 2335 2699 vivi
2338 2647 2505 2716 ﬁcabit
2531 2659 2577 2702 et
2599 2653 2834 2706 mortalia
2853 2671 3067 2726 corpora
3085 2667 3248 2712 vestra
3264 2678 3352 2732 per
3371 2663 3674 2720 habitantem
3696 2666 3848 2736 SpiJ

2239 2739 2394 2793 ritum
2438 2743 2548 2812 ejus
2589 2744 2642 2798 in
2681 2745 2816 2802 vobis
2861 2747 3035 2816 (Rom.
3063 2767 3188 2817 vui,
3218 2753 3314 2820 10,
3347 2755 3460 2826 ll).
3490 2757 3832 2829 Quapropter

2239 2831 2316 2888 illi
2345 2836 2481 2888 circa
2503 2837 2758 2892 veritatem
2784 2841 3136 2898 aberraverunt
3153 2886 3168 2910 ,
3201 2861 3358 2901 unam
3386 2862 3710 2920 negaverunt
3735 2869 3824 2908 re-

2241 2929 2648 2984 surrectionem.
2697 2931 2754 2988 Si
2792 2934 2932 2988 enim
2971 2938 3114 2990 omni
3145 2939 3303 2992 modo
3331 2955 3448 2994 eam
3476 2953 3766 3013 negarent,
3796 2963 3836 3001 ει

2241 3021 2466 3075 veritate
2503 3021 2814 3078 oberrarent
2837 3064 2853 3090 ,
2891 3041 3000 3080 non
3034 3027 3168 3084 circa
3211 3031 3484 3086 veritatem.
3527 3032 3661 3101 Quia
3698 3051 3836 3092 vero

2241 3115 2378 3168 circa
2403 3116 2660 3170 veritatem
2681 3116 3036 3173 aberraverunt
3054 3161 3068 3187 ,
3091 3120 3322 3176 confessi
3347 3134 3468 3180 sunt
3491 3141 3649 3182 unam
3672 3168 3686 3192 ,
3709 3144 3834 3199 qua:

2244 3207 2535 3262 secundum
2579 3209 2826 3278 spiritum
2877 3211 2934 3266 ﬁt
2959 3229 2974 3278 ;
3004 3226 3332 3284 negaverunt
3359 3227 3536 3273 autem
3566 3219 3789 3278 alterum
3813 3263 3834 3290 ,

2243 3317 2362 3371 qua:
2395 3317 2492 3371 per
2519 3303 2693 3358 carnis
2721 3305 3171 3362 resurrectionem
3201 3317 3474 3378 speratur,
3507 3311 3725 3366 dicentes
3752 3331 3837 3368 re-

2244 3394 2600 3448 surrectionem
2621 3395 2736 3465 jam
2764 3395 2954 3464 {actam
2980 3413 3086 3450 esse
3115 3413 3133 3452 :
3164 3399 3304 3467 quod
3335 3400 3436 3454 nisi
3463 3401 3532 3456 ita
3558 3401 3797 3458 dicereut
3815 3447 3832 3470 ,

2246 3493 2303 3537 ut
2341 3483 2486 3538 illam
2527 3500 2647 3554 qua:
2687 3486 2738 3540 in
2778 3501 3005 3556 corpore
3045 3488 3217 3543 futura
3258 3499 3340 3545 est
3373 3492 3516 3546 credi
3547 3502 3603 3548 et
3629 3495 3840 3564 sperari

2248 3572 2625 3642 prohiberent,
2668 3591 2774 3630 non
2817 3575 2885 3632 de
2928 3575 3010 3633 his
3049 3577 3348 3648 diceretur,
3389 3579 3572 3637 Fidem
3597 3599 3840 3653 quorum-

2245 3665 2365 3718 dam
2388 3667 2696 3724 subvertant.

2317 3754 2544 3812 CAPUT
2584 3757 2825 3813 XXll.—
2851 3759 2942 3815 25.
2971 3759 3146 3816 Ambae
3170 3765 3555 3822 resurrectione:
3581 3766 3634 3820 in
3665 3765 3841 3822 Evan-

2247 3849 2399 3920 gelia.
2433 3849 2755 3905 Resurrectio
2781 3853 3054 3907 secundum
3077 3855 3310 3925 spiritum
3334 3899 3348 3924 ,
3376 3874 3490 3928 qua:
3513 3875 3647 3913 nunc
3667 3861 3724 3928 fit
3747 3877 3840 3930 per

2249 3941 2420 4009 fidem.
2468 3939 2573 3994 Sed
2613 3941 2790 3996 audite
2814 3943 2923 4012 jam
2955 3945 3445 4000 manifestissiumm
3474 3949 3840 4004 testimonium

2249 4031 2414 4101 ipsius
2451 4031 2660 4086 Domini
2691 4034 2744 4086 in
2779 4033 3064 4104 Evangelio
3087 4035 3380 4092 secundum
3407 4037 3660 4094 Joannem
3683 4083 3698 4106 ,
3729 4055 3844 4096 uno

2249 4119 2370 4175 loco
2389 4121 2574 4175 ambas
2595 4127 3016 4179 resurrectiones
3031 4164 3046 4189 ,
3069 4133 3124 4179 et
3143 4141 3261 4195 quae
3281 4127 3571 4184 secundum
3591 4129 3842 4200 spiritum

2249 4211 2410 4267 modo
2454 4213 2553 4280 ﬁt,
2599 4221 2654 4268 et
2698 4229 2816 4284 qua:
2857 4213 3149 4270 secundum
3193 4231 3407 4271 carnem
3443 4227 3625 4287 postea
3663 4220 3840 4274 futura

2249 4313 2360 4372 est,
2392 4305 2461 4359 ita
2491 4305 2854 4362 declarantem
2875 4350 2890 4374 ,
2921 4316 2977 4362 ut
2996 4309 3215 4364 omnino
3239 4309 3485 4367 dubitare
3510 4327 3612 4366 non
3637 4314 3837 4382 possit,

2249 4397 2338 4467 qui
2368 4413 2580 4467 quoquo
2610 4393 2768 4454 uiodo
2791 4398 3138 4454 christianum
3165 4405 3224 4456 se
3243 4401 3402 4469 dicit,
3433 4411 3488 4458 et
3515 4403 3843 4474 evangelica:

2249 4489 2551 4544 auctoritati
2593 4489 2865 4561 subjectus
2907 4501 3026 4558 est;
3053 4501 3112 4547 ut
3143 4493 3319 4548 nullus
3347 4493 3520 4549 aditus
3544 4495 3843 4550 calumnia-

2249 4581 2456 4636 toribus
2494 4590 2691 4648 reSIet,
2720 4591 2774 4636 et
2797 4585 2944 4652 quasi
2973 4597 3070 4653 per
3097 4584 3254 4639 ﬁdem
3284 4585 3627 4640 christianam
3655 4586 3842 4641 volen—

2247 4671 2388 4727 tibus
2417 4683 2658 4728 evertere
2687 4673 3016 4731 Christianos
3036 4716 3051 4743 ,
3085 4677 3369 4732 inserendo
3398 4693 3598 4733 venena
3626 4694 3719 4732 sua
3741 4720 3758 4746 ,
3785 4690 3840 4734 ut

2245 4763 2492 4820 occidant
2529 4766 2734 4822 animas
2771 4765 3126 4822 inﬁrmorum.
3159 4768 3262 4824 Sed
3291 4784 3358 4824 ex
3388 4769 3504 4837 ipso
3532 4769 3716 4825 codice
3745 4785 3840 4824 au-

2246 4856 2374 4912 dite.
2423 4856 2712 4926 Propterea
2755 4857 2896 4912 enim
2937 4873 3041 4912 non
3086 4867 3288 4914 tantum
3333 4859 3711 4930 disputatoris,
3743 4859 3841 4916 sed

2245 4949 2403 5003 etiam
2428 4948 2644 5002 lectoris
2665 4947 2854 5018 iungor
2874 4947 3071 5014 ofﬁcio,
3095 4959 3344 5005 utsermo
3373 4952 3474 5007 iste
3504 4960 3686 5008 noster
3713 4967 3842 5008 sau-

2247 5049 2450 5095 ctarum
2503 5040 2901 5109 Scripturarum
2943 5043 3258 5098 auctoritate
3300 5043 3713 5109 lulciatur,non
3738 5043 3846 5103 hu-

2247 5133 2418 5186 manis
2447 5131 2841 5201 suspicionibus
2867 5147 3030 5202 super
3054 5147 3271 5190 arenam
3295 5133 3608 5208 aediﬁcetur,
3634 5139 3678 5198 si
3701 5139 3844 5200 forte

2246 5224 2442 5294 aliquid
2459 5241 2560 5280 non
2579 5226 2886 5282 memoriter
2899 5229 3212 5283 occurrerit.
3236 5227 3432 5289 Audite
3454 5249 3580 5306 ergo
3598 5235 3847 5304 Evangc-

2245 5317 2374 5371 lium
2415 5317 2706 5373 secundum
2745 5318 3025 5375 Joannem.
3058 5321 3314 5380 Dominus
3343 5325 3577 5396 loquitur
3603 5344 3615 5379 :
3640 5325 3802 5379 Amen
3825 5369 3842 5392 ,

2244 5426 2390 5464 amen
2457 5410 2570 5464 dico
2625 5411 2760 5464 vobis
2799 5451 2812 5476 ,
2866 5411 2988 5482 quia
3065 5417 3152 5486 qui
3207 5414 3408 5470 verbum
3459 5433 3625 5469 meum
3699 5416 3843 5468 audit

2247 5511 2296 5554 et
2335 5501 2494 5556 credit
2532 5502 2575 5556 ei
2624 5503 2710 5574 qui
2749 5508 2886 5561 tmsit
2918 5523 3023 5572 me,
3067 5507 3212 5560 habet
3237 5509 3386 5560 vitam
3412 5517 3686 5571 (uernant;
3716 5507 3843 5560 etin

2243 5594 2498 5664 judicium
2537 5611 2639 5657 non
2677 5599 2842 5662 venit,
2889 5599 2978 5654 sed
3013 5601 3280 5653 transitum
3303 5599 3420 5670 fecit
3447 5617 3478 5652 a
3505 5608 3659 5652 morte
3683 5599 3734 5652 in
3763 5597 3842 5652 vi-

2247 5699 2372 5746 tam.
2408 5688 2568 5748 Amen
2593 5731 2608 5757 ,
2636 5709 2780 5747 amen
2811 5691 2924 5746 dico
2953 5691 3088 5745 vobis
3107 5733 3122 5756 ,
3151 5693 3271 5763 quia
3301 5693 3429 5745 venit
3455 5691 3601 5758 hora,
3635 5699 3680 5744 et
3707 5704 3842 5743 nunt:

2249 5786 2322 5839 cst
2342 5824 2358 5853 ,
2389 5783 2587 5850 quando
2619 5783 2798 5836 mortui
2825 5783 3032 5838 audient
3061 5799 3224 5836 vorent
3253 5782 3376 5838 Filii
3405 5781 3534 5849 Dei;
3558 5791 3604 5837 et
3627 5780 3716 5852 qui
3736 5795 3840 5836 att-
