4080 6360
293 327 428 385 {629

289 440 498 500 dieriut,
541 437 722 490 vivent.
752 434 900 489 Sicut
928 433 1061 487 enim
1090 431 1243 486 Pater
1268 428 1411 486 habet
1438 430 1588 484 vitam
1613 429 1665 482 in
1693 436 1872 482 semet-

288 535 428 598 ipso,
474 530 546 583 sic
590 528 725 581 dedit
767 535 812 581 et
854 526 991 580 Filio
1029 527 1181 579 vitam
1209 524 1390 578 habere
1417 525 1469 577 in
1493 523 1757 591 semetipso
1781 537 1801 585 ,'
1825 529 1872 574 et

291 631 584 689 potestatem
609 617 745 674 dedit
773 619 819 672 ei
839 627 885 672 et
900 618 1156 688 judicium
1181 619 1346 687 facere
1363 657 1378 680 ,
1406 614 1525 685 quia
1547 613 1684 683 ﬁlius
1706 612 1874 666 homi-

289 718 364 768 uis
385 724 477 768 est.
506 712 682 768 Nolite
702 711 878 765 mirari
896 712 990 764 hoc
1009 749 1023 774 ,
1053 709 1170 779 quia
1191 708 1320 762 venit
1345 707 1490 771 hora,
1515 707 1566 759 in
1583 721 1683 775 qua
1702 719 1874 759 omnes

289 808 372 876 qui
402 807 455 858 in
481 811 805 858 monumento
829 810 943 856 sunt
968 843 981 866 ,
1009 799 1218 854 audient
1246 815 1414 853 vocem
1441 798 1548 868 ejus
1581 813 1598 850 :
1628 805 1673 851 et
1700 812 1875 867 proce-

289 899 410 948 dunt
432 895 520 966 qui
543 893 673 948 bona
694 898 914 966 fecerunt
934 933 948 957 ,
972 893 1024 946 in
1048 891 1457 946 resurrectionem
1483 889 1630 951 vitaz;
1655 887 1740 958 qui
1760 902 1874 940 vero

286 989 427 1041 mala
469 996 707 1057 egerunt,
748 986 800 1038 in
830 984 1238 1038 resurrectionem
1257 981 1445 1053 judicii
1473 979 1649 1048 (Joan.
1681 995 1714 1034 v
1733 1021 1748 1047 ,
1778 978 1878 1034 24-

288 1078 407 1148 29).
451 1075 699 1133 Arbitror
737 1075 952 1147 quidem
990 1073 1187 1128 mullos
1217 1071 1510 1142 intelligere
1535 1071 1601 1125 ab
1629 1070 1746 1140 ipso
1773 1071 1877 1124 Do-

291 1169 439 1224 mino
467 1167 522 1222 in
549 1166 651 1220 hoc
671 1166 791 1221 loco
813 1174 1090 1235 utramque
1115 1163 1582 1228 resurrectionem,
1605 1169 1659 1217 et
1677 1175 1872 1216 secun-

289 1263 417 1316 dum
459 1259 706 1331 spiritum
754 1274 848 1329 per
884 1257 1042 1313 tidem
1063 1299 1078 1323 ,
1105 1265 1160 1314 et
1187 1256 1475 1312 secundum
1503 1271 1748 1322 carnem,
1780 1269 1877 1324 per

290 1353 436 1406 illam
482 1350 816 1406 notissimam
850 1349 1027 1404 tubam
1051 1347 1298 1403 distincte
1323 1358 1611 1417 aperteque
1637 1345 1876 1402 declara-

291 1452 421 1495 tum.
472 1441 676 1497 Tamen
719 1439 835 1496 hmc
863 1440 1049 1496 eadem
1080 1439 1238 1494 verba
1269 1438 1548 1509 diligenter
1573 1435 1876 1492 considere-

288 1548 411 1586 mus
429 1574 444 1599 ,
485 1543 543 1588 ut
571 1533 819 1588 onmibus
845 1531 1178 1587 audientibus
1204 1529 1540 1586 manifestum
1569 1530 1656 1584 sit.
1686 1529 1874 1595 Amen,

286 1643 437 1679 amen
466 1625 581 1680 dico
610 1627 776 1692 vobis,
808 1626 927 1697 quia
955 1626 1040 1696 qui
1067 1625 1268 1680 verbum
1293 1641 1459 1679 meum
1486 1624 1628 1677 audit
1651 1631 1696 1678 et
1719 1621 1877 1676 credit

287 1722 333 1773 ei
375 1721 464 1786 qui
504 1721 638 1774 misit
680 1737 757 1773 me
780 1761 794 1786 ,
831 1718 976 1773 habet
1003 1720 1150 1773 vitam
1175 1728 1452 1783 aeternam;
1482 1727 1528 1773 et
1556 1719 1608 1771 in
1622 1716 1877 1785 judicium

289 1827 392 1864 non
421 1812 584 1875 venit,
614 1810 703 1864 sed
729 1811 995 1865 transitum
1024 1810 1140 1880 fecit
1167 1827 1198 1862 a
1220 1818 1376 1864 morte
1400 1809 1451 1862 in
1474 1810 1646 1863 vitam.
1675 1808 1880 1864 Secun-

289 1903 416 1956 dum
459 1902 709 1973 spiritum
757 1901 1084 1956 resurrectio
1128 1908 1242 1962 est.
1275 1915 1394 1970 quae
1423 1899 1481 1954 ﬁt
1507 1899 1666 1954 modo
1695 1915 1790 1970 per
1815 1899 1878 1952 ﬁ-

289 1994 433 2047 dem.
481 1992 592 2049 Sed
636 2009 706 2048 ne
748 1993 818 2047 ita
867 1993 1134 2063 proposita
1175 1991 1482 2057 videretur,
1525 1991 1674 2061 quasi
1703 1991 1878 2046 adhuc

290 2084 448 2154 longe
481 2083 656 2139 futura
680 2084 749 2138 sit
773 2099 788 2150 ;
821 2098 1120 2154 quanquam
1148 2097 1253 2138 non
1282 2081 1512 2146 dixerit,
1537 2081 1878 2136 'fransiturus

289 2185 373 2230 cst
401 2191 433 2230 a
462 2185 636 2230 morte
667 2175 721 2229 in
746 2175 944 2240 vitam;
976 2174 1070 2229 sed
1090 2217 1105 2242 ,
1137 2173 1405 2228 transitum
1431 2173 1551 2244 fecit
1579 2189 1612 2226 a
1641 2182 1798 2227 morte
1826 2173 1880 2252 in

291 2272 446 2320 vitam
493 2283 514 2322 :
559 2276 736 2322 tamen
786 2282 852 2322 ne
893 2267 1057 2322 verbo
1101 2266 1352 2336 prmteriti
1380 2265 1632 2336 temporis
1661 2265 1884 2336 ﬁgurate

235 2416 240 2421 ,
295 2375 422 2412 usus
447 2359 750 2424 videretur,
783 2359 920 2412 sicut
947 2366 1028 2414 est
1045 2399 1062 2425 ,
1091 2357 1350 2412 Foderunt
1369 2373 1548 2412 manus
1567 2373 1702 2410 meas
1722 2369 1768 2412 et
1789 2374 1881 2428 pe-

297 2453 383 2504 des
410 2450 583 2524 (Psat.
615 2465 709 2505 xxx
730 2493 745 2518 ,
776 2451 865 2521 17)
887 2491 902 2515 ,
931 2449 1071 2520 quod
1098 2450 1270 2504 adhuc
1299 2448 1529 2503 futurum
1553 2449 1881 2519 prmnuntia-

293 2542 471 2608 batur;
497 2543 755 2612 sequitur,
779 2550 832 2596 et
859 2541 961 2596 hoc
984 2539 1156 2611 ipsum
1178 2541 1385 2611 planius
1407 2539 1638 2610 explicat
1661 2557 1673 2593 :
1697 2540 1878 2607 Amen,

294 2648 440 2686 amen
489 2632 601 2686 dico
644 2633 782 2687 vobis
801 2674 815 2696 ,
847 2633 1044 2702 inquit,
1075 2633 1193 2704 quia
1217 2633 1348 2686 venit
1377 2633 1506 2687 hora
1531 2642 1577 2687 et
1603 2649 1737 2687 nunc
1764 2641 1836 2687 est
1860 2674 1877 2700 ,

294 2723 499 2793 quando
523 2723 704 2777 mortui
728 2723 934 2778 audient
957 2739 1126 2778 vocem
1146 2721 1268 2777 Filii
1290 2722 1384 2777 Dei
1402 2739 1422 2788 ;
1441 2732 1487 2777 et
1501 2722 1586 2794 qui
1602 2723 1876 2790 audierint,

296 2816 476 2868 vivent.
523 2814 674 2882 Quod
717 2830 876 2885 supra
913 2814 1078 2882 dixit,
1121 2813 1343 2869 Transiit
1371 2831 1401 2868 a
1427 2824 1583 2869 morte
1610 2814 1664 2868 in
1688 2815 1882 2877 vitam;

298 2906 396 2960 huc
436 2923 580 2962 nunc
617 2907 784 2972 dicit,
828 2909 1007 2961 vivent.
1043 2906 1149 2962 Sed
1175 2923 1241 2961 ne
1267 2907 1396 2962 illud
1421 2906 1563 2977 quod
1589 2907 1700 2974 ait,
1736 2905 1884 2961 Venit

301 2997 454 3060 hora,
484 2997 538 3051 in
567 2996 726 3051 ﬁnem
756 2997 934 3052 sreculi
965 3006 1273 3067 speraretur
1293 3038 1307 3063 ,
1339 2997 1552 3066 quando
1581 2997 1740 3052 etiam
1765 3013 1887 3052 cor-

299 3103 486 3156 purum
529 3089 852 3142 resurrectio
890 3088 1066 3143 futura
1104 3098 1225 3153 est;
1268 3087 1508 3156 addidit,
1551 3098 1596 3142 et
1632 3106 1763 3143 nunc
1787 3098 1882 3144 est.

297 3180 409 3233 Non
452 3181 597 3234 enim
642 3181 712 3234 ait
742 3188 945 3234 tantum
967 3220 980 3243 ,
1017 3179 1163 3233 Venit
1189 3181 1346 3244 hora;
1379 3179 1473 3235 sed
1499 3223 1514 3247 ,
1552 3179 1696 3235 Venit
1722 3181 1846 3234 hora
1866 3221 1882 3249 ,

299 3283 343 3324 et
365 3287 500 3324 nunc
525 3281 618 3324 cst.
645 3270 744 3337 Qui
767 3279 944 3324 autem
967 3271 1232 3326 audierint
1256 3271 1396 3325 hanc
1423 3286 1608 3326 vocem
1628 3313 1644 3338 ,
1665 3272 1880 3338 vivent;

298 3361 508 3416 scilicet
527 3361 632 3415 vita
659 3376 815 3431 quam
840 3360 1084 3431 superius
1105 3361 1438 3431 signiﬁcavit,
1457 3361 1662 3429 dicens,
1696 3361 1886 3416 Trans?

301 3455 355 3507 iit
393 3472 425 3507 a
481 3464 639 3508 morte
667 3455 734 3507 ad
763 3455 932 3508 vitam.
961 3453 1058 3508 llic
1083 3469 1210 3524 ergo
1238 3469 1331 3508 eos
1359 3453 1671 3524 signiﬁcavit
1700 3453 1789 3524 qui
1819 3453 1885 3508 ad

301 3562 513 3615 pmnam
549 3547 734 3615 judicii
785 3561 887 3598 non
935 3545 1237 3615 pertinent;
1287 3544 1408 3615 quia
1447 3545 1776 3614 praeveniunt
1801 3544 1885 3614 ju-

302 3637 497 3691 dicium
518 3637 620 3690 ﬁde
640 3651 755 3700 sua,
778 3646 832 3690 et
856 3635 1133 3690 transitum
1154 3634 1349 3689 iaciunt
1371 3649 1400 3688 a
1422 3643 1594 3689 morte
1613 3633 1678 3688 ad
1699 3633 1883 3688 vitam.

369 3729 598 3785 CAPUT
625 3728 888 3783 XXlll.-—
909 3728 999 3784 26.
1038 3727 1356 3783 Resurrectio
1381 3726 1656 3782 secundum
1680 3742 1886 3781 carnem

304 3827 496 3894 futura.
536 3822 722 3877 Restat
747 3836 874 3891 ergo
901 3830 957 3874 ut
982 3820 1240 3890 judicium
1270 3820 1502 3873 futurum
1533 3817 1778 3873 ostendat
1808 3818 1887 3871 in-

305 3926 383 3970 ter
424 3917 594 3970 honos
634 3923 690 3970 et
717 3915 886 3969 malos
915 3931 927 3966 ε
957 3914 1078 3984 quia
1105 3913 1193 3968 hic
1215 3913 1384 3967 bonos
1413 3920 1618 3966 tantum
1647 3926 1887 3966 commer

303 4008 531 4062 morai-it
569 4006 635 4062 ad
677 4015 990 4077 prcesentem
1031 4005 1508 4069 resurrectionem,
1552 4020 1670 4074 qua:
1697 4019 1888 4058 secun-

304 4099 424 4153 dum
472 4100 718 4170 spiritum
746 4107 860 4164 est,
893 4098 1178 4167 pertinere.
1211 4096 1456 4166 Sequitur
1484 4096 1691 4167 itaque,
1723 4106 1778 4150 et
1803 4096 1886 4150 di-

305 4191 373 4244 cit
397 4233 410 4253 ,
445 4189 510 4244 Et
540 4199 833 4260 potestatem
864 4189 999 4242 dedit
1025 4189 1070 4242 ei
1094 4196 1140 4242 et
1159 4186 1416 4258 judicium
1444 4185 1608 4254 facere
1631 4227 1644 4249 ,
1672 4186 1789 4256 quia
1817 4187 1886 4256 [i-

305 4283 402 4335 lius
440 4282 658 4336 hominis
695 4289 785 4335 est.
827 4279 1115 4335 lnsinuavit
1150 4276 1438 4333 secundum
1466 4277 1592 4346 quid
1619 4277 1887 4346 acceperit

307 4383 630 4443 potestatem
671 4372 854 4444 judicii
898 4389 912 4426 :
951 4372 1071 4442 quia
1105 4370 1270 4440 ﬁlius,
1317 4369 1514 4438 inquit,
1550 4370 1765 4424 hominis
1791 4379 1884 4424 est.

305 4465 435 4518 Nam
477 4463 768 4519 secundum
809 4463 860 4518 id
882 4463 1022 4534 quod
1049 4462 1213 4516 Filius
1242 4461 1333 4516 Dei
1363 4470 1444 4516 est
1467 4503 1482 4526 ,
1509 4461 1886 4529 sempiternam

305 4570 423 4610 cum
471 4555 629 4610 Patre
664 4553 825 4610 habet
861 4562 1195 4623 potestatem.
1223 4551 1339 4608 Jam
1367 4551 1632 4622 quomodo
1660 4553 1728 4606 sit
1751 4551 1889 4606 lutu-

305 4663 420 4702 rtun
443 4645 700 4716 judicium
725 4686 738 4709 ,
760 4655 1148 4713 consequenter
1169 4641 1384 4714 exponit
1408 4659 1421 4694 :
1448 4641 1622 4696 Nolite
1643 4684 1656 4711 _,
1687 4642 1884 4714 inquit,

306 4741 482 4794 mirari
507 4742 601 4794 hoc
620 4781 633 4805 ,
661 4741 779 4810 quia
799 4739 928 4792 venit
955 4739 1078 4791 hora
1098 4779 1113 4803 ,
1138 4737 1189 4792 in
1208 4755 1308 4809 qua
1328 4753 1499 4791 omnes
1523 4737 1608 4806 qui
1633 4738 1684 4790 in
1705 4751 1888 4789 monu-

307 4834 487 4887 mentis
512 4841 659 4898 sunt,
687 4832 892 4884 audient
921 4845 1087 4884 vocem
1108 4830 1215 4900 ejus
1245 4845 1263 4882 :
1287 4839 1333 4883 et
1363 4828 1632 4898 precedent
1652 4829 1739 4898 qui
1759 4829 1887 4881 bona

308 4928 564 4996 fecerunt,
605 4923 658 4977 in
695 4921 1102 4976 resurrectionem
1143 4921 1256 4974 vita:
1278 4937 1296 4984 ;
1335 4920 1421 4988 qui
1462 4935 1574 4973 vero
1617 4920 1752 4972 mala
1777 4935 1888 4990 ege-

307 5026 451 5079 runt,
480 5017 533 5070 in
560 5014 970 5070 resurrectionem
983 5013 1185 5085 judicii.
1215 5010 1470 5081 Superius
1491 5027 1610 5065 cum
1632 5011 1886 5079 dixisset,

316 5105 460 5161 Venit
483 5108 648 5171 hora;
674 5105 900 5175 adjecit,
928 5111 972 5157 et
997 5119 1129 5156 nunc
1151 5113 1222 5156 est
1253 5120 1265 5156 :
1294 5118 1360 5156 ne
1383 5101 1469 5155 illa
1493 5101 1622 5156 hora
1647 5117 1890 5172 prmnun-

308 5198 433 5252 tiata
476 5207 753 5268 putaretur
775 5240 789 5264 ,
829 5211 931 5267 qua
963 5196 1014 5249 in
1046 5194 1148 5249 ﬁne
1177 5195 1354 5249 smculi
1387 5194 1559 5249 futura
1589 5206 1668 5249 est
1696 5211 1888 5266 corpo-

308 5307 425 5344 rum
475 5289 812 5344 resurrectio.
856 5287 953 5342 Ilic
995 5301 1121 5357 ergo
1149 5286 1269 5356 quia
1300 5286 1470 5355 ipsam
1497 5286 1708 5341 volebat
1734 5286 1891 5340 intel-

308 5379 392 5447 ligi
415 5422 429 5445 ,
472 5395 593 5435 cum
633 5379 889 5445 dixisset,
934 5377 1074 5432 Venit
1101 5377 1265 5442 hora;
1298 5393 1402 5431 non
1433 5377 1656 5445 adjecit,
1687 5388 1731 5432 et
1760 5395 1893 5431 nunc

307 5483 398 5524 est.
447 5469 575 5524 Item
623 5469 868 5540 superius
906 5477 1142 5523 mortuos
1182 5467 1314 5522 dixit
1342 5467 1527 5523 audire
1557 5483 1744 5523 vocem
1775 5469 1889 5522 Filii

312 5559 399 5616 Dei
430 5605 446 5628 ,
493 5571 957 5616 monumentorum
996 5570 1172 5616 autem
1207 5561 1405 5616 nullam
1434 5549 1894 5616 commemoratio-

311 5669 430 5708 nem
467 5654 591 5710 fecit
623 5673 636 5709 :
666 5665 723 5709 ut
747 5655 1192 5725 distingueremns
1213 5664 1452 5709 mortuos
1474 5670 1567 5724 per
1587 5655 1778 5710 mentis
1805 5671 1892 5711 cr-

313 5762 485 5806 rerem
514 5748 605 5819 qui
632 5756 914 5820 resurgunt
943 5745 1102 5802 modo
1128 5759 1229 5817 per
1260 5744 1448 5818 ﬁdem,
1475 5743 1543 5802 ab
1569 5745 1646 5802 eis
1673 5747 1895 5806 mortuis

1651 313 1877 372 SERMO
1917 312 2207 375 CCCLX“.

3429 336 3568 394 1650

1979 446 2204 500 quorum
2225 432 2482 491 cadavera
2513 438 2565 494 in
2595 443 2950 499 monumentis
2975 451 3100 501 sunt
3119 457 3486 506 resurrectura
3509 451 3566 507 in

1985 522 2172 578 ultimo
2197 525 2398 579 saeculi.
2429 526 2529 584 llic
2557 544 2682 600 ergo
2708 539 2768 587 ut
2793 532 2880 588 illa
2909 533 2962 589 in
2986 533 3090 590 ﬁne
3110 547 3416 607 speraretur
3439 555 3558 596 cor-

1985 629 2173 684 porum
2215 620 2566 685 resurrectio,
2617 621 2836 692 Omnes,
2880 626 2994 696 ait,
3034 630 3120 698 qui
3155 630 3208 684 in
3233 635 3566 689 monumentis

1983 718 2139 775 sunt,
2168 709 2373 764 audient
2397 727 2562 766 vocem
2587 715 2726 786 ejus,
2750 724 2796 771 et
2817 719 3102 788 precedent.
3137 721 3265 777 Item
3292 726 3563 794 superius,

1986 799 2202 856 Audient
2219 842 2235 868 ,
2269 802 2468 873 inquit,
2499 820 2665 859 vocem
2693 806 2819 862 Filii
2841 808 2974 875 Dei;
2998 819 3044 864 et
3066 812 3153 882 qui
3179 815 3463 880 audierint,
3487 815 3566 870 vi-

1985 900 2117 945 vent.
2150 892 2287 959 Quid
2315 909 2449 964 opus
2474 905 2583 951 erat
2606 897 2799 954 addere
2818 942 2833 966 ,
2859 899 2960 964 Qui
2985 901 3268 968 audierint;
3291 919 3408 960 cum
3435 920 3568 975 pos-

1987 991 2069 1037 set
2094 983 2161 1037 ita
2189 983 2291 1039 dici
2314 1026 2328 1050 ,
2361 985 2590 1042 Audient
2619 1002 2801 1044 vocem
2832 989 2954 1044 Filii
2984 991 3106 1056 Dei,
3140 1002 3190 1047 et
3213 995 3389 1049 vivent
3415 1011 3429 1048 :
3463 997 3566 1051 nisi

1986 1075 2108 1144 quia
2151 1075 2220 1132 de
2264 1077 2348 1133 his
2397 1079 2608 1135 dicebat
2650 1080 2739 1151 qui
2779 1083 3069 1138 secundum
3111 1087 3302 1141 mentis
3326 1103 3566 1144 errorem

1988 1169 2181 1222 mortui
2220 1180 2370 1234 sunt,
2416 1187 2638 1241 quorum
2675 1174 2824 1228 multi
2853 1173 3073 1230 audiunt
3097 1184 3146 1231 et
3177 1193 3284 1232 non
3311 1179 3563 1248 audiunt,

1988 1259 2038 1312 id
2069 1269 2184 1325 est,
2218 1277 2324 1316 non
2355 1263 2726 1333 obtemperant
2747 1307 2761 1331 ,
2790 1281 2897 1320 non
2926 1269 3187 1323 credunt?
3212 1269 3311 1338 Qui
3337 1287 3464 1326 vero
3489 1272 3566 1328 sic

1987 1351 2241 1419 audiunt,
2282 1355 2548 1423 quomodo
2587 1355 2797 1413 volebat
2821 1357 3026 1423 audiri,
3057 1373 3176 1413 cum
3202 1359 3436 1426 diceret,
3468 1361 3567 1426 Qui

1988 1442 2132 1496 habet
2171 1439 2318 1498 aures
2356 1446 2632 1513 audiendi,
2675 1448 2848 1501 audiat
2892 1448 3042 1519 (Luc.
3080 1466 3203 1514 Vlll,
3241 1451 3336 1521 8);
3365 1452 3462 1520 ipsi
3490 1453 3567 1506 vi-

1987 1541 2132 1586 vent.
2176 1534 2409 1589 Audicnt
2445 1550 2570 1605 ergo
2597 1537 2783 1603 multi,
2815 1538 2910 1593 scd
2937 1540 3023 1604 qui
3051 1539 3298 1595 audierint
3323 1583 3338 1608 ,
3365 1542 3564 1608 vivent,

1989 1623 2040 1678 id
2081 1633 2193 1689 est,
2223 1625 2314 1695 qui
2343 1626 2684 1681 crediderint.
2717 1628 2848 1683 Nam
2878 1633 2968 1699 qui
2997 1631 3072 1685 sic
3101 1631 3350 1698 audient,
3381 1642 3437 1687 ut
3460 1648 3566 1688 non

1989 1717 2237 1783 credant,
2267 1735 2372 1774 non
2401 1720 2578 1775 vivent
2603 1740 2614 1775 :
2648 1721 2788 1777 unde
2815 1733 3037 1792 apparet
3058 1724 3125 1778 de
3150 1739 3252 1794 qua
3278 1734 3449 1780 morte
3469 1766 3482 1790 ,
3513 1732 3571 1781 et

1988 1807 2055 1862 de
2089 1823 2190 1878 qua
2221 1805 2323 1862 vita
2361 1826 2425 1865 eo
2460 1811 2578 1866 loco
2605 1811 2836 1868 dixerit:
2861 1813 2926 1868 de
2947 1823 3118 1869 morte
3137 1815 3336 1870 scilicet
3358 1831 3476 1885 qum
3501 1815 3569 1870 ad

1987 1901 2129 1954 solos
2150 1901 2318 1956 malos
2347 1904 2596 1972 pertinet,
2619 1919 2682 1958 eo
2700 1905 2816 1974 ipso
2829 1921 2933 1976 quo
2950 1906 3074 1961 mali
3092 1918 3215 1961 sunt
3237 1925 3251 1973 ;
3281 1916 3334 1961 et
3360 1908 3426 1962 de
3461 1909 3570 1962 vita

1987 2006 2106 2058 qua:
2131 1991 2196 2045 ad
2222 1992 2364 2046 solos
2405 1993 2572 2049 bonos
2600 1995 2860 2065 pertinet,
2891 2011 2958 2051 eo
2983 1997 3100 2068 ipso
3128 2013 3234 2068 quo
3261 1997 3388 2053 boni
3415 1998 3567 2053 ﬁunt.

2059 2083 2285 2140 CAPUT
2327 2084 2514 2140 XXIV.
2542 2114 2614 2126 —-
2649 2087 2748 2143 llic
2771 2097 2980 2154 autem,
3010 2088 3098 2143 ubi
3129 2090 3416 2145 secundum
3446 2105 3568 2145 cor-

1988 2189 2118 2244 pora
2157 2186 2555 2232 resurrecturos
2582 2179 2914 2246 pronuntiat,
2944 2193 3049 2233 non
3076 2180 3182 2246 ait,
3213 2180 3446 2234 Audient
3473 2194 3571 2235 vo-

1988 2280 2104 2320 cem
2145 2265 2293 2336 ejus,
2333 2275 2389 2321 et
2426 2267 2515 2336 qui
2544 2267 2840 2336 audierint,
2868 2269 3172 2338 precedent.
3205 2270 3402 2325 Omnes
3426 2270 3570 2325 enim

1989 2359 2331 2413 novissimam
2357 2359 2536 2414 tubam
2561 2360 2798 2425 audient,
2823 2367 2874 2415 et
2900 2360 3212 2429 precedent,
3235 2362 3357 2430 quia
3384 2375 3571 2415 omnes

1989 2466 2345 2522 resurgemus.
2386 2452 2492 2508 Sed
2525 2453 2647 2522 quia
2680 2468 2783 2507 non
2813 2467 3002 2508 omnes
3030 2454 3455 2522 immutabimur,
3483 2469 3572 2508 sc-

1989 2544 2170 2614 quitur
2208 2552 2262 2600 et
2303 2545 2468 2610 dicit,
2503 2546 2614 2612 'Qui
2640 2546 2770 2599 bona
2800 2550 3062 2617 fecerunt,
3089 2547 3143 2599 in
3169 2547 3574 2600 resurrectionem

1988 2637 2140 2699 vitaz;
2173 2635 2257 2705 qui
2287 2649 2400 2689 vero
2428 2635 2564 2688 mala
2591 2647 2833 2706 egerunt,
2860 2636 2913 2690 in
2936 2637 3346 2690 resurrectionem
3363 2636 3570 2706 judicii.

1991 2724 2248 2796 Superius
2276 2725 2452 2795 itaque
2478 2726 2566 2781 ubi
2598 2742 2692 2795 per
2721 2725 2881 2782 ﬁdem
2907 2727 3197 2782 secundum
3224 2729 3466 2798 spiritum
3491 2744 3574 2783 re-

1989 2816 2303 2881 viviscitur,
2351 2815 2417 2870 ad
2460 2816 2700 2872 eamdem
2740 2825 2937 2873 sortem
2985 2831 3170 2873 omnes
3213 2819 3571 2885 reviviscunt;

1994 2914 2050 2960 ut
2075 2907 2181 2960 vita
2204 2920 2387 2961 eorum
2418 2921 2522 2960 non
2549 2906 2894 2962 distribuatur
2912 2908 2964 2962 in
2990 2907 3367 2963 beatitudinem
3390 2917 3443 2963 et
3468 2910 3570 2963 mi~

1993 2997 2186 3052 seriam
2211 3036 2226 3061 ,
2267 2996 2362 3053 sed
2393 2997 2458 3052 ad
2485 2999 2676 3054 bonam
2714 3007 2915 3068 partem
2946 3015 3130 3054 omnes
3159 3003 3470 3069 pertineant.
3508 3001 3576 3056 Et
3637 3019 3640 3023 ·

1992 3089 2115 3144 ideo
2136 3103 2259 3144 cum
2288 3089 2537 3157 dixisset,
2571 3090 2670 3155 Qui
2691 3091 2976 3157 audierint,
3005 3092 3204 3157 vivent;
3233 3107 3337 3146 non
3361 3091 3572 3162 adjecit,

1992 3181 2093 3248 Qui
2121 3181 2256 3237 bona
2287 3191 2538 3252 egerunt,
2569 3183 2619 3236 in
2648 3183 2806 3237 vitam
2839 3191 3091 3238 :eternam
3117 3200 3131 3248 ;
3166 3184 3255 3254 qui
3283 3199 3412 3238 vero
3437 3187 3573 3238 mala

1992 3281 2215 3343 egerunt
2239 3315 2254 3341 ,
2298 3273 2350 3328 in
2378 3287 2589 3342 poenam
2621 3282 2896 3328 mternam.
2928 3273 3039 3328 Hoc
3067 3273 3208 3328 enim
3237 3276 3406 3344 ipsum
3435 3275 3576 3344 quod

1993 3365 2192 3421 dictum
2223 3373 2321 3431 est,
2352 3366 2531 3431 vivent,
2561 3367 2612 3420 in
2636 3367 2775 3421 bono
2803 3365 3168 3421 tantummodo
3193 3367 3357 3436 accipi
3384 3367 3573 3421 voluit:

1994 3457 2130 3512 sicut
2154 3457 2315 3512 etiam
2343 3458 2587 3528 superius
2615 3499 2628 3521 ,
2656 3457 2968 3521 Transitum,
3002 3457 3191 3527 inquit,
3220 3458 3337 3527 fecit
3362 3475 3393 3510 a
3419 3467 3578 3511 morte

1994 3547 2066 3601 ad
2089 3548 2240 3601 vitam
2266 3565 2286 3613 ;
2311 3562 2412 3602 nec
2436 3547 2568 3602 dixit
2595 3547 2658 3601 ad
2684 3562 2843 3616 quam
2861 3548 3058 3611 vitam;
3085 3547 3206 3616 quia
3235 3562 3330 3616 per
3359 3546 3514 3600 ﬁdem
3544 3562 3574 3600 a

1995 3644 2167 3691 morte
2208 3637 2564 3704 reviviscere,
2609 3651 2716 3690 non
2759 3643 2930 3706 potest
2967 3651 3088 3691 esse
3128 3635 3265 3690 mala
3307 3636 3430 3690 vita.
3478 3636 3577 3691 llic

1993 3738 2170 3784 autem
2211 3729 2381 3800 primo
2422 3745 2563 3796 non,
2609 3729 2842 3784 Audient
2881 3743 3065 3784 vocem
3105 3727 3220 3796 ejus
3263 3736 3314 3782 et
3357 3727 3574 3794 vivent;

1995 3820 2168 3889 ipsom
2207 3820 2380 3886 enim,
2425 3821 2620 3887 vivent,
2667 3835 2764 3890 per
2807 3827 2968 3874 totam
3015 3819 3168 3874 istam
3211 3819 3491 3874 lectionem
3522 3820 3577 3872 in

1993 3913 2136 3968 bono
2161 3913 2377 3983 intelligi
2411 3914 2576 3968 voluit
2607 3931 2621 3967 :
2653 3913 2745 3968 sed
2775 3913 2940 3979 dixit,
2971 3912 3194 3978 audient,
3220 3923 3266 3967 et
3289 3913 3573 3981 precedent,

1994 4019 2100 4074 quo
2137 4004 2303 4060 verbo
2341 4003 2652 4074 signiﬁcavit
2691 4004 3025 4073 corporalem
3062 4012 3262 4058 motum
3294 4018 3576 4073 corporum

1995 4096 2062 4151 de
2090 4095 2223 4150 locis
2244 4095 2634 4164 sepulturarum
2661 4109 2895 4148 suarum.
2924 4093 3029 4148 Sed
3053 4094 3172 4162 quia
3196 4095 3486 4161 procedere
3509 4093 3576 4148 dc

1995 4185 2352 4240 monumentis
2382 4201 2488 4239 non
2516 4185 2763 4240 onmibus
2789 4185 2853 4239 ad
2878 4184 3076 4239 bonum
3101 4184 3202 4238 erit
3234 4202 3246 4237 :
3283 4183 3383 4248 Qui
3411 4183 3540 4237 bona
3559 4225 3574 4248 ,

1995 4276 2198 4346 inquit,
2244 4279 2510 4347 fecerunt,
2553 4277 2606 4330 in
2648 4276 3059 4331 resurrectionem
3102 4275 3262 4340 vitaz;
3303 4273 3462 4330 etiam
3489 4274 3577 4330 hic

1997 4369 2155 4421 vitam
2199 4367 2252 4422 in
2300 4367 2442 4422 bono
2483 4375 2684 4422 tantum
2715 4366 2933 4438 intelligi
2958 4366 3160 4422 voluit:
3187 4366 3272 4436 qui
3301 4383 3415 4421 vero
3441 4367 3579 4421 mala

1995 4469 2231 4530 egerunt,
2279 4460 2484 4529 inquit,
2527 4462 2582 4514 in
2624 4461 3039 4514 resurrectionem
3076 4459 3283 4528 judicii,
3319 4458 3579 4530 judicium

1994 4554 2198 4608 scilicet
2226 4568 2322 4622 pro
2352 4569 2503 4622 paena
2531 4554 2724 4624 posuit.

2065 4642 2291 4699 CAPUT
2329 4643 2497 4699 XXV.
2519 4674 2590 4684 —
2606 4643 2696 4698 27.
2723 4643 2883 4711 Quale
2901 4661 3102 4716 corpus,
3127 4653 3176 4698 et
3195 4645 3359 4714 qualis
3374 4652 3580 4700 sancto-

1993 4752 2104 4789 rum
2131 4736 2230 4788 vita
2260 4746 2371 4805 post
2403 4737 2831 4790 resurrectionem.
2871 4737 2990 4792 Jam
3033 4750 3181 4807 ergo,
3223 4735 3438 4805 fratres,
3478 4751 3578 4793 ne-

1997 4841 2084 4880 mo
2112 4836 2316 4895 quaerat
2344 4841 2593 4896 perversa
2623 4826 2916 4882 subtilitate
2942 4826 3240 4896 cujusmodi
3281 4826 3449 4896 ﬁgura
3477 4827 3584 4882 erit

1995 4931 2278 4986 corporum
2311 4917 2364 4970 in
2415 4917 2810 4971 resurrectione
2863 4924 3216 4982 mortuorum,
3246 4924 3440 4987 quanta
3471 4923 3582 4972 sta-

1998 5017 2137 5073 tura,
2178 5008 2351 5078 qualis
2382 5017 2579 5071 motus,
2607 5008 2780 5077 qualis
2803 5008 3063 5064 incessus.
3086 5009 3294 5064 Sufﬁcit
3315 5008 3408 5064 tibi
3439 5008 3582 5080 quod

1998 5103 2229 5172 resurgit
2262 5117 2390 5156 caro
2421 5110 2507 5156 tua
2539 5102 2590 5155 in
2621 5117 2681 5156 ea
2713 5103 2910 5172 specie,
2936 5102 2986 5156 in
3011 5118 3112 5173 qua
3139 5103 3393 5157 Dominus
3421 5092 3585 5173 appa-

1998 5191 2124 5257 ruit,
2153 5194 2204 5245 in
2236 5191 2468 5246 hominis
2497 5192 2679 5262 utique
2703 5193 2904 5261 specie.
2936 5192 3043 5248 Sed
3080 5193 3188 5248 noli
3225 5204 3442 5263 propter
3457 5207 3583 5262 spe-

1999 5285 2134 5338 ciem
2170 5283 2355 5338 timere
2375 5284 2771 5354 corruptionem
2799 5302 2811 5338 :
2836 5285 2880 5339 si
2903 5287 3042 5340 enim
3073 5301 3176 5340 non
3202 5287 3436 5341 timueris
3458 5301 3582 5338 cor-

2001 5378 2323 5445 ruptionem,
2351 5389 2455 5430 non
2483 5375 2694 5430 timebis
2736 5385 2791 5431 et
2832 5377 2976 5430 illam
3021 5379 3360 5442 sententiam,
3385 5376 3512 5429 Caro
3536 5386 3580 5430 et

2000 5469 2206 5540 sanguis
2226 5484 2435 5539 regnum
2464 5467 2560 5522 Dei
2579 5485 2678 5522 non
2708 5468 3016 5537 possidebit:
3037 5485 3136 5524 nec
3165 5467 3366 5523 incides
3406 5467 3456 5520 in
3498 5466 3578 5519 la-

2002 5577 2196 5632 queum
2246 5560 2689 5626 Sadducteorum,
2736 5577 2895 5632 quem
2939 5571 3222 5632 propterea
3266 5575 3370 5614 non
3413 5560 3584 5628 possis

2003 5657 2226 5718 evitare,
2261 5654 2381 5724 quia
2409 5663 2561 5724 putas
2587 5653 2653 5708 ad
2683 5653 2780 5708 hoc
2805 5669 3087 5724 resurgere
3117 5653 3383 5716 homines,
3410 5650 3580 5706 utdu«

2003 5759 2126 5805 cant
2163 5763 2382 5817 uxores,
2424 5756 2475 5804 et
2497 5757 2749 5820 generem
2775 5746 2931 5814 ﬁlios,
2956 5755 3009 5801 et
3072 5755 3227 5819 agni
3278 5758 3437 5816 opera
3496 5744 3583 5798 vi~
