4046 6360
505 374 630 431 1651

496 501 566 545 tae
618 488 874 545 mortalis.
915 487 968 544 SI
1003 486 1196 557 quaeris
1236 484 1409 555 qualis
1447 485 1548 540 erit
1577 485 1704 551 vita,
1732 487 1851 556 quis
1890 484 2066 538 homi-

495 600 621 638 num
672 584 772 638 Ιιοο
811 581 1007 652 poterit
1071 580 1369 650 explicare?
1409 579 1529 634 Vita
1577 580 1679 634 erit
1723 579 2067 648 Angelorum.

493 674 823 745 Quicumque
853 673 944 728 tibi
969 673 1199 743 potuerit
1223 671 1508 727 ostendere
1532 673 1691 725 vitam
1721 672 2065 742 Angelorum,

492 766 736 821 ostendet
772 766 930 819 vitam
953 780 1134 818 eorum
1155 781 1168 826 ;
1189 764 1312 834 quia
1345 763 1576 833 zequales
1607 761 1763 817 futuri
1787 761 2069 816 eruntAn-

492 858 646 928 gelis.
697 857 752 912 Si
799 864 976 911 autem
1016 857 1340 926 Angelorum
1375 857 1481 908 vita
1521 856 1728 910 occulta
1766 863 1880 920 est,
1913 867 2069 908 nemo

493 955 695 1017 quierat
732 947 992 1016 amplius;
1027 962 1093 1002 ne
1132 962 1226 1017 per
1264 962 1501 1001 errorem
1541 962 1646 1001 non
1687 944 1960 1014 perveniat
2001 943 2069 1000 ad

491 1037 546 1094 id
583 1038 722 1108 quod
751 1039 962 1108 quaerit,
1002 1038 1096 1093 sed
1136 1037 1202 1091 ad
1240 1036 1381 1106 quod
1425 1036 1524 1091 sibi
1574 1037 1686 1106 ipse
1729 1033 2066 1091 confinxerit.

491 1129 841 1200 Prmpropcre
870 1130 1012 1185 enim
1039 1128 1252 1199 quarrit,
1292 1138 1346 1182 ct
1387 1127 1641 1187 festinans
1671 1126 1882 1197 quazrit.
1914 1125 1991 1179 Tu
2015 1125 2068 1178 in

488 1219 572 1274 via
611 1220 854 1285 ambula;
887 1220 1069 1274 venies
1095 1219 1160 1274 ad
1189 1220 1434 1288 patriam,
1467 1219 1510 1273 si
1542 1233 1646 1273 non
1667 1217 1883 1273 deseras
1904 1217 2066 1271 viam.

489 1309 690 1365 Tenete
714 1325 840 1380 ergo
867 1308 1156 1376 Christum,
1201 1309 1412 1376 fratres,
1459 1317 1635 1364 tenete
1679 1308 1862 1374 fidem,
1892 1317 2071 1364 tenete

487 1401 630 1458 viam
655 1421 668 1455 :
689 1403 799 1472 ipsa
825 1418 921 1458 vos
950 1401 1204 1473 perducet
1224 1403 1291 1457 ad
1314 1401 1363 1456 id
1387 1402 1526 1472 quod
1554 1401 1735 1457 videre
1774 1401 1934 1457 modo
1961 1417 2065 1456 non

485 1495 730 1562 potestis.
763 1493 816 1547 In
847 1493 938 1548 illo
976 1493 1118 1548 enim
1158 1493 1330 1562 capite
1374 1495 1616 1562 apparuit
1641 1492 1786 1563 quod
1825 1499 2070 1560 speretur

488 1584 543 1646 in
569 1583 848 1649 membris;
897 1588 948 1638 in
988 1584 1078 1638 illo
1144 1583 1487 1638 fundamento
1526 1583 1944 1637 demonstratum
1986 1591 2069 1637 est

485 1675 626 1745 quod
669 1676 721 1730 in
763 1684 941 1730 nostra
984 1675 1275 1730 :edificetur
1301 1675 1424 1741 fide,
1449 1683 1509 1729 ut
1552 1682 1732 1744 postea
1763 1673 2072 1743 perficiatur

486 1764 540 1825 in
570 1764 749 1834 specie
773 1782 786 1818 :
811 1780 879 1820 ne
901 1766 1035 1820 forte
1058 1780 1179 1820 cum
1207 1765 1402 1834 putatis
1425 1779 1522 1820 vos
1547 1778 1784 1829 cernere,
1814 1772 2067 1834 appareat

484 1856 636 1912 vobis
677 1857 874 1927 aliquid
911 1872 1004 1926 per
1050 1858 1334 1928 imaginem
1363 1857 1547 1911 falsam
1579 1858 1729 1927 quasi
1766 1871 1886 1912 esse
1923 1855 2066 1927 quod

482 1961 591 2000 non
617 1956 718 2012 est,
747 1956 802 2002 et
827 1947 1041 2002 dimissa
1069 1948 1152 2001 via
1186 1949 1238 2001 in
1267 1963 1503 2002 errorem
1531 1947 1775 2013 devictis,
1799 1957 1852 2002 ct
1873 1947 1939 2001 ad
1977 1964 2067 2016 pa-

485 2039 638 2101 triam
667 2055 772 2110 quo
809 2039 954 2095 ducit
1000 2041 1103 2104 via,
1139 2040 1189 2094 id
1240 2049 1342 2108 est,
1389 2040 1456 2095 ad
1503 2039 1736 2111 speciem
1778 2055 1884 2111 quo
1920 2040 2068 2096 ducit

484 2128 637 2194 fides,
680 2145 785 2184 non
808 2131 1146 2200 perveniatis.

551 2239 776 2296 CAPUT
802 2239 993 2295 XXVI.
1029 2271 1102 2282 -—
1124 2241 1214 2297 28.
1251 2240 1367 2295 Vita
1402 2241 1580 2296 similis
1619 2239 1924 2313 Angelorunt
1945 2242 2060 2310 erit,

479 2345 654 2382 carens
696 2329 928 2398 operibus
965 2331 1303 2400 corruptionis
1343 2339 1390 2383 et
1427 2331 1737 2402 indigentia}.
1784 2331 2063 2386 Sabbatum

479 2429 792 2490 perpetuum.
809 2419 861 2472 Μ
869 2419 1172 2475 isericordiaz
1188 2437 1340 2490 opera
1361 2439 1450 2476 cur
1462 2423 1530 2476 ibi
1548 2422 1690 2475 nulla
1703 2433 1866 2476 erant.
1881 2422 2058 2489 Dices,

478 2510 757 2576 Quomodo
794 2511 978 2565 vivunt
1004 2510 1232 2581 Angeli?
1257 2511 1467 2567 Sufficit
1489 2513 1582 2567 tibi
1603 2513 1742 2568 scire
1771 2513 1892 2578 hoc,
1915 2513 2059 2583 quod

475 2617 586 2660 non
607 2601 1019 2670 corruptibiliter
1050 2602 1254 2656 vivunt.
1285 2602 1517 2657 Facilius
1561 2603 1705 2657 enim
1755 2603 1847 2657 tibi
1885 2611 2062 2672 potest

474 2690 577 2752 dici
603 2691 728 2761 quid
772 2691 839 2746 ibi
889 2707 993 2746 non
1034 2692 1156 2758 erit,
1199 2708 1356 2762 quam
1398 2693 1525 2764 quid
1569 2693 1640 2748 ibi
1679 2693 1801 2748 erit.
1829 2694 2053 2749 Possum

473 2783 615 2840 enim
643 2793 698 2840 et
725 2799 842 2855 ego,
889 2784 1082 2841 fratres
1127 2787 1257 2855 tnei,
1298 2787 1533 2843 breviter
1561 2788 1711 2843 vobis
1738 2803 2056 2860 percurrere

471 2878 712 2946 quaedam
737 2897 856 2950 qua:
886 2883 954 2936 ibi
984 2899 1088 2938 non
1125 2894 1281 2940 erunt
1370 2893 1426 2941 et
1466 2883 1568 2940 hoc
1609 2895 1891 2955 propterea
1931 2899 2057 2955 pos-

471 2982 610 3036 sum,
641 2971 763 3040 quia
795 2972 892 3026 ista
922 2974 1130 3042 experti
1162 2989 1368 3040 sumus,
1395 2983 1450 3029 ct
1478 2974 1725 3030 novimus
1748 2989 1810 3030 ea
1835 2990 1956 3046 qua:
1983 2975 2056 3031 ibi

470 3074 576 3114 non
599 3071 772 3115 erunt.
797 3063 932 3129 Quid
959 3072 1136 3118 autem
1161 3065 1232 3119 ibi
1255 3066 1358 3120 erit
1385 3064 1622 3121 nondum
1649 3081 1836 3122 sumus
1859 3081 2055 3136 exper-

470 3149 530 3204 ti.
565 3149 668 3204 I’er
691 3151 842 3220 ﬁdem
878 3154 1010 3207 enim
1052 3154 1389 3220 ambulamus,
1428 3155 1652 3210 nondum
1680 3172 1769 3226 per
1793 3156 2050 3226 speciem:

469 3241 710 3309 quamdiu
733 3258 902 3296 sumus
926 3243 979 3296 in
1009 3260 1237 3314 corpore,
1265 3246 1645 3315 peregrinamur
1677 3263 1710 3300 a
1744 3245 1963 3300 Domino
1987 3245 2054 3316 (II

472 3328 588 3385 Cor.
616 3345 668 3397 v,
693 3331 726 3386 6
758 3341 803 3387 et
829 3333 904 3403 7).
937 3333 1075 3402 Quid
1104 3350 1233 3405 ergo
1261 3336 1331 3390 ibi
1360 3350 1466 3391 non
1493 3336 1632 3391 erit?
1670 3337 1874 3392 Ducere
1917 3353 2052 3392 uxo-

468 3435 603 3490 rem,
651 3431 709 3479 ut
755 3425 845 3479 filii
893 3439 1284 3498 propagentur;
1327 3428 1450 3499 quia
1501 3443 1607 3484 non
1649 3439 1730 3484 est
1756 3429 1826 3484 ibi
1857 3444 2047 3484 mors:

467 3527 574 3566 non
610 3514 681 3568 ibi
712 3517 815 3570 erit
857 3532 1119 3585 crescere,
1163 3520 1283 3588 quia
1332 3533 1430 3574 nec
1469 3533 1782 3576 senescere:
1809 3534 1912 3574 non
1949 3520 2054 3575 erit

468 3600 711 3668 refectio,
751 3606 872 3672 quia
914 3622 1013 3661 nec
1055 3606 1320 3663 defectio:
1347 3624 1452 3663 non
1499 3609 1568 3663 ibi
1614 3618 1772 3664 erunt
1817 3610 2046 3678 negotia,

467 3693 590 3762 quia
621 3708 720 3748 nec
746 3695 1066 3766 indigentia;
1091 3714 1188 3753 nec
1218 3699 1330 3769 ipsa
1360 3699 1640 3755 laudabilia
1671 3715 1832 3768 opera
1872 3700 2046 3754 homi-

468 3799 595 3836 num
617 3785 996 3852 innoccntium,
1013 3805 1128 3859 qua:
1144 3791 1286 3860 cogit
1302 3791 1511 3860 operari
1527 3799 1732 3860 egestas
1748 3799 1799 3844 cl
1818 3791 2050 3845 necessi-

466 3882 549 3929 tas
577 3875 730 3946 hujus
751 3879 896 3932 vit:e.
917 3879 1031 3934 Non
1053 3880 1192 3935 enim
1214 3881 1335 3951 dico
1361 3881 1725 3936 tantummodo
1746 3897 1851 3935 non
1871 3881 1938 3935 ibi
1965 3881 2046 3934 fu-

469 3973 586 4020 tura
612 3983 771 4037 opera
791 3969 1053 4026 latronum
1073 3979 1166 4026 aut
1185 3971 1562 4036 feneratorum,
1582 3973 1674 4028 sed
1694 3973 1805 4043 ipsa
1826 3990 1942 4044 qua:
1959 3975 2040 4028 in-

463 4067 717 4114 nocentes
740 4060 978 4118 homines
993 4073 1280 4133 operantur
1293 4073 1508 4135 propter
1533 4064 1878 4135 indigentiam
1907 4066 2038 4121 sub-

461 4146 801 4205 levandarum
837 4150 1188 4208 humanarum
1237 4155 1633 4224 necessitatum,
1653 4171 1756 4210 non
1776 4155 1847 4210 ibi
1863 4165 2038 4212 erunt.

531 4259 758 4317 CAPUT
781 4263 994 4319 XXVII.
1015 4297 1086 4306 —
1103 4265 1392 4322 Sabbatum
1419 4267 1518 4322 crit
1544 4276 1875 4337 perpetuum,
1897 4267 2040 4338 quod

461 4363 492 4402 a
543 4349 742 4406 Judzcis
783 4353 1082 4409 celebratur
1121 4357 1503 4425 tcmporaliter,
1534 4372 1566 4411 a
1605 4358 1757 4412 nobis
1781 4367 1955 4411 autem
1988 4361 2039 4412 in

461 4452 718 4497 aeternum
748 4444 1280 4514 intelligitur.,Quies
1315 4449 1416 4502 erit
1453 4448 1754 4513 ineffabilia,
1797 4466 1915 4519 qua:
1945 4465 2041 4504 cx-

460 4531 646 4600 plicari
685 4548 788 4586 non
835 4543 1043 4604 potest;
1075 4535 1190 4602 sed,
1219 4546 1277 4591 ut
1316 4536 1447 4602 dixi,
1479 4546 1765 4607 utcumque
1805 4539 2038 4608 explica-.-

462 4631 569 4689 tur,
597 4636 716 4676 cum
745 4623 990 4679 dicuntur
1017 4641 1136 4696 quze
1157 4627 1228 4681 ibi
1257 4642 1364 4682 non
1387 4637 1562 4681 erunt.
1603 4629 1683 4682 Ad
1713 4629 1855 4683 illam
1883 4631 2037 4700 quic-

461 4718 567 4765 tem
615 4714 903 4779 tendimus,
944 4715 1010 4770 ad
1057 4716 1196 4771 illam
1247 4718 1590 4786 spiritualitcr
1636 4735 2034 4789 regeneramur.

457 4799 610 4856 Sicut
645 4803 788 4856 enim
836 4804 902 4857 ad
947 4805 1157 4862 labores
1193 4807 1479 4861 carnaliter
1525 4810 1811 4878 nascimur,
1850 4811 1920 4866 ita
1968 4811 2035 4866 ad

457 4890 692 4959 quietem
721 4893 1067 4962 Spirilualiter
1093 4898 1420 4952 renascimur
1453 4915 1465 4952 :
1498 4899 1762 4956 clamante
1791 4903 1900 4967 illo,
1939 4902 2036 4956 Ve-

458 4980 560 5034 nite
584 4980 651 5033 ad
673 4997 770 5046 me,
800 4999 971 5038 omnes
1008 4986 1094 5055 qui
1135 4987 1372 5044 laboratis
1408 4999 1452 5043 et
1491 4992 1684 5046 onerati
1709 4993 1846 5060 estis,
1869 5003 1916 5047 ct
1942 5010 2034 5065 ego

457 5071 684 5140 reﬁciam
729 5089 812 5126 vos
843 5074 1051 5144 (Matth.
1086 5093 1154 5142 xi,
1185 5077 1298 5150 28).
1331 5080 1425 5135 llic
1456 5083 1642 5151 pascit,
1685 5084 1752 5138 ibi
1775 5083 2029 5153 perficit:

457 5162 544 5218 Itic
582 5165 860 5234 promittit,
891 5167 960 5221 ibi
1001 5169 1172 5225 reddit
1197 5188 1209 5223 :
1235 5171 1318 5227 hic
1343 5173 1624 5243 significat,
1655 5175 1724 5230 ibi
1755 5176 2029 5247 exprimit.

454 5253 583 5309 Cum
612 5264 789 5310 autem
820 5257 870 5310 iu
903 5258 989 5312 illa
1022 5259 1346 5318 beatitudine
1383 5274 1438 5320 et
1472 5267 1658 5334 spiritu
1703 5274 1758 5320 et.
1799 5282 2028 5336 corpore

455 5347 674 5416 perfecti
713 5351 950 5421 salvique
990 5351 1264 5421 fuerimus,
1294 5357 1390 5410 ista
1437 5359 1646 5428 negotia
1684 5374 1789 5414 non
1834 5370 2026 5426 erunt;

453 5451 552 5492 nec
582 5439 668 5493 illa
699 5441 769 5495 ibi
799 5451 974 5511 erunt,
1006 5460 1124 5514 quae
1153 5446 1238 5501 hic
1276 5447 1557 5503 laudantur
1581 5449 1632 5502 in
1662 5450 1816 5505 bonis
1845 5453 2028 5520 operi-

452 5526 552 5583 bus
573 5528 1014 5589 Christianorum.
1045 5537 1176 5606 Quis
1203 5540 1344 5593 enim
1379 5556 1482 5596 non
1511 5540 1753 5597 laudatur
1779 5543 2029 5599 christia-

451 5633 550 5673 nus
590 5623 906 5693 porrigendo
945 5643 1132 5697 panem
1179 5632 1432 5686 esurienti
1474 5641 1760 5703 potumque
1792 5635 2024 5701 sitienti,

452 5711 722 5768 vestienda
757 5716 977 5782 nudum,
1007 5721 1341 5790 suscipiendo
1366 5726 1731 5794 peregrinum,
1775 5728 2014 5796 pacando

452 5800 752 5877 litigiosum,
786 5809 1044 5867 visitando
1071 5823 1347 5884 aegrotum,
1376 5817 1679 5887 sepeliendo
1725 5829 2011 5885 mortuum,

1701 370 1756 428 S.
1791 365 2153 426 AUGUSTINI
2191 366 2485 422 lil‘lSCOI‘I

3633 375 3763 437 I953

2181 479 2505 535 Consolando
2549 481 2850 551 lugentem?
2893 483 3078 555 Magna
3119 500 3300 552 opera,
3341 486 3500 557 plena
3549 471 3757 544 miscri—

2179 571 2394 634 cordize,
2416 571 2569 641 plena
2595 573 2766 627 laudis
2792 585 2846 629 ct
2868 577 3074 643 gratia}.
3101 577 3206 632 Sed
3239 593 3334 633 nec
3356 578 3468 648 ipsa
3489 578 3558 634 ibi
3581 591 3759 639 erunt:

2178 661 2300 732 quia
2329 677 2490 732 opera
2522 664 2900 720 misericordia:
2944 668 3236 723 necessitas
3281 668 3510 724 miseria:
3552 684 3760 739 oompa~

2179 753 2334 806 ravit.
2363 753 2530 822 Quem
2559 756 2750 824 pascis,
2782 757 2870 812 ubi
2903 773 3058 812 nemo
3086 760 3290 814 esurit?
3313 759 3406 814 Cui
3437 769 3616 829 potum
3639 762 3758 829 das,

2180 841 2265 896 ubi
2293 857 2452 897 nemo
2481 845 2631 898 sitit?
2661 847 2741 899 An
2772 847 3056 905 vcstiturns
3101 863 3166 904 es
3207 847 3426 915 nudum,
3454 849 3542 904 ubi
3571 867 3762 906 omnes

2177 931 2288 1002 ipsa
2333 933 2726 990 immortalitate
2766 936 2941 990 vestiti
2985 938 3146 991 sunt?
3186 938 3392 993 Audisti
3440 939 3596 1009 paulo
3635 951 3764 1008 ante

2178 1026 2381 1103 tunicas
2408 1037 2734 1095 sanctorum,
2762 1029 3011 1099 loquente
3043 1033 3316 1102 Apostolo,
3345 1033 3552 1102 Oportet
3582 1050 3761 1088 corru-

2176 1115 2348 1186 ptibile
2367 1117 2460 1172 ltoc
2481 1118 2686 1173 induere
2729 1120 3177 1191 incorruptionmu.
3210 1123 3306 1180 Ubi
3336 1124 3555 1180 induere
3580 1136 3760 1191 sonat,

2177 1207 2540 1264 indumentum
2571 1210 2786 1266 indicat.
2816 1213 2927 1269 lloe
2970 1214 3335 1271 indumentum
3367 1218 3536 1272 Adam
3579 1218 3761 1289 perdis

2176 1297 2272 1364 dit,
2317 1308 2374 1358 ut
2416 1301 2581 1370 pelles
2617 1304 2900 1370 acciperet.
2929 1305 3008 1360 An
3041 1309 3376 1378 peregrinum
3413 1319 3763 1380 suscepturus

2174 1404 2255 1457 es,
2289 1390 2376 1444 ubi
2402 1407 2588 1447 omnes
2619 1394 2669 1446 in
2707 1397 2875 1463 patria
2919 1413 3012 1451 sua
3044 1399 3266 1453 vivunt?
3293 1399 3547 1471 Egrotos
3576 1401 3760 1455 visita-

2174 1481 2277 1546 bis,
2309 1482 2397 1536 ubi
2436 1499 2623 1540 omnes
2660 1487 2848 1542 eadem
2879 1489 3296 1560 incorruptionis
3331 1492 3582 1550 firmitate
3606 1496 3756 1565 vige-

2174 1573 2346 1630 bunt?
2369 1574 2630 1631 Mortuum
2670 1579 2994 1650 sepulturus,
3024 1582 3112 1637 ubi
3137 1597 3349 1654 semper
3375 1586 3590 1640 vivunt?
3622 1587 3757 1640 Liti-

2172 1672 2358 1733 gantcs
2386 1667 2827 1735 concordaturus,
2857 1670 2944 1724 ubi
2975 1672 3154 1726 omnia
3193 1672 3245 1727 in
3276 1689 3406 1745 pace
3431 1675 3594 1730 sunt?
3631 1675 3756 1731 Tri-

2172 1763 2283 1810 stes
2307 1759 2698 1824 consolaturus,
2728 1760 2816 1815 ubi
2843 1777 3030 1818 omnes
3052 1764 3104 1818 in
3131 1774 3387 1821 teternum
3415 1767 3760 1838 gaudebunt?

2170 1846 2304 1914 Quia
2333 1863 2461 1918 ergo
2500 1851 2784 1907 cessabunt
2823 1853 2984 1909 simul
3027 1855 3278 1924 miseria},
3307 1858 3596 1914 cessabunt
3639 1859 3757 1915 lucc

2169 1951 2331 2007 opera
2359 1939 2761 2005 misericordiae.

2237 2029 2465 2086 CAPUT
2505 2033 2740 2089 XXVIII.
2761 2065 2832 2076 —
2847 2037 2936 2093 29.
2965 2038 3091 2106 Qua:
3110 2041 3203 2098 erit
3225 2042 3481 2097 beatorum
3497 2044 3628 2098 actio
3643 2054 3760 2115 post

2167 2123 2601 2179 resurrectionem.
2627 2125 2857 2181 Amenct
2890 2128 3110 2185 Alleluia
3147 2134 3239 2186 erit
3277 2142 3382 2187 tota
3414 2136 3546 2189 actio
3581 2147 3757 2192 nostra

2166 2211 2276 2266 sine
2295 2213 2464 2267 taedio.
2484 2214 2621 2282 Quid
2648 2231 2776 2287 ergo
2827 2219 2898 2274 ibi
2919 2223 3143 2291 agetur?
3179 2223 3367 2280 Nonne
3390 2225 3500 2296 jam
3521 2226 3652 2296 dixi,
3682 2228 3759 2281 fa-

2167 2302 2322 2358 cilius
2351 2319 2437 2359 me
2461 2304 2641 2361 dicere
2673 2308 2797 2378 quid
2823 2310 2892 2366 ibi
2923 2327 3030 2366 non
3049 2313 3170 2382 erit,
3193 2330 3351 2385 quam
3373 2316 3498 2386 quid
3521 2317 3593 2372 ibi
3612 2319 3756 2373 erit?

2167 2393 2302 2450 Illud
2328 2397 2460 2463 scio,
2487 2397 2696 2466 fratres,
2724 2401 2864 2472 quod
2903 2417 3009 2458 non
3063 2419 3248 2462 sumus
3284 2407 3619 2464 dormitaturi
3654 2427 3752 2465 va-

2167 2486 2358 2553 cando,
2386 2487 2508 2558 quia
2530 2497 2584 2545 et
2611 2491 2724 2562 ipse
2748 2507 2967 2550 somnus
2993 2495 3290 2552 subsidium
3311 2498 3627 2556 defectionis
3649 2501 3774 2556 da--

2168 2572 2254 2633 tus
2283 2587 2367 2634 est
2405 2581 2615 2636 animm.
2646 2582 2851 2656 Quippe
2879 2586 3229 2644 intentionem
3260 2603 3568 2660 perpetuam
3598 2609 3752 2649 mor~

2167 2669 2296 2727 tales
2352 2686 2541 2728 sensus
2590 2675 2878 2745 agitantem
2913 2692 3017 2734 non
3069 2678 3238 2736 ferret
3286 2681 3472 2753 fragile
3518 2698 3748 2753 corpus,

2165 2761 2267 2816 nisi
2304 2765 2548 2820 sensibus
2585 2768 2875 2836 consopitis
2911 2769 2977 2824 ad
3006 2770 3249 2826 eamdem
3286 2775 3627 2843 agitationem
3665 2776 3749 2831 fe-

2163 2853 2385 2909 rendam
2409 2867 2745 2928 repararetur
2769 2859 2881 2929 ipsa
2906 2860 3198 2932 fragilitas;
3225 2873 3278 2919 et
3298 2866 3750 2936 quemadmodum

2163 2959 2228 3000 ex
2256 2955 2428 3000 morte
2466 2947 2736 3004 innovatio
2760 2940 3063 3018 futura'est,
3096 2955 3174 3010 sic
3201 2970 3340 3012 nunc
3365 2971 3429 3012 ex
3459 2973 3649 3013 somno
3670 2960 3753 3013 vi.

2161 3032 2345 3103 gilatio
2367 3034 2538 3091 fieret.
2574 3036 2649 3096 Ibi
2693 3054 2822 3110 ergo
2871 3057 2976 3099 non
3022 3044 3143 3099 erit.
3191 3045 3296 3101 Ubi
3337 3047 3477 3102 enim
3521 3063 3626 3103 non
3662 3060 3753 3106 est

2158 3141 2323 3195 mors,
2343 3144 2443 3183 nec
2464 3129 2634 3202 imago
2661 3133 2848 3188 mortis
2862 3135 2984 3190 erit.
3007 3135 3116 3192 Nec
3154 3145 3332 3194 tamen
3353 3140 3597 3211 cuiquam
3618 3141 3752 3196 sub~

2157 3228 2308 3287 repat
2371 3219 2533 3275 timor
2571 3221 2849 3278 tzediorum
2878 3267 2892 3290 ,
2923 3241 3042 3280 cum
3077 3228 3128 3283 ei
3155 3227 3346 3284 dicitur
3369 3230 3508 3300 quod
3532 3245 3752 3301 semper

2159 3309 2416 3379 vigilabit,
2444 3322 2498 3366 et
2531 3328 2634 3367 non
2663 3325 2785 3385 aget
2803 3316 3025 3387 aliquid.
3058 3319 3282 3376 Possum
3308 3321 3509 3389 dicere,
3530 3326 3586 3378 et
3604 3338 3747 3394 quo-

2157 3401 2318 3456 modo
2343 3403 2556 3473 quidem
2589 3405 2820 3462 futurum
2863 3409 2955 3477 sit,
2981 3425 3089 3466 non
3127 3425 3342 3480 possum
3385 3413 3584 3480 dicere,
3617 3416 3754 3484 quia

2159 3507 2260 3547 nec
2279 3493 2457 3549 videre
2485 3495 2659 3551 adhuc
2688 3512 2906 3568 possum
2931 3517 2945 3553 :
2971 3508 3146 3558 tamen
3174 3503 3373 3573 aliquid
3414 3520 3518 3560 non
3565 3506 3748 3576 impu-i

2154 3583 2344 3638 denter
2379 3584 2520 3652 dico,
2560 3587 2684 3657 quia
2726 3588 2794 3644 de
2833 3587 3120 3660 Scripturis
3161 3593 3302 3658 dico,
3352 3610 3472 3664 qua:
3511 3596 3582 3650 ibi
3637 3598 3752 3663 erit

2155 3675 2294 3730 actio
2319 3686 2520 3733 nostra.
2548 3678 2680 3733 Tota
2709 3682 2846 3739 actio
2873 3692 3076 3752 nostra,
3099 3687 3270 3740 Amen
3291 3696 3347 3743 et
3365 3689 3587 3744 Alleluia
3610 3692 3740 3745 erit.

2154 3763 2291 3832 Quid
2328 3765 2523 3835 dicitis,
2557 3768 2784 3829 fratres?
2853 3773 3019 3829 Video
3056 3776 3196 3846 quod
3234 3778 3427 3833 auditis
3471 3789 3522 3835 et
3565 3782 3744 3850 gavisi

2153 3855 2304 3909 estis.
2328 3855 2432 3911 Sed
2460 3858 2620 3914 nolite
2639 3861 2827 3916 iterum
2850 3864 3049 3918 carnali
3071 3867 3388 3936 cogitatione
3407 3872 3748 3939 contristari,

2151 3947 2271 4014 quia
2294 3947 2336 4001 si
2369 3946 2506 4004 forte
2535 3950 2727 4033 aliquis
2762 3965 3000 4010 vestrum
3034 3961 3240 4014 steterit
3261 3969 3314 4015 et
3335 3961 3530 4018 dixerit
3553 3966 3738 4033 quoti-

2149 4036 2254 4106 die,
2286 4040 2454 4095 Amen
2483 4049 2537 4096 et
2564 4032 2809 4112 Alleluia,
2866 4048 3024 4104 taedio
3051 4064 3364 4120 marcescet,
3408 4062 3462 4111 et
3508 4032 3740 4126 iniipsis

2147 4130 2366 4185 vocibus
2393 4131 2718 4200 dormitabit,
2751 4146 2804 4191 et
2831 4146 3007 4194 tacere
3035 4139 3146 4209 jam
3178 4143 3344 4199 volet:
3373 4153 3427 4199 et
3451 4156 3737 4216 propterea

2150 4230 2301 4290 putet
2327 4222 2425 4278 sibi
2453 4238 2572 4278 esse
2599 4229 2989 4296 aspcrnabilcm
3016 4232 3200 4298 vitam,
3231 4242 3285 4288 ct
3323 4251 3427 4290 non
3455 4237 3734 4292 desidera-

2145 4311 2329 4380 bilem,
2351 4313 2590 4372 dieentes
2617 4319 3008 4392 vobismctipsis
3033 4339 3046 4378 :
3067 4329 3234 4380 Amen
3265 4336 3318 4381 et
3343 4329 3568 4384 Alleluia
3589 4346 3738 4386 sem-

2146 4419 2242 4473 per
2268 4405 2458 4461 dicturi
2489 4422 2691 4474 sumus,
2725 4411 2843 4480 quis
2873 4412 3124 4470 durabit?
3155 4416 3336 4472 Dicam
3377 4435 3523 4490 ergo,
3555 4421 3599 4476 si
3631 4438 3734 4490 po-

2145 4503 2277 4561 tero,
2297 4507 2548 4566 quantum
2570 4509 2775 4568 potero.
2789 4501 2903 4556 Non
2922 4505 3066 4562 sonis
3081 4509 3474 4564 transeuntibus
3491 4510 3736 4567 dicemus

2141 4589 2310 4643 Amen
2333 4597 2386 4644 ct
2411 4589 2655 4657 Alleluia,
2683 4592 2778 4648 sed
2823 4593 3013 4651 affectu
3060 4597 3243 4652 animi.
3276 4599 3414 4667 Quid
3463 4610 3546 4656 est
3583 4603 3732 4657 enim

2142 4680 2348 4735 Amen?
2377 4680 2502 4754 quid
2550 4682 2816 4738 Alleluia?
2858 4687 3049 4751 Amen,
3091 4697 3173 4742 est
3220 4704 3404 4744 verum
3436 4707 3448 4742 :
3475 4691 3730 4758 Alleluia,

2141 4773 2352 4828 laudate
2382 4774 2571 4828 Deum.
2603 4775 2734 4845 Quia
2765 4791 2892 4846 ergo
2918 4777 3060 4833 Deus
3091 4781 3286 4835 veritas
3313 4790 3393 4835 est
3423 4782 3730 4838 incommu-

2144 4863 2339 4930 tabilis,
2370 4864 2487 4919 sine
2515 4864 2749 4930 defectu,
2778 4868 2893 4922 sine
2921 4877 3197 4938 provectu,
3228 4871 3346 4925 sine
3381 4871 3727 4940 detrimento,

2138 4955 2252 5009 sine
2275 4964 2578 5026 augmento,
2611 4957 2725 5011 sine
2751 4957 2976 5028 alicujus
3000 4959 3246 5016 falsitatis
3265 4962 3604 5018 inclinatione
3624 4965 3726 5034 (a),

2138 5058 2411 5118 perpetua,
2447 5056 2504 5103 et
2543 5049 2768 5116 stabilis,
2797 5059 2851 5104 et
2897 5067 3112 5122 semper
3152 5053 3570 5124 incorruptibilis
3607 5072 3726 5110 ma-

2139 5156 2304 5206 nens;
2339 5140 2454 5195 lucc
2493 5151 2670 5196 autem
2713 5158 2833 5211 quae
2873 5144 3080 5214 agimus
3108 5145 3159 5198 in
3186 5157 3429 5202 creatura
3455 5156 3509 5203 ct
3537 5149 3588 5203 in
3623 5149 3726 5208 ista

2137 5233 2263 5303 vita,
2297 5234 2438 5288 velut
2468 5233 2646 5304 figurae
2685 5245 2808 5289 sunt
2830 5251 3006 5294 rerum
3031 5252 3127 5308 per
3156 5239 3578 5309 significationes
3599 5257 3725 5297 cor-

2137 5341 2352 5396 porum,
2383 5335 2438 5380 et
2463 5324 2707 5395 qurcdam
2740 5327 2792 5381 in
2820 5329 3012 5398 quibus
3037 5329 3372 5389 ambulamus
3403 5349 3497 5404 per
3526 5335 3685 5390 fidem
3709 5355 3720 5388 :

2135 5432 2258 5476 cum
2287 5417 2575 5473 vidc‘rimus
2614 5417 2748 5474 facie
2797 5419 2863 5474 ad
2906 5421 3092 5478 faciem
3132 5424 3270 5492 quod
3310 5441 3449 5480 nunc
3477 5426 3732 5484 videmus.

2137 5524 2230 5577 per
2278 5509 2554 5578 speculum
2602 5510 2654 5563 in
2703 5510 2984 5581 :cnigmate
3023 5512 3080 5583 (I
3110 5511 3228 5568 Cor.
3278 5530 3390 5582 xm,
3438 5515 3552 5585 l2),
3588 5526 3720 5570 tunc

2135 5595 2289 5667 longe
2335 5595 2441 5651 alio
2484 5605 2537 5651 et
2581 5596 2922 5653 inell‘abilitcr
2963 5599 3071 5655 alio
3103 5600 3294 5655 affectu
3321 5602 3581 5670 dicemus,
3617 5604 3718 5660 γε.

2195 5709 2268 5781 (α)
2287 5707 2454 5781 .\t_elius
2467 5723 2575 5781 cum
2592 5711 2757 5767 Morel,
2774 5711 2839 5760 El.
2857 5720 2989 5781 Crit...
3014 5727 3061 5774 p.
3086 5713 3194 5781 516,
3223 5714 3556 5781 inquinationc,
3579 5719 3716 5781 quod

2135 5770 2414 5840 vocabulum
2445 5785 2518 5834 ap]
2538 5774 2678 5844 rium
2704 5775 2968 5846 respondet
3002 5770 3314 5846 ἱραί-ψέγητἰὶ
3342 5770 3735 5836 enumeratiou'ts

2136 5834 2352 5895 proxime
2375 5837 2641 5898 sequentis,
2670 5835 2712 5883 id
2742 5844 2834 5897 est,
2859 5834 3244 5899 tm‘orruplibilis.
3319 5847 3369 5888 Μ.
