4080 6360
319 346 344 400 1
357 335 464 400 533

315 458 442 513 rum
461 465 571 522 est;
603 460 658 511 et
685 469 809 510 cum
832 454 933 509 hoc
957 454 1215 520 dicemus,
1243 454 1411 508 Amen
1436 452 1616 524 utique
1641 451 1902 520 dicemus,

314 550 415 604 sed
443 542 730 604 insatiabili
751 548 1015 604 satietate.
1035 547 1168 615 Quia
1191 546 1334 601 enim
1361 560 1466 600 non
1493 544 1668 601 deerit
1686 545 1906 616 aliquid,

315 640 445 695 ideo
487 639 708 694 satietas
752 657 766 692 :
800 637 924 707 quia
953 652 1081 692 vero
1112 635 1242 691 illud
1267 633 1409 705 quod
1441 649 1546 690 non
1573 635 1744 692 deerit
1768 650 1912 690 sem-

315 745 417 802 per
438 731 746 796 delectabit,
778 729 901 785 ideo
921 728 1187 800 quaedam,
1210 727 1253 782 si
1282 727 1384 783 dici
1412 735 1606 797 potest,
1636 726 1910 782 insatiabi-

317 827 387 879 lis
416 825 638 879 satietas
668 823 789 876 erit.
831 821 1001 890 Quam
1045 835 1173 890 ergo
1219 819 1591 874 insatiabiliter
1633 818 1910 873 satiaberis

314 917 565 981 veritate,
615 921 725 968 tam
767 911 1060 967 insatiabili
1097 911 1322 966 veritate
1359 910 1541 977 dices,
1572 909 1764 964 Amen.
1792 909 1909 963 Jam

315 1007 479 1076 Quale
512 1013 596 1061 est
635 1004 757 1074 quis
797 1011 976 1074 potest
1019 1001 1219 1069 dicere,
1247 1001 1385 1072 quod
1421 1000 1600 1055 oculus
1635 1016 1734 1054 non
1765 1001 1906 1066 vidit,

313 1115 410 1152 nec
429 1098 575 1167 auris
591 1097 804 1161 audivit,
820 1112 909 1150 nec
927 1096 980 1150 in
993 1111 1080 1150 cor
1090 1095 1306 1150 hominis
1317 1093 1541 1148 ascendit
1562 1094 1600 1165 (l
1616 1093 1732 1148 Cor.
1750 1109 1806 1160 ιι,
1826 1093 1910 1162 9)?

313 1189 454 1255 Quia
478 1188 662 1258 itaque
700 1187 817 1241 sine
855 1186 1035 1256 aliquo
1062 1184 1272 1240 fastidio
1302 1195 1356 1240 et
1382 1199 1503 1239 cum
1533 1193 1785 1254 perpetua
1809 1183 1908 1239 dc-

313 1281 611 1336 tectatione
635 1279 933 1335 videbimus
959 1293 1147 1334 verum
1166 1319 1181 1345 ,
1211 1285 1266 1332 et
1305 1277 1606 1332 certissima
1644 1275 1908 1330 evidentia

314 1371 716 1437 contuebimur,
745 1385 930 1426 amore
953 1369 1119 1440 ipsius
1143 1369 1382 1424 veritatis
1409 1367 1617 1422 accensi
1647 1375 1700 1423 et
1736 1367 1909 1422 inluc-

315 1472 505 1518 rentcs
535 1462 588 1518 ei
607 1461 750 1517 dulci
776 1470 831 1516 et
857 1469 1007 1516 casto
1036 1460 1286 1530 amplexu
1321 1459 1617 1529 eodemque
1659 1459 1908 1529 incorpo-

312 1568 432 1618 reo,
459 1554 552 1609 tali
595 1555 757 1610 etiam
799 1569 931 1610 voce
979 1553 1314 1608 laudabimus
1364 1568 1530 1617 cum,_
1556 1561 1610 1607 et
1646 1551 1906 1618 dicemus,

310 1645 566 1702 Alleluia.
615 1645 1158 1701 Exsultantes‘onim
1203 1659 1262 1700 se
1318 1643 1386 1700 ad
1430 1645 1652 1716 parilem
1701 1643 1908 1698 laudem

311 1740 725 1811 ﬂagrantissima
739 1740 997 1796 cbaritate
1015 1739 1239 1794 invicem
1255 1747 1310 1794 et
1336 1739 1388 1792 in
1413 1735 1603 1803 Dettm,
1623 1750 1809 1792 omnes
1835 1736 1910 1790 ci-

314 1845 406 1889 ves
424 1833 569 1889 illius
588 1835 822 1889 civitatis
845 1832 1045 1896 dicent,
1072 1831 1296 1887 Alleluia
1317 1848 1331 1898 ;
1351 1830 1470 1901 quia
1490 1830 1690 1895 dicent,
1715 1832 1904 1883 Amen.

382 1925 615 1982 CAPUT
631 1921 822 1980 XXIX.
839 1955 909 1965 ——
926 1920 1014 1980 50.
1038 1923 1249 1994 Requies
1265 1932 1309 1978 et
1322 1922 1570 1978 recubitus
1584 1923 1837 1976 beatorum
1858 1921 1909 1974 in

313 2019 741 2089 contemplatione
769 2033 829 2070 ac
869 2016 1020 2071 laude
1047 2015 1287 2070 veritatis.
1311 2013 1437 2070 Haec
1464 2015 1621 2085 igitur
1648 2013 1754 2068 vita
1783 2027 1908 2067 san-

310 2119 521 2169 ctorum
541 2113 700 2168 etiam
726 2125 950 2182 corpora
981 2125 1165 2164 eorum
1213 2117 1535 2164 commutata
1563 2107 1613 2161 in
1635 2106 1908 2162 catlestcm

311 2215 367 2260 et
390 2205 693 2276 angelicum
719 2211 915 2259 statum
943 2204 1020 2257 sic
1060 2201 1320 2272 implebit,
1352 2210 1511 2270 atque
1539 2199 1910 2253 immortaliter

309 2296 602 2368 v’egetabit,
653 2304 709 2349 ut
754 2294 822 2349 ab
868 2293 954 2347 illa
1002 2293 1306 2347 beatissima
1353 2289 1806 2359 contemplatione
1855 2297 1908 2342 et

315 2390 480 2444 laude
523 2387 786 2454 veritatis,
825 2387 967 2441 nulla
1019 2386 1289 2454 corruptio
1335 2381 1667 2438 necessitatis
1705 2388 1910 2435 avertat

310 2485 403 2534 aut
424 2487 637 2534 avocet.
680 2478 755 2532 Ita
802 2477 904 2531 illis
937 2477 1086 2530 cibus
1132 2477 1234 2530 erit
1276 2474 1391 2544 ipsa
1421 2472 1787 2541 veritaszipsa
1813 2483 1909 2524 au-

315 2581 425 2627 t‘em
464 2572 684 2642 requies
723 2579 972 2639 tanquam
1019 2566 1306 2622 recubitus.
1335 2563 1484 2634 Quod
1517 2564 1660 2619 enim
1705 2562 1906 2617 dictum

313 2668 417 2730 e‘st,
440 2663 567 2733 quia
596 2661 968 2717 recumbentcs
996 2658 1370 2729 epulabantur,
1403 2657 1540 2714 sicut
1567 2655 1695 2710 dicit
1724 2653 1906 2709 Domi-

312 2760 436 2819 nus,
463 2753 597 2820 Quia
625 2751 768 2805 multi
808 2753 998 2804 venient
1043 2751 1107 2802 ab
1145 2748 1332 2802 oriente
1370 2755 1415 2802 et
1451 2745 1726 2811 occidente,
1754 2753 1800 2798 et
1821 2759 1905 2797 re—

312 2845 545 2899 cumbent
572 2860 687 2896 cum
708 2841 964 2896 Abraham
991 2849 1037 2895 et
1065 2839 1214 2892 Isaac
1244 2843 1290 2892 et
1332 2837 1493 2891 Jacob
1523 2837 1576 2890 in
1609 2852 1762 2907 regno
1801 2833 1908 2889 Pa-

313 2938 405 2990 tris
431 2936 528 2989 mei
565 2934 778 3006 (Matth.
806 2949 918 2996 \‘lll,
945 2933 1031 3003 ll)
1059 2948 1072 2984 :
1097 2930 1200 2985 hoc
1239 2928 1590 3000 signiﬁcatum
1630 2935 1732 2991 est,
1768 2939 1907 2995 quo-

313 3027 457 3081 niam
507 3039 698 3096 magna
742 3022 929 3094 requie
975 3030 1257 3092 pascentur
1297 3019 1418 3075 cibo
1466 3016 1725 3074 veritatis.
1763 3015 1907 3071 Talis

312 3121 458 3174 enim
493 3119 647 3174 cibus
689 3117 879 3183 reﬁcit,
902 3125 956 3170 et
994 3131 1100 3170 non
1147 3113 1356 3180 deﬁcit;
1385 3111 1571 3182 implet
1607 3118 1662 3166 et
1700 3110 1905 3179 integer

311 3223 398 3267 est
421 3231 436 3266 :
461 3222 518 3267 tu
545 3208 954 3273 consummat-is,
984 3209 1096 3277 ipse
1132 3222 1238 3262 non
1266 3205 1617 3261 consumitur.
1649 3203 1793 3259 Talis
1821 3210 1906 3258 est

313 3305 406 3360 ille
430 3303 606 3371 cibus,
639 3317 744 3357 non
767 3301 941 3372 qualis
968 3301 1085 3363 iste,
1112 3298 1201 3370 qui
1227 3296 1408 3353 deﬁcit
1434 3305 1493 3351 ut
1517 3295 1741 3359 reﬁciat,
1765 3303 1818 3350 et
1839 3307 1908 3348 ne

311 3397 479 3450 vitam
524 3394 674 3448 ﬁniat
713 3393 803 3463 qui
842 3407 963 3448 eum
1011 3390 1224 3460 aeciplt,
1249 3389 1364 3460 ipse
1388 3388 1587 3443 linitur.
1618 3385 1907 3442 Recubitus

309 3500 444 3554 ergo
465 3485 574 3551 ille,
598 3485 922 3554 sempiterna
948 3481 1159 3551 requies
1187 3481 1290 3536 erit
1311 3487 1326 3532 ἑ
1351 3479 1519 3550 epulae
1548 3478 1676 3544 illa),
1712 3478 1908 3532 veritas

312 3576 765 3633 incommutabilis
790 3575 894 3631 erit
929 3590 943 3627 :
987 3574 1219 3644 epulatio
1263 3573 1368 3639 illa,
1401 3571 1508 3626 vita
1550 3578 1748 3625 acterna
1784 3569 1905 3634 erit,

316 3671 368 3723 id
399 3677 502 3735 est,
527 3671 644 3740 ipsa
671 3667 924 3739 cognitio.
953 3666 1084 3734 Quia
1109 3666 1215 3720 lucc
1236 3674 1328 3730 est,
1353 3663 1541 3732 inquit,
1570 3663 1671 3716 vita
1694 3671 1902 3728 aeterna,

314 3773 371 3814 ut
398 3770 704 3834 cognoscant
725 3771 771 3815 te
794 3761 960 3817 solum
982 3775 1150 3813 verum
1175 3758 1360 3825 Deum,
1384 3767 1431 3811 et
1451 3771 1598 3828 quem
1617 3754 1799 3810 misisti
1817 3753 1911 3810 Je-

316 3867 434 3908 sum
463 3855 720 3908 Christum
751 3851 929 3925 (Joan.
960 3862 1088 3915 xvtt,
1121 3851 1197 3922 '5).

387 3944 616 4000 CAPUT
653 3943 823 3998 XXX.
849 3973 922 3984 —
946 3932 1035 4010 3|,
1075 3941 1191 3995 Vita
1233 3939 1590 3995 delectabiliter
1627 3953 1912 4008 summeque

317 4037 606 4091 vacantium
653 4037 706 4090 in
745 4036 934 4089 visione
983 4031 1098 4087 Dei.
1161 4030 1394 4086 Precatio
1445 4039 1554 4098 post
1598 4028 1908 4083 concienem.

317 4131 452 4186 Nam
468 4130 590 4201 quia
605 4129 692 4184 illa
710 4129 815 4183 vita
833 4128 883 4182 in
901 4123 1350 4196 contemplatione
1367 4123 1603 4179 veritatis
1619 4130 1723 4177 non
1738 4121 1910 4176 solum

320 4221 680 4288 ineﬂ'abilitcr,
707 4219 800 4274 sed
812 4219 934 4290 quia
946 4228 998 4273 et
1011 4214 1394 4273 delectabiliter
1405 4212 1754 4284 permanebit,
1768 4212 1907 4266 mul-

320 4313 388 4368 tis
417 4314 548 4368 locis
574 4313 846 4382 Scriptura
883 4319 1123 4374 testatur,
1153 4323 1271 4379 qua:
1299 4306 1474 4362 omnia
1491 4307 1911 4360 Commemorare'

321 4418 429 4460 non
460 4419 762 4476 possumus.
784 4399 910 4458 Inde
933 4407 1018 4457 est
1047 4399 1175 4455 illud
1200 4418 1213 4453 :-
1240 4398 1336 4466 Qui
1357 4396 1522 4469 diligit
1546 4411 1643 4460 me,
1671 4394 1912 4449 mandata

321 4513 434 4550 mea
454 4495 672 4550 custodit
691 4510 710 4559 ;
733 4504 779 4550 et
800 4511 890 4565 ego
911 4493 1118 4564 diligam
1139 4501 1272 4558 eum;
1298 4501 1344 4546 et
1366 4489 1625 4544 Ostendam
1646 4497 1725 4542 me
1742 4489 1911 4558 ipsum

322 4589 400 4643 illi
432 4587 612 4660 (Joan.
646 4603 756 4656 xw,
781 4581 896 4658 21).
927 4585 1200 4655 Tanquam
1231 4584 1372 4639 enim
1401 4581 1602 4636 fructus
1627 4589 1680 4636 et
1704 4593 1911 4635 merces

323 4683 390 4736 ab
416 4695 484 4735 eo
507 4688 860 4750 qttmrcrctur,
887 4678 1008 4749 quia
1050 4675 1296 4731 mandata
1335 4674 1449 4745 ejus
1488 4671 1896 4729 custodiuntur:

325 4771 624 4839 Ostendam,
657 4772 847 4841 inquit,
880 4788 958 4824 me
981 4769 1145 4840 ipsum
1164 4769 1239 4823 illi
1258 4786 1276 4833 ;
1310 4765 1597 4838 perlectam
1623 4764 1910 4821 beatitudi-

323 4880 447 4918 nem
494 4878 722 4934 ponens,
753 4872 811 4916 ut
852 4869 1203 4931 cognoscatur
1249 4859 1403 4914 sicuti
1448 4866 1550 4913 est.
1582 4855 1711 4912 Inde
1738 4860 1821 4912 est
1859 4864 1909 4912 ct

324 4953 491 5009 illud:
521 4953 865 5019 Dilectissimi,
897 4951 993 5022 ﬁlii
1030 4951 1125 5006 Dei
1165 4967 1358 5017 sumus,
1389 4949 1477 5003 sed
1501 4947 1726 5002 nondum
1751 4963 1910 5018 appa-

321 5047 424 5099 ruit
444 5046 567 5114 quid
591 5045 797 5099 erimus.
834 5044 1037 5099 Scimus
1075 5044 1194 5112 quia
1237 5057 1350 5095 cum
1378 5040 1694 5111 apparuerit,
1723 5038 1912 5093 similes

321 5138 369 5191 ei
389 5138 614 5200 erimus;
641 5137 758 5207 quia
782 5135 1060 5191 videbimus
1079 5149 1192 5188 eum
1213 5133 1361 5187 sicuti
1381 5143 1451 5187 est
1474 5132 1514 5204 (l
1537 5131 1692 5186 Joan.
1725 5147 1802 5194 tu,
1830 5129 1910 5202 2).

325 5230 454 5285 Ideo
499 5239 554 5285 ct
589 5229 875 5300 Apostolus
920 5228 1135 5290 Paulus,
1167 5225 1333 5292 Tunc,
1358 5225 1546 5295 inquit,
1573 5225 1703 5296 facie
1735 5224 1804 5278 ad
1835 5228 1916 5296 fa-

326 5321 458 5377 ciem
491 5320 532 5392 (l
558 5320 676 5376 Cor.
706 5336 820 5386 xm,
858 5320 944 5389 l9.)
979 5335 992 5372 :
1024 5319 1149 5389 quia
1179 5318 1337 5373 etiam
1388 5316 1521 5372 dixit
1545 5316 1649 5372 alio
1680 5317 1815 5381 loco,
1847 5315 1915 5370 In

326 5412 558 5466 eamdem
585 5411 859 5482 imaginem
888 5410 1311 5480 transformamur
1343 5425 1375 5462 a
1413 5407 1576 5480 gloria
1605 5407 1655 5461 in
1677 5407 1912 5478 gloriam,

324 5512 566 5569 tanquam
595 5519 626 5555 a
653 5501 861 5555 Domini
889 5501 1087 5572 Spiritu
1111 5501 1177 5571 (ll
1206 5501 1322 5556 Cor.
1352 5517 1430 5564 ιιι,
1454 5499 1561 5571 18).
1595 5499 1662 5554 Ει
1690 5498 1740 5553 in
1770 5498 1918 5553 Psal-

325 5594 428 5649 mis
448 5594 598 5660 dicit,
615 5590 819 5659 Vacate,
843 5602 889 5648 et
909 5593 1071 5649 videte
1089 5593 1206 5664 quia
1229 5609 1319 5662 ego
1339 5607 1448 5645 sum
1472 5589 1720 5644 Dominus
1741 5587 1914 5660 (Psal.

330 5701 454 5748 xm,
481 5682 594 5755 tl).
618 5684 765 5739 Tunc
783 5700 908 5755 ergo
929 5685 1131 5756 optimc
1155 5683 1442 5751 videbitur,
1472 5680 1684 5754 quando
1708 5695 1917 5738 summe

395 5798 410 5824 ι
448 5799 607 5856 forte,
630 5800 945 5846 exhortantes.

1698 338 1922 396 SERMO
1962 336 2269 395 CCCLXlll.

2023 454 2308 509 vocabitur.
2341 447 2560 522 Quando
2590 467 2764 512 autem
2792 469 3001 516 summe
3028 461 3317 530 vacabitur,
3348 465 3448 522 nisi
3473 482 3596 524 cum

2020 548 2324 602 transierint
2354 555 2589 618 tempora
2622 549 2904 620 laboriosa,
2929 561 3168 630 tempora
3196 559 3596 627 necessitatum,

2017 636 2210 706 quibus
2253 636 2412 694 modo
2445 638 2684 695 obstricti
2727 657 2931 710 sumus,
2979 645 3231 714 quamdiu
3278 657 3421 703 terra
3459 651 3599 720 parit

2018 724 2221 782 homini
2242 728 2507 799 peccatori
2535 730 2712 799 spinas
2741 739 2796 787 et
2822 733 3066 802 tribulos,
3099 745 3156 790 ut
3181 738 3232 791 in
3261 739 3458 795 sudore
3477 741 3592 795 vul-

2019 826 2101 873 tus
2147 820 2228 874 sui
2273 819 2557 876 manducet
2594 837 2784 892 panem
2822 826 3018 879 suum?
3061 826 3415 899 Temporibus
3466 846 3596 902 ergo

2016 911 2216 964 terreni
2271 909 2500 967 hominis
2523 914 2668 968 omni
2691 929 2754 969 ex
2781 927 2931 987 parte
2962 921 3260 989 transactis,
3289 931 3344 977 et
3370 922 3457 980 die
3482 939 3597 980 coe-

2016 997 2164 1055 lcstls
2196 1000 2425 1058 hominis
2468 1004 2612 1058 omni
2655 1016 2720 1059 ex
2758 1001 2908 1076 parte
2935 1009 3185 1078 perfecto,
3211 1026 3420 1070 summe
3446 1016 3594 1072 vide-

2014 1089 2222 1159 bimus;
2251 1095 2371 1164 quia
2418 1110 2625 1152 summe
2669 1099 2994 1156 vacabimus‘.
3020 1101 3193 1158 Finita
3232 1107 3375 1162 enim
3408 1123 3596 1165 corru-

2014 1181 2195 1250 ptione
2233 1192 2288 1238 ct
2337 1185 2624 1257 indigentia
2667 1189 2720 1244 in
2761 1193 3153 1250 resurrectione
3196 1195 3452 1265 ﬁdelium,
3483 1215 3592 1257 non

2013 1273 2117 1328 crit
2155 1283 2374 1345 propter
2410 1279 2550 1347 quod
2591 1279 2880 1337 laboretur.
2917 1283 3077 1351 Quasi
3114 1286 3258 1342 enim
3303 1288 3590 1361 diceretur,

2015 1362 2328 1422 Recumbite
2347 1376 2401 1422 et
2430 1369 2776 1437 manducate;
2801 1372 2871 1427 ita
2892 1372 3090 1429 dictum
3111 1384 3212 1444 est,
3249 1371 3430 1434 Vacate
3456 1391 3500 1435 et
3520 1384 3596 1437 vi-

2013 1455 2140 1508 dcte.
2171 1455 2484 1512 Vacabimus
2514 1475 2639 1531 ergo
2660 1470 2713 1516 et
2727 1462 3022 1520 videbimus
3035 1466 3200 1521 Deum
3213 1467 3367 1524 sicuti
3383 1478 3499 1537 est;
3538 1482 3595 1529 et

2015 1547 2254 1606 videntes
2289 1550 2623 1610 laudabimus
2652 1555 2843 1611 Deum.
2874 1559 2942 1612 Et
2971 1558 3086 1614 lucc
3119 1561 3222 1616 erit
3243 1563 3349 1618 vita
3377 1574 3594 1622 sancto-

2013 1653 2153 1706 rum,
2184 1639 2299 1696 hazc
2323 1644 2463 1698 actio
2485 1641 2806 1714 quietorum,
2835 1649 2957 1720 quia
2985 1651 3100 1708 sine
3125 1652 3332 1709 delectu
3355 1655 3593 1714 laudabi-

2015 1744 2152 1785 mus.
2180 1730 2297 1788 Non
2323 1749 2428 1789 uno
2451 1735 2538 1791 die
2563 1737 2933 1796 laudabimus:
2958 1743 3052 1798 sed
3081 1743 3217 1800 sicut
3239 1745 3353 1802 dies
3373 1747 3464 1804 ille
3483 1764 3594 1805 non

2015 1819 2177 1877 habet
2207 1825 2488 1881 terminum
2515 1830 2786 1899 temporis,
2820 1831 2890 1885 ita
2912 1832 3027 1887 laus
3043 1844 3222 1889 nostra
3247 1852 3352 1892 non
3378 1837 3595 1894 habebit

2016 1914 2297 1970 terminum
2327 1919 2671 1986 cessationis;
2695 1930 2748 1976 et
2787 1921 2904 1977 idco
2948 1923 2999 1977 in
3043 1925 3238 1981 saecula
3274 1928 3594 1984 saeculorum

2015 2004 2364 2065 laudabimus.
2410 2009 2548 2064 Audi
2594 2013 2754 2067 etiam
2795 2013 2897 2069 hoc
2948 2015 3277 2087 Scripturam
3323 2019 3592 2077 dicentem

2015 2096 2144 2162 Deo,
2180 2099 2324 2168 quod
2362 2116 2460 2156 nos
2489 2101 2858 2161 desideramus
2895 2123 2908 2159 :
2949 2099 3095 2162 Beati
3136 2109 3226 2180 qui
3263 2109 3489 2165 habitant
3537 2110 3593 2167 in

2012 2186 2161 2241 domo
2198 2196 2320 2254 tua;
2360 2191 2415 2243 in
2453 2192 2639 2245 stacqu
2687 2195 2986 2249 swculorum
3016 2197 3296 2252 laudabunt
3341 2207 3388 2254 te
3415 2199 3590 2271 (Psal.

2013 2296 2228 2346 LXXXIII,
2259 2281 2334 2352 5).
2359 2281 2612 2338 Conversi
2631 2284 2694 2338 ad
2717 2285 3018 2353 Dominum,
3047 2287 3218 2358 ipsum
3243 2290 3594 2362 deprecemur

2012 2386 2108 2440 pro
2134 2372 2286 2428 nobis
2315 2381 2368 2428 et
2399 2389 2493 2444 pro
2523 2375 2666 2439 omni
2696 2375 2850 2445 plebe
2879 2391 2974 2432 sua
3000 2387 3208 2436 astante
3235 2380 3510 2438 nobiscum
3536 2382 3594 2439 in

2010 2461 2160 2516 atriis
2175 2461 2364 2518 domus
2379 2478 2492 2518 sua:
2511 2481 2524 2517 :
2544 2473 2701 2535 quam
2721 2466 2990 2522 custodire
3005 2477 3388 2542 protegereque
3408 2471 3594 2542 digne-5

2013 2561 2117 2618 tur;
2133 2569 2226 2623 per
2237 2553 2418 2610 Iesum
2431 2555 2700 2613 Christum
2718 2557 2881 2614 ﬁlium
2897 2559 3013 2630 ejus
3031 2561 3311 2618 Dominum
3327 2571 3590 2633 nostrum,

2010 2643 2100 2714 qui
2120 2659 2241 2702 cum
2260 2660 2327 2702 eo
2344 2647 2472 2702 vivit
2485 2657 2535 2704 et
2557 2655 2744 2719 regnat
2762 2648 2814 2704 in
2831 2651 3027 2706 saecula
3047 2651 3384 2712 saeculorum.
3397 2654 3590 2713 Ament

2431 2778 2659 2835 SEltMO
2694 2767 2984 2837 CCCLXlll
3012 2787 3030 2806 ·
3065 2783 3163 2856 (α).

2187 2888 2264 2943 De
2287 2891 2481 2944 cantico
2510 2891 2680 2947 Exodi
2711 2893 2812 2964 (b).
2852 2895 2979 2965 Cap.
3012 2912 3110 2963 xv,
3161 2899 3194 2967 ir
3220 2938 3233 2952 .
3262 2899 3411 2954 1-21.

2084 3021 2135 3077 1.
2188 3021 2258 3077 In
2312 3023 2594 3096 Scripturis
2636 3027 2822 3082 sanctis
2866 3030 3244 3086 considerandis
3282 3049 3374 3088 nos
3422 3038 3592 3106 regere

2010 3112 2153 3169 debet
2214 3118 2503 3171 earumdem
2565 3118 2976 3200 Scripturarum.
3011 3124 3304 3179 auctoritas.
3363 3123 3592 3183 Sensum

2011 3215 2270 3273 nostrum,
2321 3207 2514 3265 fratres
2560 3211 2889 3280 charissimi,
2948 3214 3003 3270 in
3049 3214 3339 3287 Scripturis
3392 3218 3593 3276 sanctis

2011 3298 2412 3355 considerandis
2461 3309 2622 3372 atque
2689 3304 2976 3360 tractandis
3042 3321 3229 3378 regere
3280 3307 3442 3364 debet
3499 3325 3592 3366 ea-

2011 3389 2252 3445 rumdem
2278 3390 2668 3462 Scripturarnm
2709 3394 3134 3452 manifestissima
3183 3399 3502 3467 auctoritas;
3534 3402 3594 3458 ut

2012 3493 2078 3538 ex
2104 3483 2182 3539 eis
2209 3498 2326 3554 qua:
2356 3493 2538 3555 aperte
2591 3485 2731 3540 dicta
2763 3495 2888 3542 sunt
2928 3487 2993 3542 ad
3032 3489 3340 3545 nutriendos
3381 3505 3499 3558 nos,
3530 3499 3594 3548 ca‘

2011 3590 2130 3645 quae
2155 3575 2435 3630 obscurius
2481 3576 2619 3631 dicta
2661 3585 2786 3632 sunt
2813 3577 2880 3632 ad
2930 3579 3259 3635 exercendos
3309 3596 3428 3648 nos,
3463 3581 3594 3638 ﬁde-

2012 3667 2137 3722 liter
2171 3661 2521 3722 disserantur.
2562 3668 2690 3736 Quis
2727 3670 2870 3725 enim
2914 3669 3108 3726 audeat
3147 3671 3302 3728 aliter
3326 3683 3598 3744 exponere

2013 3767 2343 3814 sacramenta
2372 3759 2568 3825 divina,
2599 3775 2758 3830 quam
2791 3761 2956 3817 corde
2983 3769 3143 3834 atque
3179 3777 3275 3820 ore
3302 3765 3598 3836 apostolico

2014 3848 2358 3918 pra-dicatum
2387 3859 2545 3920 atque
2567 3851 2932 3922 praescriptum
2963 3853 3079 3907 est?
3103 3853 3238 3908 Dicit
3262 3863 3438 3909 autem
3461 3859 3593 3924 apo-

2014 3940 2183 3996 stolus
2211 3940 2406 3997 Paulus
2435 3959 2449 3995 :
2478 3940 2616 3996 Nolo
2644 3956 2730 3997 vos
2756 3942 3010 4014 ignorare,
3043 3943 3247 4014 fratres,
3275 3945 3393 4016 quia
3429 3953 3600 4017 patres

2015 4032 2173 4086 nostri
2222 4048 2392 4087 omnes
2432 4033 2524 4087 sub
2573 4032 2702 4088 nube
2746 4036 2968 4104 fuerunt,
3009 4042 3056 4088 et
3103 4048 3271 4090 omnes
3328 4051 3419 4106 per
3458 4045 3602 4091 mare

2015 4123 2338 4190 transierunt,
2371 4132 2416 4177 et
2444 4139 2617 4178 omnes
2658 4123 2711 4177 in
2758 4122 2936 4194 Moyse
2985 4123 3227 4195 baptizati
3269 4133 3418 4192 sunt,
3451 4135 3499 4180 et
3539 4127 3595 4180 iu

2015 4214 2164 4278 nube,
2197 4224 2244 4268 et
2275 4215 2328 4268 in
2357 4213 2520 4280 mari;
2550 4222 2596 4268 et
2635 4231 2806 4268 omnes
2833 4213 3057 4268 eamdem
3086 4225 3249 4269 escam
3277 4215 3596 4286 spirituale’nt

2014 4305 2462 4372 manducaverunt,
2513 4315 2560 4359 et
2603 4321 2773 4359 omnes
2817 4305 3048 4359 eumdem
3073 4311 3245 4377 patum
3280 4305 3597 4378 spir'itualem

2017 4397 2262 4452 biberunt.
2298 4395 2538 4451 Bibebant
2567 4405 2734 4451 autem
2780 4397 2842 4451 de
2868 4397 3122 4467 splrituali
3157 4407 3486 4468 consequente
3513 4413 3598 4453 eos

2017 4498 2190 4562 petra;
2232 4499 2372 4561 petra
2401 4500 2567 4544 autem
2598 4499 2704 4544 erat
2737 4489 2985 4545 Christus.
3016 4488 3123 4545 Sed
3149 4505 3249 4544 non
3286 4490 3341 4544 in
3367 4490 3600 4560 plurimis

2016 4599 2188 4637 eorum
2227 4581 2593 4654 beueplucitum
2645 4591 2717 4637 est
2760 4581 2888 4636 Deo.
2929 4580 3185 4637 Prostrati
3226 4582 3356 4636 enim
3401 4583 3596 4636 suntin

2016 4677 2229 4732 deserto.
2267 4675 2393 4731 Ilwc
2431 4685 2598 4729 autem
2632 4676 2812 4746 ﬁgura:
2840 4681 3026 4729 nostra?
3063 4678 3213 4746 facta:
3239 4683 3384 4739 sunt,
3413 4683 3468 4727 ut
3497 4691 3597 4729 non

2014 4771 2172 4825 simus
2197 4770 2451 4840 cupientes
2477 4767 2632 4835 mala,
2663 4768 2792 4822 sicut
2832 4777 2881 4822 et
2915 4766 2994 4821 illi
3015 4767 3299 4838 cupierunt.
3332 4766 3396 4821 Et
3439 4767 3598 4837 paulo

2082 4924 2098 4946 ⁸
2131 4921 2419 4973 Fmendatus
2439 4921 2499 4972 ad
2534 4934 2575 4970 ι’.
2601 4934 2649 4970 v.
2689 4919 2821 4970 etad
2841 4921 2976 4970 Sirm.

2101 4987 2153 5045 a)
2178 4985 2318 5045 Alias,
2337 4986 2464 5033 inter
2481 4981 2829 5045 sirmondianos
2849 4980 2897 5030 2.

2104 5041 2153 5106 b)
2175 5041 2314 5097 Idem"
2349 5053 2428 5095 est
2470 5043 2642 5094 titulus
2675 5043 2801 5106 apud
2845 5043 3128 5106 Possidium,
3166 5041 3360 5093 lndiculi
3397 5056 3503 5106 cap.
3549 5043 3599 5093 8.

2018 5103 2392 5172 Excerptumex
2411 5103 2750 5172 hocsermone
2786 5103 3256 5172 prolixiuscxhibet
3288 5103 3496 5172 Joannes
3519 5113 3602 5156 lto-

2019 5165 2190 5220 manai
2217 5168 2441 5218 Ecclesiae
2473 5167 2702 5216 diaconus
2739 5165 2800 5229 in
2824 5169 2927 5216 suis
2967 5165 3284 5229 Collectaneis
3317 5167 3375 5216 ad
3412 5168 3603 5229 priores

2018 5239 2210 5296 septem
2227 5231 2415 5280 Veteris
2433 5229 2730 5296 Testamenti
2745 5226 2909 5296 libros,
2929 5229 3138 5296 nondum
3153 5226 3377 5289 vulgatis,
3397 5226 3601 5290 quorum

2019 5290 2177 5358 penes
2199 5306 2287 5342 nos
2300 5299 2377 5358 est
2393 5303 2457 5358 ex
2476 5290 2768 5358 bibliotheca
2783 5290 3061 5358 Corbeiensi
3077 5296 3412 5358 pervetustum
3429 5303 3599 5339 exem-

2020 5350 2140 5418 plar,
2167 5355 2375 5404 auctoris
2391 5353 2588 5418 forsitan
2607 5358 2768 5418 aetate,
2789 5357 2872 5400 aut
2887 5357 3025 5418 certe
3046 5350 3183 5418 annis
3193 5358 3300 5418 post
3311 5363 3490 5418 nonum
3509 5365 3603 5401 sa:-

2020 5411 2182 5468 culu'm
2204 5430 2298 5465 non
2323 5414 2486 5465 multis
2499 5414 2806 5475 descriptum.
2833 5413 3034 5475 Dubium
3057 5411 3196 5461 nobis
3229 5411 3484 5474 aliquando
3500 5426 3605 5462 ser-

2021 5493 2216 5529 monem
2252 5479 2395 5528 istum
2419 5474 2672 5527 elfecerat’
2691 5474 2943 5524 enarrandi
2967 5484 3124 5535 genus
3144 5475 3388 5522 concisum
3412 5482 3464 5524 et
3484 5475 3604 5525 sub.

2023 5543 2278 5592 obscurum
2300 5540 2414 5589 :sed
2435 5551 2545 5589 cum
2565 5538 2878 5601 Augustinum
2891 5536 3187 5601 caeteroquin
3211 5536 3420 5601 Inarime
3433 5538 3603 5599 sapiat,

2056 5618 2109 5653 ar
2129 5611 2203 5653 est
2226 5604 2433 5652 credere
2468 5601 2585 5648 locis
2608 5594 2848 5648 nonnullis
2870 5594 3214 5646 obscuritatem
3257 5594 3449 5646 allatam
3489 5594 3605 5648 esse

2056 5618 2109 5653 ar
2129 5618 2203 5653 θδι
2226 5618 2433 5652 creuere
2468 5618 2585 5648 IOCIS
2608 5618 2848 5648 nuuuuuts
2870 5618 3214 5646 υιιδυιιιίωιυιιι
3257 5618 3449 5646 uitatum
3493 5618 3604 5648 esse

2024 5618 2328 5714 iibrariorum
2352 5662 2518 5725 lapsu;
2543 5663 2682 5725 sicuti
2707 5661 2874 5709 videre
2899 5658 3012 5725 licet
3035 5659 3084 5706 in
3105 5671 3203 5706 uno
3227 5665 3278 5706 et
3299 5657 3456 5725 altero
3479 5659 3604 5721 loco,

2027 5741 2174 5791 quem
2199 5727 2258 5775 ad
2301 5721 2817 5791 Joannis'Collcctanca
2862 5721 3268 5791 redintegrantus.
3304 5724 3606 5785 Suspicamur

2030 5782 2270 5854 pra-terea
2293 5800 2570 5838 sermonem
2594 5787 2716 5837 bona
2737 5794 2872 5847 parte
2897 5795 3008 5834 esse
3032 5782 3352 5835 decurtatum.
