4080 6360
517 389 540 442 i
552 387 652 446 635

521 512 640 574 post
670 519 683 556 :
721 500 904 556 Omnia
930 501 1058 568 lucc,
1087 499 1274 569 inquit,
1307 498 1360 552 in
1385 497 1552 570 ﬁgura
1578 497 1930 570 contingebant
1953 497 2053 550 illis
2077 513 2096 562 ;

516 596 704 666 scripta
723 603 838 649 sunt
865 603 1033 646 autem
1061 591 1130 644 ad
1157 591 1510 646 correctionem
1537 600 1782 655 nostram,
1809 589 1863 642 in
1883 604 2008 660 quos
2034 587 2098 656 ﬁ-

515 686 595 742 nis
619 685 918 740 swcttlorum
945 682 1134 736 devenit
1165 681 1208 750 (l
1241 680 1360 736 Cor.
1383 698 1437 746 x,
1463 678 1632 752 1-11).

583 777 638 830 2.
683 775 946 829 Transitus
975 775 1130 829 maris
1157 773 1320 828 Rubri
1349 774 1516 844 ﬁgura
1537 771 1808 842 Baptismi.
1841 769 1973 826 Hinc
1995 769 2096 823 ita-

517 883 640 939 que,
671 865 1024 932 dilectissimi,
1053 865 1230 922 nullus
1255 865 1488 921 ﬁdelium
1527 863 1870 927 dubitaverit,
1925 871 2096 916 Iraus-

513 959 648 1013 itum
677 957 818 1012 illius
845 957 1023 1028 populi
1069 971 1166 1028 per
1201 971 1348 1012 mare
1386 954 1628 1010 Rubrum
1671 954 1892 1025 ﬁguram
1934 950 2098 1006 fuisse

515 1050 772 1122 Baptismi
812 1051 981 1106 nostri
1008 1067 1022 1104 :
1051 1059 1157 1105 uta
1175 1049 1388 1106 diabolo
1413 1057 1469 1104 et
1501 1047 1704 1118 angelis
1728 1045 1864 1116 ejus,
1887 1043 1978 1114 qui
2001 1058 2098 1098 nos

514 1149 768 1210 tanquam
785 1139 990 1196 Pharao
1010 1149 1064 1196 et
1083 1139 1340 1210 Egyptii,
1369 1139 1480 1194 luto
1509 1138 1683 1194 carnis
1708 1135 1966 1194 obnoxios
1987 1135 2098 1190 vel-

510 1239 569 1284 ut
597 1230 826 1284 laterum
873 1230 1122 1300 operibus
1149 1229 1466 1296 atterebant,
1501 1228 1636 1284 duce
1657 1227 1883 1282 Domino
1913 1233 2095 1280 nostro

511 1319 640 1376 Jesu
665 1319 902 1386 Christo,
925 1320 1076 1390 cujus
1107 1329 1232 1376 tunc
1259 1319 1482 1390 ﬁguram
1510 1319 1718 1390 Moyses
1745 1317 2096 1388 gerebat,pcr

511 1411 840 1480 Baptismum
865 1409 1096 1476 liberati,
1127 1410 1396 1466 Cantemus
1425 1410 1643 1464 Domino
1677 1425 1696 1464 :
1720 1407 1938 1480 gloriose
1963 1407 2094 1461 enim

511 1505 865 1574 magnificatus
904 1514 1014 1570 est;
1054 1520 1236 1574 equum
1277 1513 1322 1558 et
1351 1505 1562 1576 equitem
1602 1503 1813 1574 projecit
1851 1502 1905 1555 in
1933 1516 2090 1556 mare.

509 1595 674 1652 Nobis
702 1598 844 1652 enim
871 1599 1068 1652 mortui
1093 1605 1236 1664 sunt,
1263 1598 1354 1667 qui
1381 1596 1533 1652 nobis
1555 1595 1664 1666 jam
1688 1592 1952 1650 dominari
1985 1607 2092 1648 non

509 1695 734 1758 possunt
761 1705 775 1744 :
806 1688 1055 1758 quoniam
1086 1688 1200 1759 ipsa
1235 1687 1427 1744 delicta
1473 1695 1674 1754 nostra,
1708 1701 1828 1757 qua:
1873 1699 1972 1740 nos
2017 1683 2092 1738 illi

507 1779 749 1835 subditos
794 1779 1062 1847 fecerant,
1109 1781 1321 1837 lavacro
1371 1780 1556 1852 gratiae
1609 1787 1806 1834 sanctae
1856 1776 2094 1832 liberatis

510 1872 684 1939 nobis,
717 1879 968 1942 tanquam
994 1873 1047 1927 in
1085 1872 1220 1926 mari
1247 1871 1524 1926 submersa
1553 1877 1710 1940 atque
1739 1868 1913 1924 deleta
1947 1873 2089 1922 sunt.

509 1960 782 2017 Cantemus
821 1977 950 2034 ergo
983 1961 1205 2016 Domino
1239 1977 1258 2016 :
1295 1963 1513 2033 gloriose
1555 1961 1687 2015 enim
1737 1958 2092 2030 magnificatus

507 2061 614 2117 est;
655 2069 834 2122 equum
862 2063 907 2108 et
935 2055 1144 2124 equitem
1189 2055 1399 2125 projecit
1427 2054 1480 2108 in
1507 2069 1669 2122 mare,
1703 2051 2008 2122 superbiam
2037 2058 2092 2106 et

506 2145 794 2216 superbum
823 2145 1024 2202 delevit
1061 2147 1115 2202 in
1158 2147 1449 2217 Baptismo.
1480 2145 1596 2202 Jam
1635 2146 1831 2215 quippe
1873 2141 2090 2198 humilis

505 2235 750 2290 subditus
779 2237 888 2292 Deo
915 2247 1092 2292 cantat
1118 2237 1220 2292 hoc
1248 2237 1534 2292 canticum.
1562 2235 1694 2291 Nam
1723 2233 1956 2304 superbo
1975 2233 2089 2303 glo-

504 2325 638 2380 riam
667 2341 818 2382 suam
844 2329 1120 2396 quaerenti,
1149 2337 1204 2382 et
1230 2341 1290 2383 se
1315 2327 1693 2398 magniﬁcanti,
1727 2341 1835 2381 non
1863 2333 1945 2380 est
1971 2326 2090 2395 glo-

505 2417 650 2473 riose
689 2419 1058 2489 magniﬁcatus
1091 2420 1364 2474 Dominus.
1406 2419 1730 2474 Justilicatus
1769 2428 1945 2473 autem
1981 2418 2079 2472 im-

503 2510 646 2578 pius,
671 2510 938 2567 credendo
967 2512 1021 2567 in
1060 2527 1184 2568 eum
1210 2513 1302 2583 qui
1337 2512 1594 2582 justiﬁcat
1637 2512 1879 2582 impium,
1911 2521 1970 2565 ut
1993 2509 2088 2566 de-

503 2611 719 2671 putetur
747 2602 879 2660 ﬁdcs
905 2605 1020 2675 ejus
1045 2605 1110 2659 ad
1131 2605 1392 2675 justitiam
1411 2604 1588 2676 (Rom.
1622 2621 1696 2671 1v,
1724 2603 1805 2676 5),
1833 2612 1894 2660 ut
1913 2604 2090 2674 justus

504 2705 570 2747 ex
601 2692 702 2747 ﬁde
727 2693 867 2748 vivat
897 2693 1009 2766 (Id.
1043 2711 1082 2762 1,
1129 2695 1258 2766 l7);
1301 2711 1370 2752 ne
1397 2697 1648 2766 ignorans
1677 2695 1770 2751 Dei
1804 2695 2086 2766 justitiam,

501 2790 558 2836 et
585 2797 734 2838 suam
764 2785 950 2840 volens
976 2786 1320 2856 constituere,
1335 2787 1554 2858 justitia:
1577 2787 1671 2843 Dei
1689 2803 1792 2844 non
1814 2789 1884 2844 sit
1906 2789 2088 2859 subje-

501 2881 620 2928 ctus
651 2873 762 2945 (Id.
801 2891 860 2940 κ,
889 2877 974 2947 ’5);
1003 2877 1281 2934 verissime
1322 2887 1502 2935 cantat
1538 2879 1838 2950 adjutorem
1875 2891 1933 2938 et
1959 2895 2086 2951 pro-

503 2973 760 3022 tectorcm
809 2967 909 3022 sibi
959 2969 1240 3024 Dominum
1286 2971 1338 3025 in
1385 2971 1630 3038 salutem,
1685 2971 1856 3028 Deum
1906 2987 2083 3038 suum,

501 3073 662 3128 quem
693 3057 1024 3115 honoriﬁcat.
1053 3060 1232 3132 Neque
1261 3061 1404 3117 enim
1431 3072 1514 3118 est
1549 3078 1619 3119 ex
1651 3064 1754 3119 illis
1782 3064 1955 3132 elatis,
1995 3065 2086 3135 qui

501 3159 885 3220 cognoscentes
925 3151 1114 3216 Deum,
1145 3167 1256 3206 non
1302 3153 1438 3208 sicut
1483 3153 1650 3209 Deum
1698 3153 2085 3210 houoriﬁcave-

501 3251 624 3298 runt
650 3242 759 3314 (Id.
809 3244 850 3310 Ι,
881 3243 996 3315 21).
1043 3245 1178 3300 Dicit
1207 3245 1406 3318 itaque,
1439 3245 1576 3302 Deus
1615 3248 1771 3317 patris
1800 3248 1916 3302 mei.
1943 3248 2084 3303 Deus

403 3361 406 3366 -
499 3345 583 3391 est
607 3337 746 3392 enim
779 3338 940 3406 patris
971 3338 1284 3406 Abraham‘,
1313 3340 1401 3410 qui
1427 3339 1651 3396 credidit
1673 3341 1805 3408 Deo,
1837 3350 1892 3396 et
1911 3340 2084 3412 depu-

500 3438 668 3487 talum
694 3439 774 3485 est
800 3431 871 3486 illi
901 3431 966 3486 ad
989 3432 1250 3502 justitiam
1279 3431 1390 3504 (Id.
1415 3449 1486 3500 tv,
1511 3435 1594 3505 5).
1625 3433 1691 3488 Ει
1715 3433 1833 3489 ideo
1855 3435 2077 3504 parvuli,

499 3538 606 3580 non
654 3524 720 3579 de
769 3534 948 3580 nostra
979 3525 1183 3596 justitia
1230 3536 1637 3596 praisumentes,
1683 3527 1780 3584 sed
1809 3528 1875 3583 de
1914 3529 2084 3598 ipsius

498 3617 690 3687 gratia,
719 3617 1118 3686 magniﬁcamus
1149 3617 1454 3686 Dominum,
1483 3619 1734 3690 quoniam
1767 3619 1882 3690 ipse
1908 3629 2082 3674 conte-

497 3707 566 3761 rit
603 3724 819 3778 pugnas,
846 3709 936 3779 qui
979 3725 1082 3780 pax
1121 3719 1206 3766 est
1231 3719 1432 3766 nostra.
1466 3712 1530 3766 Et
1559 3711 1678 3767 ideo
1709 3711 1956 3766 Dominus
1983 3729 2080 3766 no-

498 3812 614 3850 men
663 3807 734 3852 est
787 3799 864 3852 illi
891 3815 909 3852 :
940 3799 1026 3854 cui
1053 3799 1280 3856 dicimus
1321 3800 1460 3872 apud
1489 3801 1700 3866 Isaiam,
1735 3801 1952 3856 Posside
1988 3818 2082 3857 nos

499 3885 652 3955 (Isai.
687 3890 970 3962 XX\'I,15).
1001 3890 1248 3946 Dominus
1274 3909 1456 3946 nomen
1481 3901 1550 3946 est
1577 3892 1673 3946 illi.
1705 3892 1819 3948 Non
1843 3907 2076 3962 eramus,

497 3986 554 4032 et
580 3977 708 4034 fecit
732 3995 831 4035 nos
864 3999 875 4034 :
907 3981 1255 4052 perieramus,
1289 3993 1344 4038 et
1368 3983 1568 4039 invenit
1589 3999 1688 4038 nos
1721 4001 1736 4039 :
1763 3984 2081 4040 vendidera-

503 4083 624 4124 mus
653 4085 771 4136 nos,
799 4080 852 4128 et
874 4073 1004 4128 emit
1029 4077 1146 4130 nes.
1177 4075 1425 4130 Dominus
1455 4093 1636 4132 nomen
1665 4087 1736 4132 est
1762 4079 1860 4134 illi.
1887 4079 2080 4136 Curras

498 4159 788 4218 Pharaonis
815 4174 864 4220 et
891 4167 1162 4222 exercitum
1202 4169 1310 4239 ejus
1333 4169 1542 4240 projecit
1569 4170 1623 4224 in
1649 4187 1806 4225 mare.
1837 4173 1902 4227 Et
1927 4173 2078 4228 exal-

502 4254 727 4309 tationes
771 4258 1076 4324 saeculares,
1106 4269 1160 4315 et
1187 4271 1428 4317 catervas
1457 4261 1922 4320 innumerabilium
1951 4282 2076 4336 pec-

493 4356 754 4412 catorum,
795 4363 912 4417 quae
939 4349 992 4403 in
1023 4351 1176 4407 nobis
1203 4351 1416 4408 diabolo
1447 4353 1764 4422 militabant,
1791 4355 1990 4412 delevit
2021 4359 2076 4414 in

497 4436 786 4506 Baptismo.
829 4439 1016 4494 Ternas
1047 4442 1118 4512 (α)
1167 4453 1405 4500 stratorcs
1449 4445 1694 4500 curribus
1725 4447 2072 4518 imposuerat,

491 4530 580 4598 qui
611 4543 707 4584 nos
733 4530 924 4586 timore
953 4533 1176 4600 doloris,
1211 4536 1402 4592 timore
1447 4536 1850 4608 humiliationis,
1883 4543 2074 4600 timore

491 4620 698 4687 mortis,
729 4624 1096 4694 persequendo
1121 4627 1410 4682 terrebant.
1443 4629 1568 4684 llaec
1595 4632 1772 4686 omnia
1795 4634 2072 4690 submersa

489 4723 614 4768 sunt
639 4714 689 4768 in
719 4715 898 4772 Rubro
939 4719 1094 4786 mari,
1125 4721 1244 4790 quia
1291 4721 1366 4776 illi
1409 4725 1705 4795 consepulti
1753 4741 1938 4782 sumus
1979 4743 2074 4797 per

489 4805 814 4876 Baptismum
871 4810 925 4864 in
953 4817 1179 4866 mortem
1231 4811 1407 4883 (Rom.
1441 4831 1516 4880 vt,
1547 4814 1625 4886 4),
1663 4817 1754 4886 qui
1791 4832 1887 4886 pro
1917 4819 2072 4873 nobis

487 4895 804 4965 tlagellatus,
856 4901 1232 4969 exhonoratus,
1276 4913 1333 4958 et
1375 4907 1583 4960 occisus
1621 4915 1719 4960 est.
1767 4906 1842 4962 lta
1885 4909 2070 4964 Rubro

489 4987 676 5059 pelago
703 5004 888 5045 omnes
913 4991 1093 5048 hostes
1119 4997 1347 5065 operuit,
1375 4997 1465 5066 qui
1492 5008 1712 5053 cruenta
1742 5009 1932 5066 morte,
1961 5016 2068 5070 qua

486 5087 666 5134 nostra
698 5092 912 5149 peccata
953 5097 1412 5156 consumerentur,
1441 5089 1768 5158 Baptismum
1789 5103 2070 5147 consecra-

485 5170 582 5224 vit.
628 5169 780 5238 Quod
810 5175 852 5226 si
885 5173 1064 5230 hostes
1093 5178 1258 5232 nostri
1294 5177 1610 5236 devenerint
1647 5182 1696 5234 in
1746 5181 2066 5252 profundum

487 5273 738 5335 tanquam
769 5266 922 5337 lapis,
965 5269 1084 5326 illos
1111 5273 1251 5328 solos
1276 5275 1530 5346 possidet,
1579 5286 1634 5332 et
1657 5293 1778 5334 eum
1807 5280 1910 5335 illis
1937 5283 2066 5337 solis

485 5367 568 5414 est
591 5357 782 5414 duritia
823 5360 1040 5429 diaboli,
1076 5363 1142 5421 de
1169 5367 1358 5436 quibus
1400 5369 1658 5440 scriptum
1684 5380 1785 5440 est,
1816 5371 2063 5430 Peccator

483 5463 598 5504 cum
627 5450 679 5504 in
719 5453 1030 5522 profundum
1059 5458 1246 5511 venerit
1274 5459 1542 5528 malorum,
1576 5464 1846 5517 contemnit
1873 5463 2056 5537 (Prov.

548 5623 874 5702 ‘ms‘irmondus
889 5637 912 5702 ξ
936 5624 1186 5702 sed
1221 5630 1268 5702 ei
1293 5639 1433 5702 Deus,
1475 5640 1602 5686 Deus
1637 5643 1707 5687 est
1739 5637 1868 5689 enim
1911 5641 2062 5702 patris

483 5679 738 5754 fibrahant.
763 5692 910 5754 Locus
943 5687 1165 5754 similiter
1189 5679 1606 5746 vitiatus'imttlss'.

479 5749 672 5822 Joannis
693 5745 1203 5822 diacot_ti_t‘a_ill_eetattea
1227 5755 1434 5806 nondum
1459 5745 1665 5822 vulgata:

543 5805 614 5867 (tl)
642 5811 768 5870 Apud
787 5816 806 5857 l
821 5817 853 5858 Χ
863 5803 913 5872 Κ,
935 5812 1160 5863 η’ἱδιέιιιῑδ.

1745 383 1802 440 S.
1841 381 2208 440 AUGUSTlNl
2249 381 2554 440 EPISCOl’l

3653 397 3785 458 £636

2211 511 2360 564 xvm,
2385 497 2464 568 5).
2505 497 2624 554 Non
2662 501 2804 556 enim
2850 503 3074 561 credunt
3111 506 3304 564 dimitti
3343 511 3442 568 sibi
3469 527 3624 584 posse
3667 532 3788 587 quae

2209 587 2483 645 iecerunt:
2527 601 2584 648 et
2605 607 2667 648 ea
2701 593 3076 667 desperatione
3099 603 3312 672 gravius
3348 606 3611 678 altiusque
3641 627 3788 666 mer-

2205 687 2422 746 guntur.
2460 680 2589 750 Sed,
2624 683 2845 740 Dextera
2874 697 2980 756 tua,
3023 689 3261 760 Domine,
3287 695 3576 765 gloriﬁcata
3617 709 3688 754 est
3737 701 3790 756 in

2205 769 2415 837 virtute;
2447 773 2654 829 dextera
2679 791 2859 832 manus
2881 787 2986 846 tua,
3007 781 3504 859 Domine,con[regit
3534 790 3789 858 inimicos;

2205 870 2253 914 et
2281 863 2600 919 multitudine
2615 869 2889 940 majestatis
2905 881 3022 940 tute,
3047 873 3282 946 Domine,
3310 882 3586 938 contrivisti
3601 886 3792 940 adver-

2203 954 2383 1008 sarios.
2405 954 2594 1012 Misisti
2613 960 2798 1030 quippe
2809 961 2938 1017 iram
2951 974 3110 1033 tuam,
3135 977 3181 1021 et
3203 971 3418 1026 comedit
3443 990 3527 1028 eos
3543 985 3788 1046 tanquam

2201 1045 2460 1114 stipulam.
2489 1048 2785 1107 'l‘imuimus
2813 1055 2954 1110 enim
2985 1067 3035 1114 le
3061 1070 3366 1118 nascentem
3394 1063 3494 1136 (a),
3525 1077 3582 1122 et
3607 1045 3790 1124 credi-

2201 1134 2374 1192 dimus
2400 1137 2453 1192 in
2481 1147 2554 1208 te,
2583 1149 2638 1196 et
2662 1145 2838 1199 omnia
2865 1146 3057 1204 delicta
3082 1159 3262 1206 nostra
3291 1134 3607 1229 consumpta
3637 1171 3783 1217 sunt.

2201 1223 2332 1281 Nam
2361 1243 2526 1299 quare
2551 1248 2640 1302 per
2664 1235 2894 1305 spiritum
2920 1239 3011 1294 ἕνας
3036 1239 3244 1298 Domini
3272 1245 3432 1302 divisa
3457 1223 3536 1304 est
3553 1268 3707 1322 aqua,
3737 1265 3786 1308 et

2199 1317 2489 1387 gelaverunt
2513 1331 2751 1394 tanquam
2792 1343 2964 1383 murus
3002 1347 3168 1404 aquce,
3203 1335 3493 1406 gelaverunt
3519 1317 3704 1410 fluctus
3731 1345 3786 1398 in

2199 1407 2362 1461 medio
2389 1411 2552 1476 mari;
2581 1427 2701 1470 cum
2729 1414 2784 1470 in
2823 1417 2921 1472 ista
2959 1419 3222 1479 divisione
3249 1439 3400 1497 aquae
3421 1469 3434 1492 ,
3481 1407 3786 1500 gelautibus

2198 1497 2464 1592 ﬂuctibus,
2497 1503 2578 1558 via
2607 1509 2835 1574 patuerit
2863 1512 3061 1581 populo
3085 1513 3350 1572 liberato?
3386 1497 3646 1592 Curet-go
3673 1539 3782 1580 non

2199 1591 2373 1658 potius
2404 1607 2499 1662 per
2538 1597 2784 1664 spiritum
2820 1601 3198 1659 misericordia:
3235 1605 3444 1665 Domini
3490 1591 3658 1668 divisa
3699 1625 3786 1670 est

2196 1694 2366 1750 aqua;
2400 1683 2500 1764 nisi
2527 1685 2650 1754 quia
2679 1697 2851 1744 terror
2889 1691 2982 1746 ira:
3025 1693 3139 1761 Dei,
3181 1711 3340 1766 quam
3368 1703 3660 1758 contemnit
3687 1705 3784 1759 ille

2198 1780 2466 1841 peccator,
2519 1777 2606 1846 qui
2651 1779 2797 1834 venit
2842 1780 2908 1835 ad
2959 1783 3276 1852 profundum
3326 1791 3607 1859 malorum,
3663 1794 3782 1865 ipse

2196 1865 2467 1934 compellit
2505 1869 2572 1922 ad
2601 1867 2952 1941 Baptismum,
2993 1885 3049 1929 ut
3079 1892 3176 1947 per
3203 1893 3398 1950 aquam
3443 1899 3548 1938 non
3589 1885 3784 1953 praal'o—

2195 1965 2426 2025 cantem,
2478 1959 2572 2014 sed
2602 1969 2940 2020 transeuntes
2977 1982 3071 2036 per
3098 1970 3238 2025 viam
3269 1971 3594 2030 liberemur?
3635 1976 3776 2032 Dixit

2195 2045 2450 2118 inimicus,
2479 2048 2784 2123 Persequar,
2815 2064 2862 2110 et
2895 2060 3349 2130 comprehendam;
3374 2065 3600 2134 partibor
3653 2085 3778 2138 spo-

2195 2138 2286 2205 lia,
2326 2149 2374 2194 et
2401 2141 2602 2213 replebo
2631 2146 2856 2201 animam
2885 2165 3078 2217 meam;
3112 2151 3415 2222 inter/Sciam
3443 2157 3616 2228 gladio
3643 2176 3774 2226 meo,

2195 2229 2530 2288 dominabitur
2560 2253 2737 2292 manus
2763 2255 2889 2294 mea.
2913 2239 3095 2314 Neque
3122 2242 3369 2316 intelligit
3393 2247 3639 2307 inimicus
3667 2254 3778 2310 vim

2195 2321 2443 2379 dominici
2485 2325 2834 2396 Sacramenti,
2869 2348 2988 2402 qua:
3030 2345 3113 2388 est
3141 2335 3194 2390 in
3234 2337 3506 2408 Baptismo
3534 2343 3774 2411 Salutari,

2193 2414 2271 2468 eis
2287 2415 2374 2485 qui
2391 2417 2615 2476 credunt
2633 2430 2689 2476 et
2711 2433 2926 2492 sperant
2941 2425 2994 2480 in
3011 2442 3132 2482 eum
3155 2445 3168 2482 :
3189 2437 3242 2484 et
3263 2429 3436 2488 adhuc
3453 2443 3602 2503 putat
3617 2437 3778 2494 etiam

2193 2504 2453 2565 dominari
2505 2511 2783 2584 baptizatis
2831 2531 2988 2586 posse
3039 2529 3290 2589 peccata,
3319 2525 3568 2594 quoniam
3599 2531 3779 2585 carnis

2193 2595 2473 2672 fragilitate
2501 2612 2792 2670 tentantur,
2821 2610 3065 2666 nesciens
3095 2611 3205 2678 ubi,
3233 2621 3289 2668 et
3312 2615 3617 2685 quando,et
3644 2635 3780 2690 quo-

2193 2691 2354 2747 modo
2383 2693 2688 2762 perﬁciatur
2713 2697 2868 2768 plena
2888 2701 3050 2757 totius
3075 2700 3306 2760 hominis
3335 2709 3632 2776 renovatio,
3653 2727 3776 2782 quae

2191 2783 2246 2840 in
2271 2785 2541 2856 Baptismo
2563 2788 2868 2860 inchoatur,
2897 2801 2950 2848 et
2975 2797 3348 2868 prresiguatur,
3377 2808 3432 2854 et
3459 2815 3554 2871 spe
3583 2805 3778 2860 certis-

2191 2877 2324 2932 sima
2347 2877 2460 2948 jam
2499 2889 2730 2937 tenetur.
2759 2882 2908 2939 Tunc
2937 2887 3082 2941 enim
3107 2897 3161 2944 et
3190 2891 3418 2948 mortale
3446 2892 3550 2948 hoc
3589 2895 3778 2954 induet

2191 2967 2663 3040 immortalitatem,
2687 2983 2742 3028 et
2765 2984 3021 3032 evacuate
3045 2979 3259 3048 penitus
3295 2984 3438 3038 omni
3471 2985 3776 3058 principatu

2189 3067 2244 3113 et
2273 3069 2553 3128 potestate,
2581 3065 2684 3119 erit
2713 3065 2852 3122 Deus
2879 3069 3142 3124 omniain
3171 3073 3422 3130 omnibus
3467 3075 3512 3147 (l
3533 3076 3650 3134 Cor.
3679 3096 3772 3148 xv,

2189 3149 2278 3215 55,
2311 3150 2402 3217 54,
2432 3151 2524 3220 24,
2555 3153 2672 3226 28).
2701 3155 2852 3212 Nunc
2877 3167 3074 3228 autem,
3101 3163 3353 3232 quamdiu
3382 3181 3598 3238 corpus,
3629 3173 3772 3242 quod

2187 3242 2566 3312 corrumpitur,
2593 3257 2841 3316 aggravat
2857 3249 3088 3305 animam
3107 3251 3264 3323 (Sap.
3292 3270 3372 3322 ιι,
3395 3257 3506 3328 15),
3526 3259 3655 3314 dicit
3669 3261 3774 3316 ini-

2187 3330 2380 3398 Inicus,
2413 3331 2712 3405 Persequar,
2757 3347 2804 3392 et
2845 3342 3285 3412 comprehendam.
3326 3345 3433 3402 Sed
3457 3349 3638 3404 misisti
3661 3353 3772 3423 spi-

2187 3421 2340 3476 ritum
2365 3432 2523 3493 tuum,
2553 3435 2598 3479 et
2624 3429 2822 3498 operuit
2851 3446 2936 3484 eos
2955 3447 3114 3488 mare.
3143 3433 3302 3490 Modo
3323 3452 3429 3493 non
3451 3438 3645 3496 dicitur
3665 3421 3776 3512 sipi-

2187 3514 2322 3570 ritus
2375 3515 2470 3572 ira:
2525 3517 2654 3586 Dei,
2706 3521 2920 3590 quando
2971 3538 3121 3580 mare
3169 3527 3381 3596 operuit
3403 3529 3647 3588 inimicos
3683 3545 3774 3589 :et

2186 3605 2346 3674 paulo
2371 3614 2496 3662 ante
2527 3608 2727 3664 dictum
2758 3621 2860 3678 est,
2891 3631 2980 3684 per
3005 3615 3240 3685 spiritum
3265 3619 3356 3673 ira:
3389 3629 3490 3675 tua:
3513 3622 3672 3677 divisa
3699 3635 3774 3680 est

2185 3711 2354 3767 aqua;
2382 3713 2504 3754 cum
2533 3714 2627 3770 per
2667 3700 2768 3756 hoc
2805 3704 2980 3774 potius
3011 3709 3276 3764 transiens
3315 3710 3410 3766 Dei
3451 3715 3675 3784 populus
3701 3717 3772 3771 li-

2184 3785 2401 3844 beratus
2425 3790 2514 3845 sit.
2538 3790 2642 3846 Sed
2663 3793 2916 3850 nimirum
2943 3797 3152 3853 videtur
3182 3800 3324 3856 Deus
3348 3817 3455 3858 non
3483 3805 3660 3870 irasci,
3685 3807 3774 3863 cui

2184 3889 2306 3935 sunt
2337 3879 2592 3950 impunita
2641 3895 2876 3953 peccata,
2923 3897 2979 3942 et
3021 3889 3193 3960 magis
3241 3893 3582 3963 ingravescit.
3621 3897 3772 3954 Unde

2185 3969 2401 4039 plumbo
2425 3984 2762 4044 comparatus
2792 3977 2844 4031 in
2877 3977 3140 4050 profunda
3163 3981 3456 4054 descendit,
3488 3995 3636 4041 tanto
3657 4004 3772 4044 ma-

2181 4062 2280 4132 gis,
2313 4072 2514 4132 quauto
2543 4067 2711 4136 magis
2750 4067 2895 4124 videt
2936 4083 3030 4125 eos
3053 4072 3140 4142 qui
3173 4088 3268 4142 per
3303 4073 3460 4132 ﬁdem
3493 4077 3771 4148 jusuﬁcati

2183 4163 2326 4224 sunt,
2355 4163 2406 4212 et
2431 4171 2528 4228 pro
2556 4174 2651 4228 5pc
2678 4158 2866 4216 futurae
2893 4163 3014 4217 vita:
3041 4166 3320 4234 praesentia
3349 4169 3486 4223 mala
3515 4171 3768 4240 tolerant,

2183 4244 2237 4300 in
2264 4245 2533 4303 laboribus
2558 4249 2757 4320 vivere,
2789 4253 2842 4306 in
2873 4253 3065 4323 quibus
3089 4271 3183 4312 eos
3203 4258 3538 4328 perferendis
3565 4265 3770 4318 contir-

2181 4347 2292 4394 mat
2330 4339 2558 4410 Spiritus
2581 4343 2698 4398 Dei.
2729 4343 2872 4400 Misit
2903 4361 3030 4418 ergo
3063 4347 3203 4404 Deus
3230 4351 3484 4420 Spiritum
3515 4369 3668 4409 suum
3694 4355 3766 4411 ad

2180 4432 2536 4488 consolandos
2581 4442 2636 4489 et
2684 4437 3010 4492 exercendas
3058 4440 3110 4494 iu
3157 4441 3430 4498 laboribus
3467 4445 3674 4513 justus;
3712 4455 3770 4502 et

2180 4523 2389 4592 operuit
2417 4539 2564 4580 mare
2593 4525 2930 4596 impios,non
2960 4529 3130 4586 solum
3159 4541 3405 4601 putantes
3442 4536 3574 4590 nihil
3599 4536 3768 4591 inter-

2179 4628 2299 4670 esse
2346 4615 2487 4670 inter
2544 4631 2604 4672 se
2653 4625 2706 4674 et
2737 4618 2893 4686 illos;
2942 4622 3037 4677 sed
3078 4625 3252 4693 potius
3294 4628 3620 4684 aestimantes
3661 4631 3768 4686 illis

2179 4720 2297 4762 esse
2333 4709 2523 4763 iratum
2564 4709 2752 4778 Deum,
2792 4713 2882 4782 qui
2921 4715 3079 4770 tantis
3106 4716 3534 4776 tribulationibus
3559 4721 3766 4793 afﬂige-

2177 4810 2396 4868 rentur,
2437 4804 2538 4860 sibi
2565 4815 2744 4860 autem
2781 4807 3066 4878 prepitium
3089 4851 3103 4876 ,
3133 4811 3222 4881 qui
3252 4813 3412 4868 tantis
3437 4826 3768 4886 prosperita-

2177 4893 2319 4951 tibus
2339 4895 2672 4952 lretarcntur.
2693 4897 2764 4953 lla
2783 4900 3146 4956 descenderunt
3167 4912 3405 4976 tanquam
3422 4906 3680 4978 plumbum
3711 4912 3768 4965 in

2177 5003 2362 5058 aquam
2391 4990 2768 5044 validissimam.
2807 4991 2931 5057 Quis
2957 4994 3135 5049 similis
3162 4995 3248 5050 tibi
3275 4997 3327 5051 in
3365 4999 3484 5068 diis,
3507 4999 3770 5058 Domine?

2175 5080 2287 5148 quis
2313 5079 2489 5134 similis
2515 5079 2642 5136 tibi?
2671 5083 2921 5152 gloriosus
2955 5085 3006 5138 in
3030 5089 3237 5153 sanctis,
3269 5089 3356 5158 qui
3389 5106 3492 5146 non
3523 5092 3764 5163 glorian-

2177 5179 2261 5223 tur
2287 5171 2338 5224 in
2361 5184 2419 5226 se
2447 5188 2460 5224 :
2491 5171 2734 5226 mirabilis
2755 5174 2808 5226 in
2839 5176 3201 5245 majestatibus,
3234 5181 3322 5249 qui
3345 5181 3475 5250 facis
3503 5183 3762 5256 prodigia.

2177 5261 2302 5316 lla-c
2327 5263 2467 5316 enim
2494 5278 2612 5332 qum
2637 5271 2760 5318 tunc
2787 5263 2922 5320 facta
2949 5278 3094 5335 sunt,
3131 5269 3366 5326 futurum
3401 5274 3598 5345 aliquid
3627 5293 3766 5346 prae-

2175 5354 2508 5418 nuntiabant,
2538 5355 2788 5426 quoniam
2831 5359 3012 5429 ﬁgura:
3065 5371 3261 5418 nostra:
3303 5363 3536 5422 fuerunt.
3567 5367 3766 5424 Exten-

2173 5447 2292 5500 disti
2319 5447 2577 5503 dexteram
2633 5457 2791 5516 luant,
2853 5455 3186 5508 transvoravit
3211 5473 3295 5517 eos
3352 5467 3506 5514 terra.
3543 5459 3760 5516 Nullum

2172 5548 2316 5592 ενι-ιι)
2331 5537 2700 5610 Egypliorum
2719 5540 2812 5598 illo
2825 5551 3065 5615 tempore
3083 5552 3238 5602 terra:
3259 5549 3430 5606 hiatus
3444 5552 3719 5606 absorbuit
3739 5569 3756 5618 ;

2171 5647 2306 5703 aqua
2355 5634 2594 5703 cooperti
2639 5644 2804 5703 sunt,
2860 5637 2910 5692 in
2969 5639 3099 5694 mari
3158 5642 3448 5710 perierunt.
3498 5643 3632 5714 Quid
3674 5654 3760 5702 est

2231 5767 2302 5828 (η)
2327 5774 2484 5826 t-‘orte,
2511 5767 2874 5838 irascentrm.—
2895 5777 3007 5838 Qua:
3041 5769 3206 5822 lectio.
3227 5771 3314 5823 toti
3355 5772 3421 5825 de
3453 5787 3552 5838 quo
3579 5783 3757 5828 tracta-

2169 5837 2244 5878 tur
2269 5839 2552 5892 argumento
2575 5833 2754 5893 ομίιιιε·
2777 5834 3011 5894 congruit.
3079 5839 3132 5880 Μ.
