4080 6360
255 359 282 412 ι
296 358 402 413 G37

250 485 408 540 ergo,
435 467 722 523 Extenaisti
751 467 1005 522 dexteram
1020 477 1178 535 tuam,
1199 468 1527 522 transvoravit
1555 485 1636 524 eos
1664 469 1840 523 terra?

253 564 338 616 An
361 568 506 615 recte
525 560 868 629 intelligimus
884 559 1157 614 dexteram
1175 559 1268 614 Dei
1284 573 1405 614 eum
1423 601 1436 626 ,
1455 560 1522 615 de
1551 575 1656 630 quo
1681 558 1844 616 Isaias

248 651 408 716 dicit,
442 649 509 705 Et
555 651 819 704 brachium
872 649 1077 704 Domini
1127 652 1209 704 cui
1258 651 1532 706 rebelatum
1579 661 1647 706 est
1683 651 1836 722 (Isai.

249 757 368 804 un,
404 741 486 810 l)?
518 740 639 811 Ipse
667 749 750 795 est
786 741 927 796 enim
969 741 1153 795 unicus
1183 739 1366 808 Filius,
1394 741 1479 796 cui
1509 757 1612 796 non
1648 757 1842 812 peper-

248 833 328 886 cit
351 833 530 898 Pater,
555 831 650 886 sed
677 847 774 903 pro
795 831 1044 886 omnibus
1065 832 1217 887 nobis
1248 831 1463 887 tradidit
1484 832 1633 886 illum
1657 832 1836 902 (Rom.

247 939 371 986 vui,
404 922 517 993 52).
559 922 737 993 Atque
776 923 846 976 ita
891 923 945 976 in
972 937 1130 979 cruce
1156 922 1403 978 extendit
1435 937 1650 978 manum
1690 937 1841 978 suam

245 1013 553 1080 dexteram,
597 1023 652 1070 et
695 1013 1047 1072 transvoravit
1092 1012 1284 1083 impios
1315 1023 1476 1079 terra,
1508 1029 1630 1068 cum
1671 1029 1730 1070 se
1763 1015 1843 1068 vi-

247 1117 456 1172 ctores,
485 1116 541 1162 et
567 1107 714 1162 illum
741 1107 1193 1176 contemptibilem
1224 1105 1496 1176 putabant.
1525 1105 1683 1160 Terra
1699 1106 1839 1162 enim

251 1198 448 1250 tradita
496 1206 570 1251 est
601 1198 653 1250 in
700 1213 882 1250 manus
925 1197 1089 1265 impii,
1133 1205 1179 1250 et
1227 1196 1410 1268 faciem
1448 1196 1701 1266 judicium
1733 1197 1842 1268 ejus

251 1291 453 1358 operuit
487 1288 635 1361 (Job
679 1304 754 1354 ιιι,
800 1289 918 1362 21),
957 1288 1009 1343 id
1055 1299 1171 1355 est,
1217 1289 1547 1344 divinitatem
1589 1288 1723 1359 ejus.
1767 1288 1840 1343 Ita

246 1380 576 1450 gubernavit
621 1380 876 1435 Dominus
929 1380 1184 1450 populum
1236 1393 1427 1449 suum,
1471 1389 1719 1450 tanquam
1749 1379 1841 1434 illo

247 1474 396 1543 ligno
433 1482 701 1544 portatum
724 1515 740 1541 ,
774 1473 861 1529 ubi
902 1483 1061 1539 terra,
1110 1473 1162 1528 id
1204 1481 1306 1540 est,
1348 1487 1473 1528 caro
1504 1471 1714 1527 Domini
1743 1487 1840 1526 ex-

247 1577 398 1624 tenta
428 1569 621 1639 impios
652 1567 1023 1622 transvoravit.
1055 1566 1239 1637 Neque
1271 1566 1413 1622 enim
1444 1565 1565 1620 navi
1597 1565 1841 1620 transivit

250 1659 483 1731 populus
527 1673 707 1726 mare,
735 1667 796 1714 ut
835 1657 1121 1729 gnbernasti
1159 1657 1370 1727 proprie
1413 1655 1700 1711 diceretur.
1733 1653 1839 1710 Sed

249 1751 548 1822 gubernain
583 1751 790 1821 justitia
831 1758 918 1804 tua
971 1751 1216 1821 pupulum
1255 1759 1430 1815 tuum,
1477 1763 1582 1803 non
1633 1762 1838 1818 praesu-

252 1851 490 1899 mentem
533 1843 600 1898 de
634 1843 837 1912 justitia
877 1858 996 1910 sua,
1041 1842 1136 1897 sed
1183 1857 1250 1898 ex
1295 1841 1398 1897 ﬁde
1434 1841 1698 1897 viventem
1739 1839 1839 1895 sub

248 1935 423 2004 gratia
449 1942 539 1988 tua
571 1952 584 1988 :
617 1932 863 2006 populant
889 1943 1028 1988 tuum
1059 1934 1211 2000 hunc,
1239 1948 1384 2004 quem
1411 1932 1651 1988 liberasti.
1683 1931 1840 1987 Novit

249 2025 394 2080 enim
421 2026 679 2080 Dominus
704 2026 793 2095 qui
813 2033 938 2080 sunt
956 2024 1071 2095 ejus
1093 2023 1161 2096 (ll
1192 2023 1324 2079 Tim.
1354 2039 1412 2092 ιι,
1443 2025 1556 2094 19).

319 2116 377 2170 3.
423 2114 692 2169 Transitus
712 2132 800 2187 per
840 2131 1060 2170 eremum
1086 2116 1251 2186 figura
1288 2114 1705 2186 peregrinationis
1748 2129 1840 2168 no-

250 2216 369 2261 stne
398 2207 453 2261 in
482 2208 580 2260 hac
602 2208 706 2261 vita
724 2246 739 2270 ,
772 2206 825 2260 in
849 2223 950 2277 qua
973 2206 1294 2261 adversantes
1321 2221 1617 2277 superamus
1645 2205 1838 2260 auxilio

243 2295 538 2353 Christi.—
568 2298 882 2352 Exhortatus
908 2313 959 2351 es
975 2297 1027 2350 in
1041 2297 1343 2363 eirtutetua,
1362 2295 1413 2350 id
1438 2305 1538 2360 est,
1557 2296 1609 2350 in
1625 2295 1839 2350 Christo

249 2402 359 2446 tuo.
394 2388 533 2457 Quia
567 2387 709 2459 quod
740 2386 1008 2443 inﬁrmum
1035 2396 1121 2443 est
1148 2387 1262 2452 Dei,
1287 2385 1474 2442 fortius
1501 2395 1584 2442 est
1612 2385 1840 2442 homini-

250 2481 348 2536 bus
377 2479 426 2553 (Ι
455 2480 577 2535 Cor.
609 2495 649 2547 ι,
676 2478 790 2551 25).
820 2480 885 2534 Et
912 2480 954 2534 si
982 2479 1270 2536 cruciﬁxus
1305 2487 1386 2534 est
1413 2494 1478 2535 ex
1507 2477 1834 2545 infirmitate,

248 2570 344 2627 sed
376 2571 510 2626 vivit
538 2571 592 2625 in
631 2571 822 2626 virtute
869 2571 961 2625 Dei
1006 2569 1086 2639 (ll
1115 2569 1232 2624 Cor.
1275 2585 1388 2626 xm.
1417 2568 1494 2643 4).
1525 2569 1838 2624 Exhortatus

246 2681 300 2718 es
332 2663 390 2716 in
437 2663 625 2716 virtute
661 2671 766 2729 tua,
817 2671 864 2716 et
905 2662 959 2716 in
1006 2663 1276 2733 refectione
1315 2670 1490 2715 sancta
1530 2667 1634 2714 tua.
1681 2660 1736 2714 In
1775 2675 1840 2715 eo

248 2755 448 2825 quippe
476 2753 622 2823 quod
660 2754 835 2808 carnis
866 2753 1161 2808 mortalitas
1192 2752 1244 2807 in
1278 2752 1369 2807 illo
1406 2751 1603 2808 refecta
1641 2760 1724 2808 est
1748 2767 1842 2822 per

247 2846 728 2912 resurrectionem,
759 2853 814 2900 et
835 2844 887 2898 in
922 2843 1014 2898 illo
1035 2843 1146 2915 jam
1172 2843 1518 2914 corruptibile
1547 2843 1647 2898 hoc
1672 2843 1843 2898 induit

252 2936 735 3005 incorruptionem,
767 2934 1029 2990 cxhortati
1055 2949 1243 2990 sumus
1271 2935 1324 2989 in
1358 2933 1590 2990 futurum
1616 2949 1838 3006 speran-

250 3035 352 3092 tes,
396 3035 452 3082 et
478 3034 702 3096 propter
727 3026 842 3082 hmo
869 3027 1045 3081 omnia
1077 3027 1359 3096 prazsentia
1396 3026 1699 3082 tolerantes.
1731 3027 1838 3081 Ile-

251 3128 356 3174 stat
381 3119 531 3174 enim
562 3129 681 3188 post
704 3119 1030 3189 Baptismum
1056 3119 1307 3174 transitus
1337 3133 1432 3190 per
1455 3133 1716 3185 ercmnm,
1746 3136 1843 3191 per

250 3211 416 3264 vitam
448 3225 570 3279 qua:
595 3209 769 3279 agitur
803 3211 856 3264 in
886 3225 1001 3281 spe,
1031 3210 1207 3265 donec
1245 3211 1520 3266 veniamus
1550 3211 1617 3266 ad
1644 3220 1841 3268 terram

251 3300 646 3369 promissionis,
677 3309 872 3356 terram
906 3301 1193 3356 viventium
1234 3301 1322 3357 ubi
1367 3303 1520 3357 nobis
1560 3311 1642 3358 est
1672 3305 1843 3374 portio

197 3413 200 3416 ·
254 3390 538 3457 Dominus,
578 3391 630 3445 in
673 3401 924 3446 aiternam
952 3390 1280 3459 Jerusalem;
1309 3407 1415 3463 quo
1457 3392 1628 3450 donec
1665 3395 1845 3450 venia-

222 3527 224 3530 ,
253 3497 392 3547 mus,
429 3490 543 3536 tota
574 3482 673 3538 ista
703 3484 808 3538 vita
836 3498 1047 3539 eremus
1072 3483 1226 3539 nobis
1245 3494 1346 3552 est,
1377 3494 1432 3540 et
1464 3495 1568 3541 tota
1601 3489 1839 3542 tentatio.

254 3573 359 3629 Sed
396 3573 453 3628 in
494 3589 562 3629 eo
600 3575 688 3644 qui
725 3575 851 3630 vicit
888 3577 1164 3642 surculum,
1204 3577 1368 3632 vincit
1402 3580 1579 3634 omnia
1619 3581 1843 3650 populus

257 3665 371 3720 Dei.
407 3665 542 3720 Nam
567 3667 703 3720 sicut
742 3666 794 3720 in
823 3667 1110 3737 Baptismo,
1146 3678 1393 3739 tanquam
1429 3671 1610 3726 hostes
1639 3686 1668 3723 a
1697 3679 1844 3742 tergo

256 3757 622 3826 insequentes,
646 3757 913 3827 prteterita
942 3767 1161 3828 peccata
1181 3758 1427 3814 delentur
1451 3777 1464 3814 :
1495 3761 1572 3816 sic
1600 3771 1718 3832 post
1741 3764 1842 3816 Ba-

257 3848 538 3919 ptismum,
570 3849 624 3903 in
662 3849 852 3906 itinere
873 3851 997 3906 vita:
1025 3850 1204 3921 hujus,
1234 3868 1354 3906 cum
1385 3868 1562 3908 escam
1593 3848 1843 3926 Spiritua-

257 3941 360 3996 lem
408 3941 820 4007 manducamus,
878 3952 933 3998 et
985 3951 1166 4014 potum
1214 3945 1541 4014 spiritualem
1592 3947 1839 4015 bibimus,

257 4034 434 4088 omnia
477 4033 634 4090 nobis
663 4034 997 4090 adversantia
1037 4052 1369 4108 superamus.
1414 4039 1625 4095 Terruit
1649 4044 1845 4112 quippe

258 4125 506 4180 inimicos
527 4124 626 4179 vim
655 4134 850 4181 nostra:
875 4142 1068 4182 nomen
1101 4127 1442 4198 Imperatoris
1468 4131 1654 4186 nostri.
1692 4132 1845 4188 Prius

257 4216 399 4272 enim
458 4217 696 4272 surrexit
747 4217 823 4272 ira
872 4219 1109 4289 gentium
1161 4220 1226 4273 ad
1275 4220 1604 4291 perdendum
1649 4237 1841 4278 nomen

255 4307 614 4362 christianum
636 4325 651 4373 ;
675 4308 765 4363 ubi
787 4320 963 4364 autem
993 4309 1070 4365 ira
1102 4311 1234 4365 nihil
1261 4311 1450 4381 potuit,
1479 4329 1734 4370 conversa
1764 4325 1844 4370 est

257 4398 308 4452 in
335 4391 605 4464 dolorem,
643 4406 698 4452 et
735 4399 901 4470 magis
929 4401 1200 4471 magisque
1229 4403 1332 4458 ﬁde
1374 4413 1649 4461 crescente
1685 4415 1844 4476 atque

257 4497 554 4558 oceupante
581 4490 777 4556 omnia,
807 4491 961 4545 dolor
984 4506 1272 4548 conversus
1292 4502 1374 4549 est
1395 4494 1446 4548 in
1475 4496 1717 4552 timorem
1743 4515 1756 4564 ;
1791 4509 1845 4553 ut

257 4587 309 4634 et
335 4578 558 4648 superbi
599 4578 755 4648 hujus
792 4580 992 4646 smculi,
1027 4590 1275 4653 tanquam
1304 4585 1536 4640 volatilia
1564 4587 1710 4656 coeli,
1746 4591 1844 4644 sub

258 4669 442 4724 umbra
472 4669 636 4725 oleris
663 4671 826 4738 illius,
863 4672 1005 4743 quod
1038 4688 1103 4729 ex
1135 4675 1486 4731 minutissime
1511 4693 1676 4748 grano
1697 4681 1843 4735 sina-

260 4760 605 4830 pismultum
647 4763 835 4826 crevit,
881 4761 1144 4835 refugium
1190 4767 1678 4840 protectionemque
1711 4785 1841 4826 con-

262 4855 473 4923 quiraut
519 4853 731 4926 (Matth.
765 4872 880 4921 xm,
911 4857 997 4922 51,
1027 4855 1140 4930 52).
1179 4858 1268 4914 Sic
1305 4867 1361 4914 ει
1399 4861 1450 4914 in
1479 4860 1582 4918 hoc
1611 4865 1840 4932 cantico,

261 4943 343 4998 ubi
371 4955 866 5000 commemorantur
893 4961 978 5012 ea,
1003 4963 1120 5017 quae
1148 4956 1271 5003 tunc
1295 4947 1346 5002 in
1379 4949 1545 5019 ﬁgura
1573 4954 1845 5025 continge-

260 5032 385 5088 bant
410 5036 464 5090 in
490 5035 618 5101 illis,
643 5044 886 5091 servatus
903 5046 988 5093 est
1012 5038 1145 5094 ordo
1174 5039 1290 5107 iraa,
1313 5040 1534 5103 doloris.
1558 5052 1611 5098 et
1641 5045 1845 5101 timoris

260 5127 519 5194 gentium.
547 5127 849 5195 Audierant,
882 5129 1072 5200 inquit,
1111 5141 1300 5202 gentes,
1339 5143 1384 5186 et
1411 5135 1554 5189 iratw
1577 5146 1695 5191 sunt
1706 5155 1727 5206 ;
1755 5139 1846 5193 do-

261 5217 389 5274 lores
413 5221 903 5290 comprehenderunt
926 5221 1231 5279 habitatores
1262 5223 1559 5281 Philistiim.
1592 5227 1738 5284 Tunc
1764 5231 1843 5300 [e-

259 5311 592 5377 stinavemnt,
631 5312 685 5367 id
721 5323 803 5368 est
842 5315 1142 5370 conturbati
1190 5325 1334 5383 sunt,
1382 5319 1533 5374 duces
1577 5320 1764 5390 Edam,
1798 5334 1845 5378 et

263 5404 514 5473 principes
541 5403 883 5459 Moabitarum
909 5421 928 5461 :
956 5409 1290 5479 apprehendit
1309 5427 1392 5466 eos
1420 5419 1602 5468 tremor
1623 5431 1642 5470 :
1672 5418 1839 5472 tabue-

263 5505 376 5548 runt
401 5512 575 5550 omnes
601 5497 937 5553 inhabitantes
963 5497 1229 5555 Chanaan.
1257 5500 1524 5558 Incumbat
1553 5506 1605 5559 in
1635 5523 1718 5562 eos
1739 5515 1843 5562 tre-

266 5602 390 5656 mor,
423 5598 473 5644 et
511 5589 663 5645 timor
687 5591 1050 5663 magnitudinis
1076 5593 1266 5650 brachii
1294 5597 1385 5652 tui.
1418 5596 1573 5654 Fiant
1601 5609 1841 5672 tanquam

1623 355 1850 418 SERMO
1889 355 2197 414 CCCLXIH.

3398 374 3533 430 1658

1953 490 2166 558 lapides,
2209 497 2366 548 donec:
2405 502 2623 549 transeat
2654 498 2868 568 populus
2914 508 3046 569 tuus,
3096 502 3329 572 Domine,
3373 507 3530 561 donec

1951 591 2170 637 transeat
2195 585 2414 655 papulas
2442 594 2557 641 tuus
2594 589 2695 656 hic,
2726 607 2872 660 quem
2909 595 3182 664 acquisisti.
3210 597 3299 653 Sic
3326 597 3526 656 factum

1948 681 2050 742 est,
2093 675 2170 730 sic
2201 675 2274 729 ﬁt.
2307 676 2674 734 Admiratione
2718 690 2992 754 stupentes
3033 694 3282 759 tanquam
3326 691 3526 762 lapides

1955 765 2090 822 ﬁunt
2110 767 2311 824 inimici
2339 769 2612 838 Ecclesize,
2640 771 2813 839 donec
2836 785 3165 834 transeamus
3189 780 3255 835 ad
3281 785 3526 850 patriam.

1948 854 2053 910 Sed
2091 865 2145 911 et
2172 857 2260 927 qui
2289 859 2540 914 resistere
2575 864 2918 931 tentaverint,
2947 866 3090 921 sicut
3124 876 3248 924 tune
3273 871 3529 926 Amalech

1949 948 2182 1004 extentis
2211 949 2456 1006 manibus
2481 951 2647 1023 Moysi
2676 951 2870 1023 (Exod.
2900 958 3075 1029 xvm),
3104 959 3174 1014 ita
3208 977 3347 1018 nunc
3374 963 3428 1017 in
3453 963 3530 1016 si-

1946 1051 2052 1108 gno
2074 1039 2248 1093 crucis
2273 1039 2553 1096 dominicae
2580 1053 2916 1112 superantur.
2939 1046 3113 1117 Atque
3136 1049 3208 1104 ita
3235 1031 3531 1108 introduci-

1947 1145 2087 1195 mur,
2120 1140 2278 1201 atque
2305 1132 2609 1202 plantamur
2648 1137 2704 1189 in
2733 1145 2916 1192 monte
2949 1138 3274 1198 lnereditatis
3299 1145 3528 1213 Domini,

1947 1223 2036 1292 qui
2063 1239 2130 1278 ex
2153 1239 2316 1294 parvo
2339 1225 2534 1296 lapide,
2563 1243 2723 1296 quem
2757 1229 2890 1284 vidit
2919 1227 3122 1298 Daniel,
3158 1236 3324 1290 crevit
3348 1249 3402 1292 et
3424 1241 3528 1295 im-

1948 1313 2108 1384 plevit
2133 1315 2436 1371 universam
2469 1325 2666 1372 terram
2696 1317 2857 1390 (Dan.
2885 1336 2941 1385 ιι,
2975 1321 3063 1389 54,
3087 1323 3199 1392 55).
3237 1324 3361 1381 Huic
3389 1342 3528 1396 prro-

1948 1417 2127 1474 parata
2153 1414 2234 1460 est
2265 1405 2518 1463 habitatio
2541 1407 2774 1463 Domini.
2795 1409 3072 1480 Templum
3101 1415 3244 1468 enim
3286 1416 3380 1472 Dei
3409 1431 3532 1473 san-

1946 1506 2090 1551 ctum
2115 1505 2217 1564 est,
2249 1507 2304 1552 et
2323 1499 2673 1555 sanctiﬁcatio
2698 1501 2888 1556 domus
2913 1503 3029 1573 ejus
3055 1519 3174 1575 quae
3203 1507 3268 1562 ab
3289 1507 3403 1578 ipso
3425 1518 3527 1566 est.

1945 1585 2214 1658 Templum
2249 1587 2381 1643 enim
2407 1587 2506 1644 Dei
2534 1599 2763 1644 sanctum
2802 1600 2897 1660 est,
2928 1593 3002 1648 ait
3041 1594 3351 1664 Apostolus,
3393 1598 3531 1668 quod

1943 1679 2061 1732 estis
2081 1695 2166 1734 vos
2195 1678 2238 1752 (l
2265 1680 2381 1735 Cor.
2414 1696 2493 1746 ιιι,
2524 1681 2637 1754 17).
2670 1682 2738 1738 Ει
2757 1697 2825 1739 ne
2845 1685 3120 1755 quisquam
3151 1688 3440 1758 respiceret
3463 1691 3530 1746 ad

1949 1781 2214 1829 terrenam
2270 1773 2598 1842 Jerusalem,
2653 1774 2744 1829 ubi
2799 1777 3054 1847 templum
3111 1779 3250 1835 istud
3307 1780 3528 1852 ﬁguram

1945 1861 2227 1933 quamdam
2264 1864 2628 1934 temporaliter
2656 1866 2840 1936 gessit,
2877 1866 3017 1922 sicut
3041 1871 3298 1940 oportuit,
3322 1872 3528 1943 signiﬁ-

1946 1954 2086 2009 cavit
2109 1953 2177 2010 de
2204 1969 2371 2025 regno
2391 1965 2593 2012 aeterno
2617 1971 2676 2012 se
2705 1957 2904 2026 dicere,
2927 1961 3066 2029 quod
3094 1969 3176 2016 est
3195 1970 3391 2018 aeterna
3423 1963 3532 2019 ha}.

1945 2043 2144 2100 reditas
2164 2046 2278 2113 Dei,
2302 2055 2500 2102 aeterna
2515 2046 2831 2103 Jerusalem.
2855 2049 3079 2104 Secutus
3099 2052 3238 2107 enim
3263 2053 3373 2108 ait:
3404 2053 3531 2119 Quae

1946 2147 2354 2208 prceparaverunt
2387 2155 2567 2193 manus
2595 2147 2713 2204 tum,
2736 2138 2970 2208 Domine,
2994 2141 3081 2212 qui
3103 2158 3285 2213 regnas
3309 2161 3525 2215 semper,

1945 2236 1992 2283 et
2017 2227 2071 2282 in
2096 2229 2475 2299 sempiternum,
2504 2240 2551 2284 et
2580 2230 2768 2301 adhuc.
2800 2232 2962 2286 Estne
2989 2233 3116 2303 quid
3142 2234 3275 2288 ultra
3301 2249 3458 2305 quam
3476 2236 3531 2290 in

1944 2317 2346 2389 sempiternum?
2379 2319 2508 2387 Quis
2536 2319 2638 2375 hoc
2664 2319 2890 2376 dixerit?
2927 2320 3035 2378 Cur
3060 2339 3187 2394 ergo
3223 2325 3446 2392 addidit,
3481 2337 3529 2381 ct

1945 2409 2154 2466 adhuc?
2193 2409 2358 2467 Forte
2381 2412 2505 2481 quia
2533 2412 2673 2468 solet
2717 2414 3100 2483 sempiternum
3143 2426 3199 2470 et
3236 2431 3334 2486 pro
3363 2416 3524 2487 longe

1946 2500 2105 2556 nimis
2126 2509 2364 2573 tempore
2385 2501 2629 2573 intelligi,
2657 2503 2724 2558 ad
2752 2503 2854 2559 hoc
2874 2504 3110 2560 additum
3139 2517 3239 2573 est,
3266 2517 3314 2561 et
3341 2507 3528 2574 adhuc,

1946 2601 2004 2647 ut
2025 2607 2210 2648 verum
2244 2594 2646 2664 sempiternum,
2676 2595 2818 2665 quod
2845 2597 2962 2652 sine
2991 2596 3096 2652 ﬁne
3123 2607 3231 2663 est,
3258 2598 3527 2668 intellige-

1945 2691 2110 2738 retur.
2136 2687 2219 2739 An
2247 2684 2368 2754 quia
2393 2694 2581 2756 regnat
2609 2687 2748 2741 Deus
2774 2689 3037 2758 semperin
3059 2690 3384 2757 cmlestibus,
3412 2707 3533 2762 quzc

1945 2777 2128 2832 statuit
2171 2776 2225 2832 in
2254 2777 2506 2832 saeculum
2537 2779 2737 2843 sazeuli,
2770 2789 3092 2851 praeceptum
3120 2783 3297 2852 posuit
3334 2791 3388 2838 et
3421 2798 3529 2840 non

1948 2868 2237 2938 praeteribit
2259 2868 2428 2940 (Psal.
2457 2884 2679 2936 chvm,
2705 2869 2795 2942 6);
2827 2879 2874 2925 et
2911 2873 2963 2925 in
2987 2875 3348 2944 sempiternum
3375 2875 3426 2929 in
3452 2875 3532 2930 eis

1946 2958 2136 3030 quibus
2179 2973 2246 3014 ex
2289 2959 2712 3030 transgressione
2752 2962 3004 3032 praecepti
3045 2971 3226 3033 postea
3255 2966 3532 3020 conversis

1949 3060 2171 3122 peccata
2198 3050 2420 3119 dimisit,
2445 3061 2499 3107 et
2523 3067 2617 3108 eos
2646 3053 2925 3123 acquisivit
2961 3070 3024 3110 ex
3063 3064 3322 3126 tempore,
3350 3057 3533 3128 eisque

1946 3141 2328 3197 beatitudinem
2366 3141 2484 3198 sine
2525 3142 2632 3198 ﬁne
2672 3144 2920 3212 donavit;
2960 3156 3145 3216 regnat
3187 3156 3232 3202 et
3273 3148 3442 3202 adhuc
3478 3149 3532 3204 in

1947 3247 2060 3301 eos,
2087 3247 2221 3304 quos
2249 3233 2347 3289 sub
2373 3235 2554 3305 populi
2592 3235 2674 3290 sui
2711 3235 2934 3306 pedibus
2957 3237 3010 3292 in
3046 3238 3318 3309 suppliciis
3339 3241 3529 3310 justis-

1948 3326 2102 3381 simis
2131 3325 2434 3381 ordinavit?
2481 3326 2661 3398 Neque
2704 3329 2846 3383 enim
2891 3330 3169 3401 quisquam
3209 3333 3324 3402 ejus
3365 3347 3531 3403 regno

1948 3415 2297 3484 subtrahitur,
2335 3416 2486 3487 cujus
2523 3425 2721 3472 :rterna
2751 3418 2866 3489 lege
2894 3419 2944 3472 in
2974 3419 3348 3477 distributione
3371 3421 3530 3477 dandi

1949 3517 2107 3578 atque
2143 3507 2397 3563 reddendi
2438 3516 2494 3564 et
2533 3509 2737 3564 meritis
2777 3505 3115 3580 praemiorum
3157 3521 3314 3584 atque
3341 3529 3530 3585 poena-

1949 3614 2088 3666 rum,
2124 3607 2178 3654 et
2197 3599 2491 3669 justissima
2515 3600 2848 3656 ordinatione
2869 3611 3126 3658 creatura:
3152 3615 3356 3660 cunctae
3375 3621 3530 3661 coer-

1949 3699 2156 3744 centur.
2188 3690 2327 3746 Deus
2352 3691 2493 3746 enim
2522 3691 2766 3761 superbis
2792 3693 3014 3760 resistit,
3048 3693 3334 3750 humilibus
3353 3705 3532 3751 autem

1950 3781 2040 3837 dat
2089 3783 2311 3854 gratiam
2365 3782 2566 3855 (Jacobi
2596 3800 2668 3851 tv,
2715 3783 2792 3855 6).
2847 3785 2980 3851 Quia
3025 3787 3231 3842 intravit
3284 3788 3533 3859 equitatus

1951 3873 2244 3929 Pharaonis
2285 3891 2397 3928 cum
2441 3874 2668 3931 curribus
2709 3886 2756 3930 et
2793 3877 3174 3932 adscensoribus
3199 3879 3251 3932 in
3289 3895 3460 3943 mare;
3485 3889 3533 3935 et

1949 3965 2161 4019 adduxit
2194 3983 2346 4036 super
2390 3983 2472 4022 eos
2507 3967 2752 4022 Dominus
2789 3985 2946 4038 aquas
2993 3970 3166 4024 maris.
3204 3968 3331 4024 Filii
3367 3979 3533 4023 autem

1951 4057 2117 4113 Israel
2141 4058 2520 4114 ambulaverunt
2546 4077 2636 4132 per
2662 4060 2870 4126 siccum,
2903 4078 2990 4131 per
3019 4062 3237 4115 medium
3264 4078 3420 4116 mare.

2020 4151 2074 4205 4.
2117 4149 2287 4203 Maria
2315 4160 2556 4221 tympano
2593 4161 2850 4222 assumpto
2878 4151 3145 4205 concinens
3173 4152 3293 4222 quid
3322 4152 3528 4223 ﬁgurat.

1953 4241 2062 4295 Hoc
2083 4242 2314 4294 cantavit
2340 4240 2549 4311 Moyses
2569 4251 2624 4295 et
2650 4242 2739 4295 ﬁlii
2766 4241 2950 4306 Israel,
2981 4241 3081 4297 hoc
3110 4241 3271 4296 Maria
3297 4241 3531 4312 preplie-

1952 4335 2077 4387 tissa
2105 4342 2157 4388 et
2191 4332 2312 4386 ﬁlia:
2339 4332 2497 4387 Israel
2542 4349 2662 4387 cum
2703 4337 2796 4400 ea,
2841 4333 2940 4387 hoc
2983 4342 3036 4387 et
3078 4348 3174 4389 nos
3213 4334 3392 4399 modo,
3421 4334 3534 4389 sive

1950 4425 2050 4478 viri
2075 4434 2127 4478 et
2153 4424 2381 4490 femiuzr,
2413 4425 2524 4480 sive
2554 4425 2770 4495 spiritus
2792 4438 2845 4480 et
2871 4440 2996 4479 caro
3027 4434 3228 4479 nostra.
3261 4425 3362 4491 Qui
3389 4426 3531 4480 enim

1948 4515 2075 4570 Jesu
2100 4514 2287 4569 Christi
2326 4527 2464 4584 sunt,
2495 4517 2570 4571 ait
2611 4517 2921 4587 Apostolus,
2965 4533 3168 4571 carnem
3193 4533 3337 4571 suam
3365 4518 3533 4570 cruei-

1908 4670 1923 4684 _
1951 4610 2172 4678 ﬁxerunt
2215 4623 2331 4663 cum
2361 4609 2678 4678 passionibus
2721 4617 2767 4662 et
2807 4609 3223 4678 concupiscentiis
3251 4607 3444 4679 (Galat.
3477 4626 3531 4675 v,

1950 4699 2063 4770 24).
2105 4700 2220 4756 Hoc
2261 4697 2562 4769 signiﬁcare
2603 4709 2956 4770 congruenter
2995 4699 3301 4769 intelligitur
3330 4709 3536 4770 tympa-

1952 4805 2100 4855 num,
2128 4789 2269 4860 quod
2296 4790 2583 4860 assmnpsit
2606 4790 2787 4854 Maria,
2805 4799 2860 4842 ut
2890 4790 3010 4844 huic
3035 4791 3239 4844 cantico
3267 4805 3534 4845 consona-

1951 4889 2056 4937 ret.
2087 4881 2144 4935 ln
2165 4882 2310 4952 ligno
2331 4882 2472 4936 enim
2495 4896 2620 4936 caro
2645 4881 2965 4946 extenditur,
2994 4890 3048 4935 ut
3069 4890 3375 4954 tympanum
3409 4883 3532 4937 ﬁat:

1952 4979 2006 5026 et
2023 4980 2095 5026 ex
2125 4986 2282 5027 cruce
2321 4971 2534 5026 discunt
2561 4986 2776 5025 suavem
2816 4985 3003 5025 sonum
3045 4972 3229 5042 gratiae
3263 4971 3530 5028 conﬁteri.

1953 5061 2193 5116 llumiles
2222 5077 2348 5130 ergo
2373 5076 2469 5131 per
2497 5060 2825 5131 Baptismum
2855 5061 2977 5116 laeti
3013 5063 3196 5132 gratia:
3236 5063 3450 5132 pietate,
3482 5073 3537 5118 et

1953 5151 2211 5206 exstincta
2233 5151 2303 5206 ibi
2330 5161 2511 5206 nostra
2539 5153 2806 5222 superbia,
2841 5167 2937 5222 per
2965 5169 3121 5223 quam
3144 5155 3404 5223 superbus
3435 5156 3540 5210 ini-

1953 5244 2121 5298 micus
2159 5244 2313 5298 nobis
2355 5245 2748 5313 dominabatur,
2795 5255 2851 5300 ut
2880 5246 2989 5316 jam
3026 5252 3112 5316 qui
3151 5247 3430 5318 gloriatur,
3475 5247 3530 5304 in

1954 5334 2180 5390 Domino
2219 5335 2474 5405 glorietur
2518 5335 2559 5410 (Ι
2587 5336 2708 5393 Cor.
2748 5353 2786 5405 ι,
2816 5336 2927 5407 51),
2968 5335 3238 5391 Cantemus
3268 5337 3482 5391 [)oinino
3512 5352 3532 5392 :

1953 5428 2170 5501 gloriose
2197 5429 2328 5483 enim
2353 5430 2706 5502 magniﬁcatus
2740 5440 2849 5497 est;
2877 5445 3056 5502 equum
3080 5439 3127 5484 et
3156 5431 3366 5502 equitem
3407 5446 3530 5501 pro-

1945 5523 2072 5593 jecit
2098 5523 2150 5578 in
2172 5539 2328 5580 mare.
