4080 6360
1369 687 2312 811 εειιιιιοιιιεε
2384 696 2950 808 DUBII.

1059 899 1185 956 Quos
1208 897 1334 945 inter
1351 895 1434 958 qui
1459 893 1548 943 visi
1571 898 1682 940 sunt
1696 891 1855 940 minus
1875 883 2068 940 referre
2093 889 2426 950 Augustinum,
2453 889 2578 951 typis
2600 889 2934 942 minutioribus
2952 894 3263 945 exhibentur.

1967 1020 2334 1072 *θΟΟΟέ-ο·

974 1179 1204 1236 SERMO
1239 1173 1526 1232 CCCLXIV
1561 1177 1577 1195 ⁴
1611 1172 1710 1243 (tt).

771 1316 846 1372 De
867 1316 1113 1371 Samsorle
1147 1311 1241 1385 (ll).
1275 1309 1450 1364 Judic.
1483 1324 1633 1377 capp.
1659 1307 1892 1359 irin-xw.

610 1451 663 1504 ί.
693 1446 967 1502 Fortitudo
991 1445 1210 1499 Samson
1243 1457 1304 1495 ex
1351 1439 1550 1510 Spiritu
1581 1436 1695 1491 Dei.
1718 1434 1943 1528 Samson
1971 1426 2122 1528 forti:

542 1538 776 1594 tudinem
818 1535 1001 1590 habuit
1040 1534 1107 1589 de
1153 1532 1339 1602 gratia,
1384 1544 1490 1584 non
1534 1526 1603 1581 de
1643 1533 1851 1579 natura.
1901 1519 2031 1619 Νςιιιι
2068 1519 2119 1619 ὲεἰ

537 1611 689 1686 fortis
708 1635 852 1684 esset
892 1633 1103 1692 natura,
1129 1638 1251 1678 cum
1277 1621 1326 1676 ei
1353 1619 1576 1697 capillus
1611 1616 1940 1674 demeretur,
1961 1610 2114 1663 forti-

535 1718 663 1774 tudo
678 1731 783 1772 non
805 1698 1145 1770 adimeretur.
1173 1711 1240 1766 Et
1255 1711 1340 1765 ubi
1357 1717 1471 1763 erat
1497 1707 1583 1761 illa
1613 1701 1977 1775 potentissima
2004 1697 2115 1752 for-

535 1809 722 1875 titudo,
753 1807 853 1863 nisi
885 1808 935 1860 in
964 1822 1028 1860 eo
1065 1803 1204 1874 quod
1225 1801 1493 1870 Scriptura
1522 1796 1674 1861 dixit,
1706 1775 1976 1846 Incedebat
2003 1804 2118 1840 cum

531 1902 622 1955 illo
651 1898 876 1970 Spiritus
905 1895 1115 1950 Domini
1138 1895 1162 1947 ?
1201 1893 1279 1948 Ad
1311 1889 1518 1945 Domini
1546 1886 1797 1955 Spiritum
1824 1877 2120 1950 pertinebat

532 1994 623 2047 illa
652 1989 925 2047 fortitudo.
956 1989 1010 2042 In
1033 1988 1258 2042 Samson
1286 1997 1378 2036 vas
1412 1988 1548 2046 erat,
1580 1979 1631 2032 in
1651 1975 1851 2046 Spiritu
1884 1971 2110 2042 plenitu-

529 2084 600 2138 do
625 2091 761 2139 erat.
791 2080 896 2135 Vas
917 2078 1123 2149 impleri
1153 2087 1206 2132 et
1229 2073 1491 2131 exinaniri
1518 2079 1710 2153 potest.
1737 2066 1907 2122 Omne
1931 2074 2108 2117 autem

530 2190 624 2229 vas
647 2173 858 2228 aliunde
881 2171 1042 2226 habet
1065 2168 1539 2243 complementum.
1566 2163 1692 2217 Ideo
1724 2159 1776 2214 in
1806 2157 1972 2243 Paulo
2001 2155 2114 2225 ipsa

461 2305 474 2312 -
526 2265 696 2335 gratia
715 2261 1083 2320 commendata
1113 2269 1218 2327 est,
1249 2257 1464 2328 quando
1492 2255 1666 2335 dictus
1691 2261 1773 2308 est
1800 2266 1885 2304 vos
1909 2245 2114 2335 electio-

527 2334 606 2410 nis
633 2355 792 2424 (Act.
827 2369 899 2418 tx,
931 2345 1053 2421 15).
1085 2349 1372 2417 Videamus
1415 2361 1544 2441 εἰει)
1569 2340 1866 2441 AllOphvlis
1896 2334 2108 2441 qualem

526 2444 835 2515 parabolam
861 2442 1086 2499 Samson
1107 2438 1399 2510 preposuit.
1447 2434 1526 2489 De
1553 2436 1748 2500 edente,
1782 2431 1972 2518 inquit,
2027 2443 2114 2519 eat-.-

533 2520 620 2591 ivit
642 2536 803 2603 cibus,
831 2545 878 2590 et
927 2534 991 2588 de
1037 2533 1158 2603 [orti
1199 2541 1271 2586 est
1299 2545 1495 2601 egressa
1525 2526 1759 2582 dulcedo.
1789 2521 2000 2580 Prodita
2032 2530 2116 2576 est

527 2626 926 2700 haecparabola,
980 2627 1152 2681 delata
1203 2624 1270 2679 ad
1313 2623 1533 2686 amicos,
1574 2619 1749 2675 soluta
1796 2625 1909 2687 est;
1941 2615 2114 2700 victus

525 2731 609 2777 est
631 2695 875 2777 Samson.
905 2695 1002 2773 llic
1029 2718 1072 2772 si
1092 2717 1274 2788 justus
1289 2724 1393 2780 est,
1427 2715 1555 2769 latet
1589 2730 1602 2766 :
1633 2709 1783 2766 valde
1805 2709 1858 2764 in
1889 2695 2112 2778 profun-

529 2794 600 2868 do
627 2823 710 2870 est
739 2812 898 2884 hujus
935 2811 1033 2866 viri
1063 2811 1286 2880 iustitia.
1330 2809 1462 2864 Nam
1489 2815 1543 2862 et
1567 2805 1706 2876 quod
1732 2803 1922 2874 legitur
1942 2802 2112 2857 victus

525 2888 793 2960 blanditiis
831 2902 1195 2969 muliebribus,
1225 2899 1439 2971 etquod
1474 2900 1539 2953 ad
1566 2896 1900 2977 meretricem
1945 2894 2110 2978 intra-

537 2999 633 3065 vit,
654 2996 864 3052 videtur
889 2995 1044 3065 hujus
1062 2994 1306 3050 meritum
1333 2992 1581 3048 vacillare
1608 2990 1782 3045 minus
1805 2987 2110 3057 intelligan

533 3087 675 3142 tibus
697 3095 903 3142 secreta
930 3085 1187 3140 veritatis.
1230 3083 1360 3138 Nam
1383 3091 1440 3138 et
1464 3081 1719 3153 propheta
1752 3095 1970 3135 uxorem
1999 3095 2113 3134 me-

525 3177 772 3231 retricem
801 3183 1066 3246 praecepto
1093 3174 1302 3228 Domini
1339 3173 1557 3243 jnbctur
1603 3171 1848 3241 accipere
1880 3169 2033 3254 (Osee
2067 3183 2108 3234 t,

522 3268 616 3340 2).
642 3267 891 3323 Fortasse
933 3266 1226 3336 poterimus
1279 3264 1459 3320 dicere
1513 3264 1698 3319 hocin
1731 3257 2111 3318 veteri'l‘csta-

524 3363 707 3416 mento
756 3359 1042 3414 criminosa
1079 3359 1162 3414 vel
1200 3357 1518 3412 damnabilia
1552 3372 1657 3410 non
1683 3356 1864 3422 fuisse,
1897 3355 2110 3426 quando

523 3451 742 3521 quidem
781 3450 881 3506 hoc
906 3449 1049 3521 quod
1077 3450 1287 3506 dicebat
1313 3450 1397 3504 vel
1421 3449 1626 3520 agebat,
1661 3447 1940 3520 prophetia
1971 3456 2104 3503 erat.

527 3540 879 3612 lthuiramus
907 3556 1035 3610 ergo
1064 3540 1188 3612 quid
1227 3531 1605 3610 signiﬁcaverit
1655 3540 1848 3605 victus,
1891 3539 2016 3608 quid
2037 3539 2109 3592 si-

523 3631 856 3700 gniﬁcaverit
880 3630 1069 3699 victor,
1115 3629 1238 3700 quid
1269 3629 1642 3700 signiﬁcaverit
1664 3627 1864 3684 cedens
1898 3629 2108 3683 blandi-

527 3722 613 3778 tiis
633 3720 1001 3786 muliebribus,
1030 3721 1156 3791 quid
1185 3721 1564 3792 significaverit
1588 3720 1819 3803 prodens
1840 3730 2106 3807 secretum

525 3810 810 3884 parabolae,
859 3812 986 3884 quid
1012 3812 1388 3884 signiﬁCaverit
1414 3813 1617 3869 intrans
1640 3811 1709 3868 ad
1747 3813 2104 3880 meretricem,

523 3901 650 3973 quid
670 3901 1048 3973 signiﬁcaverit
1077 3902 1263 3971 vulpes
1290 3902 1526 3973 capiens,
1557 3911 1614 3958 et
1635 3903 1731 3973 per
1763 3903 1960 3958 caudas
1985 3903 2105 3958 vul-

524 3992 691 4064 pium,
713 3993 904 4064 quibus
934 3993 1107 4062 ignem
1142 3992 1392 4063 alligavit,
1435 3993 1770 4048 inimicorum
1801 3991 2002 4049 fructus
2021 3993 2106 4048 in-

524 4082 781 4139 cendens.
813 4081 958 4150 Quos
983 4082 1192 4153 quidem
1212 4083 1413 4138 fruetus
1433 4083 1500 4140 de
1525 4083 1840 4154 compendio
1857 4084 2108 4140 incende-

523 4189 583 4230 rc
605 4175 796 4246 potuit,
818 4175 861 4230 si
903 4190 1008 4228 non
1067 4175 1119 4229 in
1164 4175 1411 4246 vulpibus
1455 4177 1767 4248 mysterium
1824 4177 2104 4249 cogitaret.

523 4264 787 4336 Numquid
815 4267 958 4322 enim
1011 4253 1204 4337 stipula
1246 4252 1394 4322 arida
1423 4268 1615 4350 ardere
1645 4284 1765 4350 non
1783 4270 1974 4340 potuit,
2002 4269 2105 4326 nisi

523 4359 700 4430 ignem
752 4363 848 4428 per
902 4367 1019 4412 eam
1077 4359 1264 4428 vulpes
1316 4344 1704 4418 transferrent?
1745 4346 2106 4432 lntelligamus

522 4465 653 4523 ergo
678 4449 896 4522 grandia
925 4451 1088 4506 latere
1119 4452 1392 4522 mysteria.

587 4605 604 4626 "
635 4604 927 4656 Emeridaths
944 4604 1004 4654 ad
1025 4605 1075 4654 b.
1102 4605 1164 4656 cl.
1191 4603 1276 4656 fit].
1301 4620 1344 4657 r.
1371 4613 1423 4657 et
1445 4607 1503 4658 ad
1525 4617 1624 4658 Am.
1649 4613 1724 4658 Er.
1750 4612 1851 4660 Par.
1877 4615 1986 4662 [οῦ.

609 4687 660 4751 (ι)
685 4686 911 4751 ΑΙὶειειᾷθ
935 4695 1172 4751 Tempore
1198 4690 1302 4740 107.

611 4748 660 4812 b)
684 4749 919 4814 Possidius
940 4751 989 4799 in
1009 4748 1235 4814 lodicula,
1259 4765 1364 4814 cap.
1393 4751 1466 4813 10,
1487 4761 1716 4804 recenset
1733 4761 1985 4806 tractatum
2003 4757 2104 4808 «de

531 4828 554 4856 α
576 4818 770 4889 sainscn
793 4811 925 4859 etde
948 4824 1092 4889 versu
1097 4811 1283 4880 ysalmi
1305 4811 1384 4875 57,
1411 4811 1803 4889 {cuius‘partem
1828 4831 2104 4889 reprmsen-

525 4872 617 4920 tari
641 4872 926 4932 arbitramur
951 4873 996 4920 in
1022 4872 1112 4922 isto
1147 4872 1392 4924 sermone.
1430 4872 1533 4926 Finit
1574 4872 1692 4925 alias
1730 4872 2105 4932 Lemnienside

523 4931 1086 5000 dubius,Verli-,ioautem
1102 4942 1154 4984 et
1169 4944 1188 4981 \
1201 4937 1397 5000 indingo
1418 4939 1624 5000 spurius.
1641 4946 1771 4988 Nunc
1791 4947 1929 4989 certe
1953 4931 2106 4993 multo

515 5007 672 5056 quam
692 4999 851 5066 _antca
877 4991 1058 5066 _me.lipr
1097 4991 1362 5066 aut_minu§
1381 4991 1605 5066 indignus
1628 5003 1891 5062 Augustino
1914 4991 2102 5066 prodit,

527 5054 818 5125 (attendatus
834 5054 891 5103 ad
917 5055 1073 5126 varios
1093 5058 1285 5126 codices
1313 5054 1682 5126 manuscriptos;
1697 5054 2104 5126 quorum-aucto:

524 5117 739 5186 ritate-in
759 5129 820 5186 eo
839 5117 1059 5186 quasdam
1079 5121 1394 5186 restinximus,
1413 5117 1632 5186 quaedam
1654 5117 1950 5177 resecamus.
1966 5134 2106 5179 Exora

524 5176 658 5261 dium
675 5178 725 5261 in
741 5176 1090 5261 priest-esensis
1105 5181 1237 5261 istud
1260 5176 1471 5261 habebat
1487 5200 1513 5261 ς,
1529 5203 1551 5232 (ί
1571 5192 1624 5258 tn
1646 5185 1864 5261 lectione
1875 5176 1981 5260 ista,
1992 5176 2104 5261 qua:

533 5251 556 5283 α
581 5241 718 5307 nobis
753 5240 954 5307 recitata
979 5247 1080 5301 est,
1105 5241 1283 5294 fratres
1320 5246 1610 5307 cbarissimi,
1635 5246 1784 5297 multa
1821 5256 1872 5298 et
1907 5240 2106 5302 nimium

531 5315 556 5344 ι
577 5302 782 5376 obseura
802 5301 962 5376 divina
996 5307 1222 5376 misteria
1239 5309 1564 5376 continentur.
1587 5301 1701 5367 Quae
1727 5311 1840 5376 quia
1872 5325 1968 5361 non

531 5378 556 5407 ι
578 5370 690 5410 sunt
704 5363 920 5426 breviter
940 5363 1189 5426 explicari,
1206 5368 1296 5416 hac
1315 5365 1419 5418 sola
1443 5382 1504 5418 ex
1528 5363 1671 5418 causa
1692 5363 1899 5422 Psahnos
1916 5363 2105 5425 malui-

532 5440 555 5468 ι
579 5432 667 5499 tros
689 5425 958 5499 temperius
975 5425 1209 5499 valuimus
1221 5441 1580 5499 consummare,
1613 5443 1678 5499 ne
1703 5445 1788 5499 vos
1816 5447 2106 5499 sermopro-

534 5501 556 5529 ι
581 5483 722 5551 I'xior
746 5483 986 5551 fatigaret.
1012 5494 1065 5537 Et
1086 5490 1199 5551 quia
1221 5490 1336 5539 hora
1371 5483 1788 5543 consuetudinaria
1809 5495 1876 5544 de
1897 5483 2105 5550 amnesin

531 5563 555 5590 ι
579 5547 759 5595 exituri
783 5547 920 5613 estis,
947 5561 1006 5597 ea
1035 5547 1146 5611 quin
1183 5552 1384 5613 dicenda
1417 5561 1556 5613 sunt,
1595 5556 1862 5605 secundum
1893 5547 2106 5610 veStratn

531 5623 551 5652 σ
574 5608 991 5686 οριιδιιριιιόἱιιθιῐιι,
1017 5608 1126 5686 cum
1148 5610 1342 5686 silentio
1366 5621 1417 5685 et
1433 5608 1603 5686 quiete
1629 5623 1816 5686 attento
1838 5608 1997 5686 animo
2018 5608 2104 5671 an:

531 5685 554 5711 ι
575 5669 693 5716 dite.
717 5678 929 5781 Samson,
955 5671 1130 5723 fratres
1164 5669 1481 5740 dilectissimi,
1499 5694 1522 5724 ιι
1547 5685 1645 5729 etc.
1668 5681 1815 5732 Abest
1839 5681 1887 5731 id
1909 5669 2106 5735 totum}

531 5740 794 5781 utanuscrm
815 5745 872 5781 is.

525 5740 872 5794 utanuscrtptts.

2299 1140 2354 1194 2.
2381 1141 2445 1195 In
2476 1143 2723 1198 Samsone
2750 1141 2998 1216 ﬁguratus
3041 1148 3299 1228 Christus.
3337 1150 3479 1206 Uxor
3521 1153 3809 1212 Samsonis.

2229 1234 2496 1289 Problema
2515 1237 2696 1308 ipsius.
2735 1238 2870 1305 Quid
2897 1250 3011 1294 erat
3038 1241 3300 1315 Samson?
3329 1244 3385 1299 Si
3426 1245 3618 1313 dicam,
3641 1247 3808 1305 Chri-

2225 1335 2365 1380 stum
2415 1327 2741 1396 signiﬁcabat
2773 1346 2786 1384 :
2824 1344 3008 1384 verum
3065 1331 3193 1385 mihi
3237 1332 3418 1389 dicere
3456 1336 3678 1399 videor;
3707 1337 3806 1394 sed

2223 1418 2476 1473 continuo
2520 1420 2750 1475 occurrit
2796 1423 3169 1492 cogitantibus,
3211 1425 3278 1479 Et
3303 1427 3547 1484 Christus
3570 1430 3810 1486 vincitur

2225 1508 2493 1564 blanditiis
2521 1511 2911 1567 muliebribus?
2943 1515 3006 1569 Et
3043 1515 3286 1571 Christus
3312 1521 3579 1588 quomodo
3611 1522 3808 1578 intelli-

2221 1599 2362 1674 gitur
2406 1600 2474 1655 ad
2525 1603 2863 1658 meretricem
2905 1605 3104 1662 intrare
3154 1609 3430 1677 potuisse?
3472 1611 3704 1682 Deinde,
3753 1626 3813 1671 et

2220 1689 2464 1745 Christus
2488 1693 2700 1770 quando
2722 1697 2894 1770 capite
2939 1697 3184 1767 nudatur,
3215 1702 3658 1771 capillo.raditur,
3686 1708 3803 1781 vir-

2223 1790 2331 1837 tute
2375 1783 2650 1852 spoliatur,
2692 1786 2956 1856 alligatur,
3007 1800 3325 1868 exerceatur,
3373 1790 3808 1854 illuditur?Evi-

2219 1871 2344 1949 gila,
2377 1872 2526 1939 ﬁdes,
2545 1876 2758 1931 attende
2779 1878 2903 1948 quid
2925 1881 2992 1934 sit
3029 1868 3292 1949 Christus,
3326 1901 3428 1939 non
3460 1888 3632 1942 solum
3667 1891 3802 1960 quid

2219 1958 2362 2027 fecit,
2394 1962 2488 2017 sed
2517 1967 2674 2019 etiam
2699 1967 2825 2036 quid
2865 1983 3050 2038 passus
3076 1981 3158 2027 est
3181 1972 3440 2030 Christus.
3469 1978 3604 2046 Quid
3628 1958 3805 2036 fecit?

2218 2050 2479 2120 Oper-atus
2526 2055 2625 2116 est,
2678 2065 2736 2109 ιιι
2784 2058 2970 2113 fortis:
3001 2075 3188 2128 passus
3215 2073 3328 2131 est,
3361 2074 3416 2119 ut
3445 2067 3792 2126 inﬁrmuan

2219 2155 2326 2221 uno
2355 2141 2588 2214 intelligo
2609 2153 2914 2216 utrumque.
2941 2148 3108 2206 Video
3135 2152 3495 2212 fortitudinem
3534 2157 3656 2214 Filii
3679 2161 3800 2228 Dei,

2217 2233 2372 2288 video
2396 2235 2756 2293 inﬁrmitatem
2773 2241 2862 2295 ﬁlii
2881 2241 3129 2299 hominis.
3157 2245 3376 2302 Accedit
3398 2257 3454 2304 et
3477 2250 3646 2319 aliud,
3664 2254 3792 2324 quia

2215 2328 2460 2385 Christus
2486 2339 2647 2398 totus,
2678 2335 2963 2404 quomodo
2986 2352 3107 2393 eum
3129 2338 3399 2411 Scriptura
3426 2346 3796 2416 commendat,

2216 2427 2271 2510 et
2298 2427 2455 2490 caput
2483 2429 2538 2476 et
2559 2436 2752 2492 corpus
2772 2433 2872 2479 est.
2913 2426 3060 2504 Sicut
3087 2429 3338 2487 Ecclesia:
3361 2443 3616 2504 caputest
3638 2435 3806 2510 Chri-

2215 2500 2347 2590 stus,
2376 2509 2448 2564 ita
2471 2510 2664 2566 Christi
2690 2528 2883 2592 corpus
2937 2500 3172 2575 Ecclesia
3212 2530 3296 2576 est
3323 2521 3342 2591 (
3373 2500 3560 2593 Ephes.
3599 2540 3673 2594 iv,
3703 2505 3804 2596 15,

2215 2609 2261 2654 ct
2285 2598 2479 2656 Coloss.
2511 2618 2550 2670 ι,
2591 2603 2658 2658 l8
2687 2606 2726 2674 ).
2761 2606 2826 2660 Et
2845 2607 2957 2662 sola
2975 2595 3186 2679 quidem
3222 2621 3282 2666 ut
3308 2628 3413 2668 non
3441 2615 3526 2680 sit,
3555 2630 3676 2670 cum
3702 2632 3800 2673 ea-

2217 2691 2323 2760 pite
2350 2695 2875 2774 suototusChristus
2892 2708 2992 2754 est.
3022 2701 3191 2758 Habet
3225 2718 3352 2776 ergo
3382 2705 3620 2762 Ecclesia
3647 2709 3699 2764 in
3727 2725 3794 2766 se

2214 2778 2400 2850 fortes,
2424 2768 2582 2839 habet
2607 2769 2882 2852 inﬁrmos;
2911 2789 3066 2846 habet
3085 2807 3179 2848 eos
3211 2768 3314 2864 qui
3326 2795 3497 2851 solido
3546 2813 3683 2867 pane
3705 2815 3802 2855 ve—

2215 2883 2460 2942 scuntur,
2480 2874 2638 2931 habet
2657 2893 2750 2933 eos
2765 2880 2854 2950 qui
2874 2880 3048 2937 adhuc
3064 2883 3196 2939 laete
3213 2886 3475 2942 nutriendi
3489 2889 3804 2946 sunt.Add0‘

2213 2965 2375 3032 aliud,
2404 2968 2546 3038 quod
2587 2985 2807 3026 necesse
2839 2982 2920 3028 est
2974 2975 3213 3031 conﬁteri
3241 2995 3254 3031 :
3284 2978 3336 3032 in
3379 2980 3492 3050 ipsa
3539 2983 3800 3059 societate

2213 3055 2699 3128 Sacramenlorum,
2714 3065 3191 3124 communicatione
3202 3069 3272 3123 Ba
3279 3064 3561 3140 ptismatis,
3576 3055 3797 3144 partici-

2214 3147 2430 3219 patione
2469 3150 2686 3219 Altaris,
2718 3154 2878 3210 habet
2908 3156 3103 3234 justos,
3136 3158 3296 3239 habet
3343 3162 3587 3232 injustas.
3635 3164 3800 3221 Modo

2211 3240 2353 3295 enim
2382 3257 2578 3312 corpus
2599 3243 2821 3326 Christi,
2846 3247 2986 3316 quod
3002 3249 3190 3317 nos1is,
3219 3249 3272 3306 in
3301 3266 3426 3308 area
3456 3264 3538 3309 est
3563 3269 3577 3319 ;
3601 3265 3794 3325 postea

2213 3332 2266 3386 in
2285 3331 2481 3390 horreo
2504 3340 2624 3391 erit.
2681 3338 2880 3393 Tamen
2926 3355 3047 3396 cum
3074 3342 3127 3396 in
3155 3359 3278 3400 area
3303 3355 3403 3412 est,
3447 3362 3550 3404 non
3580 3360 3803 3408 recusat

2213 3423 2392 3491 paleas
2417 3426 2684 3506 sustinere
2716 3445 2730 3481 :
2777 3444 2898 3483 eum
2932 3440 3139 3502 tempus
3161 3433 3439 3492 advenerit
3471 3441 3789 3510 reponendi,

2211 3515 2445 3572 triticum
2493 3533 2523 3571 a
2574 3519 2741 3588 paleis
2783 3523 3076 3598 segregabit
3114 3522 3328 3594 (Matth.
3369 3544 3446 3595 ιιι,
3485 3529 3606 3603 12).
3638 3532 3797 3599 Qum.

2210 3607 2333 3662 dam
2361 3613 2489 3676 ergo
2536 3608 2660 3665 fecit
2699 3611 2926 3668 Samson
2951 3629 3016 3668 ex
3044 3631 3268 3686 persona
3314 3621 3522 3692 capitis,
3548 3624 3798 3694 quaedam

2211 3713 2277 3754 ex
2305 3714 2530 3770 persona
2574 3705 2838 3773 corporis,
2895 3715 3060 3777 totum
3087 3716 3264 3766 tamen
3291 3727 3356 3768 ex
3383 3730 3610 3784 persona
3635 3717 3797 3774 Chri-

2210 3790 2298 3844 sti.
2326 3790 2382 3844 ιιι
2399 3805 2466 3845 eo
2494 3792 2636 3847 enim
2663 3794 2804 3862 quod
2831 3796 3052 3854 virtutes
3072 3807 3126 3854 et
3153 3801 3414 3858 mirabilia
3434 3815 3686 3875 operatus
3708 3818 3799 3866 est

2209 3879 2460 3949 Samson,
2487 3894 2646 3953 caput
2673 3883 2928 3942 Ecclesia:
2957 3888 3227 3946 Christum
3253 3878 3566 3964 signiﬁcavit
3590 3917 3604 3953 :
3645 3880 3698 3955 in
3725 3916 3798 3957 eo

2209 3980 2389 4026 autem
2420 3972 2563 4042 quod
2615 3975 2904 4045 prudenter
2929 3977 3072 4046 fecit,
3104 3981 3318 4061 illorum‘
3338 3986 3427 4056 qui
3463 3987 3516 4042 in
3547 3989 3788 4048 Ecclesia

2206 4061 2348 4132 jnste
2363 4064 2546 4134 vivunt
2571 4065 2852 4149 imaginem
2877 4071 3083 4155 gessit:
3117 4058 3206 4129 ubi
3232 4058 3366 4132 ferte
3389 4090 3688 4148 prmventus
3704 4092 3793 4140 est

2209 4165 2263 4210 et
2287 4153 2497 4214 incaute
2519 4145 2651 4242 egit,
2671 4175 2766 4242 eos
2792 4153 2882 4233 qui
2921 4147 3240 4244 iuni-Ecclesia
3270 4145 3576 4240 peceatores
3603 4185 3729 4231 sunt
3746 4178 3788 4245 ι,

2209 4245 2472 4337 ﬁguravit.
2501 4236 2750 4308 Meretrix
2777 4270 2935 4325 quam
2957 4241 3182 4316 Samson
3200 4261 3250 4316 in
3271 4236 3578 4335 conjugium
3605 4236 3793 4337 sumit;

2211 4327 2448 4396 Ecclesia
2475 4353 2576 4409 est,
2608 4360 2727 4424 qua:
2750 4357 2876 4404 ante
2900 4351 3222 4421 agnitionem
3253 4327 3412 4411 unius
3431 4327 3525 4413 Dei
3541 4373 3662 4414 cum
3684 4360 3796 4417 ido-

2209 4430 2273 4520 lis
2303 4431 2557 4489 fornicata
2583 4433 2883 4517 fuit,'quam
2922 4438 3106 4511 postea
3131 4443 3231 4499 sibi
3259 4444 3499 4503 Christus
3527 4448 3792 4520 adiunxit.

2209 4517 2495 4593 Postquam
2514 4541 2639 4582 vero
2666 4526 2734 4583 ab
2762 4542 2829 4585 eo
2848 4529 3138 4588 illuminata
3167 4534 3328 4592 ﬁdem
3356 4517 3610 4611 suscepit,
3627 4540 3794 4598 etiam

2142 4643 2144 4646 ν
2209 4614 2311 4671 hoc
2342 4619 2555 4684 meruit,
2589 4629 2650 4676 ut
2689 4636 2786 4692 per
2821 4638 2942 4679 eum
2995 4627 3182 4684 Salutis
3226 4641 3559 4688 sacramenta
3587 4647 3795 4704 cegno-

2208 4717 2401 4776 sceret,
2432 4711 2583 4768 etab
2608 4713 2798 4770 eodem
2847 4717 3214 4775 revelarentur
3237 4722 3286 4777 ei
3325 4727 3579 4794 mysteria
3615 4729 3792 4786 emta-

2208 4801 2377 4885 stium
2397 4813 2744 4860 secretorum.
2775 4807 2908 4863 Nam
2964 4813 3189 4881 quaestio
3225 4813 3338 4884 ipsa
3371 4832 3489 4887 qua:
3522 4820 3786 4890 continet,

2207 4891 2287 4948 De
2309 4881 2482 4977 edente
2504 4898 2658 4978 exivit,
2697 4899 2854 4965 cibus,
2877 4911 2922 4956 et
2947 4902 3010 4956 de
3037 4905 3157 4974 forti
3203 4881 3276 4960 est
3313 4881 3515 4978 egressa
3550 4881 3788 4980 dulcedo,

2206 4984 2331 5054 quid
2354 4971 2497 5042 aliud
2524 4975 2784 5059 signiﬁcat
2812 5007 2972 5061 quam
2991 4971 3257 5050 Christum
3284 5012 3313 5050 a
3341 4971 3566 5054 mortuis
3601 4971 3790 5056 resur;

2206 5083 2418 5146 gentem
2444 5077 2567 5133 ‘tDe
2616 5080 2808 5136 edente
2854 5084 3054 5153 utique,
3107 5085 3161 5140 id
3198 5095 3300 5152 est,
3349 5089 3415 5144 de
3459 5101 3630 5148 morte
3669 5109 3794 5163 quas

2208 5175 2396 5222 cuncta
2421 5167 2642 5224 devorat
2689 5180 2848 5242 atque
2875 5176 3160 5243 consumit,
3209 5179 3375 5235 exivit
3397 5181 3546 5237 cibus
3576 5183 3665 5238 ille
3698 5184 3796 5254 qui

2207 5254 2360 5323 dixit,
2384 5257 2494 5328 Ego
2526 5277 2636 5314 sum
2657 5267 2803 5331 panis
2828 5264 2986 5332 vivus,
3001 5266 3088 5336 qui
3107 5267 3166 5321 de
3185 5269 3308 5322 ctelo
3335 5269 3568 5326 descendi
3590 5274 3608 5344 (
3629 5274 3801 5335 Joan.

2208 5363 2283 5413 vr,
2315 5349 2378 5404 41
2410 5347 2451 5421 ).
2484 5349 2652 5417 Quem
2694 5352 2924 5410 humana
2967 5359 3304 5415 exacerbavit
3333 5362 3603 5433 iniquitas,
3629 5375 3682 5421 et
3705 5367 3794 5427 cui

2209 5439 2345 5493 aceti
2391 5450 2445 5493 et
2476 5440 2615 5496 fellis
2663 5443 3071 5502 amaritudinem
3103 5449 3422 5519 prepinavit,
3453 5454 3521 5507 ab
3549 5470 3612 5510 eo
3639 5456 3795 5526 plebs

2217 5523 2467 5585 Gentium
2499 5532 2618 5588 vita:
2648 5533 2982 5593 dulcedinem
3036 5553 3292 5596 conversa
3326 5544 3576 5615 suscepit.
3607 5523 3687 5601 Ac
3710 5548 3794 5604 sic

2276 5688 2294 5761 ξ
2329 5695 2455 5746 Mss,
2483 5687 2665 5761 inﬁt-ini
2685 5690 2984 5761 stmt.nraulo
3017 5699 3144 5761 post,
3183 5691 3309 5761 loco,
3339 5694 3601 5761 meretrix,
3629 5697 3793 5751 verit!

2217 5753 2258 5801 si
2283 5751 2677 5816 lcgatur,nmlicr
2701 5765 2764 5803 ea:
2782 5751 3075 5819 alienigenis,
3115 5765 3166 5806 ut
3193 5751 3310 5807 alias
3332 5751 3640 5820 Augustinus.
