4046 6360
505 345 648 406 ﬂii-3

511 469 656 518 stum
688 473 793 516 non
811 455 1004 510 licebat
1029 451 1292 508 occidere.
1317 447 1573 504 Dicebant
1590 443 1776 514 judici,
1801 439 1962 496 Nobis
1987 453 2089 492 non

513 553 630 608 licet
668 547 892 614 occidere
933 546 1152 616 aliquem
1181 541 1378 615 .(Jean.
1421 553 1578 602 xvnt,
1619 535 1734 607 51).
1785 531 2098 588 Decalvatns

513 655 597 702 est
641 643 901 707 Samson,
945 638 1176 694 revelata
1227 641 1352 690 sunt
1393 632 1684 690 condensa,
1725 634 1987 682 remotum
2016 629 2101 676 est

515 736 872 792 velamentum
895 749 908 798 ;
937 739 992 784 et
1016 727 1260 782 Christus
1279 725 1369 795 qui
1399 723 1594 778 latebat
1621 718 1887 790 apparuit.
1910 711 2096 784 Capilli

511 837 691 884 autem
723 821 940 878 redivivi
970 829 1129 889 caput
1161 817 1456 872 vestierunt
1486 832 1500 870 :
1540 811 1662 882 quia
1692 809 1860 864 Judaei
1888 821 1988 862 nec
2017 820 2102 857 re-

513 927 826 990 surgentem
855 913 1126 970 Christum
1155 908 1380 966 credere
1406 905 1707 961 voluerunt.
1739 899 1860 955 Fuit
1883 896 2100 968 quidem

518 1013 574 1068 in
609 1007 918 1065 molendino
963 1012 1216 1068 emeatus,
1249 1001 1342 1058 fuit
1387 999 1438 1055 in
1486 998 1648 1054 domo
1685 993 1940 1052 carceris.
1991 991 2101 1045 Do—

515 1115 638 1158 mus
661 1098 898 1154 carceris
924 1095 1005 1150 vel
1029 1092 1416 1156 molendinum,
1435 1088 1586 1144 labor
1615 1095 1698 1142 est
1719 1084 1874 1155 hujus
1899 1080 2100 1136 smculi.

515 1190 822 1248 Excreeatio
851 1197 1030 1242 autem
1061 1185 1300 1241 Samson
1338 1182 1457 1238 illos
1487 1179 1710 1245 indicat,
1739 1175 1828 1247 qui
1873 1171 2102 1228 inﬁdeli-

517 1293 628 1340 tate
667 1283 851 1339 caecati
891 1281 1162 1336 Christum
1208 1291 1307 1332 nee
1351 1276 1574 1330 virtutes
1617 1277 1960 1343 operantem,
2007 1279 2106 1321 nec

517 1375 897 1432 ascendentem
932 1372 1005 1428 ad
1032 1369 1270 1428 cmlestia
1291 1371 1678 1438 cognoverunt.
1707 1360 1936 1418 Ctecitas
1977 1373 2106 1428 ergo

517 1484 680 1538 quam
725 1467 1044 1532 intulerunt,
1071 1462 1366 1518 emcitatem
1417 1457 1722 1515 Iudaeorum
1751 1451 2104 1524 signiﬁcabat.

518 1559 765 1616 Christus
789 1567 974 1613 autem
1009 1571 1039 1610 a
1065 1553 1266 1610 ludatis
1293 1561 1350 1608 et
1371 1547 1794 1620 comprehensus
1821 1553 1905 1600 est
1929 1552 1986 1600 et
2011 1557 2105 1597 oc-

517 1653 708 1706 cisus:
749 1648 845 1706 sed
887 1647 1056 1718 magis
1094 1645 1476 1702 interﬁeientes
1505 1639 1720 1698 occidit.
1759 1637 2107 1694 Adduxerunt

517 1757 650 1814 ergo
667 1757 794 1798 eum
819 1741 1042 1806 inimici,
1068 1747 1126 1794 ut
1145 1735 1438 1793 illuderent
1463 1734 1534 1790 ei.
1557 1732 1676 1789 Jam
1705 1730 1794 1786 hic
1824 1727 2108 1799 imaginem

519 1834 700 1892 crucis
721 1831 1001 1890 attendite.
1043 1832 1320 1900 Expansas
1349 1828 1494 1884 enim
1525 1841 1715 1882 manus
1741 1823 1808 1878 ad
1849 1822 1984 1878 duas
2013 1835 2108 1876 co-

523 1929 758 1993 lumnas,
786 1925 936 1996 quasi
961 1925 1028 1980 ad
1067 1923 1175 1980 duo
1205 1923 1344 1993 ligna
1373 1921 1548 1978 crucis
1586 1917 1866 1974 extendit:
1895 1913 1990 1969 sed
2015 1911 2110 1968 ad-

523 2019 792 2076 versarios
828 2033 955 2072 suos
1002 2017 1350 2087 interemptus
1379 2013 1666 2083 oppressit,
1693 2018 1747 2066 et
1771 2009 1914 2064 illius
1933 2006 2110 2077 passio

519 2107 826 2166 interfectio
848 2109 982 2162 facta
1003 2115 1088 2164 est
1111 2105 1570 2178 persequentium.
1599 2103 1665 2158 Et
1693 2101 1816 2156 ideo
1837 2099 2110 2168 Scriptura

523 2202 596 2256 ita
625 2202 911 2265 conclusit,
947 2201 1132 2254 Plures
1161 2207 1390 2252 mortuus
1417 2195 1621 2258 occidit,
1643 2210 1796 2266 quam
1813 2194 1957 2246 uirus
1978 2191 2111 2246 occi-

525 2295 690 2350 derat.
709 2293 862 2360 Quod
886 2293 1200 2364 mysmrium
1223 2291 1274 2345 in
1293 2291 1522 2344 Domino
1545 2296 1730 2342 nostro
1749 2286 1876 2342 Jesu
1897 2285 2112 2340 Christo

433 2419 438 2424 -
525 2385 806 2442 evidenter
855 2385 1130 2454 impletum
1183 2390 1266 2438 est
1317 2399 1332 2435 :
1369 2379 1798 2450 redemptionem
1849 2385 2111 2442 nostram,

527 2493 688 2548 quam
713 2479 898 2534 vivens
927 2477 1146 2532 minime
1169 2474 1558 2540 celebraverat,
1596 2483 1840 2526 mortuus
1875 2469 2115 2526 celebra-

526 2572 640 2628 vit:
669 2571 760 2642 qui
782 2569 912 2626 vivit
931 2577 988 2626 et
1018 2577 1206 2639 regnat
1233 2568 1286 2622 in
1325 2567 1523 2623 szecula
1545 2565 1886 2622 saiculorum.
1917 2564 2110 2619 Amen.

963 2681 1192 2738 δεξιΜο
1227 2680 1536 2738 ceeva-
1567 2679 1662 2751 (tr).

529 2775 608 2830 De
635 2791 780 2832 versu
805 2775 840 2830 7
867 2773 1069 2829 Psalmi
1097 2789 1196 2839 xv,
1227 2773 1546 2828 Benedieam
1577 2770 1881 2837 Dominum,
1901 2769 1992 2841 qui
2015 2769 2115 2824 tri-

841 2847 962 2902 buit
1001 2845 1130 2900 milli
1175 2846 1534 2909 intellectum,
1567 2853 1660 2897 etc.
1698 2842 1796 2914 (ὁ).

601 2965 656 3017 il.
723 2961 862 3014 Deus
902 2959 1064 3014 corde
1113 2958 1402 3014 laudandus
1454 2967 1500 3010 et
1557 2973 1748 3009 nutare.
1811 2953 1947 3008 Laus
2007 2954 2118 3007 sine

529 3049 723 3094 «ntere,
747 3049 835 3086 nec
858 3047 998 3092 uera,
1027 3047 1117 3084 nec
1143 3030 1246 3084 Deo
1269 3039 1493 3098 accepta.
1518 3028 1878 3090 Cantavimns,
1902 3035 1956 3078 et
1981 3024 2120 3079 disi-

533 3119 676 3167 mus,
721 3101 1023 3156 Benedieam
1067 3100 1380 3154 Dominum:
1421 3099 1618 3152 utinam
1645 3098 1830 3154 corde.
1873 3111 1978 3150 non
2005 3111 2118 3167 ore

535 3165 737 3228 tantum
775 3191 788 3227 :
831 3187 950 3226 nam
995 3172 1040 3225 si
1087 3187 1180 3224 ore
1223 3179 1278 3224 et
1323 3185 1425 3222 non
1469 3169 1649 3230 corde.
1699 3167 1960 3221 serdescit
2003 3165 2118 3220 laus

535 3243 748 3300 Domini
802 3243 854 3297 in
882 3257 975 3298 ore
1023 3241 1317 3310 peccatoris
1365 3239 1693 3311 (Eccli._xv,
1733 3238 1825 3306 9);
1871 3251 1988 3311 nec
2017 3237 2116 3311 sibi

527 3315 756 3384 prodest
791 3314 912 3368 'oris
953 3308 1247 3384 confessio.
1297 3308 1494 3366 sinon
1540 3309 1612 3362 sit
1655 3310 1814 3384 intus
1843 3308 2118 3384 charitotis

535 3379 818 3455 professio.
851 3384 1066 3455 Videte,
1113 3383 1352 3455 iratres:
1402 3396 1506 3455 non
1546 3389 1628 3434 est
1670 3379 1902 3455 cbaritas
1951 3379 2120 3455 virtus

537 3449 681 3522 oris;
716 3456 786 3509 ibi
826 3449 1006 3510 sedem
1056 3455 1186 3524 figit,
1229 3454 1313 3524 ubi
1357 3451 1571 3524 pulchra
1591 3461 1691 3524 est
1715 3449 2116 3524 arnicasiionsi.

529 3525 640 3582 'llbi
665 3537 840 3580 autem
871 3525 984 3580 hsce
1021 3521 1390 3594 pulchritudo?
1419 3521 1596 3594 Omnis
1629 3522 1816 3594 glorier
1840 3521 1964 3588 [ilia
1987 3521 2120 3594 regis

537 3596 602 3650 ab
641 3598 778 3650 intus
823 3595 992 3664 (Psal.
1021 3591 1339 3664 ’δειλὴ-η).
1390 3593 1502 3664 Non
1550 3591 1818 3664 estaliud
1850 3607 1910 3664 ea
1950 3591 2118 3660 gloria

537 3683 698 3736 quam
730 3661 1316 3736 pulchritudo',‘nnn':esl
1351 3663 1492 3718 aliud
1517 3679 1579 3718 ea
1607 3661 2116 3736 pulelrritudpquam

537 3732 792 3800 citaritas,
825 3751 930 3794 non
965 3744 1050 3790 est
1072 3735 1214 3790 aliud
1263 3735 1498 3788 charitas
1527 3749 1683 3802 quam
1727 3733 1851 3786 vita.
1893 3732 2035 3802 Ergo
2055 3741 2120 3786 ut

539 3808 710 3872 vivas,
728 3821 870 3861 ama.
889 3805 948 3861 Si
975 3821 1144 3870 amas,
1171 3805 1390 3874 pulcher
1416 3819 1474 3857 es
1499 3823 1511 3859 :
1541 3819 1693 3858 amor
1723 3803 1941 3874 bonum,
1969 3817 2123 3856 amor

540 3877 844 3948 pulchrum.
872 3877 929 3932 Si
958 3877 1096 3948 absit
1140 3873 1269 3948 illud
1305 3875 1608 3948 pulchrum,
1637 3887 1742 3948 non
1780 3873 1952 3948 _vivis;
1994 3889 2120 3943 5pc.-

541 3943 682 4004 eiem
708 3947 930 4018 quidem,
967 3946 1160 4018 habes,
1181 3947 1274 4001 sed
1308 3943 1428 4018 non
1471 3945 1635 4018 intus.
1670 3943 1992 4018 liecludatur
2031 3959 2118 3999 se.

541 4014 784 4088 pulcrum
807 4017 936 4073 illud
959 4017 1118 4088 tantis
1141 4017 1327 4072 fultum
1349 4016 1632 4088 columnis,
1650 4014 1964 4088 elTringatur
1983 4029 2125 4068 mar-

543 4084 711 4160 inor;
737 4089 862 4160 quid
891 4087 1036 4143 aliud
1061 4097 1310 4144 occurret
1333 4101 1492 4160 quam
1519 4085 1844 4160 horrendum
1869 4084 2120 4160 cadaver,

541 4175 662 4214 ossa
692 4155 874 4222 fetida,
905 4161 1133 4223 cineres,
1166 4155 1420 4213 vermes?
1449 4157 1543 4212 Est
1571 4157 1748 4226 itaque
1776 4155 2000 4224 species,
2027 4157 2122 4210 sed

533 4232 674 4301 tegit
703 4241 990 4296 mortuum,
1017 4229 1084 4282 ad
1111 4239 1386 4301 aspectum
1427 4228 1578 4301 cujus
1601 4227 1889 4301 horrescis,
1919 4226 2121 4301 fremis.

543 4296 704 4356 Putas
752 4310 929 4355 autem
969 4296 1211 4354 mortuus
1253 4298 1417 4363 dicat,
1464 4297 1765 4352 Bcnedicam
1811 4296 2128 4354 Dominum?

543 4371 656 4426 lmo
701 4380 834 4426 teste
874 4369 1167 4439 Scriptura,
1201 4368 1320 4424 Non
1361 4369 1548 4422 mortui
1590 4367 1868 4422 laudabunt
1911 4367 2124 4439 te,_Do-

545 4444 700 4506 mine,
728 4456 886 4508 neque
914 4437 1091 4510 omnes
1114 4439 1198 4508 qui
1227 4439 1532 4510 descendunt
1567 4439 1623 4510 in
1663 4439 1917 4510 infernum
1948 4437 2122 4509 (Prol.

545 4527 693 4575 exul,
729 4513 844 4580 i7).
874 4510 1036 4581 Aperi
1077 4509 1441 4581 Evangelium,
1469 4508 1670 4581 audies
1717 4508 2008 4581 Dominum
2040 4509 2125 4564 in-

545 4578 854 4652 crepantem
900 4578 958 4636 et
999 4578 1268 4653 dicentem
1309 4579 1542 4653 diabolo,
1575 4579 1886 4653 Obmutesce
1931 4578 2122 4653 (Marc.

541 4670 586 4718 ⁴ι,
610 4649 727 4722 25).
753 4653 970 4719 Quare?
1011 4651 1148 4722 Quia
1194 4667 1315 4722 non,
1341 4651 1527 4722 mortui
1567 4649 1846 4722 laudabunt
1874 4649 2128 4722 κένσαι

547 4719 718 4779 oinnes
743 4724 828 4791 qui
860 4721 1166 4776 descendunt
1205 4721 1258 4776 in
1299 4719 1570 4791 infernum.
1601 4719 1770 4774 Nemo
1796 4736 1918 4776 eum
1951 4719 2128 4778 laudat

546 4809 706 4864 quem
753 4789 860 4849 non
899 4803 1072 4864 amat;
1117 4801 1210 4864 aut
1247 4792 1292 4864 si
1341 4789 1586 4864 inimicus
1636 4791 1835 4858 laudat,
1874 4793 2124 4864 virtutem

541 4861 692 4918 ainat
719 4879 876 4934 quam
907 4864 960 4919 in
999 4862 1216 4918 inimico
1245 4861 1448 4934 laudat.
1468 4861 1568 4928 Qui
1588 4871 1800 4934 peccat,
1825 4863 2127 4934 inimicitias

547 4933 764 4991 exercet
803 4949 924 4989 eum
967 4934 1120 4988 Deo:
1165 4948 1336 5003 neque
1387 4933 1545 5002 igitur
1587 4933 1753 4988 Deum
1799 4933 1995 5000 laudat,
2029 4949 2128 4990 nec

547 5005 799 5062 \irtutem
828 5003 923 5060 Dei
963 5003 1174 5070 laudat;
1216 5005 1338 5074 quia
1367 5003 1484 5058 laus
1522 5003 1736 5073 aliquod
1781 5003 1978 5058 bonum
2022 5016 2123 5070 εει,

547 5076 688 5143 quod
720 5091 826 5130 non
864 5075 1006 5130 cadit
1034 5075 1088 5131 in
1127 5086 1424 5142 peccatum.
1454 5074 1557 5142 Qui
1595 5076 1823 5144 aliquem
1861 5075 2038 5129 laudat
2075 5085 2130 5131 et

549 5146 826 5216 mentitur,
859 5145 1227 5216 calumniatur,
1259 5153 1352 5200 aut
1389 5145 1574 5201 irridet
1613 5145 1789 5215 potius
1815 5161 1973 5216 quam
2013 5146 2126 5202 lau-

547 5215 662 5272 dat.
696 5217 865 5276 Aufer
887 5231 918 5271 a
941 5215 1104 5272 corde
1139 5216 1474 5287 charitatem,
1507 5217 1681 5272 solum
1717 5215 1934 5287 superat
1973 5231 2128 5272 men-

550 5287 782 5344 dacium.
814 5287 907 5342 Vis
937 5297 992 5342 ut
1023 5287 1356 5343 mendacium
1388 5286 1570 5341 laudet
1597 5286 1898 5354 veritatem,
1923 5297 1980 5344 et
2005 5288 2129 5346 inde

551 5358 694 5413 Deus
721 5366 895 5414 sumat
919 5358 1172 5428 elogium,
1201 5357 1342 5411 unde
1379 5355 1732 5428 proﬁciscitur
1763 5357 2130 5428 blaSphemia?

551 5429 665 5483 Non
693 5431 868 5500 magni
894 5427 1098 5484 ducunt
1125 5429 1416 5496 sapientes,
1443 5427 1539 5500 qui
1563 5429 1630 5482 ab
1669 5427 1866 5500 insanis
1887 5427 1950 5483 et
1974 5431 2154 5485 malis-

549 5498 836 5556 laudantur
862 5518 876 5554 :
909 5500 1210 5555 laudabitur
1250 5500 1394 5554 Deus
1430 5499 1498 5552 ab
1527 5498 1737 5568 impuro
1763 5508 1816 5554 et
1845 5499 2129 5572 impuden-

609 5616 630 5684 ξ
661 5618 946 5684 potiexstat
965 5613 1014 5662 in
1035 5611 1584 5684 manuscriptishnostﬂs.

610 5674 684 5796 (ai
716 5673 856 5730 Alias,
883 5675 1012 5724 inter
1035 5671 1348 5736 viguerauios
1362 5671 1464 5745 ἢ..

611 5735 662 5796 (b
717 5735 958 5786 adversus
978 5734 1260 5796 Pelagianos
1275 5741 1328 5785 et
1342 5733 1628 5796 Semipelagi

597 5733 684 5847 ib)
717 5735 958 5809 adversus
978 5733 1260 5810 Pelagianos
1275 5741 1328 5785 et
1342 5733 1750 5806 Semipelagianos
1765 5739 2018 5806 egregius,
2041 5739 2132 5794 sed

545 5805 612 5850 ω
629 5811 661 5849 o
683 5809 780 5847 non
801 5797 993 5849 videtur
1007 5803 1217 5861 smptus
1233 5803 1592 5860 Augusumano.

1753 328 1812 384 s.
1853 314 2216 412 AUGUSTINI
2255 319 2555 376 EPISCOPI

3651 319 3793 376 36h.

2207 433 2414 487 tissimo
2437 433 2620 504 corde,
2651 448 2680 486 a
2725 433 3030 504 blaspbcma
3073 444 3128 490 ct
3163 437 3523 490 amcntissima
3568 437 3789 492 mente?

2209 504 2302 557 llic
2332 519 2481 574 ergo,
2525 503 3156 568 BeucdicamDominum,
3183 508 3268 574 qui
3301 507 3482 560 tribuit
3532 507 3656 559 mihi
3707 509 3789 559 in-

2205 575 2476 628 tellectum.
2531 575 2752 630 Insanus
2799 592 2903 630 non
2948 592 3029 642 es,
3078 588 3293 630 sanatus
3335 593 3416 640 es,
3461 577 3790 631 intellectum

2208 645 2412 710 habes;
2461 647 2613 700 lauda
2665 648 2830 701 [lenm
2877 655 3046 714 tuum,
3077 649 3164 715 qui
3209 647 3392 702 tribuit
3439 649 3530 702 libi
3579 649 3795 702 intelle-

2203 725 2368 778 ctum,
2413 719 2502 786 qui
2555 727 2768 784 prasstat
2805 718 3054 772 oculum:
3087 717 3437 783 intellectum,
3479 728 3536 772 ut
3577 720 3793 786 copias;

2204 787 2440 858 oculum,
2488 796 2545 841 ut
2587 787 2846 856 aspicias;
2899 788 3079 858 capias
3121 799 3313 858 quanta
3359 791 3431 842 sit
3473 789 3695 842 latitudo
3743 799 3798 843 ct

2204 857 2479 926 longitudo
2523 859 2720 912 amoris
2765 858 2876 922 Dei,
2905 857 3212 926 aspiciasin
3259 871 3527 913 auctorem
3569 869 3624 913 ct
3661 877 3794 913 con-

2205 939 2588 982 summatorem
2621 929 2770 993 ﬁdei;
2811 929 2989 998 capias
3019 931 3352 992 charitatem,
3381 931 3610 998 aspicias
3639 929 3796 984 Chri-

2207 1005 2345 1051 stum
2369 1015 2383 1062 ;
2411 1000 2749 1064 citat-iuueni,
2777 1010 2835 1052 ut
2860 1016 3042 1065 ames;
3069 1002 3364 1067 Christum,
3393 1011 3448 1054 ut
3475 1001 3796 1062 benedicas,

2203 1077 2262 1140 et
2289 1070 2520 1124 amando
2545 1079 2600 1124 et
2641 1069 3000 1124 inmediccndo
3038 1087 3330 1139 cognoscas
3375 1072 3676 1136 Dominum,
3705 1073 3796 1140 qui

2209 1139 2302 1212 t_i_bi
2330 1139 2507 1194 tribuit
2541 1140 2899 1205 intellectum;
2940 1149 2993 1194 et
3020 1141 3392 1210 cognoscendo
3426 1142 3573 1212 vivas
3600 1161 3613 1194 :
3643 1139 3794 1212 quia,

2213 1209 2338 1264 Hcce
2371 1221 2448 1282 est
2472 1212 2570 1282 nitu
2604 1221 2816 1282 fetet-na,
2847 1221 2901 1264 ut
2927 1209 3228 1282 cognoscant
3257 1223 3302 1266 te
3339 1213 3503 1266 solum
3533 1209 3718 1275 Deum,
3740 1219 3800 1266 et

2205 1297 2355 1355 quem
2379 1281 2562 1355 misisti
2579 1280 2766 1355 rsum
2796 1280 3255 1355 (.‘ltrt'stunt‘ann.
3289 1299 3415 1348 xv",
3447 1283 3524 1354 5).

2277 1352 2332 1406 2.
2373 1349 2559 1424 Contra
2585 1353 2863 1424 liuereticos,
2898 1349 3200 1408 intellectum
3226 1353 3430 1419 bonum,
3457 1349 3556 1424 quo
3587 1351 3798 1410 benedi-

2209 1421 2342 1475 citur
2393 1421 2542 1486 Deus,
2582 1422 2761 1493 habere
2791 1441 2844 1477 se
2879 1442 2910 1478 a
2941 1434 3120 1478 natura
3154 1425 3430 1493 jactantcs.
3471 1421 3588 1480 Sed
3630 1424 3796 1490 unde,

2211 1507 2416 1562 quaeso,
2453 1493 2560 1565 tibi
2583 1492 2880 1565 intellectus
2923 1493 3061 1549 iste?
3096 1492 3280 1550 Veniet
3309 1495 3501 1565 aliquis
3531 1495 3596 1548 dc
3621 1503 3800 1549 trans-

2210 1577 2384 1634 verso,
2405 1571 2460 1616 ct
2509 1562 2648 1618 dicet
2672 1582 2683 1617 :
2709 1564 2808 1630 Qui
2833 1575 3073 1619 naturam
3092 1565 3256 1630 dedit,
3271 1562 3416 1620 dedit
3436 1565 3797 1634 intellectum;

2211 1631 2348 1688 bona
2382 1644 2523 1686 natm
2536 1649 2589 1700 a,
2623 1633 2792 1689 bonus
2827 1636 3156 1702 intellectus;
3191 1637 3328 1691 banc
3355 1637 3550 1691 bonam
3575 1631 3798 1700 sortiar,

2211 1703 2442 1774 sufﬁcit:
2477 1706 2816 1772 nequeenim
2848 1707 3145 1760 intellectus
3173 1709 3275 1762 erit
3301 1708 3564 1774 degener;
3593 1719 3642 1760 ct
3673 1706 3802 1762 inde

2213 1773 2523 1828 benedicam
2559 1775 2858 1838 llouiinum,
2893 1777 3033 1832 unde
3065 1778 3190 1831 mihi
3234 1773 3414 1831 tribuit
3441 1777 3798 1840 intellectum,

2205 1843 2316 1898 hoc
2354 1853 2454 1908 cst,
2491 1861 2521 1898 a
2561 1857 2767 1917 augura.
2801 1847 2844 1900 Ο
2875 1847 3142 1914 lurretice,
3172 1863 3298 1917 ergo
3341 1848 3534 1901 bonam
3577 1849 3801 1900 sortitus

2213 1930 2273 1968 es
2311 1915 2588 1986 naturam?
2616 1915 2812 1971 Tacent
2837 1919 3120 1986 Apostolus
3147 1928 3202 1972 et
3243 1915 3596 1972 confundatur
3625 1937 3639 1973 :
3675 1917 3798 1970 Non

2213 1985 2350 2053 quod
2391 1986 2526 2059 volo,
2555 1985 2743 2056 inquit,
2783 1985 2990 2054 bonum,
3024 1990 3116 2044 hoc
3153 1990 3285 2058 facio
3325 1991 3502 2059 (Itoni.
3549 2006 3640 2050 vtt,
3675 1989 3798 2058 19);

2209 2067 2268 2109 et
2297 2066 2472 2110 tamen
2505 2057 2693 2111 bonam
2723 2061 2941 2114 sortitus
2963 2071 3045 2114 est
3066 2057 3410 2126 nat’uram,‘ct
3439 2061 3488 2113 in
3533 2059 3633 2114 hac
3659 2059 3798 2112 bona

2217 2136 2425 2202 natura,
2467 2127 2668 2202 bonum”
2709 2130 2848 2197 quod
2887 2131 2998 2186 vult
3036 2147 3210 2202 agerc,
3247 2147 3350 2184 non
3397 2139 3570 2199 potest
3615 2146 3798 2196 agere.

2219 2196 2366 2262 Vult,
2393 2198 2682 2264 desiderat,
2711 2196 2934 2254 enitatur
2961 2219 2973 2254 :
3008 2196 3116 2256 vnit
3159 2196 3686 2264 inﬁrma—desiderat
3717 2202 3800 2252 in-

2215 2283 2458 2342 cassum;
2497 2279 2722 2342 conatur
2765 2269 2994 2335 frustra;
3021 2281 3076 2328 et
3099 2283 3288 2328 contra
3314 2273 3462 2342 quod
3483 2273 3612 2332 vult,
3651 2273 3798 2340 quod

2217 2339 2519 2412 desiderat,
2562 2339 2702 2408 quod
2746 2350 2988 2408 conatur,
3037 2343 3233 2398 bonum
3283 2339 3386 2396 hoc
3425 2360 3527 2397 non
3574 2339 3800 2412 perlicit.

2217 2409 2262 2481 (_)
2301 2409 2492 2481 bonam
2525 2421 2787 2476 naturam,
2816 2412 2970 2481 cujus
3001 2414 3260 2468 imbecilla
3289 2415 3550 2473 voluntas,
3577 2409 3801 2466 irritum

2217 2479 2563 2552 desiderium,
2591 2491 2812 2537 mantus
2843 2479 3087 2538 inutiles!
3119 2485 3301 2539 Partes
3333 2499 3455 2538 suas
3495 2491 3652 2552 agant
3679 2483 3802 2550 phi-

2219 2549 2448 2624 losopbi,
2475 2561 2534 2624 et
2571 2553 2856 2608 maximam
2893 2555 2982 2608 tibi
3009 2556 3232 2624 gratiam
3265 2549 3554 2618 habebunt,
3575 2555 3664 2624 qui
3682 2549 3806 2606 tam

2217 2623 2448 2690 gratuito
2475 2621 2666 2696 bonam
2689 2625 2770 2679 eis
2788 2621 3033 2678 naturam
3063 2623 3322 2696 indulges.
3345 2625 3480 2691 Quid
3512 2621 3668 2680 inde?
3693 2624 3806 2679 N0-

2219 2701 2408 2746 Verttnl
2447 2694 2675 2758 cmlum,
2730 2705 2990 2750 noverunt
3035 2694 3265 2762 terram,
3309 2705 3567 2750 noverunt
3617 2711 3802 2760 mare,

2219 2763 2442 2832 abyssos
2471 2764 2746 2828 rimantur,
2781 2765 3022 2820 abstrusa
3046 2775 3245 2820 natura:
3273 2775 3594 2830 scrutantur,
3625 2767 3808 2820 sciunt

2220 2848 2399 2886 rerum
2447 2834 2790 2901 discrimina,
2841 2837 3200 2901 differentias,
3255 2839 3549 2900 essentias;
3603 2837 3672 2890 de
3717 2838 3814 2890 his

2220 2904 2470 2977 omnibus
2501 2907 2757 2977 rationem
2807 2908 3062 2966 reddunt;
3109 2907 3236 2976 quid
3281 2907 3444 2964 inde?
3493 2909 3676 2977 Perge,
3717 2907 3814 2962 dic

2221 2976 2469 3047 amplius.
2503 2975 2629 3030 Post
2660 2988 2734 3029 tot
2765 2987 3012 3047 tantaque
3041 2975 3310 3044 deﬁciunt,
3339 2995 3436 3032 nec
3466 2975 3612 3034 sicut
3631 2979 3808 3031 Deum

2221 3044 2671 3118 gloriﬁcaverunt,
2703 3059 2754 3101 et
2772 3117 2775 3118 ν
2795 3047 2851 3102 in
2882 3044 3288 3118 cogitationibus
3313 3051 3423 3102 suis
3449 3057 3812 3114 evanuerunt,

2221 3125 2277 3170 et
2305 3116 2618 3186 insipientes
2661 3117 2780 3172 facti
2829 3116 2972 3176 sunt}
3003 3135 3123 3188 cun
3173 3135 3232 3172 se
3277 3120 3546 3188 sapientes
3565 3119 3812 3174 arbitra-

2222 3195 2424 3250 rentur,
2458 3195 2514 3240 et
2541 3197 2878 3242 tnutavcrunt
2913 3190 3314 3244 similitudinem
3357 3192 3446 3244 Ι)ρὶ
3474 3193 3526 3244 in
3551 3191 3812 3244 similitu-

2222 3255 2400 3310 dinem
2423 3258 2569 3312 vituli
2610 3261 2939 3314 comedentis
2967 3260 3166 3324 fenum,
3198 3271 3252 3315 et
3275 3261 3424 3315 effusi
3467 3272 3591 3316 snnt
3630 3263 3679 3314 in
3711 3278 3812 3313 cr-

2223 3341 2343 3381 rorc
2363 3327 2602 3394 Baalim;
2645 3339 2694 3384 et
2717 3331 3004 3384 olim-cavit
3029 3348 3123 3386 eos
3155 3333 3293 3385 Deus
3315 3333 3515 3396 stecttli,
3538 3341 3591 3385 et
3622 3331 3811 3385 traditi

2221 3407 2346 3469 sunt
2385 3398 2434 3452 in
2464 3399 2844 3469 ignominiosus
2886 3403 3179 3468 passiOnes,
3203 3413 3255 3455 et
3281 3403 3480 3456 similes
3515 3401 3641 3456 facti
3677 3413 3815 3455 sunt

2225 3467 2290 3521 iis
2335 3483 2458 3538 qua:
2488 3467 2788 3544 adorabunt
2831 3467 2940 3544 (Id.
2983 3489 3020 3536 ι,
3061 3473 3272 3540 21-28).
3311 3473 3378 3528 Et
3430 3484 3605 3526 tamen
3652 3473 3812 3544 bona

2225 3547 2410 3592 natura
2442 3541 2768 3612 gaudebant,
2801 3541 2855 3598 et
2899 3558 2998 3612 per
3025 3554 3264 3598 naturam
3315 3546 3604 3598 intelleCIu.
3637 3543 3682 3598 Ο
3725 3545 3815 3606 ἰητ-

2223 3623 2375 3682 sane,
2405 3609 2554 3682 vides
2586 3627 2659 3666 an
2703 3615 2816 3666 hau:
2861 3609 3048 3668 natura
3084 3616 3280 3668 tribuat
3317 3615 3666 3676 intellectum,
3697 3630 3818 3682 quo

2227 3681 2391 3754 Deum
2428 3681 2787 3754 benedicant?
2825 3683 2961 3749 Quin
3006 3685 3180 3754 potius
3221 3683 3413 3738 tribuat
3453 3681 3814 3750 intellectum,

2223 3767 2330 3820 quo
2364 3753 2470 3805 Deo
2511 3753 2849 3820 maledicam,
2897 3765 2950 3807 ct
2979 3753 3234 3808 adversus
3272 3755 3581 3810 Creatorem
3611 3769 3818 3809 exsur-

2224 3822 2392 3894 gant?
2416 3822 2606 3894 Dicite
2657 3825 2850 3894 potius,
2884 3825 3108 3891 fratres,
3157 3824 3460 3879 Benedicmn
3513 3825 3816 3890 Dominum,

2223 3892 2313 3964 qui
2341 3891 2513 3964 tribuit
2545 3891 2673 3946 mihi
2695 3895 3000 3948 intellectum
3033 3912 3050 3948 :
3096 3897 3196 3950 nisi
3242 3897 3534 3960 tribuisset,
3589 3913 3692 3950 non
3731 3899 3818 3949 iu-

2230 3963 2590 4038 tcllexissem;
2619 3965 2722 4018 nisi
2751 3965 3130 4038 intellexissent
3149 4007 3168 4032 ,
3211 3983 3477 4038 nunquam
3509 3968 3819 4022 bent-ditis-

2227 4048 2342 4086 sem
2365 4050 2376 4084 :
2401 4033 2728 4088 intellectum
2761 4035 2964 4102 tribuit,
2991 4038 3201 4091 oculum
3229 4033 3393 4090 dedit.
3413 4038 3568 4092 Caeca
3597 4048 3816 4102 natura,

2225 4119 2332 4172 quo
2374 4104 2483 4170 ipsa
2523 4117 2668 4160 caret
2697 4123 2802 4160 non
2841 4116 3076 4174 [mi-stat.
3106 4107 3214 4162 Fac
3243 4109 3332 4164 tibi
3375 4110 3722 4170 intellectum,
3761 4117 3822 4164 rt

2229 4185 2282 4228 te
2329 4174 2491 4246 facies
2535 4191 2754 4230 carcum.
2803 4177 3002 4231 Lumen
3045 4177 3186 4246 quod
3231 4180 3282 4232 in
3323 4188 3376 4236 te
3415 4190 3532 4246 est,
3575 4178 3821 4234 tenebrat

2226 4254 2370 4316 stult.
2415 4245 2508 4316 Dic
2544 4259 2694 4316 ergo,
2735 4246 2982 4300 [Numina
3024 4245 3250 4304 tenebras
3289 4267 3445 4310 meas,
3489 4245 3550 4302 ne
3587 4265 3822 4316 unquam

2227 4313 2540 4390 obdormiant
2563 4313 2794 4390 injmorte
2823 4317 2992 4390 (Prol.
3019 4335 3114 4382 xu,
3138 4319 3212 4388 4).
3237 4321 3372 4390 Quid
3401 4331 3478 4373 cst
3505 4313 3824 4374 olulormﬁ‘e

2230 4385 2282 4438 iu
2309 4387 2520 4459 morte“?
2563 4388 2776 4457 Aliquid
2807 4385 2841 4440 a'
2879 4399 3064 4442 natura
3093 4385 3332 4459 sperare,
3361 4391 3630 4446 brachium
3653 4405 3822 4445 suum

2229 4471 2444 4530 carnem
2475 4455 2679 4518 facere,
2694 4459 2791 4512 sibi
2825 4459 2922 4528 ipsi
2949 4455 3274 4516 intellectum
3305 4462 3502 4530 fingere
3533 4479 3545 4514 :
3581 4462 3695 4516 lucc
3719 4462 3824 4530 qui

2229 4480 2444 4510 l‘ill'llt'lll
2475 4480 2670 4518 tacere,
2694 4480 2791 4512 διυι
2825 4480 2922 4528 ψει
2950 4480 3274 4516 Itttcuecutm
3305 4480 3372 4515 Ittt
3411 4480 3502 4516 ere
3533 4480 3545 4514 :
3581 4480 3695 4516 tunc
3719 4480 3824 4530 qut

2229 4525 2432 4592 fecerit,
2466 4543 2569 4598 non
2614 4538 2814 4582 tantum
2865 4530 2921 4583 in
2963 4539 3132 4584 morte
3169 4543 3271 4598 est,
3301 4480 3407 4586 5(ιὲ
3443 4532 3712 4588 obdormit
3764 4534 3824 4587 in

2228 4604 2421 4672 morte,
2453 4597 2731 4672 plusquam
2754 4600 3162 4672 iquatridnanus
3204 4613 3304 4663 cst,
3339 4605 3618 4672 plusquam
3663 4602 3828 4658 ftetet

2228 4665 2410 4738 (Joan.
2441 4665 2520 4734 it,
2553 4665 2667 4738 59).
2709 4671 2764 4724 Si
2797 4665 3008 4724 tantum
3053 4673 3105 4725 in
3155 4665 3527 4739 morte-esset,
3567 4674 3830 4729 suscitari

2231 4748 2410 4813 posset
2437 4757 2453 4794 :
2479 4740 2576 4813 sed
2603 4740 2654 4794 in
2683 4741 2792 4810 ipsa
2815 4751 2987 4797 morte
3009 4742 3286 4813 plusquam
3315 4745 3544 4799 ferreum
3563 4759 3830 4800 somnum

2229 4810 2451 4882 dormit1
2477 4809 2530 4864 in
2561 4826 2624 4865 ea
2651 4809 2958 4882 requiescit.
2987 4809 3177 4868 Actum
3210 4825 3286 4870 cst
3320 4815 3386 4869 de
3419 4831 3504 4870 eo.

2302 4879 2352 4954 5.
2415 4879 2614 4954 Rursus
2661 4879 2988 4954 confutantur
3037 4885 3198 4939 verbis
3251 4886 3562 4940 Salomonis.
3593 4885 3697 4941 Sed
3740 4888 3834 4943 vis

2231 4949 2378 5023 seire
2417 4951 2546 5023 quid
2590 4949 2768 5023 egerit
2809 4953 2852 5008 is
2899 4954 2988 5023 qui
3031 4954 3224 5010 bonam
3269 4955 3488 5012 sortitus
3517 4965 3630 5012 erat
3657 4965 3834 5010 natu-

2231 5021 2384 5074 ram?
2433 5021 2644 5078 Disitne
2687 5033 2746 5078 ut
2789 5033 2846 5078 tu
2875 5040 2888 5076 :
2918 5021 2974 5078 In
3017 5024 3154 5080 bona
3199 5035 3420 5090 natura,
3473 5027 3642 5082 bonus
3685 5028 3832 5083 mihi

2231 5099 2314 5145 cst
2351 5091 2688 5164 intellectus,
2734 5103 2788 5150 et
2831 5095 2922 5164 qui
2975 5112 3138 5150 unum
3184 5099 3396 5160 tribuit,
3441 5097 3664 5152 alterum
3709 5113 3836 5154 mn

2232 5161 2477 5234 negavit?
2507 5163 2798 5218 Allidamus
2819 5161 3106 5234 scorpium,
3130 5177 3490 5234 conteramus,
3513 5169 3840 5226 obstruatur

2233 5231 2491 5304 iniquitati
2519 5249 2581 5288 os
2609 5251 2784 5288 suum.
2811 5231 2974 5304 Lege;
2998 5237 3218 5293 Sortitus
3235 5256 3345 5292 sunt
3366 5231 3586 5292 annnam
3613 5237 3836 5294 bonam.

2233 5301 2422 5379 ξἐιέεθ,
2444 5305 2722 5359 audiamus
2747 5301 2956 5379 qualem
2985 5318 3172 5363 nactus
3195 5311 3356 5363 fueris
3381 5310 3707 5374 thesaurum,
3729 5311 3834 5379 qui

2233 5371 2459 5428 fortasse
2487 5383 2722 5432 vertetur
2751 5371 2802 5429 in
2832 5375 3114 5436 carbones.
3142 5389 3200 5434 et
3226 5382 3425 5434 utinam
3469 5381 3520 5434 in
3559 5371 3838 5440 carbones

2233 5444 2322 5568 ΈΙί
2366 5459 2527 5516 super
2563 5456 2722 5516 caput
2761 5456 2909 5500 tuum
2944 5451 3181 5520 congesti
3221 5450 3506 5504 absumant
3531 5449 3830 5518 Superﬁna.

2287 5523 2304 5566 l
2329 5531 2440 5568 cum
2467 5533 2623 5568 essem
2649 5518 2810 5568 martis
2839 5518 3016 5568 bonus-
3047 5521 3158 5568 ueni
3179 5522 3246 5568 ad
3270 5539 3450 5568 cornus
3475 5523 3830 5568 incoinnnina.

2287 5523 2304 5566 t
2329 5531 2440 5568 cum
2467 5533 2626 5594 essent
2649 5518 2810 5594 magis
2829 5518 3016 5594 _bonus,
3036 5518 3158 5594 seni
3179 5522 3246 5574 ad
3270 5539 3450 5592 corpus
3475 5523 3832 5594 incoinquina-

2237 5595 2340 5661 tum
2365 5605 2378 5640 :
2401 5596 2446 5661 et
2472 5597 2528 5641 ut
2555 5589 2678 5661 sciui
2705 5589 2840 5661 quod
2865 5605 2966 5642 non
2991 5592 3141 5645 aliter
3178 5589 3429 5645 continere
3469 5589 3666 5661 possein
3685 5633 3701 5656 ,
3729 5594 3848 5648 nisi

2235 5655 2374 5712 Deus
2409 5657 2526 5725 det;
2557 5671 2603 5714 et
2641 5655 2735 5714 hoc
2758 5659 2926 5730 ipsum
2959 5671 3075 5733 erat
3109 5664 3390 5733 sapientia,
3413 5655 3558 5731 αὕτη
3581 5655 3708 5716 esset
3736 5666 3850 5718 do~

2238 5745 2360 5804 nam
2396 5729 2967 5804 cognoscere;_eon_vcni
2990 5729 3267 5786 Domitium
3287 5775 3301 5798 ,
3326 5743 3370 5787 et
3396 5729 3691 5804 deprecatus
3716 5749 3850 5790 sum

2240 5797 2395 5868 (Sep.
2406 5797 2550 5870 vam
2561 5802 2730 5868 9-9.1).
2741 5801 3026 5857 Verissime
3042 5805 3260 5859 sortitus
3275 5821 3333 5860 es
3351 5797 3589 5858 naturam
3613 5805 3852 5873 bonum,
