4080 6360
298 412 430 469 11389

292 536 418 589 sicut
444 543 493 586 te
516 531 703 601 ipsum.
732 528 760 582 1
768 547 798 583 ιι
825 529 1057 601 Itisenirn
1085 527 1558 601 duobus_ttian_¢latis
1583 527 1746 579 cumis
1771 525 1874 601 Lex

294 602 474 673 pendet
500 597 547 656 et
578 599 848 673 Propheta:
873 599 1082 673 (Matth.
1113 614 1244 660 χχιι,
1269 599 1483 673 5740).
1513 597 1737 673 Utergo
1765 597 1880 673 cito

362 673 598 738 rveuias,
625 671 670 725 si
697 668 916 724 festinas
940 669 1004 722 ad
1032 685 1250 738 regnum
1273 669 1552 730 caelorum,
1595 669 1645 721 iu
1669 668 1873 722 duabus

333 745 379 797 is
405 743 651 804 semitis,
690 757 808 810 quze
833 742 1069 794 omnium
1097 749 1253 808 caput
1292 751 1414 793 sunt
1440 780 1455 804 ,
1499 749 1553 794 et
1596 755 1753 793 unam
1799 739 1875 810 fa-

289 817 440 868 ciunt
465 815 605 866 viam
627 852 642 876 ,
666 808 926 881 gradere;
972 820 1043 864 ut~
1056 810 1330 865 universas
1349 852 1364 872 ,
1391 825 1510 863 cum
1543 808 1867 881 perveneris,

292 887 505 940 naviter
539 892 594 938 te
626 879 699 936 θῦε
721 880 1182 952 sine~fatigatione
1209 881 1478 952 peregisse
1516 879 1871 948 congaudens.

361 956 418 1011 5.
434 953 638 1009 Umbra
663 953 836 1006 mortis
864 952 944 1005 via
967 951 1176 1022 peccati.
1201 951 1608 1022 Hasergoi-tene
1631 952 1872 1022 sernitas,

292 1026 345 1082 in
375 1025 460 1080 his
489 1032 740 1079 maneant
771 1024 1008 1077 incessus
1039 1023 1151 1087 tui,
1194 1023 1332 1077 inter
1373 1021 1566 1076 diaboli
1606 1021 1875 1076 stevieutis

295 1096 538 1158 insidias,
584 1104 641 1148 ut
674 1109 894 1148 securus
925 1093 1096 1162 possis
1121 1103 1338 1147 cantare
1375 1092 1483 1162 Deo
1504 1132 1520 1156 ,
1565 1100 1618 1145 et
1652 1091 1830 1146 dicere
1857 1109 1871 1146 :

297 1166 434 1220 Nam
478 1176 528 1220 et
565 1169 609 1219 si
647 1161 964 1218 ambulavero
1004 1164 1057 1217 in
1095 1164 1257 1217 medio
1296 1161 1484 1216 umbra:
1523 1164 1695 1216 mortis
1716 1204 1729 1226 ,
1776 1179 1877 1216 non

293 1235 477 1290 timebo
520 1235 695 1298 mala;
737 1235 977 1306 quoniam
1016 1244 1069 1287 tu
1098 1250 1290 1306 mecum
1319 1251 1394 1306 es.
1441 1232 1633 1288 Umbra
1653 1234 1874 1306 mortis,

292 1308 374 1361 via
420 1306 630 1376 peccati
671 1303 790 1367 est.
842 1306 894 1358 in
942 1320 1047 1376 qua
1093 1305 1604 1376 nebulopirataque
1633 1303 1880 1376 diabolus

293 1373 439 1433 recte
468 1376 833 1448 gradientibus
857 1373 994 1430 retia
1019 1375 1350 1448 deceptionis
1373 1373 1646 1448 expandit.
1677 1373 1877 1448 umbra

293 1457 412 1512 est,
459 1444 584 1517 quia
621 1445 755 1500 nihii
787 1461 1071 1517 commune
1097 1444 1199 1517 laci
1242 1461 1363 1500 cum
1405 1444 1658 1498 tenebris.
1706 1445 1874 1517 Hujus

295 1515 503 1573 numne
527 1515 1051 1586 operarepudianda
1079 1515 1235 1571 docet
1261 1517 1563 1586 Apostolus,
1593 1515 1875 1585 inquiens:

295 1585 611 1658 Abjiciamus
635 1585 792 1655 opera
812 1587 1146 1658 tenebrarum,
1179 1597 1225 1641 et
1250 1585 1520 1640 induantur:
1543 1603 1696 1658 arma:
1711 1587 1835 1658 lucis
1858 1601 1878 1650 ;

212 1682 214 1686 τ
257 1683 260 1687 ·
293 1655 418 1714 sicut
441 1661 496 1712 in
523 1659 606 1711 die
631 1659 833 1711 honeste
861 1655 1168 1712 ambulenms
1187 1699 1208 1720 ,
1235 1675 1335 1711 non
1363 1658 1415 1710 in
1439 1657 1878 1710 comessationibns

293 1741 342 1784 et
364 1729 722 1794 ebrietatibus,
759 1745 859 1781 non
892 1729 945 1781 in
967 1728 1212 1782 cubilibus
1237 1737 1294 1782 et
1315 1727 1665 1795 intpndt‘citiis,
1701 1744 1798 1780 non
1824 1729 1877 1780 in

211 1849 214 1852 .
295 1801 670 1868 contentioneet
695 1797 1016 1852 atmulatione
1046 1798 1217 1868 (Rom.
1248 1814 1368 1865 xm,
1399 1797 1464 1852 l‘2
1479 1807 1524 1850 et
1543 1799 1652 1863 l3).
1676 1797 1876 1866 Quam-

293 1872 381 1925 diu
413 1871 589 1938 igitur,
617 1870 671 1923 in
715 1869 961 1937 prmscuti
999 1869 1102 1922 vita
1147 1884 1365 1930 manes,
1411 1872 1477 1922 ιιι·
1510 1868 1686 1922 medio
1719 1868 1874 1921 vitio-

206 1965 211 1972 -
297 1958 412 1996 rum
435 1941 567 2012 1(a),
599 1939 930 2012 smcularium
961 1954 1327 2012 pressurarum
1353 1981 1366 2003 ,
1394 1948 1661 2012 qnznsunt
1689 1939 1895 2012 umbra-

206 2027 212 2068 ζ
295 2009 519 2076 mortis,
555 2010 815 2071 ambulas.
856 2010 1051 2064 Lueeat
1085 2011 1137 2065 in
1176 2009 1336 2063 corde
1364 2019 1454 2065 tuo
1475 2009 1755 2078 Christus,
1787 2010 1874 2079 qui

296 2083 562 2137 illuminat
609 2083 875 2135 lucernam
921 2081 1114 2135 mentis
1161 2089 1356 2136 nostne
1406 2095 1498 2149 per
1540 2079 1875 2134 dilectionem

297 2153 390 2207 Dsi
423 2163 474 2207 et
510 2152 733 2221 proximi
761 2170 773 2204 :
806 2161 860 2205 et
895 2167 999 2204 non
1044 2151 1253 2206 timebis
1279 2149 1435 2214 mala,
1478 2150 1734 2216 quamam
1765 2151 1876 2219 ipse

297 2236 472 2278 tecum
500 2233 604 2276 est.
648 2221 770 2275 Non
793 2229 864 2285 te,
899 2222 1066 2290 inquit
1106 2237 1200 2290 per
1232 2221 1540 2290 prophetam
1567 2263 1582 2281 .
1626 2223 1872 2288 deseram,

296 2311 453 2364 neque
482 2293 828 2364 derelinquant
856 2291 1034 2360 (Josue
1090 2293 1254 2364 [[5).
1294 2292 1428 2364 item
1453 2293 1503 2345 in
1538 2291 1824 2362 Evangelio
1859 2310 1871 2346 :

297 2363 430 2418 Ecce
469 2380 563 2435 ego
609 2362 696 2416 ero
722 2362 1225 2435 vobiscwrt‘mnnibus
1267 2363 1440 2435 diebus
1470 2379 1624 2435 usque
1651 2364 1719 2429 ad
1756 2379 1876 2416 con-

293 2431 687 2504 summationem
718 2435 888 2490 swculi
921 2432 1130 2504 (Matth.
1159 2448 1353 2498 xxvnt,
1377 2433 1493 2501 20).
1541 2431 1764 2504 Idoneus
1793 2441 1876 2487 est

293 2516 477 2559 onustos
508 2515 647 2558 tuus.
674 2503 875 2560 Tecum
903 2502 981 2558 est
1014 2504 1266 2557 Dominus
1292 2505 1427 2558 Deus
1457 2513 1598 2558 tuus.
1630 2502 1776 2558 Caro
1795 2519 1874 2558 -ne

291 2575 546 2644 iactantia
571 2575 788 2630 descms
821 2575 1195 2641 comitantem,
1234 2584 1290 2629 et
1327 2589 1605 2630 remaneas
1628 2575 1872 2631 desertus

296 2645 350 2700 in
387 2647 577 2700 umbra
605 2645 810 2699 mortis.

364 2716 420 2771 6.
462 2715 616 2787 Virga
641 2716 960 2787 disciplinam
981 2757 996 2781 ,
1033 2715 1238 2771 baculus
1261 2715 1568 2785 sdjutorium
1597 2714 1868 2787 signiﬁcat.

297 2786 480 2841 Mensa
517 2784 606 2856 pst
632 2784 887 2840 Christum
917 2797 1250 2856 purpuram.
1275 2784 1407 2840 Cum
1453 2787 1628 2855 itaque
1649 2784 1870 2840 insidiis

295 2858 497 2912 inimici
529 2857 818 2926 oppugnari
850 2865 901 2911 te
939 2857 990 2911 in
1033 2857 1255 2920 umbra,
1286 2866 1340 2912 et
1379 2856 1640 2914 deterreri
1674 2871 1870 2924 οιιᾳιιο-

295 2930 466 2990 vcris.
514 2927 856 2998 apprehende
894 2928 1098 2998 virgam
1134 2927 1462 2998 disciplima,
1499 2936 1553 2982 et
1591 2930 1642 2998 in
1684 2926 1870 2981 baculo

293 2999 678 3054 misericordiae
707 2997 942 3054 fidenter
971 2997 1215 3053 incumbe
1239 3039 1254 3063 ,
1300 3007 1365 3053 ιιι·
1387 3014 1508 3052 cum
1528 2997 1636 3051 tibi
1673 2998 1869 3050 auxilio

295 3069 377 3123 sol
398 3068 624 3136 iustitiae
648 3067 920 3123 relulserit-
940 3067 1206 3133 Christus,
1232 3066 1680 3138 .veracitertlicas.
1716 3065 1869 3138 Virga

297 3153 382 3193 tua
409 3151 464 3193 et
487 3139 693 3196 baculus
723 3150 838 3193 tuus
861 3139 972 3207 ipsa
995 3155 1072 3192 nte
1096 3140 1354 3192 consolata
1379 3147 1513 3194 sunt.
1541 3136 1695 3206 Virga
1715 3136 1869 3195 name

294 3226 394 3280 que
422 3208 728 3280 superbum
745 3209 912 3280 regit,
935 3209 1244 3280 secundum
1289 3209 1428 3278 quod
1471 3207 1668 3280 dictum
1697 3217 1780 3280 est
1814 3209 1866 3261 in

296 3277 510 3334 Psalmo
535 3277 864 3335 seettndo-de
891 3279 1100 3334 Christo
1124 3297 1136 3332 :
1170 3277 1327 3350 Reges
1352 3296 1434 3332 eos
1463 3279 1514 3350 in
1541 3279 1681 3350 virga
1704 3279 1868 3350 ferrea

293 3361 341 3404 et
383 3361 629 3420 tanquam
675 3365 762 3404 vas
805 3350 952 3419 ﬁguli
993 3347 1280 3420 confringe}
1327 3367 1413 3404 eos.
1452 3347 1644 3420 (Psal._
1664 3347 1729 3412 lt,
1771 3348 1804 3403 9
1824 3352 1872 3418 ).-

297 3418 524 3474 Baculus
551 3437 676 3476 vern
703 3418 936 3476 debilem
965 3418 1225 3474 sustentat
1245 3431 1302 3474 et
1341 3422 1566 3477 fessum.
1602 3418 1867 3474 Memento

295 3507 422 3561 ergo
456 3492 810 3558 correptionis
838 3500 893 3544 et
923 3491 1214 3559 disciplina:
1241 3489 1421 3559 virgae,
1463 3499 1515 3544 ut
1544 3505 1664 3543 cum
1694 3491 1864 3560 reple-

295 3571 378 3616 tus
405 3562 574 3618 fueris
600 3561 758 3616 bonis
788 3561 1052 3614 donorum
1088 3561 1210 3626 Dei,
1244 3577 1346 3615 non
1379 3561 1651 3616 cxtollaris
1680 3577 1867 3630 snper-

292 3632 377 3686 bia
403 3674 419 3695 ,
465 3642 520 3687 et
565 3647 864 3687 murmures
917 3631 1172 3702 adversus
1208 3647 1330 3686 eum
1376 3649 1389 3685 :
1436 3633 1556 3702 quia
1599 3631 1735 3686 sicut
1775 3649 1868 3688 vas

292 3704 446 3772 ﬁguli.
489 3703 654 3760 iratus
699 3703 762 3758 in.
800 3718 861 3757 ea
907 3701 1203 3772 confringet
1261 3713 1331 3755 te.
1391 3701 1656 3756 Memento
1707 3703 1866 3757 etiam

289 3773 544 3841 adjutorii
587 3773 777 3834 baculi,
821 3781 970 3827 etne
999 3773 1237 3828 confidas
1275 3773 1324 3827 in
1349 3774 1542 3828 virtute
1584 3782 1692 3836 tua,
1733 3789 1867 3829 neve

291 3844 475 3907 dicas,
519 3843 748 3897 Sanctus
787 3859 940 3908 sum,
988 3843 1213 3898 titubare
1264 3860 1368 3898 non
1412 3860 1643 3913 possum.
1676 3842 1867 3897 Multos

293 3914 458 3967 habet
488 3914 670 3982 lapsus
699 3914 976 3968 infirmitas
1002 3923 1201 3978 nostra,
1227 3930 1325 3968 nec
1349 3914 1626 3970 sanctitate
1646 3929 1892 3981 operum.

291 3999 515 4037 suorum
539 3983 711 4037 adhuc
742 3987 791 4038 in
817 3995 954 4037 terra
976 3984 1136 4038 dante
1165 3985 1345 4052 spinas
1369 3997 1423 4039 et
1451 3986 1671 4038 tribulos
1701 3985 1865 4052 posita

290 4055 519 4121 regitur,
563 4056 643 4107 vel
676 4054 833 4108 habet
869 4056 1088 4122 gloriam
1132 4055 1392 4123 puritatis.
1438 4055 1695 4121 Quanuliu
1739 4071 1867 4123 ergo

293 4124 485 4178 redeat
524 4125 577 4178 in
622 4133 816 4178 terram
861 4125 929 4179 de
974 4139 1076 4195 qua
1121 4135 1328 4194 sumpta
1373 4137 1486 4187 est,
1534 4125 1631 4178 nisi
1678 4126 1866 4178 baculo

290 4195 497 4249 divinae
518 4195 704 4263 gratia:
733 4204 966 4263 regatur,
1003 4205 1145 4250 stare
1185 4210 1286 4249 non
1317 4204 1505 4264 potest.
1535 4195 1656 4249 Sive
1690 4195 1867 4263 itaque

295 4265 758 4333 prospererisin.
779 4266 925 4332 Deo,
987 4266 1098 4320 sive
1146 4267 1495 4320 tentationum
1554 4275 1868 4333 tempestate

294 4336 552 4399 turberis,
595 4344 759 4389 totum
789 4345 840 4390 te
869 4337 918 4389 iu
954 4336 1195 4390 baculum
1225 4335 1602 4391 misericordia:
1626 4335 1716 4389 Dei
1748 4351 1869 4404 pro-

288 4405 417 4473 jice,
450 4415 654 4460 nt‘cum
677 4421 834 4476 supra
864 4422 985 4461 eum
1009 4406 1162 4461 donis
1192 4407 1551 4476 spiritualibns
1575 4405 1868 4476 pascendus

291 4476 962 4546 acettbtterisrdelectatus
999 4485 1155 4546 gustu
1193 4477 1466 4532 suavitatis
1502 4479 1638 4546 ejus,
1675 4491 1870 4531 conve-

295 4548 509 4601 nienter
537 4546 716 4610 diras,
766 4545 971 4600 Parasti
1007 4545 1061 4601 in
1086 4557 1735 4618 conspectisnam-mensam
1772 4549 1868 4601 ad-

291 4632 469 4670 versus
494 4634 579 4670 eos
607 4618 693 4684 qui
717 4618 954 4670 tribulam
980 4635 1075 4673 me.
1121 4616 1459 4688 Impinguasli
1494 4620 1547 4672 in
1581 4621 1690 4672 oleo
1717 4629 1870 4687 caput

294 4704 492 4759 meum,
543 4690 876 4759 et'poculum
920 4698 1058 4741 tuum
1100 4688 1350 4742 inebrians
1377 4706 1529 4759 quam
1571 4688 1870 4759 praclarum

295 4759 414 4830 est!
457 4758 573 4811 lloc
616 4756 710 4830 per
748 4756 932 4830 urbem
977 4769 1248 4830 terrarum
1281 4756 1415 4814 fulta
1456 4756 1638 4828 gratia:
1684 4759 1871 4814 baculo

295 4827 546 4883 universa
587 4827 766 4882 cantat
813 4827 1083 4886 Ecclesia.
1119 4829 1228 4883 Hoc
1266 4827 1868 4894 adversusha‘reticos,

294 4898 512 4952 Judzeos
538 4906 695 4966 atque
716 4898 972 4962 Gentiles,
1006 4899 1093 4969 qui
1129 4916 1244 4952 eam
1279 4900 1568 4954 deridenda
1599 4902 1868 4961 tribulant.

299 4969 590 5040 pra-dicat,
610 4983 714 5022 non
744 4969 794 5022 in
823 4984 900 5033 se,
928 4971 1018 5024 sed
1053 4971 1105 5024 in
1128 4971 1351 5024 Domino
1371 4971 1668 5040 gloriando.
1696 4971 1871 5026 Mensa

299 5053 532 5111 namque
571 5038 918 5108 jucunditatis
949 5040 1126 5111 passio
1161 5041 1353 5094 Christi
1379 5038 1472 5094 'est
1496 5083 1510 5103 ,
1551 5043 1638 5108 qui
1681 5058 1738 5095 se
1779 5059 1874 5111 pro

300 5110 458 5163 nobis
493 5110 544 5162 iu
585 5125 764 5163 mensa
805 5112 978 5164 crucis
997 5109 1193 5164 obtulit
1222 5113 1534 5166 sacriﬁcium
1569 5113 1675 5166 Deo
1708 5109 1872 5178 Patri,

296 5179 509 5234 donans
566 5179 816 5236 Ecclesiae
862 5195 971 5234 sua:
1030 5181 1304 5234 catholico
1351 5183 1514 5236 vitale
1548 5184 1869 5248 convivium,

295 5264 528 5319 corpore
568 5264 666 5304 suo
695 5266 792 5304 nos
819 5251 1062 5304 videlicet
1103 5254 1318 5313 satians,
1364 5265 1418 5306 et
1461 5253 1728 5306 inebrians
1753 5270 1877 5306 san-

298 5319 646 5393 guine.__llac
686 5336 868 5393 mensa
900 5332 1046 5392 pasta
1083 5331 1136 5376 et
1166 5323 1421 5376 vivilicala
1442 5363 1457 5389 ,
1503 5323 1756 5379 adversus
1784 5339 1877 5382 eos

301 5392 393 5463 qui
435 5391 875 5455 tribulant'eam,
909 5391 1150 5446 exsultat
1178 5393 1410 5447 Ecclesia
1435 5435 1448 5455 .
1489 5393 1692 5448 habens
1729 5410 1877 5463 spem

304 5462 426 5513 vitae
468 5470 680 5515 :eternze
733 5477 828 5531 per
870 5478 1018 5516 suam
1065 5463 1224 5516 vitam
1274 5463 1548 5516 Dominum
1589 5462 1876 5528 Clu-istum,

303 5531 393 5603 qui
439 5546 556 5603 eam
586 5531 720 5603 oleo
767 5533 960 5585 lzetitia:
1006 5548 1102 5602 per
1149 5545 1389 5587 sanctum
1436 5535 1690 5603 Spiritum
1735 5537 1884 5588 unxit

304 5601 538 5654 abunde.
583 5601 807 5669 Propter
837 5604 970 5658 hanc
1009 5601 1244 5656 inensam
1281 5601 1602 5672 corripiebat
1638 5607 1687 5658 in
1725 5607 1884 5660 idolio

309 5672 681 5747 recumbentis
703 5673 1007 5747 Corinthios
1030 5674 1349 5747 Armstohts,
1385 5675 1567 5729 dicens
1593 5692 1605 5727 :
1637 5675 1758 5729 Non
1795 5694 1887 5747 po-

309 5742 445 5794 testis
487 5745 856 5798 tonummfcare
906 5759 1087 5798 mensae
1132 5743 1336 5799 Domini
1381 5754 1424 5797 et
1468 5761 1653 5801 mensa:
1695 5742 1885 5801 dte-no-

371 5896 447 5958 (a}
469 5903 623 5957 Forte,
646 5904 705 5947 t’l.

1620 407 1849 464 SER‘NIO
1887 408 2107 465 CCCLX
2119 408 2222 465 VII.

3425 417 3565 476 l650

1984 525 2222 598 nierum:
2251 542 2348 579 non
2377 531 2585 598 potestis
2604 527 2765 584 bibere
2793 528 3328 598 calicem-Bominhet
3351 533 3568 590 calicem

1981 595 2344 669 daanoniorum
2369 597 2408 669 (1
2440 596 2558 652 Cor.
2589 616 2646 661 κ,
2672 599 2744 656 ‘20
2770 600 2958 665 tet-El):

2053 667 2106 747 7_.
2135 666 2316 747 Gratia
2345 666 2650 747 pra'veniens
2690 681 2737 726 et
2763 672 3104 747 subsequens._
3129 671 3392 747 Cum_vos
3432 689 3570 747 ergo

1981 735 2159 816 divina
2184 735 2373 808 gratia,
2406 739 2471 794 ad
2497 735 2973 816 quamproperatis
2995 783 3010 808 ,
3041 742 3333 812 advexerit,
3358 735 3562 816 cogno-

1981 809 2143 862 scctis
2169 823 2405 885 mensam
2432 809 2719 879 spiritualis
2749 809 2999 885 convivii,
3043 823 3099 869 ut
3135 809 3561 885 agnita-veritate

1981 879 2345 956 unusquisque
2381 889 2615 935 vestrum
2667 883 3000 956 (ξιιιιιῑιειιιξ.Δ
3034 893 3091 940 et
3144 879 3340 952 gratias
3395 901 3562 956 agens

1983 949 2114 1022 Deo,
2142 949 2268 1022 jam
2293 960 2656 1020 competenter
2691 962 2746 1008 et
2779 953 3091 1012 liducialiter
3127 949 3290 1022 dicat,
3316 956 3384 1012 Et
3409 949 3562 1013 niiss-

1982 1020 2202 1092 ricordia
2229 1030 2313 1075 tua
2337 1022 2765 1092 subsequeturme
2795 1023 3022 1078 omnibus
3049 1025 3220 1081 diebus
3259 1020 3374 1082 vitae
3411 1044 3558 1082 mea.

1983 1088 2240 1164 Magnum
2262 1101 2312 1144 te
2336 1088 2516 1164 glutine
2536 1093 2783 1164 solatium
2807 1098 3112 1149 comitatur.
3157 1097 3382 1164 Propter
3400 1099 3564 1152 mise-

1984 1160 2116 1233 riam
2156 1161 2417 1216 videlicet‘
2441 1163 2759 1220 inﬁrmitatis
2807 1172 2943 1233 tum,
2983 1160 3345 1222 misericordia
3385 1178 3438 1223 te
3467 1169 3558 1222 Dei

1983 1232 2342 1301 subsequitur.
2373 1233 2478 1288 Sed
2519 1235 2662 1301 prius
2691 1244 2750 1290 ut
2792 1235 2894 1290 iter
2940 1235 3030 1289 tibi
3059 1236 3180 1290 vita:
3219 1247 3432 1293 :eternte
3459 1239 3566 1293 de-

1984 1313 2242 1374 monstret
2263 1306 2563 1374 ,_pr:rvenit
2608 1315 2658 1360 te
2678 1348 2690 1368 ,
2725 1305 2775 1359 id
2802 1313 2884 1360 est
2903 1348 2918 1373 ,
2949 1307 3216 1363 antecedit
3247 1317 3297 1362 te
3317 1349 3334 1374 ,
3364 1323 3559 1363 secun-

1983 1370 2123 1444 dum“
2153 1373 2293 1442 quod
2313 1370 2448 1428 dicit
2493 1375 2542 1428 in
2570 1375 2673 1428 alio
2705 1370 2941 1444 psalmo,
2991 1377 3124 1431 Deus
3153 1370 3329 1444 meus,
3366 1379 3560 1432 miseri-

1983 1443 2158 1494 cordia
2197 1445 2308 1518 ejus
2350 1447 2613 1518 prmveniet
2655 1443 2734 1518 rne
2759 1445 2934 1518 (Psal.
2961 1463 3104 1508 t.vtu.
3134 1449 3242 1518 ll).
3293 1443 3564 1504 Praevenit-

1983 1526 2111 1585 ergo
2141 1523 2190 1566 te
2232 1515 2590 1570 misericordia
2630 1517 2766 1582 «³1ης,
2807 1516 2860 1571 id
2901 1527 3019 1579 est.
3053 1518 3104 1571 in
3147 1515 3283 1573 viam
3327 1529 3381 1573 te
3413 1519 3554 1574 ducit
3607 1563 3620 1585 ι

1985 1583 2313 1654 ignorantem
2345 1587 2502 1647 viam.
2551 1586 2615 1642 ad
2648 1588 2815 1654 Deum
2848 1597 2899 1642 te
2924 1601 3076 1642 Vacat
3120 1589 3274 1652 longe
3305 1589 3496 1644 factum
3527 1607 3558 1642 a
3607 1583 3662 1654 ii,

1986 1645 2131 1725 Deo;
2173 1669 2382 1708 servum
2423 1645 2621 1725 peccati
2659 1647 2909 1720 attrahit,
2941 1667 2996 1711 ut
3026 1645 3247 1714 liberum
3279 1657 3478 1724 faciat,
3501 1669 3559 1715 ιιι
3620 1645 3665 1679 ῖ⁶

1983 1724 2302 1779 ambulando
2329 1727 2378 1779 in
2405 1724 2482 1779 via
2507 1727 2751 1781 omnibus
2771 1729 2957 1782 diebus
2977 1731 3097 1783 vita:
3125 1738 3229 1784 tua:
3255 1744 3357 1783 non
3383 1744 3555 1786 erres.

1981 1792 2332 1869 Subsequitur
2359 1797 2519 1851 etiam
2546 1805 2597 1852 te
2617 1839 2631 1861 ,
2661 1798 3138 1869 custodiens-terga
3167 1808 3285 1867 tua,
3329 1814 3396 1855 ne
3421 1799 3558 1854 insi-

1983 1863 2425 1939 diansAi-aleaneo
2455 1875 2544 1921 tuo
2587 1882 2808 1937 serpens
2853 1863 3102 1926 diabolus
3141 1863 3418 1939 cumquo
3462 1871 3559 1926 tibi

1948 1943 2103 1988 sunt
2147 1935 2822 2010 inimicitiam”supplantat
2865 1951 2933 1993 te.
2987 1939 3146 1994 Latro
3194 1935 3423 2010 namque
3467 1951 3561 1995 aut

1982 2007 2310 2081 occurrendo
2341 2007 2552 2081 occidit,
2588 2007 2681 2081 aut
2707 2010 3039 2076 exsurgendo
3071 2020 3189 2079 post
3219 2007 3443 2081 tergum.
3475 2009 3558 2065 0b

1983 2075 2163 2150 hoc__te
2193 2077 2441 2145 pmicedit
2474 2087 2538 2150 et
2567 2075 2908 2150 subsequitur
2933 2075 3418 2136 misericordia'Dei
3439 2121 3453 2144 ,
3499 2091 3560 2133 ut

1982 2146 2378 2202 mediustutus
2426 2148 2671 2204 ambules
2709 2146 2766 2204 et
2812 2165 3030 2206 securus
3075 2151 3327 2207 onmilms
3367 2151 3558 2206 diebus

1982 2217 2102 2292 vitae
2131 2226 2266 2292 tnre._
2285 2218 2430 2273 llabe
2457 2233 2592 2292 ergo
2614 2235 2764 2291 spem
2794 2231 2846 2276 et
2873 2222 3118 2292 gloriam,
3148 2236 3256 2276 non
3281 2221 3333 2275 in
3364 2230 3434 2282 te.
3459 2221 3557 2275 sed

1982 2285 2034 2339 in
2065 2288 2394 2354 pratcedentc
2425 2297 2479 2343 et
2516 2285 3257 2361 subseqnente'miscricordia
3289 2292 3378 2346 Dei
3407 2310 3421 2346 :
3452 2307 3557 2360 qua

1982 2366 2280 2430 prtevcltlttls
2304 2370 2669 2430 es-peccator,
2701 2370 2758 2414 nt
2782 2362 3042 2429 salveris;
3087 2377 3192 2418 non
3219 2362 3467 2417 inventus
3495 2378 3556 2417 es

1974 2426 2178 2500 justus1
2205 2439 2260 2482 ut
2288 2426 2548 2497 placuisse
2574 2431 2838 2500 glorieris.
3027 2426 3036 2429 ⁷
3443 2469 3446 2472 -

2049 2498 2115 2552 8.-
2137 2496 2326 2560 Gratia:
2354 2507 2400 2552 et
2430 2496 2716 2573 christiana:
2743 2501 3067 2573 professionis
3104 2502 3214 2573 quis
3243 2502 3379 2570 ﬁnis.
3421 2501 3558 2558 Vide

1977 2578 2153 2640 autem
2181 2585 2285 2639 quo
2309 2577 2362 2624 te
2383 2569 2643 2640 perducit,
2671 2575 2715 2627 si
2737 2569 2847 2626 non
2863 2569 3164 2628 deserueris
3182 2569 3554 2628 deducentem.

1976 2637 2091 2714 Non
2119 2640 2175 2714 in
2199 2637 2398 2713 ‘agrum’
2435 2637 2663 2714 miseria:
2699 2643 2996 2714 saecularis,
3029 2652 3088 2696 ut
3126 2643 3262 2698 inter
3299 2643 3478 2714 spinas
3501 2652 3559 2698 et

1976 2710 2199 2764 tribulos
2220 2710 2411 2782 panem
2431 2712 2488 2782 in
2515 2712 2693 2766 labore
2720 2722 2774 2766 et
2797 2712 2992 2767 sudore
3012 2714 3295 2782 conquiras
3313 2710 3342 2778 ;’
3357 2728 3464 2767 non
3487 2714 3555 2768 ad

1975 2781 2178 2854 marina
2197 2781 2511 2854 discrimina
2533 2791 2641 2854 ,Aut
2667 2783 2996 2854 mercimonii
3025 2781 3184 2840 causa
3219 2784 3362 2854 ligno
3387 2783 3555 2850 fragili

1975 2849 2173 2905 incerta
2211 2851 2353 2924 lucra
2383 2852 2636 2924 secteris,
2666 2852 2766 2924 ubi,
2798 2853 3089 2924 intentione
3131 2849 3364 2924 quastus
3400 2849 3555 2909 multi

1974 2929 2296 2992 merserunt.
2325 2918 2406 2975 Ad
2437 2922 2651 2978 domum
2680 2923 2770 2979 Dei
2799 2930 2855 2978 te
2879 2923 3044 2990 ducit,
3076 2918 3181 2978 non
3207 2933 3266 2978 ut
3291 2924 3554 2992 hOSpitetn

1973 2991 2040 3046 ad
2065 3001 2294 3061 tempus,
2321 2999 2375 3046 ut
2397 2992 2598 3060 migres
2619 3007 2687 3048 ex
2709 3007 2807 3059 ea;
2835 2994 2928 3048 sed
2955 2993 3329 3058 habitatorem,
3353 2991 3412 3048 nt
3433 3009 3558 3060 per-

1973 3077 2189 3132 maneas
2218 3061 2269 3115 iu
2296 3076 2381 3132 ea.
2403 3063 2653 3132 Sequitur
2674 3065 2838 3128 enim,
2867 3063 3018 3122 Etin
3037 3065 3308 3120 inhabilem
3328 3066 3383 3118 in
3405 3066 3558 3118 domo

1975 3129 2182 3201 Domini
2223 3133 2274 3186 in
2318 3129 2629 3203 longitudine
2671 3133 2887 3190 dierum.
2931 3136 3128 3191 Domus
3170 3137 3284 3190 lucc
3324 3135 3555 3202 Domini,

1975 3203 2260 3274 paradisus
2291 3202 2733 3274 est.”l;ongitudo
2772 3206 3013 3269 dierum,
3058 3206 3162 3259 vita
3207 3215 3405 3260 teterna
3449 3215 3553 3260 est.

1972 3271 2223 3327 Non'illic
2251 3272 2474 3338 esuries,
2505 3271 2822 3340 nonosities‘
2855 3289 2954 3331 nec
2979 3275 3244 3331 laborabis
3271 3285 3402 3331 aestu
3424 3275 3557 3330 solis

1972 3352 2027 3416 et
2052 3345 2241 3416 hunc,
2289 3343 2454 3413 frigus
2495 3354 2548 3399 et
2589 3353 2936 3416 tempestates
2966 3346 3155 3416 hiemis
3189 3361 3292 3401 non
3332 3346 3554 3401 senties.

1974 3413 2208 3468 Tristitia
2239 3423 2291 3467 et
2323 3429 2521 3470 mtrror
2555 3415 2606 3469 in
2634 3413 2830 3470 ca'non
2861 3425 3001 3469 sunt.
3031 3415 3316 3471 Consortio
3344 3431 3558 3483 semper

1972 3494 2276 3538 sanctorum
2319 3484 2506 3540 beatus
2544 3488 2670 3539 eris.
2709 3485 2976 3541 Gaudebis
3005 3502 3124 3540 Clllll
3152 3487 3228 3539 eis
3248 3528 3263 3551 ,
3293 3495 3346 3541 et
3373 3488 3560 3541 exsul-

1973 3555 2131 3620 tabis,
2150 3555 2376 3609 vivendo
2392 3565 2442 3609 et
2461 3555 2722 3610 laudando
2743 3557 2794 3610 in
2817 3556 3008 3610 saecula
3031 3557 3343 3611 saeculorum
3363 3557 3552 3611 Deum.

1974 3626 2110 3680 Dicit
2135 3627 2279 3682 enim
2311 3626 2364 3696 in
2393 3627 2495 3679 alio
2523 3627 2757 3695 psalmo,
2789 3625 2930 3680 Beati
2954 3629 3039 3696 qui
3069 3627 3292 3680 habitant
3321 3629 3376 3681 in
3404 3629 3556 3681 domo

1972 3705 2057 3768 tua
2077 3696 2174 3768 {in
2202 3695 2388 3750 uacula
2417 3695 2716 3752 seculorum
2753 3695 3028 3752 laudabunt
3063 3707 3108 3751 te
3138 3697 3307 3768 (Psal.
3335 3713 3553 3758 Lxxxm.

1973 3766 2052 3837 5).
2088 3766 2320 3826 llascest
2347 3782 2469 3836 spes
2493 3768 2612 3822 fidei
2635 3777 2848 3834 vestrm,
2871 3766 3219 3823 dilectissimi.
3245 3768 3557 3824 Accessistis

1972 3835 2038 3908 ad
2063 3837 2340 3908 Dominum
2363 3835 2618 3908 credere;
2649 3839 2889 3893 festinate
2914 3850 2964 3894 et
2987 3855 3201 3908 operam
3223 3838 3344 3893 date
3366 3855 3558 3907 apprc-

1976 3906 2211 3979 hendere
2239 3922 2335 3976 per
2361 3907 2551 3961 bonam
2580 3906 3039 3964 conversationem
3068 3910 3207 3979 tprod
3231 3906 3555 3964 credidiStis.

1972 3976 2088 4031 Non
2117 3978 2261 4047 enim
2293 3987 2512 4046 propter
2549 3991 2867 4047 praesentem
2908 3982 3068 4035 vitam
3089 3976 3378 4035 'eflieimini
3407 3981 3555 4034 chri-

1975 4046 2130 4118 stiani
2151 4090 2166 4113 ,
2201 4049 2294 4118 sed
2326 4046 2801 4117 propterJuturam
2835 4050 3031 4116 vitam,
3063 4065 3222 4118 quam
3256 4051 3408 4104 vobis
3435 4065 3556 4104 cre-

1945 4116 2402 4188 ‘dentibu'siet’in
2429 4116 2502 4173 se
2542 4121 3004 4188 perseverantibus
3037 4116 3288 4173 Dominus
3315 4119 3558 4174 Christus

1975 4188 2088 4255 ipse
2116 4187 2334 4259 largitur
2361 4205 2375 4239 :
2402 4189 2492 4258 qui
2519 4187 2648 4243 vivit
2685 4199 2740 4244 et
2773 4198 2961 4259 regnat
2995 4205 3114 4244 cum
3161 4189 3270 4243 Deo
3309 4189 3464 4244 Patre
3503 4191 3556 4244 in

1975 4260 2174 4312 unitate
2201 4257 2432 4329 Spiritus
2459 4260 2626 4314 sancti
2645 4301 2659 4325 ,
2692 4259 2745 4314 in
2771 4257 2963 4315 sarcula
2989 4260 3329 4315 stimulorum.
3363 4261 3557 4317 Amen.

2398 4370 2629 4427 snnno
2665 4370 2979 4428 cccmu
3016 4371 3174 4452 1(a).

1975 4459 2052 4516 De
2089 4461 2249 4518 verbis
2288 4462 2550 4535 Evangelii
2594 4463 2778 4529 Lucra,
2826 4480 2946 4535 cap.-
2971 4479 3094 4532 xvt,
3135 4465 3345 4530 19-51;
3384 4466 3469 4520 ubi
3497 4466 3562 4521 de

2470 4557 2621 4612 divite
2659 4568 2705 4612 et
2734 4556 2933 4612 Lazaro
2963 4556 3062 4631 (b).

2043 4669 2274 4728 CAPUT
2305 4670 2586 4728 PRIMUM.
2608 4702 2680 4714 ——
2706 4673 2755 4726 l.
2785 4671 2966 4727 Divitis
2985 4688 3100 4726 cum
3121 4670 3321 4726 Lazaro
3344 4689 3565 4744 paupere

1975 4762 2305 4832 comparatio.
2329 4761 2552 4816 Avaritia
2570 4762 2906 4833 inexplebilis.
2930 4761 3172 4816 Advertit
3192 4763 3458 4818 Sanctitas
3481 4780 3564 4817 ve-

1976 4851 2314 4916 stra,fratres
2328 4853 2709 4916 charissimi,et
2725 4865 3018 4920 inecum,ut
3035 4854 3284 4922 arbitror,
3300 4865 3406 4909 tota
3425 4871 3566 4910 men-

1979 4945 2051 4998 tis
2071 4945 2368 4999 intentione
2398 4947 2667 5016 perspexit
2691 4946 3014 5014 opulcntiam
3033 4945 3242 5012 divitis,
3263 4957 3316 5002 et
3336 4947 3568 5018 indigen-

1979 5036 2107 5090 tiam
2147 5035 2532 5100 mendicantis;
2563 5051 2722 5089 unum
2753 5037 2887 5091 cibis
2925 5047 3274 5105 trstuantem,
3314 5049 3368 5094 et
3400 5040 3566 5093 alium

1981 5126 2121 5182 fame
2144 5126 2502 5182 deficientem.
2527 5127 2714 5181 Ambo
2727 5129 2941 5196 quidem
2971 5129 3212 5184 homines
3233 5173 3247 5197 ,
3272 5131 3428 5186 ambo
3453 5147 3572 5186 car-

1982 5220 2153 5284 nales,
2174 5217 2332 5272 ambo
2356 5219 2644 5273 mortales:
2667 5219 2762 5274 sed
2777 5235 2892 5274 .non
2914 5221 3072 5276 ambo
3091 5221 3344 5291 wquales.
3371 5221 3570 5276 Natura

2048 5350 2065 5370 ⁶
2099 5347 2306 5399 Collatus
2327 5349 2384 5416 ad
2422 5347 2554 5416 duos
2576 5349 2663 5399 bu.
2698 5356 2750 5398 et
2768 5357 2978 5412 quatuor
3000 5351 3064 5401 cl.
3089 5351 3151 5401 ad
3183 5349 3316 5402 cb.f.
3339 5350 3398 5402 fs.
3425 5365 3474 5416 g.
3511 5351 3568 5402 lr.

1984 5425 2050 5461 m.
2076 5424 2150 5473 pr.
2177 5423 2266 5473 rm.
2307 5410 2388 5459 vd.
2416 5419 2467 5460 et
2497 5411 2556 5460 ad
2604 5421 2702 5458 Am.
2747 5410 2820 5460 Er.
2867 5421 2967 5462 Par.
2997 5421 3108 5463 Lov.

2050 5470 2126 5595 ἑὰ)
2160 5470 2304 5530 Alias,
2327 5473 2388 5524 25
2405 5473 2470 5522 de
2488 5473 2660 5531 Verbis
2683 5475 2880 5522 Domini.

2072 5531 2124 5595 b)
2158 5536 2419 5595 Augustino
2455 5535 2674 5584 tribuunt
2716 5547 2880 5584 manus

2072 5531 2124 5597 ὁ)
2158 5536 2427 5600 Augustino,
2455 5535 2674 5600 tribuunt
2716 5537 3024 5600 atauuscripti
3047 5549 3244 5597 annos,
3284 5548 3461 5600 magno
3485 5552 3575 5586 nu-

1990 5596 2131 5662 mero
2155 5609 2172 5662 :_
2193 5597 2282 5662 sed
2302 5597 2616 5662 indubitatam
2636 5596 2699 5662 iis
2715 5597 2908 5659 adiungi
2931 5596 3074 5647 (idem
3096 5596 3390 5662 nonpatitur
3411 5599 3578 5648 dictio-

1992 5659 2068 5707 nis
2083 5658 2208 5721 ratio
2225 5659 2481 5721 impropria
2495 5692 2510 5718 ,
2551 5658 2806 5721 inelegans
2829 5658 2881 5708 et
2903 5673 3161 5710 numerose
3183 5658 3434 5719 desinens,
3458 5673 3575 5709 sen-

1994 5720 2162 5792 tentiis
2202 5719 2491 5792 quandoque
2513 5720 2656 5792 simili
2679 5719 2941 5792 verborum
2974 5735 3095 5792 sono
3131 5724 3351 5792 studiose
3381 5724 3580 5774 nimium

1997 5780 2285 5829 terminatis.
2304 5780 2514 5831 Dubium
2551 5781 2828 5831 habuerunt
2852 5785 3202 5839 Lovanienscs.
3234 5785 3452 5834 Vcrliutts
3487 5799 3515 5833 ιι
3536 5801 3576 5831 ι-

2002 5849 2101 5915 tem
2124 5844 2475 5916 supposititium
2500 5856 2514 5890 ε
2539 5843 2801 5916 Vindingus
2841 5857 2984 5916 porro
3003 5847 3186 5916 censuit
3215 5849 3456 5916 Augustini
3498 5861 3580 5896 no-

2002 5906 2152 5965 mine,
2173 5905 2212 5952 si
2238 5917 2330 5953 non
2355 5905 2493 5954 stilus
2516 5904 2814 5966 prohiberet,
2845 5904 2954 5967 iure
2979 5909 3150 5957 merito
3173 5911 3546 5961 inm-inendwu.
