4080 6360
516 369 538 426 i
549 367 650 426 651

515 494 638 551 una.
655 491 746 547 sed
766 493 866 548 vita
885 510 988 546 non
1009 490 1327 547 una.Nullus
1341 506 1525 548 eorum
1541 507 1570 546 a
1588 491 1893 548 conditione
1905 492 2096 548 mortis

514 582 764 635 immunis
794 597 808 635 :
837 593 884 636 et
921 597 1095 636 tamen
1126 597 1266 636 unus
1293 584 1537 652 epulatur
1561 583 1858 652 splendide,
1887 593 1941 638 et
1963 585 2098 642 alter

512 674 564 728 in
596 675 783 743 pannis
815 685 866 728 et
900 675 951 728 in
979 690 1213 729 a'rumna
1243 675 1519 732 sordescit.
1564 677 1658 731 Ille
1685 677 1925 732 delicatis
1958 679 2100 733 escis

509 767 884 822 adiuventione
924 782 1215 837 eoquorum
1257 769 1518 840 gaudebat
1549 789 1563 825 :
1593 772 1728 838 iste,
1760 771 1803 827 si
1843 772 2096 828 caderent

511 859 662 912 unicae
690 857 757 912 de
785 873 967 912 mensa
996 860 1143 929 ejus,
1181 863 1541 932 exspectabat.
1573 862 1803 917 Audiam
1841 879 1982 918 nunc
2007 863 2095 918 di-

506 950 660 1014 vites,
688 951 776 1020 qtti
805 950 990 1006 nolunt
1025 967 1145 1008 esse
1172 953 1574 1019 misericordes;
1604 954 1818 1010 audiant
1839 955 1960 1026 quia
1987 971 2091 1010 una

507 1059 692 1100 onmes
719 1045 988 1100 nascimur
1012 1046 1148 1117 lege,
1181 1063 1284 1102 una
1311 1047 1536 1104 vivimus
1564 1048 1701 1116 luce,
1731 1065 1892 1104 unum
1921 1049 2092 1118 spira-

507 1150 626 1190 ntus
654 1151 854 1202 aerem,
885 1153 988 1191 una
1013 1152 1223 1208 quoque
1250 1139 1636 1208 exstinguimur
1663 1149 1835 1195 morte
1861 1158 1875 1194 :
1903 1157 2022 1212 qua:
2044 1141 2091 1196 si

505 1241 612 1280 non
645 1229 1033 1296 intercederet,
1067 1245 1165 1285 nec
1195 1245 1394 1301 pauper
1422 1232 1535 1300 ipse
1562 1232 1802 1289 duraret.
1830 1233 1925 1289 ilic
1951 1235 2095 1288 ulce-

505 1332 662 1372 rosus
705 1328 758 1374 et
799 1319 970 1374 nudus
1008 1320 1194 1394 jacens
1237 1321 1502 1384 Lazarus,
1550 1322 1616 1377 ad
1657 1322 1884 1379 Abrahae
1916 1324 2091 1380 sinum

503 1408 831 1478 Augolorum
882 1419 1120 1480 portatur
1176 1413 1438 1467 manibus.
1487 1412 1622 1468 Ecce
1666 1414 1817 1470 dives
1863 1414 2092 1471 refectus

505 1507 560 1553 et
577 1499 889 1570 splendidus
915 1511 1146 1557 tartareo
1164 1518 1381 1558 carcere
1404 1504 1682 1559 clauditur.
1707 1505 1808 1561 Ubi
1829 1514 1911 1560 est
1929 1507 2092 1562 vestis

505 1589 597 1644 illa
621 1591 872 1663 byssina?
895 1593 979 1648 ubi
1009 1595 1111 1649 vita
1141 1594 1414 1650 abundans
1439 1604 1492 1651 et
1516 1595 1740 1653 afﬂuens
1762 1598 1928 1668 copiis
1949 1598 2091 1654 mul-

507 1682 617 1736 tis?
647 1681 830 1741 Nonne
859 1694 1031 1740 morte
1060 1687 1238 1742 omnia
1271 1696 1547 1743 transeunt
1576 1698 1822 1760 tanquam
1863 1690 2091 1746 umbra?

507 1770 658 1828 Nihil
685 1774 948 1830 intulimus
975 1777 1027 1830 in
1057 1778 1188 1831 hunc
1216 1779 1479 1844 mundum,
1508 1779 1638 1835 dicit
1665 1782 1968 1850 Apostolus,
2001 1782 2093 1837 sed

505 1880 594 1918 nec
635 1867 909 1936 quidquam
951 1873 1152 1942 auferre
1191 1888 1454 1941 possumus
1494 1872 1537 1943 (Ι
1565 1872 1696 1927 Tim.
1723 1889 1809 1939 Vl,
1838 1875 1916 1946 7).
1949 1875 2091 1932 Nihil

506 1955 781 2013 nobiscum
810 1958 1047 2015 tollimus
1075 1971 1166 2016 aut
1191 1962 1445 2032 rapimus.
1474 1963 1610 2032 Quid
1641 1964 1684 2020 si
1711 1965 1908 2037 aliquid
1936 1967 2089 2024 tolle-

501 2061 702 2110 remus,
725 2064 902 2106 nerine
921 2051 1068 2106 vivos
1089 2052 1334 2110 homines
1354 2056 1706 2112 voraremus?
1729 2058 1859 2126 Quae
1879 2069 1963 2115 est
1989 2061 2089 2116 ista

503 2137 727 2191 aviditas
765 2139 1246 2209 concupiscentiae,
1290 2159 1414 2199 cum
1458 2146 1588 2216 ipsa:
1629 2148 1819 2203 bellua:
1862 2150 2092 2208 habeant

505 2227 762 2282 modum?
790 2229 938 2287 Tunc
963 2232 1105 2288 enim
1143 2235 1386 2305 rapiunt,
1415 2237 1629 2307 quando
1653 2241 1892 2295 esuriunt
1921 2259 1934 2296 :
1965 2258 2089 2310 par-

503 2327 632 2370 cunt
659 2333 785 2374 vero
811 2321 1025 2389 praedae,
1056 2337 1177 2378 cum
1207 2327 1474 2381 senserint
1500 2329 1818 2386 satietatem.
1849 2331 2088 2404 lnesple-

509 2407 631 2463 bilis
658 2420 740 2465 est
771 2412 881 2465 sola
907 2413 1124 2469 avaritia
1151 2416 1392 2472 divitum.
1418 2419 1642 2490 Semper
1669 2424 1834 2492 rapit,
1865 2433 1919 2480 et
1953 2442 2089 2480 nunc

505 2512 664 2567 quam
720 2501 943 2556 satiatur
987 2521 1000 2554 ε
1048 2519 1146 2560 nec
1202 2506 1369 2562 Deum
1429 2510 1612 2579 timet,
1666 2527 1765 2568 nec
1821 2513 2089 2574 hominem

505 2598 778 2646 reveretur
801 2610 814 2646 :
838 2607 939 2649 nec
960 2596 1091 2664 patri
1115 2598 1304 2666 parcit,
1328 2615 1427 2656 nec
1449 2612 1670 2656 matrem
1692 2607 1930 2673 agnoscit
1954 2624 1969 2660 :
1993 2623 2092 2663 nec

507 2679 656 2736 fratri
687 2681 1018 2752 obtempa'at
1038 2726 1053 2750 ,
1095 2703 1196 2743 nec
1232 2691 1405 2745 amico
1443 2691 1598 2746 tidem
1628 2704 1804 2748 servat
1833 2714 1847 2749 :
1872 2679 2088 2753 viduam

505 2772 775 2840 Opprimit,
821 2776 1004 2845 pupilli
1032 2794 1143 2832 rem
1186 2781 1426 2836 invadit:
1462 2783 1678 2839 libertos
1719 2787 1770 2841 in
1812 2789 2086 2844 servitium

505 2873 749 2926 revocat,
781 2873 1150 2924 testamentum
1179 2871 1368 2927 falsum
1402 2875 1619 2943 profert.
1649 2876 1756 2933 Res
1781 2878 1976 2933 mortui
2000 2895 2092 2935 oc-

507 2966 798 3024 cupantur;
825 2960 974 3027 quasi
1004 2976 1106 3015 non
1133 2973 1186 3017 et
1207 2965 1305 3032 ipsi
1326 2967 1411 3035 qui
1437 2969 1536 3022 hoc
1558 2968 1754 3024 faciunt
1775 2973 2088 3028 moriantur.

506 3046 636 3115 Quae
663 3057 741 3102 est
769 3063 896 3119 ergo
927 3051 1024 3106 ista
1049 3054 1346 3110 animarum
1377 3057 1600 3126 insania,
1629 3062 1875 3119 amittere
1902 3064 2087 3132 vitam,

507 3147 759 3207 appetere
788 3143 1050 3197 mortem?
1075 3146 1352 3217 acquirere
1377 3165 1562 3206 aurum
1585 3194 1600 3219 ,
1629 3162 1682 3208 et
1719 3149 1945 3224 perdere
1980 3172 2090 3213 ca:-

507 3228 654 3286 lnm?
680 3229 784 3288 Sed
828 3235 950 3306 quia
994 3255 1150 3294 nemo
1191 3242 1390 3312 cogitat
1434 3244 1630 3314 Deum,
1667 3246 1789 3304 ideo
1828 3262 2006 3307 manet
2036 3253 2088 3309 in

507 3333 682 3379 morte
715 3325 994 3394 judicium.

577 3413 802 3471 CAPUT
830 3417 891 3472 ll.
912 3449 984 3459 —
1006 3419 1059 3473 2.
1083 3419 1234 3478 Dives
1253 3441 1344 3478 cur
1365 3425 1649 3483 damnatus.
1681 3430 1865 3487 Merito
1890 3434 2087 3493 dictum

506 3511 590 3558 est
631 3504 807 3575 diviti,
857 3508 990 3575 Quia
1017 3515 1243 3582 recepisti
1268 3513 1397 3570 bona
1427 3520 1476 3572 in
1507 3521 1606 3574 vita
1632 3531 1752 3588 tua,
1783 3537 1830 3578 et
1861 3525 2089 3584 Lazarus

504 3596 736 3652 similiter
783 3600 956 3666 mala;
1003 3620 1138 3657 nunc
1177 3615 1344 3662 autem
1388 3610 1470 3663 hic
1516 3615 1837 3684 consolatur,
1882 3629 1936 3672 tu
1974 3637 2088 3676 vero

505 3687 768 3743 cruciaris.
804 3691 1033 3747 Audiam
1059 3695 1154 3750 ista
1177 3697 1384 3766 divites,
1410 3698 1496 3772 qui
1525 3704 1711 3760 nolunt
1733 3724 1853 3764 esse
1880 3711 2086 3768 miseri-

505 3778 714 3834 cordes.
747 3781 978 3837 Audiant
1004 3785 1224 3856 irrogari
1255 3793 1507 3861 supplicia
1536 3798 1614 3850 eis
1637 3799 1725 3868 qui
1757 3803 1942 3858 nolunt
1965 3820 2088 3861 ero-

505 3883 631 3936 gare
657 3871 912 3927 subsidia.
945 3877 1175 3934 Audiant
1200 3897 1483 3950 pauperem
1515 3887 1947 3959 refrigerantem,
1987 3911 2084 3950 au-

504 3959 651 4014 diant
697 3963 912 4020 divitem
962 3971 1133 4038 ptenis
1176 3975 1505 4042 gravioribus
1551 3991 1884 4039 tranantem.
1930 3984 2088 4041 Pater

504 4053 780 4122 Abraham,
810 4057 998 4128 inquit,
1030 4061 1168 4116 mitte
1195 4063 1466 4135 Lazarum,
1487 4081 1545 4124 ut
1571 4071 1785 4145 intingat
1811 4087 2084 4133 extremum

503 4143 648 4215 digiti
671 4148 752 4201 sui
779 4149 833 4202 in
862 4167 1046 4218 aquam
1066 4194 1081 4214 ,
1111 4163 1158 4206 et
1192 4158 1448 4229 refrigeret
1486 4143 1713 4232 linguam
1737 4181 1936 4232 meam;
1965 4171 2086 4239 quia

499 4237 697 4290 crucior
723 4238 776 4292 in
806 4239 901 4292 hac
923 4242 1152 4311 flamma.
1182 4250 1250 4299 At
1277 4247 1366 4303 ille
1395 4267 1408 4304 :
1439 4249 1722 4319 Memento,
1753 4255 1952 4326 inquit,
1977 4237 2079 4328 ﬁli,

498 4327 617 4394 quia
640 4329 870 4398 recepisti
889 4333 1016 4386 bona
1035 4335 1090 4398 in
1111 4335 1213 4390 vita
1233 4345 1338 4404 tua,
1361 4349 1409 4394 et
1430 4340 1657 4398 Lazai’us
1676 4346 1904 4402 similiter
1927 4327 2082 4405 mala.

498 4416 799 4474 Pensantur
836 4437 932 4490 pro
968 4424 1170 4482 divitiis
1207 4444 1411 4498 pinnae,
1441 4433 1774 4505 refrigerium
1815 4456 1911 4510 pro
1951 4458 2083 4511 pau-

501 4519 724 4577 pertate,
755 4529 850 4583 pro
878 4532 1104 4588 purpura
1127 4520 1356 4588 ﬂamma,
1383 4528 1602 4585 refectio
1626 4547 1723 4602 pro
1745 4536 2002 4604 nuditate,
2028 4550 2084 4596 ut

499 4603 644 4658 salva
688 4607 758 4661 sit
795 4612 1017 4681 aequitas
1058 4624 1298 4683 staterae,
1330 4630 1382 4674 et
1424 4638 1528 4678 non
1571 4629 1860 4684 mentiatur
1893 4633 2082 4690 modus

498 4694 638 4750 illius
677 4712 940 4754 mensuris
969 4721 983 4757 :
1015 4703 1082 4758 1n
1120 4723 1250 4775 qua,
1293 4709 1490 4782 inquit,
1530 4719 1688 4772 mensi
1716 4720 1914 4789 fueritis
1942 4739 2082 4779 men-

498 4804 640 4856 sura,
669 4790 742 4844 ita
768 4796 1051 4850 remetietur
1079 4799 1213 4855 vobis
1239 4800 1447 4875 (Matth.
1472 4824 1564 4875 vu,
1589 4810 1673 4883 2).
1701 4812 1824 4868 Ideo
1857 4825 2081 4886 negatur

499 4879 554 4933 in
592 4881 764 4948 poenis
801 4885 1162 4945 misericordia
1191 4892 1374 4960 diviti,
1404 4899 1524 4968 quia
1554 4879 1668 4972 ipse
1699 4903 1823 4959 dum
1852 4879 2076 4975 viveret,

496 4969 670 5025 noluit
707 4973 967 5030 misereri.
1008 4978 1129 5036 Ideo
1155 4998 1347 5055 rogans
1373 4988 1522 5046 dives
1563 4969 1666 5048 non
1713 4996 1991 5053 exauditur
2023 5000 2079 5056 in

496 5064 809 5131 tormentis;
854 5069 974 5138 quia
1021 5084 1291 5144 rogantem
1332 5093 1618 5151 pauperem
1664 5101 1770 5142 non
1810 5090 2081 5147 exaudivit

493 5158 547 5206 tn
589 5156 765 5212 terris.

564 5244 792 5305 CAPUT
818 5251 904 5306 111.
925 5283 998 5294 --
1015 5256 1068 5311 5.
1097 5258 1178 5311 Ad
1198 5260 1561 5334 eleemosynam
1585 5271 1895 5327 exhortatur.
1922 5276 2080 5334 Dives

491 5345 546 5390 et
587 5355 784 5410 pauper
812 5343 919 5400 duo
955 5346 1056 5402 sibi
1102 5361 1226 5405 sunt
1266 5358 1529 5411 contraria
1560 5376 1572 5410 :
1605 5361 1699 5414 sed
1745 5364 1934 5421 iterum
1971 5368 2078 5428 duo

491 5429 590 5484 sibi
621 5443 744 5488 sunt
773 5440 1092 5496 necessaria.
1123 5441 1313 5500 Nullus
1342 5447 1633 5519 indigeret,
1665 5455 1709 5510 si
1747 5470 1806 5510 se
1845 5458 2072 5517 invicem

491 5533 899 5592 supportarent;
933 5539 984 5584 et
1019 5548 1177 5589 nemo
1216 5536 1514 5606 laboraret,
1545 5544 1590 5598 si
1628 5559 1687 5599 se
1724 5549 1882 5602 ambo
1916 5551 2074 5620 juva-

491 5626 629 5669 rent.
664 5617 819 5676 Dives
861 5632 1076 5693 prepter
1115 5643 1397 5698 pauperem
1432 5631 1600 5689 iactus
1635 5646 1755 5704 est,
1789 5651 1841 5695 et
1872 5617 2072 5714 pauper

491 5718 707 5775 propter
732 5712 944 5768 divitem
978 5717 1143 5772 factus
1171 5731 1270 5774 est.
1304 5721 1556 5794 Pauperis
1584 5737 1664 5785 est
1692 5745 1846 5788 orare
1865 5777 1880 5798 ,
1910 5712 2071 5793 etﬁdi-

485 5797 606 5853 vitis
637 5817 888 5872 erogare;
923 5806 1012 5862 Dei
1045 5821 1123 5864 est
1156 5828 1250 5882 pro
1281 5819 1456 5884 parvis
1484 5835 1669 5893 magna
1703 5841 1950 5895 pensare.
2001 5835 2069 5888 De

1755 369 1812 427 S.
1843 363 2209 424 AUGUSTINI
2251 368 2553 429 EPISCOPI

3569 390 3572 392 ⁷
3657 389 3794 448 I65?

2205 489 2568 547 misericordia
2611 493 2728 564 ejus
2770 512 2959 566 parva,
2992 515 3181 572 magna
3212 503 3445 560 nascitur
3475 508 3647 578 copia.
3687 510 3794 566 Fc-
3859 490 3869 503 ’

2202 581 2408 636 ctnnlus
2435 594 2518 638 est
2555 599 2684 655 ager
2713 602 3030 656 pauperum,
3059 593 3168 647 cito
3195 594 3369 650 reddit
3391 595 3793 657 dominantibus

2201 668 2450 726 fructum.
2484 673 2577 728 Via
2619 677 2739 730 cmli
2780 689 2862 733 est
2903 695 3135 750 pauper,
3169 699 3262 753 per
3287 701 3446 756 quam
3479 691 3690 745 venitur
3715 691 3788 747 ad

2202 759 2434 817 Patrem.
2465 763 2642 836 Incipe
2666 784 2792 838 ergo
2815 787 3060 843 erogare,
3089 775 3132 828 si
3159 790 3262 831 non
3284 777 3364 833 vis
3383 794 3586 838 errare.
3613 782 3790 839 Patri-

2201 855 2364 908 monii
2394 857 2497 922 tui,
2527 876 2632 926 quo
2671 875 2730 916 es
2761 862 2980 933 ligatus,
3012 868 3328 938 compedem
3356 872 3409 928 in
3436 871 3539 931 hac
3562 876 3670 932 vita
3693 895 3792 934 re-

2198 945 2383 1012 solve;
2411 958 2468 1002 ut
2507 950 2673 1007 libere
2715 955 2781 1009 ad
2825 956 3019 1012 emtum
3067 961 3240 1026 possis
3280 964 3538 1022 accedere
3569 984 3584 1020 :
3613 968 3793 1040 abjice

2198 1034 2293 1089 abs
2334 1045 2386 1092 te
2423 1039 2723 1096 divitiarum
2763 1059 2926 1101 onera
2948 1089 2966 1116 ,
3003 1049 3178 1120 abjice
3215 1052 3422 1109 vincula
3463 1057 3786 1128 voluntaria,

2197 1127 2368 1197 ahjice
2392 1135 2686 1189 anxietates
2711 1147 2763 1190 ct
2789 1138 2978 1205 ttedia,
3007 1158 3125 1211 qua:
3165 1152 3219 1200 te
3254 1147 3496 1215 pluribus
3537 1151 3590 1206 in
3629 1127 3788 1209 annis

2199 1219 2511 1290 inquietant.
2542 1225 2614 1278 Da
2648 1231 2874 1295 petenti,
2906 1239 2964 1285 ut
2990 1235 3162 1302 possis
3199 1236 3314 1307 ipse
3355 1241 3598 1310 accipere
3635 1261 3650 1297 :
3687 1246 3791 1300 tri-

2196 1308 2301 1365 hue
2344 1315 2594 1383 pauperi,
2624 1317 2668 1370 si
2707 1335 2812 1373 non
2851 1321 2930 1376 vis
2970 1321 3200 1380 nummis
3237 1330 3407 1385 exuri.
3440 1331 3514 1388 Da
3557 1334 3610 1389 in
3641 1344 3787 1391 terra

2197 1403 2436 1469 t‘hristo,
2467 1409 2608 1478 quod
2649 1411 2740 1466 tibi
2771 1413 2958 1469 reddat
2994 1417 3045 1472 in
3073 1419 3230 1474 caelo.
3271 1421 3601 1481 Obliviscere
3637 1429 3787 1498 quod

2195 1510 2287 1560 es,
2316 1506 2370 1550 et
2405 1500 2622 1555 attende
2659 1503 2800 1572 quod
2841 1503 3048 1562 fumrus
3073 1524 3152 1563 es.
3183 1511 3427 1568 Prtesens
3451 1517 3556 1571 vita
3584 1516 3788 1588 fragilis

2195 1599 2307 1655 est,
2341 1598 2396 1644 et
2428 1591 2478 1645 in
2516 1603 2742 1650 mortem
2774 1599 3038 1666 proclivis.
3079 1601 3247 1657 Nemo
3275 1615 3448 1674 potest
3474 1617 3616 1665 stare
3643 1628 3657 1665 :
3685 1612 3788 1668 sed

2194 1692 2380 1736 omnes
2423 1683 2664 1754 cogimur
2700 1690 2948 1746 transire.
2990 1691 3244 1750 Nolentes
3282 1697 3450 1765 imus,
3499 1700 3648 1757 inviti
3681 1719 3784 1760 cs-

2194 1771 2364 1837 imus,
2393 1776 2516 1845 quia
2545 1778 2670 1834 mali
2711 1795 2913 1838 sumus.
2961 1785 3016 1840 Si
3060 1797 3238 1844 autem
3282 1801 3406 1847 ante
3443 1809 3542 1848 nos
3580 1796 3786 1867 aliquid

2193 1863 2550 1933 mitteremus,
2574 1884 2681 1923 non
2703 1871 2767 1926 ad
2793 1873 2946 1928 inane
2973 1875 3258 1947 hospitium
3280 1883 3602 1940 veniremus.
3626 1863 3784 1956 Quod

2193 1953 2334 2008 enim
2367 1958 2588 2028 pauperi
2617 1960 2837 2027 damus,
2884 1953 3007 2021 ante
3050 1984 3149 2023 nos
3195 1973 3566 2040 praemittimus
3594 1995 3608 2032 :
3636 1953 3783 2050 quod

2193 2062 2370 2111 autem
2397 2057 2654 2127 rupimus,
2685 2059 2772 2116 hic
2799 2071 2965 2118 totum
2994 2065 3328 2124 dimittimus.

2601 2193 2834 2252 SERMO
2868 2198 3244 2257 CCCLXVIII'
3273 2205 3370 2275 (a).

2191 2303 2271 2358 De
2297 2305 2455 2362 verbis
2484 2305 2752 2382 Evangelii
2788 2312 3035 2376 Joannis.
3069 2334 3183 2388 cap.
3213 2334 3322 2387 ιιι,
3354 2319 3455 2388 25,
3495 2322 3596 2390 Qui
3634 2333 3782 2380 amat

2263 2397 2492 2452 animam
2522 2415 2672 2456 suam
2693 2444 2707 2466 ,
2737 2405 2922 2474 perdet
2960 2407 3099 2462 illam
3131 2429 3144 2462 :
3176 2419 3224 2464 et
3258 2413 3321 2466 de
3343 2414 3501 2469 verbis
3526 2416 3780 2488 Apostoli,

2263 2489 2332 2542 ad
2374 2489 2657 2560 Ephesios,
2698 2512 2811 2566 cap.
2842 2513 2912 2563 v,
2938 2491 3040 2565 Ξῖ),
3082 2500 3252 2557 Nemo
3291 2520 3522 2575 unquam
3560 2523 3784 2565 carnem

2264 2598 2417 2638 suam
2447 2585 2568 2639 odio
2597 2585 2780 2644 habuit
2813 2588 2910 2662 (ὁ).

2263 2696 2486 2752 CAPUT
2526 2699 2806 2756 PRIMUM.
2829 2733 2901 2744 —-
2927 2705 2974 2759 l.
3005 2706 3238 2762 Animam
3263 2709 3310 2764 si
3329 2712 3440 2781 quis
3463 2723 3622 2781 amat,
3650 2732 3783 2785 ιιιιο-

2193 2789 2342 2842 modo
2370 2790 2561 2859 perdet.
2595 2791 2771 2861 Modo,
2799 2793 3009 2859 fratres,
3036 2815 3156 2854 cum
3185 2800 3360 2857 divina
3393 2804 3549 2860 lectio
3575 2808 3784 2878 legere-

2196 2889 2298 2944 tur,
2323 2880 2622 2936 audivimus
2639 2882 2920 2941 Dominum
2947 2888 3234 2956 dicentem,
3264 2893 3365 2961 Qui
3391 2906 3528 2950 amat
3555 2900 3782 2954 animum

2191 2985 2338 3022 suam
2356 3011 2371 3035 ,
2402 2971 2577 3040 perdet
2603 2973 2767 3028 illam.
2803 2976 2937 3031 lluic
2964 2981 3244 3036 sententia:
3271 2985 3422 3054 quasi
3451 2990 3780 3046 contrarium

2195 3061 2403 3116 videtur
2443 3076 2562 3118 esse
2597 3065 2738 3135 quod
2769 3068 2842 3120 ait
2871 3071 3187 3138 Apostolus,
3223 3073 3388 3130 Nemo
3417 3094 3637 3150 unquam
3665 3097 3781 3136 car-

2193 3171 2306 3207 nent
2334 3171 2479 3209 suam
2506 3157 2623 3211 odio
2652 3159 2846 3213 habuit.
2887 3161 2942 3217 Si
2973 3180 3100 3235 ergo
3129 3181 3288 3223 nemo
3321 3179 3404 3224 est
3441 3173 3530 3242 qui
3561 3187 3782 3230 carnem

2193 3260 2343 3300 suam
2370 3247 2576 3316 oderit,
2603 3261 2804 3321 quanto
2833 3256 3000 3325 magis
3029 3273 3187 3314 nemo
3211 3269 3295 3316 est
3329 3263 3419 3331 qui
3458 3264 3632 3321 oderit
3655 3268 3778 3322 ani-

2193 3353 2332 3392 mam
2360 3341 2548 3395 suam?
2573 3342 2795 3398 Multum
2823 3347 3019 3417 quippe
3046 3349 3223 3405 anima
3244 3354 3391 3408 carni
3415 3357 3740 3426 prmponitur
3758 3377 3778 3416 :

2191 3435 2312 3503 quia
2345 3436 2454 3506 ipsa
2481 3449 2565 3494 est
2590 3439 2903 3510 habitatrix,
2944 3461 3071 3500 caro
3101 3447 3493 3518 habitaculum;
3522 3464 3575 3509 et
3598 3455 3780 3511 anima

2190 3524 2522 3595 dominatur,
2551 3545 2679 3586 caro
2716 3543 2892 3588 autem
2931 3537 3134 3603 servit;
3169 3541 3344 3596 anima
3387 3544 3632 3613 superior
3669 3556 3776 3613 est,

2190 3631 2316 3672 caro
2345 3619 2582 3689 subjecta
2601 3631 2701 3676 est.
2729 3624 2783 3679 Si
2805 3641 2934 3696 ergo
2955 3643 3114 3682 nemo
3135 3646 3364 3700 unquam
3385 3649 3600 3690 carnem
3622 3651 3775 3692 suam

2190 3709 2312 3761 odio
2353 3710 2566 3778 habuit,
2592 3714 2711 3783 quis
2736 3725 2818 3770 est
2843 3716 2930 3787 qui
2961 3719 3192 3774 animam
3233 3737 3380 3778 suam
3409 3724 3619 3782 oderit?
3643 3728 3778 3783 Pro-

2192 3814 2308 3869 pter
2325 3803 2424 3857 hoc
2440 3820 2543 3860 non
2565 3822 2782 3876 parvam
2804 3811 3152 3878 quaestionem
3175 3815 3327 3872 nobis
3347 3816 3520 3874 intulit
3537 3835 3778 3889 praesens

2189 3895 2492 3962 evangelica
2525 3895 2719 3962 lectio,
2762 3899 2847 3953 ubi
2887 3901 3217 3970 audivimus,
3261 3905 3362 3972 Qui
3386 3919 3523 3964 amat
3550 3912 3776 3967 animant

2187 3999 2330 4036 suam
2350 4025 2365 4049 ,
2396 3985 2565 4054 perdet
2593 3986 2757 4042 illam.
2789 3989 3153 4048 Periculosum
3183 4005 3266 4049 est
3299 3998 3528 4053 animam
3568 4015 3773 4066 amare,

2191 4095 2256 4132 ne
2283 4090 2483 4148 pereat.
2513 4082 2617 4138 Sed
2645 4084 2690 4139 si
2719 4093 2998 4157 propterea
3028 4090 3382 4158 periculosum
3417 4103 3499 4149 est
3531 4104 3589 4149 ut
3621 4112 3777 4153 ames

2188 4177 2418 4232 animam
2446 4187 2586 4235 tuam
2609 4223 2624 4246 ,
2655 4198 2723 4236 ne
2751 4194 2934 4254 pereat
2972 4189 3147 4243 anima
3177 4197 3260 4244 tua
3282 4231 3296 4253 ,
3331 4190 3449 4245 ideo
3477 4205 3581 4246 non
3607 4191 3775 4247 debes

2191 4267 2330 4322 illam
2357 4285 2559 4338 amare,
2591 4275 2713 4343 quia
2742 4292 2845 4331 non
2875 4280 2954 4333 vis
2981 4280 3122 4334 illam
3149 4283 3342 4350 perire.
3365 4282 3420 4338 Si
3455 4291 3634 4338 autem
3664 4299 3774 4338 noti

2187 4357 2267 4413 vis
2294 4361 2436 4416 illam
2464 4366 2666 4432 perire,
2697 4383 2846 4423 amas
2875 4370 3038 4425 illam.
3065 4371 3203 4440 Quid
3240 4382 3324 4430 est
3359 4373 3498 4430 hoc?
3527 4374 3583 4430 Si
3623 4390 3770 4440 amo,

2189 4453 2372 4522 perdo.
2408 4458 2546 4527 Ergo
2573 4474 2676 4515 non
2709 4475 2919 4530 amem,
2946 4480 3015 4519 ne
3053 4465 3293 4534 perdam.
3326 4467 3432 4523 Sed
3459 4469 3580 4538 quia
3608 4468 3774 4524 timeo

2189 4546 2432 4615 perdere,
2463 4549 2583 4606 ideo
2608 4567 2713 4608 non
2739 4569 2895 4620 amo;
2926 4566 2979 4610 et
3002 4558 3182 4628 utique
3208 4560 3347 4629 quod
3375 4561 3536 4616 timeo
3557 4577 3624 4616 ne
3644 4578 3773 4632 per-

2185 4637 2342 4703 dam,
2381 4655 2522 4695 amo.
2560 4644 2692 4700 Dicit
2721 4654 2775 4700 et
2801 4647 2922 4702 alibi
2954 4648 3248 4705 Dominus:
3275 4651 3412 4718 Quid
3449 4653 3650 4723 prodest
3679 4655 3774 4708 Ito-

2185 4731 2310 4786 mini
2333 4733 2376 4788 si
2402 4741 2563 4789 totum
2587 4739 2832 4792 mundum
2859 4740 3079 4795 lucretur
3096 4784 3112 4808 ,
3141 4743 3326 4797 animos
3348 4759 3463 4798 vero
3487 4760 3594 4799 suis
3618 4745 3776 4799 detri-

2185 4835 2405 4881 mentum
2433 4829 2658 4899 patiatur
2685 4829 2897 4904 (Matth.
2927 4847 3035 4901 xvt,
3065 4834 3197 4905 26)?
3235 4835 3376 4891 Ecce
3412 4837 3533 4908 quia
3573 4837 3652 4892 sic
3689 4846 3772 4892 est

2246 4979 2268 5002 ⁶
2298 4980 2507 5031 Collatus
2539 4981 2598 5031 ad
2635 4981 2758 5033 duos
2779 4983 2842 5034 cl.
2867 4983 2928 5034 ad
2949 4999 3026 5050 gr.
3063 4999 3159 5038 rm.
3181 5000 3232 5038 ν.
3273 4996 3326 5040 et
3348 4989 3408 5039 ad
3437 4998 3538 5039 Am.
3563 4997 3639 5040 Er.
3664 5000 3768 5042 Par.

2183 5047 2292 5091 ιον.

2267 5104 2320 5166 ᾳ)
2354 5102 2490 5165 Alia,
2509 5104 2572 5153 57
2591 5105 2723 5155 inter
2740 5106 2966 5159 nomilias
2985 5110 3064 5161 50.

2267 5164 2317 5228 b)
2350 5166 2461 5236 sine
2477 5164 2743 5236 Augustini
2773 5170 2972 5236 nomine
3011 5179 3238 5236 tanquam
3260 5173 3437 5224 dubius
3455 5188 3486 5225 a
3505 5179 3772 5228 Invenien-

2181 5227 2318 5300 sibus
2339 5227 2500 5300 editus
2523 5227 2639 5300 est,
2674 5242 2702 5278 a
2728 5230 2920 5300 \‘erlino
2941 5227 3181 5300 autemfet
3205 5237 3438 5300 vindingo
3477 5238 3694 5300 rejectus
3715 5246 3769 5291 ut

2181 5289 2393 5360 spurius.
2427 5297 2541 5371 Qu‘te
2564 5290 2642 5339 isti
2843 5296 3216 5371 reprehendunt
3247 5301 3306 5371 .in
3332 5289 3427 5371 illis
3469 5289 3584 5371 artic
3621 5289 3767 5362 caput

2182 5350 2382 5423 tertium
2405 5352 2588 5423 verbis,
2619 5369 2642 5397 α
2659 5352 2846 5423 Υξάθιῖῧ
2865 5350 3004 5407 certe
3035 5359 3195 5423 modo,
3218 5362 3260 5410 si
3291 5361 3433 5423 cujus
3452 5363 3568 5421 vita,
3592 5378 3614 5406 ι
3645 5350 3760 5422 eia,

2181 5412 2266 5486 ubi
2287 5410 2449 5486 locum
2471 5415 2809 5486 Augustiniex
2833 5429 3062 5468 sermone
3087 5410 3205 5481 161⁷,
3252 5410 3366 5483 cap:
3379 5410 3440 5481 ι’,
3466 5410 3769 5486 θκεέιιίιξῶιὲἱ

2180 5479 2263 5546 aut
2283 5474 2547 5546 imitatione
2572 5474 2828 5546 infeliciter
2844 5489 3133 5546 expressum
3156 5474 3538 5546 conquerantur,
3557 5497 3618 5535 ea
3632 5474 3768 5537 ’ἴοι-ιὰ

2180 5534 2541 5609 interpolatoris
2557 5535 2758 5609 alicujus
2793 5534 2938 5588 manu
2978 5543 3186 5609 immissa
3208 5534 3288 5594 hii:
3324 5534 3537 5595 fuerunt:
3563 5534 3764 5609 Sermo,

2179 5604 2342 5670 nostra
2360 5599 2816 5671 ppinioneldignus
2838 5609 2914 5671 est
2945 5606 3225 5671 Augustino,
3255 5620 3445 5671 ipsique
3481 5606 3618 5658 lacile
3649 5599 3767 5659 con;

2180 5661 2315 5708 venit
2338 5659 2505 5727 titulus
2539 5672 2568 5709 a
2600 5659 2808 5711 Possidio
2831 5659 3041 5714 notatus"
3055 5665 3104 5713 in
3146 5659 3384 5727 Indiculo',
3419 5682 3524 5727 cap.
3543 5671 3605 5718 8:
3640 5688 3662 5715 ι
3691 5678 3765 5721 De

2185 5737 2208 5765 ι
2231 5719 2470 5786 Apostolo,
2494 5731 2639 5786 nemo
2653 5735 2863 5786 unquam
2883 5737 3080 5775 carnem
3097 5740 3238 5778 suam
3273 5719 3385 5779 odio
3404 5719 3570 5781 habuit
3589 5743 3608 5780 :
3628 5739 3679 5780 et
3694 5719 3760 5783 ei

2184 5800 2205 5826 ‹‹
2231 5781 2604 5842 Evangelio,()ni
2777 5783 3030 5852 animam,»
3055 5795 3148 5837 etc.
3172 5796 3219 5837 In
3237 5792 3447 5852 antiquis
3467 5781 3764 5846 lectionariis

2177 5844 2458 5893 adstruitur
2507 5863 2528 5890 ι
2551 5847 2696 5895 Μαιιὶ
2732 5853 2804 5896 ss.
2830 5849 3016 5899 Fabiani
3057 5856 3107 5899 et
3147 5844 3410 5902 Sebastiani
3433 5844 3758 5918 martst
