4080 6360
336 415 474 478 ὓὸΰ

333 525 557 582 amanda
584 523 760 578 anima
782 562 799 592 ,
828 529 885 576 ut
908 521 1056 578 lucro
1082 520 1243 576 totius
1269 518 1449 574 nutudi
1489 516 1836 589 praeferatur;
1866 521 1923 569 et

335 628 513 673 tamen
542 617 792 672 observet
816 614 906 686 qui
935 614 1166 669 animam
1196 621 1361 678 amat,
1385 612 1506 681 quia
1534 611 1578 665 si
1605 621 1768 673 amat,
1800 623 1921 680 per-

331 711 421 764 det
466 709 634 764 illam.
677 707 795 763 Non
835 707 914 760 vis
952 705 1188 776 perdere
1206 720 1360 770 eam,
1390 704 1500 758 noli
1537 704 1679 757 illam
1717 716 1921 757 amare.

332 801 441 856 Sed
462 801 507 855 si
531 817 636 854 non
653 799 732 853 vis
751 813 868 854 eam
892 797 1138 867 perdere,
1158 813 1261 851 non
1285 806 1438 867 potes
1455 811 1572 849 eam
1594 810 1697 849 nou
1721 809 1921 848 amare.

403 891 636 948 CAPUT
675 889 738 945 II.
766 920 838 930 —
861 889 917 944 2.
944 888 1101 942 Amer
1139 888 1344 959 quidam
1383 903 1642 956 perversa;
1683 895 1730 940 et
1764 884 1924 955 quod-

334 985 470 1037 dam
497 994 691 1037 rectum
733 983 906 1036 odium
947 981 1152 1036 animm;
1194 980 1331 1034 Sttttt
1357 995 1485 1050 ergo
1531 978 1621 1049 qui
1672 991 1926 1049 perverse

333 1076 570 1128 animam
601 1089 752 1128 suam
782 1083 962 1127 amant
993 1090 1007 1128 :
1039 1072 1216 1127 ethoc
1257 1071 1371 1126 vult
1420 1071 1510 1124 Dei
1538 1085 1716 1125 sermo
1752 1070 1925 1125 corri-

335 1184 485 1238 gere,
515 1184 621 1222 non
649 1176 710 1223 ιιι
733 1167 946 1223 oderint
965 1167 1197 1220 animam
1225 1181 1399 1231 suam,
1431 1165 1526 1220 sed
1553 1174 1610 1220 ut
1635 1175 1779 1220 recte
1803 1166 1926 1220 dili-

336 1268 489 1330 gant.
509 1258 651 1316 Male
692 1257 837 1313 enim
867 1257 1136 1328 diligendo
1164 1256 1394 1326 perdunt
1419 1271 1537 1312 eam
1557 1297 1580 1323 ,
1603 1264 1658 1311 et
1685 1260 1743 1310 tit
1772 1256 1928 1327 quid-

336 1351 462 1406 dam
487 1366 740 1422 magnum
766 1349 926 1422 quasi
947 1359 1329 1420 prteposterum
1364 1357 1421 1404 et
1439 1349 1762 1404 contrarimu
1788 1367 1801 1404 :
1829 1349 1926 1405 sed

336 1445 409 1501 ita
438 1454 618 1500 tamen
642 1444 721 1510 Iit,
748 1453 806 1498 ttt
831 1445 875 1499 si
902 1443 1089 1514 diligas
1103 1458 1219 1498 eam
1242 1457 1510 1513 perverse,
1533 1441 1724 1512 perdas
1746 1443 1923 1509 illam;

332 1539 379 1592 si
412 1537 596 1593 oderis
623 1535 764 1590 illam
805 1544 986 1599 recte,
1009 1549 1294 1590 conserves
1322 1535 1488 1589 illaut.
1528 1535 1620 1589 Est
1640 1549 1768 1605 ergo
1805 1533 1928 1603 qui-

333 1629 460 1685 dam
490 1644 772 1699 perversos
799 1643 952 1683 amor
973 1628 1110 1698 ejus,
1139 1635 1194 1682 et
1220 1625 1486 1697 quoddam
1515 1636 1718 1682 rectum
1743 1627 1926 1682 odium

333 1721 474 1790 ejus.
495 1718 606 1775 Sed
637 1735 789 1775 amor
829 1734 1114 1790 perversus
1141 1718 1210 1773 ab
1233 1717 1358 1772 odio
1379 1760 1394 1784 ,
1417 1718 1594 1772 odium
1623 1727 1827 1772 rectum
1858 1719 1926 1772 ab

333 1828 521 1867 amore
543 1812 680 1883 ejus.
704 1811 835 1878 Quis
863 1819 946 1866 est
975 1824 1256 1881 perversus
1279 1809 1472 1864 anima:
1491 1807 1926 1875 amor?Quando

335 1906 514 1975 diligis
552 1905 786 1960 animam
827 1916 970 1958 tuam
1007 1904 1057 1958 in
1094 1902 1481 1972 iniquitatibus.
1519 1901 1656 1956 Audi
1695 1902 1817 1971 quia
1859 1901 1928 1957 ab

331 1997 458 2052 odio
500 1998 648 2052 venit
699 2011 850 2051 amor
893 1996 992 2050 iste
1037 2009 1360 2065 perversus:
1407 1994 1507 2061 Qui
1551 2003 1718 2047 autem
1761 1993 1927 2065 diligit

330 2091 668 2159 iniquitatem,
689 2089 794 2142 odit
810 2089 1029 2142 animant
1052 2104 1197 2141 suam
1228 2084 1396 2156 (anl.
1422 2103 1477 2150 ιι,
1497 2088 1575 2156 0).
1609 2084 1801 2141 Odium
1827 2100 1926 2138 au-

335 2191 440 2235 tem
465 2190 674 2235 rectum
695 2179 835 2244 vide,
854 2179 974 2248 quia
993 2178 1059 2232 ab
1079 2193 1260 2231 amore
1277 2177 1436 2231 venit.
1455 2176 1650 2231 Ibidem
1673 2175 1927 2231 Dominus

329 2281 550 2327 secutus
578 2272 655 2325 ait
679 2289 691 2325 :
728 2271 825 2337 Qui
854 2280 1020 2323 autem
1063 2269 1168 2322 odit
1191 2270 1413 2321 animum
1440 2285 1583 2321 annm
1619 2267 1670 2321 in
1702 2269 1796 2320 hoc
1824 2283 1924 2321 ate-

329 2363 463 2424 calo.
487 2363 542 2417 in
567 2364 723 2416 vitam
760 2371 1002 2416 a'ternant
1040 2360 1252 2415 inveniet
1293 2377 1423 2414 eam.
1461 2359 1649 2431 Utique
1675 2360 1816 2430 quod
1847 2360 1927 2414 vis

331 2455 577 2510 invenire
603 2454 656 2508 itt
681 2454 849 2509 vitam
865 2463 1138 2516 attentam,
1169 2452 1392 2506 multum
1417 2467 1584 2510 amas.
1607 2450 1758 2519 Quod
1781 2451 1924 2508 enim

330 2560 483 2601 amas
517 2546 584 2601 ad
614 2555 853 2617 tempus,
884 2546 1006 2616 qttid
1037 2545 1290 2616 prodest?
1319 2546 1423 2600 Aut
1452 2544 1764 2600 subduceris
1804 2544 1880 2599 illi
1905 2587 1922 2611 ,

331 2648 424 2694 aut
460 2639 773 2693 subducitur
802 2638 913 2692 tibi.
955 2637 1087 2692 Cum
1126 2637 1287 2692 lucris
1323 2647 1377 2691 ttt
1416 2638 1746 2703 subtractus,
1788 2638 1931 2708 perit

332 2731 456 2800 ipse
480 2739 691 2784 amator
721 2747 735 2784 :
761 2745 880 2784 cum
904 2729 1061 2783 fuerit
1093 2727 1220 2782 illttd
1247 2728 1606 2793 subtractum,
1628 2729 1762 2798 perit
1783 2729 1922 2798 quod

331 2821 549 2876 amasti.
584 2821 684 2876 Ubi
721 2836 850 2891 ergo
876 2829 966 2875 aut
991 2828 1198 2874 amator
1225 2821 1380 2889 perit,
1409 2829 1501 2874 aut
1520 2819 1661 2890 quod
1681 2830 1922 2888 amatur,

333 2928 442 2967 non
486 2921 572 2968 est
612 2913 920 2968 amandum.
959 2911 1065 2968 Sed
1107 2911 1233 2982 qttid
1280 2921 1361 2966 est
1403 2912 1728 2966 amandum?
1770 2913 1924 2980 Quod

332 3006 614 3062 nobiscum
644 3014 820 3077 potest
847 3019 968 3060 esse
991 3005 1055 3058 in.
1074 3014 1353 3059 :eternum.
1385 3003 1500 3060 Sed
1521 3005 1571 3059 si
1593 3006 1672 3060 vis
1692 3006 1924 3060 animam

333 3107 482 3151 tuam
505 3097 557 3151 iu
585 3106 843 3152 a-ternum
878 3095 1075 3151 habere
1096 3096 1329 3162 salvam,
1353 3096 1531 3152 oderis
1553 3113 1672 3154 eant
1698 3098 1765 3151 ad
1790 3106 1925 3154 tem-

333 3205 456 3259 pus.
485 3190 626 3259 Ergo
650 3189 831 3244 odium
873 3198 1076 3243 rectum
1106 3189 1175 3243 ab
1212 3203 1394 3244 amore
1433 3188 1610 3255 venit;
1643 3193 1925 3260 pervorsus

330 3297 490 3336 amor
513 3283 581 3338 ab
598 3281 723 3336 odio
745 3282 909 3335 venit.

405 3377 462 3431 3.
497 3374 682 3429 Modus
707 3374 951 3446 diligendi
976 3373 1222 3428 animant.
1258 3372 1462 3446 Duplex
1483 3391 1644 3430 amor.
1671 3375 1800 3444 Quis
1829 3377 1927 3446 igi-

332 3476 425 3521 tur
459 3465 650 3520 modus
673 3464 926 3536 diligendi
963 3467 1234 3520 animam?
1259 3465 1460 3521 Putatis
1505 3477 1767 3539 martyres
1815 3483 1921 3523 non

332 3560 590 3614 amabant
624 3559 829 3614 animas
867 3559 1026 3614 suas?
1064 3558 1264 3614 \‘idetis
1299 3569 1444 3615 certe
1485 3560 1664 3627 modo,
1692 3561 1737 3615 si
1771 3561 1924 3630 cujus

331 3653 442 3707 vita
497 3653 778 3723 praesentis
829 3651 1009 3708 δωρειιὶ
1055 3652 1420 3722 periclitetur,
1462 3651 1730 3724 quomodo
1765 3656 1921 3711 amici

332 3744 455 3812 ejus
479 3752 702 3798 currunt
730 3758 827 3813 pro
853 3759 915 3798 ea
940 3761 954 3797 :
980 3743 1248 3813 quomodo
1274 3745 1506 3800 curritur
1527 3745 1593 3799 ad
1615 3746 1919 3812 ecclesiam,

331 3843 555 3904 mgatur
581 3835 881 3903 episcopus,
908 3845 966 3888 ut
991 3834 1321 3902 intermittat,
1349 3836 1394 3890 si
1416 3851 1548 3906 quas
1576 3835 1734 3893 habet
1750 3839 1922 3894 actio-

333 3939 463 3990 nes,
495 3934 709 3989 currat,
739 3923 972 3980 festinet.
1009 3925 1220 3993 Quare?
1252 3925 1357 3982 Pro
1388 3927 1581 3982 anima.
1629 3928 1696 3983 Et
1735 3944 1924 3985 omnes

330 4015 794 4080 contremiscunt,
822 4017 1072 4071 omnibus
1101 4017 1310 4072 caneris
1358 4018 1520 4073 rebus
1560 4019 1880 4075 intermissis
1902 4062 1920 4088 ,
1977 4025 1980 4028 ’

334 4107 695 4161 festinandum
722 4122 842 4163 esse
870 4109 1185 4163 decernunt.
1210 4109 1412 4164 Omnis.
1435 4110 1703 4166 festinatio
1737 4112 1921 4168 lauda-

334 4209 463 4263 tur,
491 4199 667 4254 omnis
707 4199 935 4255 tardatio
977 4209 1275 4261 accusatur.
1319 4200 1534 4267 Quare?
1574 4201 1679 4257 Pro
1721 4205 1917 4258 anima.

331 4289 472 4356 Quid
499 4299 602 4355 est,
627 4306 736 4360 pro
753 4292 968 4346 anima?
997 4291 1084 4348 Ne
1115 4293 1373 4348 moriatur
1402 4291 1582 4348 homo.
1612 4294 1726 4350 Non
1755 4312 1922 4353 nove-

329 4391 457 4436 mnt
498 4393 762 4454 martyres
786 4398 969 4439 amare
1000 4384 1204 4438 animas
1233 4399 1358 4441 suas
1387 4401 1402 4439 :
1432 4394 1487 4441 et
1513 4395 1700 4442 tamen.
1713 4387 1814 4443 hoc
1839 4398 1931 4444 est

331 4489 434 4543 pro
461 4475 658 4541 anima,
690 4489 759 4530 ne
782 4475 1040 4531 moriatur
1065 4475 1245 4530 homo.

403 4563 636 4620 CAPUT
674 4563 760 4620 III.
787 4596 858 4607 —
881 4567 1024 4622 Mors
1049 4567 1276 4623 hominis
1306 4567 1556 4640 iniquitas
1575 4579 1677 4626 est.
1710 4572 1766 4628 Si
1795 4589 1922 4629 cur—

330 4660 411 4714 ris
453 4674 552 4728 pro
599 4659 696 4714 hac
726 4660 834 4715 vita
859 4669 1074 4716 centum
1119 4662 1318 4728 millia,
1372 4673 1504 4734 quot
1541 4664 1707 4720 millia
1756 4666 1921 4724 debes

326 4763 554 4805 currere
583 4765 680 4820 pro
709 4751 812 4804 vita
838 4752 1074 4806 :eterna?
1102 4752 1160 4808 Si
1189 4752 1410 4809 festinas
1433 4756 1626 4811 lucrari
1650 4757 1765 4812 dies
1788 4775 1918 4828 pau-

327 4856 458 4909 eos,
487 4851 544 4897 et
592 4842 736 4912 ipsos
778 4843 1010 4899 incertos
1038 4843 1241 4900 :‘hodie
1281 4846 1422 4900 enim
1465 4846 1625 4901 homo
1672 4865 1714 4902 a~
1748 4859 1921 4907 morte

327 4933 587 4988 liberatus
607 4974 622 4996 ,
651 4933 822 4990 nescit
851 4944 1026 4988 utrum
1064 4949 1186 4990 cras
1228 4937 1483 4990 moriatur
1509 4946 1729 4994 :tamen
1759 4941 1810 4994 si
1842 4941 1922 4996 sic

324 5024 565 5079 curritur
602 5033 824 5094 prepter
857 5025 1062 5079 lucrum
1107 5041 1394 5094 paucorum
1436 5026 1674 5095 dierum,
1702 5031 1822 5099 quia
1864 5039 1921 5087 et

327 5129 501 5184 usque
535 5113 589 5168 in
621 5123 889 5169 senectam
917 5115 1068 5183 pauci
1091 5113 1206 5169 dies
1231 5126 1384 5183 sunt,
1403 5118 1670 5187 quomodo
1697 5135 1920 5176 curren-

322 5204 454 5259 dum
485 5214 564 5260 est
592 5220 690 5275 pro
732 5204 839 5260 vita
878 5205 1111 5260 :eterna?
1135 5206 1199 5261 Et
1227 5215 1404 5262 tamen
1433 5219 1650 5278 pr0pter
1674 5207 1814 5265 hanc
1839 5211 1920 5281 pi-

318 5295 406 5366 gri
429 5304 558 5350 sunt
576 5294 843 5352 homines.
874 5296 1098 5352 Difﬁcile
1127 5297 1332 5351 invenis
1350 5298 1440 5368 qui
1462 5299 1544 5354 vel
1567 5316 1753 5370 passus
1774 5301 1917 5358 lente

318 5393 540 5439 moveat
568 5400 665 5455 pro
687 5385 796 5440 vita
816 5395 1035 5442 mterua.
1070 5387 1235 5441 Amor
1260 5403 1388 5458 ergo
1411 5404 1694 5458 pervorsus
1721 5392 1915 5448 animae

316 5477 600 5545 abundat;
637 5495 793 5534 amor
829 5489 1010 5536 autem
1047 5491 1225 5535 rectus
1270 5481 1424 5536 valde
1471 5497 1758 5552 paucorum
1807 5496 1909 5542 est.

318 5566 456 5623 Nam
502 5570 642 5626 sicut
687 5586 848 5626 nemo
884 5581 968 5626 est
1004 5572 1092 5641 qui
1123 5589 1227 5627 non
1256 5573 1440 5644 diligat
1473 5575 1704 5632 animam
1735 5593 1908 5644 suam,

319 5660 404 5716 sic
441 5676 602 5717 nemo
627 5672 713 5718 est
741 5663 830 5733 qui
861 5679 968 5718 non
996 5673 1143 5720 amet
1167 5680 1381 5721 carnem
1411 5680 1583 5722 suam.
1617 5668 1764 5725 Unde
1796 5671 1909 5726 ﬁeri

318 5761 499 5824 potest
525 5765 584 5808 ut
611 5763 667 5809 et
693 5771 880 5810 verum
913 5756 982 5810 sit
1009 5756 1150 5826 quod
1181 5759 1255 5813 ait
1281 5758 1590 5828 Apostolus,
1620 5759 1784 5816 Nemo
1806 5779 1908 5818 un-

317 5861 472 5919 quam
497 5863 700 5904 amnt
726 5864 871 5903 suam
890 5848 1008 5912 odio
1034 5849 1227 5921 habuit,
1254 5858 1308 5906 et
1331 5852 1508 5908 anima
1535 5868 1641 5908 non
1662 5856 1908 5912 ametur?

1643 395 1873 460 διεκιιο
1906 391 2270 451 CCCLXVIII.

3477 415 3617 476 1654

2032 511 2312 572 Diseamns
2329 530 2478 587 ergo,
2510 516 2718 584 fratres,
2741 534 2924 578 amare
2949 522 3155 580 animas
3177 535 3404 584 nostras.
3430 516 3618 586 Omnia

2031 605 2276 676 voluptas
2316 609 2496 664 steculi
2537 612 2839 667 transitoria
2878 624 2981 670 est.
3015 615 3110 671 Est
3146 634 3297 674 amor
3326 621 3501 688 utilis,
3531 634 3616 679 est

2029 712 2182 752 amor
2217 700 2448 756 noxius:
2474 718 2628 756 amor
2663 719 2847 762 amore
2883 707 3196 778 impeditur;
3229 727 3378 767 amor
3421 715 3612 770 noxius

2031 790 2286 859 recedat,
2311 801 2368 848 et
2393 809 2546 849 amor
2573 795 2720 852 utilis
2745 798 3016 855 suecedat.
3059 801 3165 858 Sed
3199 805 3321 874 quia
3368 804 3614 864 homines

2031 885 2218 940 nolunt
2243 886 2388 942 illine
2421 889 2706 956 recedere;
2748 891 2866 948 ideo
2895 893 2946 949 in
2971 895 3092 951 illos
3133 913 3236 952 non
3265 907 3442 968 potest
3465 900 3609 956 aliud

2033 975 2256 1033 introire
2280 995 2294 1032 :
2319 987 2375 1034 ut
2399 995 2504 1034 non
2530 982 2766 1051 capiant,
2797 984 2937 1054 pleni
2967 996 3091 1041 sunt
3114 1004 3134 1052 ;*
3163 988 3416 1057 fundant,
3441 1001 3498 1046 et
3530 1009 3618 1047 ea-

2034 1069 2202 1138 piuut.
2234 1071 2380 1126 Pleni
2413 1083 2536 1128 sunt
2561 1075 2703 1128 enim
2733 1091 2919 1132 amore
2943 1079 3270 1149 voluptatum
3295 1085 3614 1148 carnalium,

2034 1163 2180 1232 pleni
2225 1174 2350 1218 sunt
2380 1180 2564 1222 amore
2586 1167 2708 1222 vitae
2751 1170 3066 1240 praesentis,
3098 1173 3238 1242 pleni
3275 1185 3400 1228 sunt
3434 1191 3620 1230 amore

2033 1255 2147 1309 attri
2173 1263 2228 1309 et
2253 1256 2488 1325 argenti,
2516 1259 2910 1326 possessionum
2946 1263 3126 1317 saeculi
3157 1262 3331 1334 hujus.
3365 1265 3464 1330 Qui
3493 1282 3622 1334 ergo

2033 1347 2174 1416 pleni
2205 1357 2347 1412 sunt,
2369 1349 2449 1402 sie
2473 1359 2598 1404 sunt
2630 1353 2900 1420 quomodo
2926 1369 3073 1408 vasa.
3124 1355 3212 1412 Vis
3237 1366 3293 1409 ttt
3325 1357 3484 1411 intret
3515 1359 3618 1412 mel

2034 1437 2176 1492 unde
2202 1447 2410 1494 acetum
2444 1441 2679 1496 nondum
2715 1443 2935 1499 fudisti?
2960 1445 3146 1503 Funde
3177 1448 3317 1518 quod
3351 1449 3536 1516 habes,
3566 1460 3623 1504 ttt

2032 1531 2212 1599 capias
2243 1532 2386 1602 quod
2427 1549 2532 1587 nou
2576 1533 2760 1589 habes.
2796 1535 2922 1590 Iileo
2961 1539 3127 1606 prima
3173 1541 3495 1594 renuntiatio
3537 1551 3620 1596 est

2033 1615 2160 1672 huic
2179 1619 2406 1681 seculo,
2434 1629 2488 1674 et
2521 1620 2714 1675 deinde
2747 1623 3033 1677 conversio
3079 1623 3145 1678 ad
3179 1625 3364 1678 Detttn.
3393 1626 3493 1694 Qui
3531 1642 3620 1680 re.

2033 1711 2284 1777 nuntiat,
2317 1710 2524 1777 fundit;
2561 1715 2651 1783 qui
2689 1717 3058 1782 convertitur,
3101 1717 3356 1788 impletur
3384 1736 3396 1772 :
3429 1718 3524 1774 sed
3572 1717 3618 1774 si

2033 1816 2140 1855 non
2168 1801 2261 1854 ﬁat
2286 1817 2514 1870 corpore
2541 1803 2678 1868 solo,
2705 1805 2799 1860 sed
2823 1815 2880 1860 et
2899 1807 3084 1862 corde.

2102 1892 2328 1947 CAPUT
2369 1893 2456 1947 IV.
2483 1925 2553 1935 --
2579 1896 2634 1949 4.
2659 1896 2860 1950 Amoris
2901 1897 3065 1951 initia.
3105 1899 3373 1965 Quarritnr
3406 1910 3615 1966 autem,

2033 1985 2250 2052 fratres,
2273 1987 2541 2056 quomodo
2559 1999 2766 2044 crescat
2789 1991 2890 2046 iste
2907 2006 3080 2046 amor.
3110 1992 3280 2047 liabet
3299 1993 3442 2049 enim
3470 1993 3616 2049 initia

2030 2091 2148 2138 sua,
2183 2077 2344 2132 habet
2366 2089 2647 2148 augmenta
2674 2095 2768 2135 sua
2790 2121 2806 2147 ,
2835 2081 2998 2136 habet
3033 2083 3412 2150 perfeewuent
3441 2099 3614 2139 suam.

2031 2167 2101 2222 Et
2119 2169 2376 2225 debemus
2400 2186 2558 2226 nosse
2585 2173 2706 2240 quis
2731 2174 2975 2242 emperit,
2999 2183 3057 2229 ut
3081 2191 3203 2230 eum
3233 2175 3298 2230 ad
3332 2188 3616 2246 augmenta

2031 2261 2371 2318 eohortemur
2401 2264 2558 2334 squis
2595 2281 2694 2320 nec
2720 2267 2976 2333 emperit,
3006 2277 3062 2322 at
3095 2284 3216 2322 eum
3252 2285 3360 2338 quo
3402 2270 3618 2338 incipiat

2032 2369 2348 2410 maneamus
2377 2373 2390 2410 :
2419 2356 2539 2426 quis
2582 2365 2640 2411 et
2659 2359 2890 2427 ett-perit
2925 2368 2980 2413 et
3013 2361 3235 2413 creverit
3257 2402 3274 2425 ,
3303 2371 3358 2415 ttt
3401 2377 3522 2415 eum
3549 2363 3614 2414 ad

2033 2446 2414 2515 perfectionem
2457 2446 2762 2503 incitemus.
2792 2448 2970 2502 Primo
3001 2450 3128 2504 illud
3167 2450 3406 2504 attendat
3427 2451 3617 2506 Chari-

2031 2545 2113 2594 tas
2138 2550 2312 2594 vestra
2344 2557 2359 2595 :
2387 2554 2600 2594 amores
2627 2556 2816 2596 omnes
2834 2552 2889 2595 et
2909 2541 3220 2597 dilectioues
3247 2544 3392 2612 prius
3413 2553 3533 2597 sunt
3563 2545 3612 2597 iu

2032 2631 2338 2685 hominibus
2361 2631 2430 2687 de
2457 2648 2516 2686 se
2539 2673 2553 2694 ,
2583 2641 2638 2686 et
2665 2633 2744 2687 sic
2770 2633 2839 2687 de
2876 2634 2978 2687 alia
3008 2649 3066 2688 re
3085 2650 3242 2704 quam
3280 2635 3503 2704 diligunt
3555 2635 3616 2690 Si

2029 2725 2208 2795 diligis
2227 2727 2612 2795 aurum,prius
2647 2733 2700 2781 te
2725 2726 2928 2797 diligis,
2958 2736 3012 2781 et
3037 2729 3114 2780 sic
3151 2743 3337 2781 aurum
3369 2745 3383 2782 :
3409 2729 3528 2796 quia
3569 2731 3614 2782 si

2032 2825 2094 2871 tu
2135 2828 2378 2873 mortuus
2423 2818 2584 2872 fueris
2608 2859 2624 2884 ,
2657 2833 2774 2872 non
2808 2819 2914 2873 erit
2947 2819 3035 2888 qui
3092 2835 3279 2872 aurum
3328 2820 3612 2888 poSsitlt-al.

2032 2911 2171 2981 Ergo
2194 2910 2412 2965 dilectio
2431 2910 2714 2980 unicuique
2735 2926 2762 2963 a
2785 2925 2846 2966 se
2866 2911 3049 2981 incipit
3072 2929 3084 2976 ;
3109 2920 3161 2965 et
3187 2927 3290 2964 non
3320 2919 3490 2980 potest
3513 2911 3612 2964 nisi

2031 3019 2061 3058 a
2088 3019 2148 3060 se
2191 3005 2445 3074 incipere.
2479 3006 2546 3059 Et
2587 3020 2746 3059 nemo
2789 3014 3036 3059 monetur
3073 3015 3130 3059 ut
3169 3020 3228 3059 se
3271 3004 3474 3074 diligat.
3505 3005 3615 3058 llnc

2029 3098 2179 3153 enim
2205 3113 2309 3170 non
2335 3098 2508 3152 solum
2536 3097 2673 3153 inest
2716 3096 3022 3152 hominibus
3044 3139 3062 3162 ,
3088 3096 3181 3151 sed
3222 3107 3278 3152 et
3311 3097 3612 3166 pecoribus.

2031 3189 2234 3245 Videtis
2252 3190 2416 3255 enim,
2441 3189 2629 3244 fratres
2652 3232 2666 3256 ,
2692 3188 3139 3259 quemadmodum
3175 3204 3278 3242 non
3305 3195 3506 3242 tantum
3530 3187 3615 3241 ἰν-

2027 3291 2216 3352 gentes
2243 3281 2426 3336 bestia:
2464 3290 2519 3336 et
2551 3296 2739 3351 magna
2773 3281 3018 3335 animalia
3041 3323 3056 3345 ,
3087 3289 3143 3334 ut
3169 3288 3294 3334 sunt
3326 3280 3486 3334 boves
3523 3289 3616 3333 aut

2029 3375 2218 3430 eameli
2247 3375 2328 3428 vel
2353 3374 2620 3445 elephanti
2645 3417 2659 3438 ,
2693 3374 2865 3430 sedet
2891 3389 3078 3428 musca
3102 3415 3118 3438 ,
3148 3372 3240 3428 sed
3268 3382 3321 3427 et
3341 3371 3614 3426 vermiculi

2025 3467 2234 3520 minitui
2264 3465 2532 3536 quomodo
2561 3467 2741 3520 nolunt
2788 3467 2920 3520 tnori
2947 3508 2961 3532 ,
2991 3475 3043 3519 et
3067 3466 3286 3534 diligant
3313 3480 3392 3519 se.
3423 3465 3613 3520 Omnia

2028 3559 2274 3612 animalia
2301 3568 2525 3612 mortem
2558 3559 2780 3630 fugimtl.
2804 3559 2945 3628 Ergo
2973 3558 3192 3621 diligunt
3223 3573 3314 3624 se,
3343 3557 3615 3612 custodire

2027 3666 2087 3706 se
2110 3651 2318 3715 volunt;
2349 3651 2448 3706 alia
2479 3651 2783 3719 velocitate,
2805 3651 2907 3707 alia
2934 3651 3172 3715 latebris,
3191 3651 3293 3705 alia
3317 3649 3612 3706 resistendo

2026 3751 2082 3797 et
2107 3743 2450 3813 repugnando
2475 3761 2488 3798 :
2518 3744 2696 3798 omnia
2737 3752 2915 3799 tamen
2951 3743 3199 3798 animalia
3240 3759 3335 3811 pro
3373 3743 3478 3796 vita
3517 3757 3611 3797 sua

2026 3845 2283 3906 pugnant,
2322 3837 2458 3892 mori
2505 3836 2723 3902 nolunt,
2764 3836 3032 3892 custodire
3071 3852 3130 3890 se
3173 3836 3377 3890 volunt.
3414 3836 3615 3897 Amant

2027 3943 2156 3997 ergo
2193 3941 2272 3982 se.
2321 3927 2496 3998 Incipe
2525 3937 2580 3984 et
2617 3929 2759 3984 aliud
2798 3945 2997 3983 amare.
3041 3928 3144 3983 Sed
3175 3927 3299 3998 quid
3329 3936 3410 3982 est
3439 3928 3611 3998 ipsum

2026 4019 2218 4074 aliud?
2245 4021 2508 4091 Quidquid
2539 4023 2834 4083 amaveris,
2863 4032 2954 4076 aut
2983 4021 3084 4077 hoc
3125 4031 3208 4076 est
3231 4020 3375 4091 quod
3403 4031 3458 4076 tu
3477 4060 3494 4086 ,
3522 4031 3615 4075 aut

2028 4112 2249 4168 inferius
2274 4123 2326 4167 te
2351 4121 2466 4176 est,
2491 4124 2583 4167 aut
2615 4114 2860 4182 superius
2891 4121 2942 4168 te
2973 4123 3072 4167 est.
3106 4113 3162 4168 Si
3205 4113 3426 4168 inferius
3453 4121 3505 4168 te
3529 4121 3615 4167 est

2026 4204 2166 4274 quod
2211 4220 2386 4266 amas.
2421 4205 2486 4259 ad
2528 4205 2908 4260 consolandum
2957 4220 3112 4269 ama,
3165 4205 3230 4259 ad
3281 4207 3611 4260 tractandum

2025 4312 2181 4362 ama,
2209 4297 2276 4351 ad
2323 4297 2575 4352 utendum
2618 4313 2770 4363 ama,
2815 4313 2920 4352 non
2960 4298 3026 4352 ad
3067 4295 3397 4368 illigandutn.
3447 4295 3609 4352 Verbi

2025 4388 2216 4458 gratia,
2239 4403 2426 4442 aurum
2447 4404 2614 4454 amas,
2647 4388 2754 4444 noli
2777 4397 2828 4444 te
2849 4389 3050 4458 illigare
3072 4403 3204 4443 auro
3229 4405 3241 4441 :
3274 4396 3473 4459 quanto
3499 4402 3614 4441 me-

2029 4482 2130 4536 lior
2157 4497 2226 4537 es
2242 4498 2399 4552 quam
2439 4483 2668 4536 aurum?
2695 4483 2897 4537 Aurum
2923 4482 3065 4536 enim
3095 4491 3232 4536 terra
3265 4490 3343 4536 est
3371 4480 3608 4550 fulgens;

2028 4581 2084 4628 tu
2123 4582 2300 4629 autem
2344 4581 2401 4627 ut
2443 4573 2826 4631 illtuninareris
2860 4591 2888 4627 a
2932 4573 3194 4639 Domino,
3221 4572 3289 4628 ad
3326 4572 3608 4644 imaginem

2029 4665 2119 4720 Dei
2146 4663 2318 4721 factus
2338 4680 2418 4720 es.
2439 4665 2574 4720 Cum
2595 4667 2664 4720 sit
2687 4682 2874 4721 aurum
2901 4675 3143 4722 creatura
3171 4665 3285 4729 Dei,
3312 4674 3611 4720 nontamen

2025 4754 2152 4811 fecit
2196 4758 2334 4812 Deus
2375 4774 2561 4812 aurum
2597 4757 2664 4812 ad
2708 4758 2989 4828 imaginem
3015 4772 3203 4824 suam,
3239 4757 3332 4813 sed
3363 4769 3433 4815 te.
3473 4760 3613 4830 Ergo

2027 4849 2202 4917 posuit
2227 4848 2326 4904 sub
2360 4858 2412 4904 te
2437 4865 2645 4904 aurum.
2686 4849 2852 4904 Amor
2875 4853 3003 4919 ergo
3045 4849 3143 4905 iste
3182 4851 3608 4906 contemnendus

2026 4949 2128 4995 est.
2168 4941 2250 4996 Ad
2287 4957 2440 4996 usum
2477 4941 2796 4997 assumenda
2831 4950 2952 4996 sunt
2973 4943 3108 5006 ista,
3139 4958 3242 4997 non
3287 4945 3366 4998 eis
3394 4944 3611 4999 vinculo

2025 5031 2225 5086 amoris
2257 5030 2409 5101 quasi
2443 5031 2647 5102 glutino
2686 5031 2993 5087 inurendum
3037 5043 3138 5089 est.
3177 5033 3294 5089 Non
3325 5033 3488 5090 facias
3515 5035 3610 5090 tibi

2024 5123 2264 5179 membra
2287 5166 2302 5190 ,
2327 5140 2445 5193 qua:
2483 5141 2603 5179 cum
2647 5127 2908 5195 cmperint
2957 5126 3168 5196 praecidi
3190 5167 3204 5191 ,
3234 5127 3421 5183 doleas
3449 5137 3611 5200 atque

2022 5215 2297 5271 cruciaris.
2341 5213 2478 5282 Quid
2517 5215 2680 5286 ergo?
2715 5217 2947 5286 Assurge
2992 5217 3061 5272 ab
3097 5218 3200 5272 isto
3240 5234 3462 5285 amore,
3503 5236 3610 5289 quo

2021 5320 2170 5359 amas
2210 5305 2460 5362 inferiora
2503 5323 2662 5377 quam
2703 5317 2760 5363 ttt
2787 5325 2885 5364 es:
2919 5309 3091 5380 incipe
3128 5325 3308 5366 amare
3343 5312 3522 5382 paria,
3552 5312 3604 5367 id

2021 5406 2128 5462 est,
2160 5397 2301 5466 quod
2332 5406 2387 5452 tu
2415 5413 2494 5454 es.
2527 5397 2640 5454 Sed.
2663 5399 2789 5472 quid
2821 5400 3002 5456 multis
3029 5416 3165 5471 Opus
3183 5403 3305 5458 est?
3337 5402 3394 5459 Si
3419 5401 3604 5459 volue-

2020 5487 2116 5552 ris,
2141 5487 2373 5542 breviter
2395 5490 2610 5558 poteris.

2091 5577 2318 5636 CAPUT
2355 5579 2420 5635 ν.
2447 5611 2518 5624 --
2542 5583 2596 5638 5.
2633 5583 2790 5637 Amor
2821 5599 2964 5639 verus
2991 5593 3039 5638 et
3074 5584 3259 5653 probata
3293 5601 3395 5658 quo
3429 5585 3607 5642 ordine

2019 5685 2362 5747 comparatur.
2395 5675 2510 5745 Quo
2536 5675 2722 5732 ordine
2746 5686 2921 5732 autem
2958 5692 3141 5732 verum
3172 5691 3409 5735 amorem
3435 5687 3488 5735 et
3513 5693 3606 5735 ve-

2020 5785 2133 5823 ram
2160 5767 2474 5824 charitatem
2503 5769 2698 5825 habere
2727 5771 3014 5840 possimus,
3048 5770 3162 5839 ipse
3189 5769 3442 5828 Dominus
3471 5770 3605 5826 dixit

2022 5861 2176 5919 nobis
2217 5861 2268 5916 itt
2311 5861 2594 5932 Evangelio
2615 5903 2630 5931 ,
2659 5871 2715 5917 et
2739 5861 3013 5919 evidenter
3049 5862 3306 5918 ostendit.
3337 5861 3426 5920 Sic
3461 5864 3602 5919 enim
