4080 6360
283 393 396 449 657

259 511 411 566 illam
440 518 563 575 qua:
586 497 731 575 _sine
779 506 1021 575 tempore
1077 498 1298 575 manet...
1326 487 1444 575 sine
1492 492 1662 575 matre
1690 494 1852 575 super

619 555 778 628 istam
801 555 920 640 qua:
937 566 990 640 in
1013 574 1252 640 tempore
1266 555 1543 640 facerest,
1569 555 1683 608 sine
1705 561 1855 620 patre

233 628 614 707 *iiﬁéﬂnidia
646 660 661 698 :
693 628 836 694 hunc
853 635 1074 705 virginis
1104 628 1267 688 ﬁlium
1297 640 1352 686 et
1379 628 1646 707 virginum
1693 637 1855 707 spot};

260 692 404 785 £33",
892 692 1064 785 matre
1111 711 1440 765 nascentem,
1467 692 1855 785 incorruptibili

261 769 502 848 aiat;
519 769 794 843 fetentem,
824 779 1121 839 laudemus,
1160 786 1425 848 amemus,
1449 769 1752 848 adoremus,
1800 772 1857 817 ut

262 836 492 931 £33;
521 836 886 931 misericordia
913 850 985 931 _de
1021 836 1227 931 astutia.
1258 836 1421 931 victa;
1434 836 1856 931 diabolint‘ri‘utr

264 904 822 1005 ἦῆἧῖιῖίῦἷᾶὺόιιίέ
861 921 954 1003 ad.
975 911 1457 1005 nosmdecipiendos
1502 904 1858 1005 αξξ-ευριπιΑῶ-

265 976 687 1060 3ῧὲἶῖηὲιὶιέ
701 976 982 1062 subrepsit
1011 1008 1025 1044 :
1057 976 1299 1044 Christus
1327 982 1393 1037 ad
1427 994 1524 1035 nos
1545 976 1858 1062 liberandos

264 1051 844 1140 incorrupta‘feminea
880 1051 1058 1117 'etiam
1109 1071 1270 1112 carne
1323 1051 1618 1134 processit;
1658 1051 1747 1174 Ἧι
1776 1054 1860 1102 est

271 1142 586 1174 ιιρηηιιιηιω
614 1152 734 1174 mm
760 1136 916 1174 natm
941 1141 997 1174 ρι
1024 1128 1224 1174 Sniritn
1244 1133 1430 1174 sancto
1452 1139 1507 1174 ιιι
1535 1135 1675 1174 saecu
1701 1137 1710 1149 ·
1753 1132 1860 1174 sa:-

269 1122 590 1202 lieitvedi—c'tds
614 1122 734 1194 cum
758 1136 916 1191 Patre
941 1141 998 1189 et
1024 1128 1224 1202 Spiritu
1244 1122 1430 1184 sancto
1452 1122 1507 1178 in
1535 1122 1729 1177 saecula
1753 1132 1860 1174 sa:-

269 1217 539 1274 culorum.
569 1212 762 1266 Amen.

716 1315 947 1376 SERMO
981 1308 1256 1371 CCCLXX
1272 1314 1289 1333 ⁶
1321 1306 1418 1382 (a).

705 1421 775 1462 De
799 1411 1045 1461 nativitate
1068 1404 1268 1463 Domini,
1294 1419 1323 1452 ιι
1340 1401 1428 1464 (b).

341 1495 893 1574 CAPUT’ZPRIMUM.
934 1523 1002 1533 —
1032 1493 1083 1546 1.
1115 1487 1411 1560 Nativitatis
1442 1500 1530 1540 seu
1559 1477 1863 1536 conditionis

275 1595 500 1649 hominis
529 1571 745 1664 quatuor
768 1603 972 1660 genera.
1003 1574 1299 1640 llodiernus
1319 1578 1435 1633 dies
1473 1575 1538 1631 ad
1566 1572 1862 1628 habendam

273 1702 429 1756 spem
457 1663 580 1754 vita:
606 1692 842 1744 :eternae,
874 1691 1121 1746 magnum
1145 1672 1370 1754 contulit
1391 1669 1638 1742 gaudium
1681 1663 1865 1737 generi

281 1751 538 1843 humano.
577 1775 783 1830 Primus
806 1772 878 1843 (ι’)
907 1769 1048 1825 enim
1074 1751 1255 1828 homo,
1283 1778 1391 1833 quo
1427 1761 1653 1816 cadente
1680 1770 1867 1812 omnes

257 1856 595 1929 cecidimus,
624 1864 775 1931 cujus
806 1860 954 1915 ruina
983 1865 1068 1913 est
1087 1853 1378 1925 mortalitas
1409 1858 1610 1913 noStra,
1654 1862 1756 1902 non
1785 1855 1868 1900 cst

280 1970 464 2025 natus,
487 1957 580 2012 sed
610 1955 816 2020 factus;
849 1961 1000 2024 patre
1025 1949 1187 2013 nullo,
1212 1945 1354 2001 nulla
1391 1953 1583 2006 matre,
1627 1937 1722 1994 sed
1758 1939 1868 1992 Deo

277 2053 561 2123 operante.
586 2050 711 2104 Haec
729 2056 815 2102 est
841 2042 1070 2099 hominis
1099 2040 1266 2110 prima
1293 2035 1549 2092 conditio.
1574 2032 1742 2087 Adam
1794 2030 1862 2084 de

281 2159 448 2202 terra.
475 2141 720 2199 Secunda
749 2137 986 2194 conditio
1025 2145 1106 2190 est
1134 2131 1386 2196 hominis,
1419 2142 1521 2198 qua
1546 2135 1758 2181 creatur
1788 2123 1869 2179 fe-

281 2237 428 2293 mina
454 2235 521 2290 de
546 2235 710 2289 latere
733 2231 854 2286 viri.
887 2228 1064 2284 Tertia
1095 2225 1329 2282 conditio
1353 2231 1434 2278 est
1476 2218 1706 2276 hominis
1729 2260 1742 2284 ,
1769 2232 1870 2286 qua

281 2338 444 2384 natus
463 2337 546 2381 est
570 2326 732 2380 homo
752 2338 819 2378 ex
847 2321 964 2376 viro
989 2329 1044 2374 et
1068 2317 1285 2372 femina.
1315 2315 1509 2381 Quarta
1529 2311 1766 2367 conditio
1791 2317 1872 2364 est

283 2420 384 2474 Dei
427 2426 482 2473 et
535 2413 788 2479 hominis,
812 2426 916 2482 qua
950 2420 1106 2464 natus
1131 2414 1214 2461 est
1251 2403 1495 2460 Christus
1520 2402 1637 2456 sine
1658 2400 1776 2454 viro
1806 2398 1874 2452 de

284 2510 508 2565 femina.
540 2506 596 2561 In
625 2505 740 2563 istis
763 2513 990 2574 quatuor
1015 2497 1410 2556 conditionibus
1436 2509 1536 2550 una
1560 2494 1670 2553 sola
1719 2490 1874 2546 nobis

288 2602 484 2656 usitata
504 2608 606 2662 est,
628 2606 838 2652 caetera:
874 2603 981 2650 tres
1032 2605 1136 2646 non
1155 2588 1346 2644 suntin
1364 2585 1534 2640 oculis
1554 2583 1753 2648 carnis,
1779 2579 1874 2636 sed

290 2695 344 2748 in
373 2691 478 2746 ﬁde
497 2690 693 2745 cordis.
721 2689 793 2742 De
833 2696 976 2741 terra
1019 2683 1214 2738 factum
1261 2677 1534 2734 hominem
1557 2675 1674 2729 sine
1702 2681 1874 2742 patre,

288 2787 410 2841 sine
439 2776 607 2839 matre
626 2823 640 2846 ,
665 2796 774 2835 non
823 2779 1098 2844 novimus;
1131 2774 1319 2828 factam
1349 2769 1599 2824 feminam
1628 2766 1696 2820 de
1714 2764 1878 2819 latere

289 2878 393 2932 viri
436 2892 540 2932 non
585 2873 866 2937 novimus,
904 2871 1094 2923 lectam
1155 2874 1208 2919 et
1248 2861 1482 2918 auditam
1531 2855 1876 2914 credidimus.

291 2969 478 3026 Tertia
510 2969 594 3023 illa
625 2967 816 3021 usitata
841 2971 922 3018 est
953 2960 1108 3015 nobis
1137 2959 1249 3027 ipsa
1299 2953 1602 3025 quotidiana
1641 2951 1710 3005 de
1732 2964 1880 3004 com-

292 3064 456 3133 plexu
499 3059 661 3114 maris
690 3068 744 3112 et
779 3055 988 3110 feminae
1031 3047 1268 3121 quotidie
1296 3055 1585 3102 nascuntur
1615 3043 1878 3097 homines.

293 3156 416 3211 Jam
443 3162 696 3224 ergoerat
723 3166 820 3204 una
840 3149 953 3204 sine
979 3147 1092 3200 viro
1116 3153 1170 3200 et
1196 3143 1413 3204 femina,
1441 3140 1548 3209 jam
1577 3145 1691 3192 erat
1717 3136 1880 3190 altera

294 3248 366 3304 de
387 3248 506 3301 viro
533 3246 648 3300 sine
675 3243 888 3306 femina,
905 3241 1012 3306 jam
1039 3246 1156 3293 erat
1174 3237 1326 3290 tertia
1351 3234 1420 3288 de
1446 3232 1558 3284 viro
1581 3242 1632 3285 et
1663 3227 1881 3294 femina,

293 3352 486 3412 quarta
513 3337 745 3394 restabat
776 3337 891 3389 sine
921 3335 1034 3386 viro
1067 3331 1134 3384 de
1165 3329 1376 3382 femina.
1411 3324 1516 3380 Sed
1548 3323 1645 3377 ista
1695 3329 1882 3391 quarta

294 3433 540 3489 liberavit
587 3439 716 3484 tres.
763 3426 940 3481 Prima
987 3425 1127 3478 enim
1164 3417 1473 3474 etsecunda
1504 3423 1744 3490 rucrtml,
1775 3413 1908 3464 ter-'

294 3527 428 3582 tiam
479 3524 548 3580 de
578 3523 728 3578 ruina
777 3525 1094 3590 genuerunt,
1152 3514 1204 3568 iu
1247 3519 1436 3582 quarta
1479 3508 1704 3564 salutem
1734 3504 1885 3560 inve-

209 3667 213 3670 ,
294 3624 515 3673 nerunt.

367 3703 600 3761 CAPUT
628 3702 692 3756 ll.
717 3731 790 3744 ——
811 3700 866 3754 2.
901 3697 1079 3754 Omnis
1131 3695 1356 3766 fidelium
1397 3691 1586 3762 gradus
1629 3687 1885 3744 Salvatori

295 3799 528 3853 omnium
551 3805 670 3849 nato
690 3803 972 3847 attestatur.
997 3789 1417 3857 Exsulteutcrgo
1443 3782 1709 3852 virgines;
1736 3779 1885 3848 virgo

298 3889 509 3960 peperit
532 3886 824 3940 Christum.
856 3883 994 3938 Nihil
1027 3883 1076 3934 in
1107 3895 1168 3935 ea
1197 3878 1340 3948 quod
1366 3874 1665 3931 voverunt‘
1699 3879 1886 3941 putent

298 3979 716 4035 exterminatum
748 3995 761 4031 :
790 3977 983 4031 mansit
1005 3974 1155 4044 virgo
1195 3979 1314 4042 post
1351 3978 1578 4038 partum.
1611 3965 1889 4020 Exsultent

301 4071 515 4144 vidum;
576 4067 831 4124 infantem
893 4067 1161 4122 Christum
1213 4062 1367 4116 vidua
1417 4061 1568 4113 Anna
1622 4056 1891 4126 cognovit.

303 4163 592 4218 I-lxsultent
647 4161 976 4230 cnnjugatai;
1028 4156 1352 4211 nasciturum
1404 4149 1680 4204 Dominum
1708 4147 1893 4202 Jesum

299 4253 580 4308 Christum
610 4251 878 4306 Elisabeth
910 4249 1152 4304 maritata
1177 4241 1531 4315 prephetavit.
1558 4238 1744 4293 Nullus
1771 4252 1896 4307 gra-

301 4348 409 4404 dus
430 4345 820 4417 przrtermissus
835 4350 935 4406 est,
950 4341 1016 4396 de
1039 4356 1144 4411 quo
1166 4351 1269 4392 non
1296 4335 1515 4390 haberet
1537 4330 1895 4387 testimonium

303 4441 458 4496 salus
476 4439 736 4493 omnium.
751 4433 1012 4504 Numquid
1034 4432 1174 4487 enim
1200 4429 1329 4485 solae
1356 4426 1584 4498 virgines
1596 4423 1660 4478 ad
1676 4437 1897 4492 regnum

304 4534 570 4588 canorum
593 4525 946 4600 perveniunt?
977 4523 1296 4580 Perveniunt
1323 4528 1377 4575 et
1405 4518 1574 4573 vidum
1600 4517 1701 4587 (ιι).
1726 4515 1898 4585 Magni

309 4626 490 4680 meriti
524 4625 622 4678 fuit
661 4624 747 4677 illa
778 4621 933 4675 vidua
962 4629 1140 4674 sancta
1169 4620 1341 4674 Anna.
1373 4616 1409 4667 Λ
1435 4611 1732 4680 virginitate
1757 4608 1898 4663 enim

307 4733 405 4773 sua
434 4726 642 4786 septem
669 4729 836 4768 annos
862 4713 1062 4766 vixerat
1085 4724 1208 4764 cum
1237 4707 1348 4759 viro
1366 4720 1490 4770 suo;
1519 4719 1625 4772 quo
1651 4701 1902 4756 defuncto

310 4824 481 4878 usque
501 4807 570 4862 ad
601 4805 827 4864 senilem
856 4811 1064 4857 mtatem
1096 4804 1434 4870 p.:rvencrat,
1461 4804 1516 4848 et
1541 4795 1594 4848 in
1629 4800 1902 4848 senectute

307 4910 496 4956 sancta
523 4897 868 4969 exspectabat
911 4892 1188 4948 infantiam
1213 4887 1536 4952 Salvatoris;
1583 4893 1641 4939 ut
1679 4898 1900 4955 parvum

382 5061 402 5128 ξ
431 5061 566 5128 ιρι,
589 5058 814 5114 raverat;
847 5048 1204 5113 refragantibus
1245 5044 1388 5095 editis
1423 5041 1618 5092 caeteris
1649 5048 1702 5091 et
1739 5053 1907 5090 manu-

304 5119 524 5180 εαὶιιιίΰ.

378 5165 725 5230 'r'ti‘niendatus
745 5175 804 5226 ad
830 5183 932 5227 tres
951 5173 1030 5224 ch.
1053 5169 1112 5221 ad
1145 5170 1177 5218 l'.
1205 5182 1254 5218 n.
1300 5181 1342 5218 r.
1366 5175 1402 5217 t.
1431 5179 1476 5216 v.
1514 5173 1565 5216 et
1600 5165 1660 5216 ad
1686 5174 1785 5214 Αιιι.
1829 5170 1903 5214 Er.

306 5249 418 5292 Par.
437 5249 551 5291 Inv.
743 5254 746 5261 λ
809 5253 815 5260 ‘

376 5305 456 5362 (ιι)
481 5303 624 5358 Alias.
641 5301 707 5350 de
728 5307 969 5362 't'etnpore
1001 5295 1080 5346 20.

479 5349 662 5415 liuidus
688 5349 834 5427 nobis
851 5349 945 5410 'hic
965 5369 1130 5408 sermo
1152 5362 1231 5427 est
1247 5387 1263 5413 ,
1288 5349 1907 5427 propter-geuusdicemli

310 5414 554 5478 incultum
579 5439 636 5475 ac
657 5425 817 5474 minus
837 5429 1130 5472 accuratum.
1155 5414 1547 5478 I-ernipli'gratia
1565 5448 1591 5478 ,ν
1607 5421 1712 5478 post
1735 5426 1911 5478 recent

307 5475 438 5540 sitos
457 5475 664 5551 quatuor
688 5486 852 5551 modus
874 5482 1047 5551 conditi
1075 5475 1448 5551 hominis,:qt_uxl
1471 5475 1740 5549 subjiCitur,
1775 5494 1796 5520 ι
1819 5476 1910 5551 sed

318 5571 343 5593 ι
362 5537 659 5613 ista'quarta
679 5548 893 5613 conditio
913 5544 1137 5613 liberavit
1160 5549 1280 5591 tres.
1307 5537 1456 5588 Prima
1480 5537 1609 5586 eniiu
1627 5546 1678 5586 et
1699 5537 1912 5613 secunda

316 5631 344 5655 ιι
367 5599 578 5660 ruerunt
597 5645 615 5670 ,
640 5609 831 5659 tertiam
864 5607 932 5672 de
952 5605 1087 5654 ruina
1127 5609 1440 5672 genuerunt,
1465 5617 1485 5643 »
1517 5607 1595 5672 e_lc
1632 5633 1647 5658 ,
1673 5613 1777 5672 νυν(
1795 5599 1912 5672 leave

304 5674 499 5722 diuum
534 5662 614 5723 est
632 5685 688 5721 ac
712 5669 989 5732 improprie.
1029 5662 1257 5732 nonnulla
1290 5664 1367 5732 hie
1388 5664 1612 5732 reperies
1649 5662 1912 5711 consimilia

306 5746 600 5785 SCI‘IIIOIIIIIII
626 5725 849 5782 verorum
867 5725 1116 5790 ltugustini
1138 5727 1201 5790 de
1227 5726 1369 5790 sataii
1393 5725 1589 5773 Domini.

381 5799 455 5857 (r)
481 5800 595 5846 Itiuc
618 5811 781 5845 serum
803 5794 910 5857 ineij
931 5788 965 5839 it
992 5791 1037 5838 in
1063 5789 1226 5857 multis
1245 5788 1395 5836 lituis.

381 5847 464 5922 (τι)
490 5862 604 5910 ιἰτιυ
621 5872 776 5926 serui.
813 5847 915 5919 liii,
937 5867 1042 5917 cap.
1069 5851 1116 5913 :2,
1136 5860 1188 5902 et
1210 5865 1358 5902 serui.
1394 5847 1495 5910 192,
1519 5861 1625 5913 cap.
1651 5850 1696 5897 2.

1610 364 1837 424 SEBM'U
1874 358 2166 418 CCCLXX.

3415 372 3550 427 1658

1960 477 2165 532 videret.
2180 494 2401 546 annosa,
2429 497 2645 550 parvum
2667 495 2979 552 agnosceret
2999 487 3232 553 anicula,
3253 486 3540 542 intrantem

1961 571 2012 626 in
2035 571 2287 626 mundum
2313 572 2640 629 Salvatorem
2666 577 2867 630 videret
2897 577 3032 632 itura
3066 577 3212 650 (Luc.
3239 595 3295 641 ll,
3322 579 3542 649 56-58).

1962 666 2028 719 Et
2081 667 2130 720 in
2176 668 2467 721 masculino
2495 684 2624 722 sexu
2659 671 2753 722 tria
2787 671 2896 738 ipsa
2939 686 3134 738 genera
3169 672 3544 727 conlurcudata

1961 767 2102 813 sunt.
2156 757 2270 828 Ipse
2311 759 2554 813 Christus
2585 777 2715 829 puer
2743 772 2893 816 natus
2917 773 3032 828 est;
3062 765 3327 818 exsultent
3355 764 3543 832 pueri,

1961 850 2344 904 continentiam
2394 861 2643 906 voventes
2675 868 2856 920 puero.
2893 853 3008 922 Ipse
3035 869 3159 908 vere
3190 852 3543 923 integritatem

1964 943 2230 1014 pudicitia:
2253 945 2604 1008 consecravit,
2639 946 2726 1013 qui
2747 962 2856 1000 sua:
2882 947 3032 1000 matri
3066 946 3438 1001 fecumlitatem
3469 957 3553 1000 at-

1966 1036 2102 1101 tulit,
2132 1035 2485 1105 virginitatem
2510 1051 2614 1090 non
2636 1037 2867 1090 abstulit.
2901 1036 3120 1090 Simeou
3151 1036 3239 1090 ille
3263 1053 3424 1092 senex
3457 1037 3548 1091 diu

1963 1129 2197 1194 vixerat,
2246 1129 2398 1197 cujus
2445 1139 2576 1183 artas
2621 1141 2962 1197 comparatur
2999 1131 3199 1194 Amne;
3227 1139 3280 1184 et
3306 1129 3546 1185 audierat

1964 1235 2316 1288 responsum;
2370 1221 2512 1290 quod
2566 1237 2670 1275 non
2715 1232 2854 1276 esset
2910 1222 3120 1276 visurus
3160 1233 3387 1276 mortem
3449 1221 3549 1276 nisi

1967 1313 2114 1384 prius
2141 1313 2345 1368 videret
2363 1311 2637 1368 Christum
2673 1313 2900 1367 Domini.
3607 1373 3611 1376 _

2037 1407 2261 1464 CAPUT
2302 1407 2387 1461 ΙΙΙ.
2422 1408 2565 1462 -—-'5.
2600 1406 2913 1460 Desideria»:
2934 1406 3123 1462 Christi
3133 1407 3375 1461 noscitari
3394 1422 3548 1473 quan-

1969 1509 2073 1554 tum
2095 1499 2147 1554 in
2166 1500 2384 1568 antiquis
2405 1501 2609 1554 sanctis.
2633 1499 2928 1569 lulclligitc,
2957 1499 3167 1564 fratres,
3181 1509 3437 1570 quantum
3462 1497 3553 1552 de—

1969 1589 2220 1652 siderium
2262 1590 2528 1648 habebant
2565 1593 2767 1661 antiqui
2796 1590 2967 1646 sancti
3020 1589 3231 1645 videndi
3257 1589 3554 1644 Christum.

1969 1684 2218 1742 Sciebant
2247 1685 2393 1740 illum
2423 1700 2543 1739 esse
2576 1694 2878 1750 venturum,
2907 1693 2960 1738 et
2983 1697 3172 1740 omnes
3188 1683 3284 1750 _qui
3306 1683 3389 1752 pie
3413 1681 3558 1736 vive-

1972 1778 2118 1845 bant,
2164 1777 2430 1841 dicrbant,
2474 1773 2519 1831 Ο
2546 1775 2592 1830 si
2635 1775 2720 1830 hic
2749 1765 2839 1837 me
2889 1775 3120 1831 inveniat
3158 1774 3244 1828 illa
3277 1773 3555 1828 nativitasl

1970 1868 2070 1926 osi
2094 1867 2234 1936 quod
2260 1867 2428 1924 credor
2448 1866 2499 1920 in
2523 1865 2814 1938 Scripturis
2839 1856 3173 1930 Dei,vid_eam
3191 1866 3361 1920 oculis
3386 1864 3552 1918 meis‘

1943 2021 1947 2025 η
1975 1957 2042 2013 Et
2078 1967 2134 2013 ut
2161 1957 2414 2013 noveritis
2435 1967 2685 2027 quantum
2715 1956 3038 2012 deside-rium
3058 1956 3514 2033 habebautgsaucti
3537 1998 3553 2021 ,

1973 2050 2061 2118 qui
2082 2057 2340 2104 noverant
2357 2048 2722 2118 deScripturis
2735 2048 2932 2102 sanctis
2956 2047 3213 2117 virginem
3238 2047 3556 2116 parituram,

1975 2141 2113 2195 sicut
2139 2139 2362 2194 audistis
2388 2155 2507 2194 cum
2536 2139 2696 2193 Isaias
2725 2138 3008 2209 legeretur,
3038 2138 3165 2192 Ecce
3181 2139 3319 2209 virgo
3340 2139 3392 2191 iu
3417 2147 3550 2190 tum

1975 2232 2240 2300 concipiet,
2264 2241 2309 2286 et
2331 2232 2492 2302 pariet
2521 2232 2706 2299 ﬁlium,
2738 2240 2784 2284 et
2807 2231 3062 2284 vocabitur
3085 2247 3263 2284 nomen
3289 2231 3399 2302 ejus
3436 2228 3562 2282 Em-

1975 2325 2178 2380 manuel
2202 2323 2354 2395 (Isai.
2382 2341 2470 2388 vn,
2501 2325 2607 2394 M).
2640 2324 2952 2378 Emmanuel
2965 2322 3090 2394 quid
3104 2325 3192 2386 sit.
3218 2323 3562 2391 Evangelium

1979 2418 2136 2472 nobis
2177 2418 2384 2487 aperuit
2431 2417 2637 2483 dicens,
2691 2417 2829 2487 quod
2873 2417 3251 2487 interpretatur,
3288 2413 3566 2468 Nobiscum

1981 2509 2120 2564 Deus
2141 2508 2358 2582 (Matth.
2385 2527 2422 2575 I,
2444 2509 2559 2580 23).
2587 2508 2702 2564 Non
2722 2509 2816 2564 tibi
2843 2524 2970 2579 ergo
2986 2511 3056 2563 sit
3075 2507 3289 2572 mirum,
3307 2521 3570 2576 quaecum-

1979 2617 2084 2670 que
2124 2600 2358 2657 inﬁdelis
2375 2601 2573 2664 anima,
2604 2615 2712 2655 non
2742 2600 2835 2655 tibi
2864 2599 3110 2654 videatur
3139 2597 3467 2667 impossibile
3510 2606 3570 2652 ut

1981 2693 2132 2763 virgo
2153 2700 2385 2762 pareret,
2415 2691 2564 2762 virgo
2590 2692 3183 2762 parienspermaneret.
3211 2687 3452 2757 lntellige
3469 2703 3568 2740 na-

1983 2791 2094 2838 tum
2123 2783 2315 2846 Deum,
2343 2790 2517 2836 etnon
2539 2780 2817 2838 miraberis
2847 2780 3064 2850 virginis
3085 2787 3315 2849 partum.
3345 2776 3416 2832 Ut
3442 2789 3571 2846 ergo

1983 2875 2240 2931 noveritis
2276 2875 2526 2944 antiquos
2571 2881 2787 2930 sanctos
2814 2882 2867 2928 et
2911 2857 3084 2942 justos
3123 2879 3336 2941 optasse
3364 2869 3567 2932 videre,

1984 2969 2131 3039 quod
2150 2983 2463 3024 concessum
2485 2977 2568 3024 est
2591 2967 2714 3022 huic
2742 2967 2858 3022 seni
2888 2964 3124 3021 Simeoni
3148 2981 3163 3028 ;
3190 2963 3445 3019 Dominus
3469 2977 3570 3015 no-

1986 3073 2098 3118 ster
2121 3063 2276 3119 .Iesus
2303 3062 2550 3117 Christus
2591 3059 2657 3114 ad
2684 3059 2976 3131 discipulos
3017 3058 3242 3127 loquens
3265 3055 3334 3110 ait
3369 3072 3385 3110 :
3417 3051 3572 3106 Multi

1977 3156 2108 3229 justi
2136 3164 2181 3210 et
2208 3156 2467 3224 propheta
2494 3154 2759 3208 voluerunt
2806 3153 2976 3206 videre
3019 3167 3132 3229 φας
3172 3167 3258 3204 vos
3295 3149 3494 3208 videtis.
3525 3157 3574 3200 et

1988 3266 2087 3302 non
2125 3249 2399 3311 viderunt;
2441 3255 2488 3300 et
2515 3245 2693 3300 audire
2710 3261 2823 3317 qua:
2864 3243 3072 3305 auditis,
3093 3227 3141 3296 et
3163 3258 3262 3295 non
3303 3240 3574 3294 audierunt

1991 3340 2122 3411 (Id.
2154 3357 2268 3403 xm,
2299 3340 2362 3395 l7
2393 3339 2431 3407 ).
2478 3337 2700 3392 Multum
2751 3351 2917 3391 senex
2965 3335 3065 3388 iste
3117 3332 3213 3387 fuit
3257 3331 3322 3386 ad
3357 3329 3576 3384 audien.

1989 3433 2114 3488 dum
2142 3447 2314 3497 serus,
2343 3431 2435 3486 sed
2465 3431 2530 3484 ad
2552 3429 2836 3484 videndum
2868 3437 3126 3482 maturus.
3154 3426 3268 3480 Non
3300 3434 3578 3495 exspecta-

1990 3527 2065 3579 vit
2091 3534 2146 3579 ιιι
2188 3523 2458 3578 Christum
2491 3521 2696 3574 audiret
2732 3521 3055 3589 loquentem,
3088 3519 3336 3588 quoniam
3363 3515 3578 3584 agnovit

1993 3617 2266 3674 infantem.
2298 3617 2364 3670 Et
2395 3617 2494 3670 hoc
2517 3605 2615 3669 illi
2653 3628 2963 3670 concessum
2999 3622 3114 3666 erat
3147 3611 3256 3680 jam
3283 3610 3576 3678 decrepito.

1991 3710 2148 3781 quasi
2168 3707 2489 3764 desideranti
2539 3716 2594 3762 et
2623 3705 2912 3774 suspirauti
2946 3713 2996 3757 et
3039 3703 3234 3758 dicenti
3262 3700 3498 3771 quotidie
3525 3700 3578 3753 in

1994 3801 2323 3858 orationibus
2351 3799 2465 3855 suis
2489 3817 2503 3853 :
2532 3796 2754 3866 Quando
2782 3795 3000 3850 veniet?
3039 3794 3250 3866 quando
3289 3791 3581 3848 nascetur?

1996 3895 2206 3968 quando
2222 3893 2456 3949 videbo?
2485 3892 2643 3948 Putas
2665 3890 2904 3944 durabo?
2929 3899 3081 3960 putas
3100 3888 3185 3943 hic
3202 3903 3287 3942 me
3313 3885 3582 3940 inveniet?

1998 4001 2153 4062 putas
2179 3991 2263 4046 isti
2289 3990 2430 4046 oculi
2457 3989 2562 4044 mei
2587 3989 2878 4052 videbunt,
2925 4003 3018 4057 per
3043 4002 3199 4056 quem
3229 3987 3409 4042 cordis
3440 3987 3583 4040 oeuli

1999 4082 2419 4138 revelabuntur?
2445 4081 2665 4137 Dicebat
2683 4082 2780 4136 ista
2809 4081 2861 4135 in
2890 4079 3220 4134 orationibus
3240 4079 3374 4145 suis,
3404 4087 3457 4132 et
3491 4095 3587 4148 pro

1999 4174 2268 4231 desiderio
2295 4191 2396 4231 suo
2425 4175 2630 4245 accepit
2658 4188 3006 4244 responsum,
3037 4172 3177 4242 quod
3208 4187 3311 4226 non
3348 4180 3589 4240 gustaret

2001 4275 2249 4334 mortem,
2274 4266 2375 4320 nisi
2406 4266 2551 4336 prius
2567 4265 2771 4322 videret
2791 4262 3061 4319 Christum
3085 4262 3317 4318 Domini.
3333 4260 3592 4318 Gestabat

2003 4376 2126 4416 eum
2153 4359 2310 4414 Maria
2335 4370 2507 4413 mater
2528 4357 2643 4427 ejus
2670 4357 2927 4411 infantem
2953 4375 2966 4409 :
2991 4355 3114 4409 vidit
3140 4355 3248 4421 ille,
3278 4365 3331 4409 et
3352 4353 3590 4422 agnovit.

2007 4451 2100 4508 Ubi
2129 4460 2345 4506 noverat
2380 4467 2534 4519 quem
2566 4448 2823 4517 agnovit?
2877 4451 2956 4501 An
2993 4449 3135 4502 intus
3165 4455 3244 4502 est
3287 4445 3552 4500 revelatus
3575 4483 3591 4507 ,

2005 4546 2091 4616 qui
2123 4545 2250 4599 foris
2277 4554 2360 4598 est
2389 4543 2580 4598 natus?
2602 4541 2765 4607 Vidit,
2798 4550 2852 4596 et
2870 4543 3104 4610 agnovit.
3125 4538 3351 4608 Agnovit
3375 4537 3592 4592 Simeou

2008 4639 2258 4694 infantem
2314 4649 2618 4702 tacentem;
2671 4646 2726 4691 et
2773 4635 3082 4690 occiderunt
3135 4631 3303 4687 Judaai
3341 4629 3593 4701 juvenem

2009 4731 2269 4785 mirabilia
2313 4729 2622 4784 facientem.
2651 4727 2782 4782 Cum
2832 4742 2957 4795 ergo
2987 4723 3344 4794 cognovisset,
3390 4723 3596 4792 accepit

2009 4821 2061 4876 in
2091 4821 2242 4876 ulnas
2269 4836 2412 4886 suas,
2435 4822 2536 4875 hoc
2566 4827 2670 4885 est,
2701 4819 2752 4872 in
2779 4815 2992 4873 brachia
3015 4830 3129 4878 sua,
3157 4815 3488 4886 amplexatus
3513 4819 3598 4866 est

2009 4931 2153 4972 eum.
2181 4915 2435 4970 Portabat
2469 4928 2499 4967 a
2525 4927 2633 4982 quo
2655 4909 2981 4980 portabatur.
3013 4907 3130 4978 Ipse
3158 4907 3299 4961 enim
3330 4915 3413 4961 est
3455 4904 3599 4959 Chri-

2010 5018 2124 5062 stus
2150 5005 2408 5076 sapientia
2440 5003 2551 5066 Dei,
2583 5002 2848 5070 attiugens
2867 5015 2896 5053 a
2924 4999 3028 5054 ﬁne
3052 4997 3291 5068 usquead
3317 4996 3475 5051 ﬁnem
3490 4995 3602 5050 for-

2015 5099 2166 5164 titer,
2219 5105 2274 5152 et
2317 5096 2606 5165 disponens
2651 5091 2832 5146 omnia
2867 5091 3101 5145 suaviter
3147 5090 3302 5161 (Sap.
3342 5104 3432 5143 VIII
3462 5129 3477 5154 ,
3521 5085 3599 5158 l).

2013 5189 2252 5259 Quantus
2279 5186 2350 5242 ibi
2375 5196 2509 5250 erat,
2539 5193 2592 5239 et
2611 5199 2768 5254 quam
2801 5195 3044 5252 magnus,
3077 5195 3238 5252 quam
3286 5193 3480 5250 parvus
3517 5177 3600 5231 fa-

2014 5293 2129 5340 ctus
2149 5279 2302 5338 erat?
2328 5280 2525 5336 Parvus
2547 5276 2717 5333 factus
2735 5317 2749 5342 ,
2780 5289 2973 5346 parvos
3013 5273 3302 5342 qumrebat.
3331 5270 3469 5339 Quid
3495 5278 3601 5333 est,

2017 5369 2534 5448 parvosquazrebat?
2557 5369 2672 5424 Non
2699 5367 2979 5439 superbos,
3013 5381 3118 5420 non
3147 5364 3344 5431 elatos;
3382 5363 3473 5417 sed
3500 5360 3606 5416 hu-

2017 5465 2170 5524 miles
2191 5465 2416 5522 etmites
2427 5461 2734 5535 colligebat.
2759 5460 2814 5516 lu
2840 5458 3062 5530 pratscpi
3087 5457 3332 5528 dignatus
3351 5463 3433 5508 est
3459 5452 3605 5522 poni,

2021 5572 2079 5618 ut
2105 5571 2248 5618 esset
2304 5561 2509 5630 piorum
2560 5555 2759 5614 cibaria
2796 5555 3180 5626 jumentorum.
3225 5547 3444 5616 Accepit
3480 5560 3610 5615 ergo

2019 5672 2140 5711 eum
2166 5654 2383 5710 Sitneon
2428 5653 2479 5707 in
2507 5650 2724 5707 brachia
2751 5664 2870 5714 sua,
2913 5656 2968 5702 et
2986 5645 3121 5702 dixit
3147 5664 3160 5698 :
3199 5643 3352 5698 Nam:
3377 5640 3608 5703 dimittis,

2026 5749 2256 5810 Domine,
2288 5763 2482 5802 servum
2512 5755 2650 5799 tuum
2687 5745 2737 5796 in
2769 5759 2909 5814 pace.
2965 5739 3192 5794 Dimittis
3221 5737 3272 5791 in
3301 5749 3455 5808 pace,
3491 5732 3612 5804 quia

2026 5843 2177 5898 viden
2210 5855 2413 5911 pacem.
2455 5838 2632 5907 Quare
2653 5853 2782 5908 ergo
2808 5833 3030 5891 dimittis
3066 5832 3117 5888 in
3149 5828 3313 5903 pace?
3360 5827 3612 5895 Quoniam
