4080 6360
499 408 636 464 1659

499 523 728 577 viderunt
749 515 884 572 oculi
903 513 1001 568 mei
1024 509 1248 566 salutare
1265 513 1406 558 tuum
1427 502 1579 574 (Luc.
1602 514 1658 584 ιι,
1676 496 1903 569 25—50).
1931 495 2088 552 Salo-

503 626 616 671 tare
637 614 755 678 Dei,
785 607 1040 664 Dominus
1065 602 1221 658 Jesus
1246 598 1511 655 Christus.
1539 593 1850 649 Annuntiate
1869 591 2003 645 diem
2027 605 2091 644 ea:

503 711 585 761 die
607 706 827 760 salutare
846 701 954 770 ejus
988 694 1157 768 (Psal.
1183 708 1307 756 xcv,
1330 692 1410 759 2).

573 791 800 852 CAPUT
840 789 927 847 IV.
965 819 1038 829 —-
1073 789 1126 842 4.
1174 785 1332 840 Pueri
1373 792 1421 838 et
1447 797 1587 837 senes
1610 789 1660 834 et
1681 777 1938 849 conjugati
1965 785 2094 829 atte-

505 896 705 941 stanlur
729 883 950 938 Christo.
979 878 1200 934 Habetis
1225 890 1356 946 ergo
1373 915 1386 938 ,
1415 873 1600 944 pueri,
1627 883 1846 940 puerum
1868 867 2051 922 Jesum
2074 881 2089 930 ;

506 979 675 1035 sancti
719 990 905 1042 senes,
947 987 1132 1027 senem
1173 969 1500 1025 Simeonem.
1533 963 1588 1019 Si
1617 972 1794 1017 autem
1825 953 2090 1029 quaeritis,

509 1081 564 1123 ιιι
591 1077 647 1124 et
674 1067 987 1136 conjugatus
1015 1061 1205 1130 aliquis
1231 1059 1314 1112 vir
1343 1054 1700 1111 testimonium
1728 1049 1959 1105 Domino
1975 1064 2097 1117 per-

512 1159 721 1224 hibeat,
772 1155 1080 1212 Zachariam
1124 1151 1478 1208 considerate.
1519 1145 1688 1200 Nemo
1724 1158 1852 1213 ergo
1892 1150 2096 1211 qmerat

510 1251 691 1319 aliud,
732 1249 922 1304 fratres
951 1246 1091 1308 mei,
1122 1241 1396 1299 christiani
1428 1238 1643 1300 ﬁdeles,
1675 1243 1768 1290 aut
1795 1235 1978 1304 virgo,
2005 1240 2099 1286 aut

511 1342 668 1398 vidua
690 1384 705 1410 ,
745 1350 837 1396 aut
875 1339 1186 1408 conjugata,
1223 1342 1316 1388 aut
1351 1347 1512 1402 puer,
1544 1336 1636 1385 aut
1661 1329 1942 1383 continens
1964 1365 1987 1392 ,
2007 1333 2102 1378 aut

517 1446 770 1492 uxoratus
807 1451 820 1488 :
858 1430 1110 1504 quidquid
1142 1429 1260 1499 plus
1286 1441 1405 1482 esse
1432 1424 1554 1495 quis
1582 1421 1839 1487 voluerit,
1873 1435 1979 1474 non
2012 1419 2096 1473 in-

515 1529 662 1583 venit
697 1521 1144 1596 quemadmodum
1175 1519 1240 1573 ad
1270 1517 1539 1573 Christum
1569 1515 1846 1585 pertineat.
1873 1511 1988 1566 Non
2019 1510 2104 1564 iu-

517 1619 763 1674 venimus
801 1613 1164 1670 testimon-ium
1193 1609 1524 1680 perhibuisse
1551 1607 1765 1662 Christo
1789 1603 2060 1658 adulteros
2082 1642 2097 1666 ,

519 1710 899 1770 fornicatores,
947 1703 1268 1760 immundos.
1308 1700 1375 1755 Et
1412 1708 1528 1755 uta
1560 1697 1752 1753 talibus
1775 1695 1826 1750 ei
1857 1694 2100 1749 testimo-

519 1804 665 1858 nium
695 1799 1100 1872 perhiberetur,
1132 1797 1245 1867 ipse
1275 1791 1554 1866 praestitit,
1585 1791 1700 1862 ipse
1724 1787 1960 1844 donavit.
1983 1784 2103 1840 Non

517 1896 658 1950 enim
701 1894 978 1964 quisquam
1023 1898 1236 1944 sanctus
1262 1887 1462 1941 viribus
1487 1885 1598 1939 suis
1626 1881 1732 1953 (a).
1756 1879 2100 1935 Exsullemus

519 2002 675 2057 ergo,
726 1982 1047 2038 charissimi.
1097 1979 1178 2035 Ab
1226 1977 1486 2033 hodierno
1536 1974 1625 2029 die
1674 1979 1923 2028 crescunt
1964 1969 2100 2024 dies.

520 2077 690 2132 Crede
731 2076 783 2130 in
824 2073 1090 2130 Christum
1109 2114 1124 2135 ,
1153 2079 1207 2125 et
1234 2069 1428 2125 crescit
1458 2067 1509 2122 in
1539 2076 1589 2120 te
1613 2065 1747 2121 dies.
1775 2059 2106 2119 Credidisti?

519 2167 803 2223 inchoatus
829 2174 910 2220 est
937 2164 1070 2219 dies.
1101 2162 1402 2231 Baptizatus
1431 2158 1528 2214 es?
1557 2157 1721 2211 Natus
1749 2164 1832 2210 est
1859 2153 2105 2210 Christus

525 2259 580 2312 in
601 2257 762 2312 corde
787 2266 895 2311 tuo.
924 2255 1027 2310 Sed
1055 2252 1306 2320 numquid
1337 2250 1578 2306 Christus
1603 2258 1760 2302 natus
1788 2247 1865 2301 sic
1889 2259 2107 2300 reman-

523 2349 634 2404 sit?
673 2349 885 2411 Crevit,
915 2346 979 2400 ad
1003 2346 1335 2416 juventutem
1363 2340 1640 2420 pervenit:
1670 2338 1765 2394 sed
1789 2338 1840 2392 in
1862 2345 2110 2392 senectu-

526 2451 632 2495 tem
675 2453 778 2494 non
821 2436 1119 2492 declinavit.
1158 2424 1526 2501 Crescat'ergo
1554 2439 1607 2485 et
1635 2429 1765 2484 lides
1791 2437 1914 2494 tua,
1946 2427 2112 2481 robur

525 2530 755 2586 inveniat
773 2570 788 2596 ,
818 2537 1134 2583 vetustatem
1166 2526 1391 2580 nesciat.
1417 2524 1507 2579 Sic
1537 2520 1828 2592 pertinehis
1855 2518 1920 2572 ad
1950 2517 2109 2574 Chri-

525 2632 664 2678 stum
710 2622 900 2677 Filium
945 2620 1068 2686 Dei,
1109 2619 1160 2673 in
1193 2618 1450 2687 principio
1480 2615 1712 2671 Verbum
1742 2613 1881 2682 apud
1911 2613 2109 2678 Deum,

529 2715 759 2769 Verbum
804 2714 966 2767 Deum
993 2727 1007 2775 ;
1039 2710 1133 2764 sed
1165 2709 1399 2765 Verbum
1428 2722 1644 2762 carnem
1677 2705 1902 2767 factum,
1935 2714 1992 2757 ut
2016 2703 2112 2757 ha-

525 2807 722 2864 bitaret
764 2805 816 2859 in
863 2803 1036 2858 nobis.
1082 2801 1329 2872 Majestas
1355 2800 1426 2854 ibi
1456 2799 1687 2865 latebat,
1719 2798 1805 2851 ubi
1837 2795 2114 2850 inﬁrmitas

528 2897 840 2968 apparebat.
875 2895 928 2948 In
962 2910 1148 2949 manus
1176 2891 1536 2947 suasSimcon
1567 2889 1929 2943 inﬁrmitatem
1956 2901 2116 2940 arce-

531 2991 638 3060 pit,
686 2988 780 3043 sed
819 2987 1150 3054 majestatcm
1182 2984 1324 3038 intus
1353 2982 1586 3052 agnovit.
1615 2980 1781 3035 Nemo
1807 2985 2118 3032 contemnat

531 3089 711 3135 natum
737 3118 752 3142 ,
791 3079 835 3133 si
877 3077 986 3140 vult
1015 3090 1134 3130 esse
1161 3083 1397 3130 renatus.
1431 3072 1510 3126 Ad
1541 3072 1687 3125 illmn
1717 3069 1969 3139 pertinuit
1992 3081 2117 3138 pro.

531 3179 653 3241 pter
686 3183 786 3224 nos
824 3167 1003 3231 nasci,
1033 3166 1097 3221 ad
1127 3181 1225 3219 nos
1252 3164 1514 3234 pertineat
1539 3163 1591 3216 in
1623 3161 1715 3215 illo
1740 3158 1946 3214 renasci
1981 3177 1994 3212 :
2025 3157 2116 3229 qui

531 3263 661 3316 vivit
687 3269 742 3316 et
768 3269 954 3331 regnat
984 3260 1034 3312 in
1065 3256 1256 3312 stccula
1285 3255 1625 3310 seculorum.
1654 3255 1848 3307 Amen.

949 3370 1179 3428 senato
1205 3367 1501 3425 CCCLXXI
1530 3371 1548 3388 ·
1590 3367 1688 3438 (b).

929 3495 1013 3538 "De
1037 3486 1287 3538 Nativitate
1319 3485 1518 3544 nomini,
1543 3498 1591 3533 ιιι
1614 3484 1703 3546 (ε).

601 3593 828 3650 CAPUT
856 3592 1237 3648 PRIMUM—1
1254 3631 1267 3643 .
1287 3590 1470 3646 Christi
1495 3590 1612 3643 duo:
1633 3589 1932 3643 nativitates.
1957 3587 2118 3642 Natus

534 3674 616 3719 est
656 3665 809 3718 nobis
847 3665 1001 3717 hodie
1025 3663 1267 3718 Salvator
1291 3678 1306 3725 ;
1337 3671 1391 3714 et
1419 3661 1536 3714 ideo
1563 3660 1719 3714 hodie
1745 3660 1888 3712 omni
1919 3658 2117 3712 tuttuth

534 3737 614 3790 sol
641 3741 799 3789 verus
828 3744 1045 3788 exortus
1065 3743 1166 3788 est.
1197 3735 1335 3786 Deus
1357 3733 1515 3785 homo
1539 3733 1708 3785 lactus
1728 3739 1809 3784 est
1828 3773 1842 3794 ,
1873 3739 1926 3783 ut
1959 3732 2117 3782 homo

535 3807 676 3861 Deus
720 3805 868 3859 ﬁeret
919 3823 932 3858 :
981 3814 1035 3858 et
1075 3814 1129 3858 ut
1169 3818 1354 3860 servus
1395 3804 1446 3856 in
1479 3802 1752 3855 dominum
1784 3809 2112 3864 verteretur,

536 3878 757 3930 turmam
783 3875 922 3929 servi
957 3875 1209 3928 Dominus
1233 3875 1456 3943 accepit.
1486 3872 1749 3926 llahitavit
1772 3872 1822 3925 in
1847 3871 2003 3943 terris
2027 3871 2120 3923 ha-

538 3949 728 4000 bitator
747 3947 1002 4000 cmiorum
1025 3988 1037 4006 ,
1065 3956 1121 3999 ut
1147 3945 1305 3998 homo
1332 3942 1592 3997 habitator
1614 3954 1766 3997 terrm
1791 3942 2044 3996 habitaret
2068 3946 2117 3995 in

534 4019 703 4072 caelis.
733 4017 893 4071 Natus
918 4025 1146 4086 estergo
1172 4016 1324 4070 nobis
1346 4017 1617 4077 Salvator,
1651 4029 1841 4084 passus
1870 4023 1951 4066 est
1977 4014 2116 4068 diem

538 4097 719 4157 partus
761 4087 1048 4156 repudiata:
1089 4087 1241 4155 Legis
1275 4093 1564 4157 conceptus
1605 4103 1619 4138 :
1655 4094 1809 4157 natus
1841 4095 2015 4157 autem
2053 4086 2120 4157 de

540 4155 691 4213 l'atre
717 4155 949 4226 semper,
979 4159 1044 4210 de
1075 4167 1243 4210 matre
1272 4157 1457 4211 semel.
1488 4156 1692 4226 Etenim
1717 4155 1923 4226 Domini
1951 4155 2123 4209 nostri

535 4229 659 4284 Jesu
704 4225 897 4283 ChriSti
928 4228 1059 4281 duas
1085 4227 1384 4296 accepimus
1415 4225 1715 4280 nativitates
1748 4244 1761 4278 :
1791 4225 1965 4296 primo
1989 4226 2122 4278 divi-

540 4316 659 4352 nam
682 4341 696 4361 ,
723 4299 914 4353 deinde
946 4295 1228 4351 humanani
1259 4314 1271 4360 ;
1304 4297 1396 4350 sed
1423 4297 1580 4366 plane
1601 4305 1878 4366 utramque
1902 4295 2120 4349 mirabi-

541 4372 642 4423 lem
688 4389 702 4422 :
741 4370 792 4422 iu
822 4371 905 4424 illa
938 4379 996 4423 ιιι
1026 4369 1237 4432 matris,
1268 4369 1317 4422 in
1349 4365 1446 4421 hac
1475 4378 1529 4420 ut
1554 4367 1720 4436 patris
1743 4365 1914 4420 ol‘licia
1940 4381 2121 4420 cessa-

542 4450 659 4493 rent
682 4457 694 4491 :
720 4456 877 4494 unam
901 4449 1152 4493 aeternam
1175 4480 1190 4502 ,
1215 4449 1271 4491 ut
1294 4447 1499 4492 crearet
1520 4438 1838 4504 temporales
1863 4453 1876 4500 ;
1899 4439 2119 4491 alteram

546 4512 926 4577 temporalem,
955 4519 1011 4562 ut
1038 4519 1310 4578 pra-staret
1333 4518 1583 4562 aiternos.
1609 4509 1699 4578 ille
1729 4524 1854 4576 ergo
1878 4509 1926 4560 in
1954 4507 2122 4562 forma

548 4581 637 4634 llei
679 4581 817 4634 Patri
846 4580 1061 4650 :rqoalis
1081 4622 1095 4645 ,
1130 4579 1216 4633 ille
1247 4580 1296 4632 in
1331 4578 1497 4632 l'orma
1523 4577 1660 4633 servi
1687 4577 1829 4632 Patri
1859 4578 2121 4650 subditus.

543 4653 632 4704 Ille
660 4662 874 4706 creator
901 4648 1227 4718 temporum,
1255 4659 1409 4703 natus
1438 4650 1488 4702 in
1522 4658 1759 4716 tempore
1779 4657 1862 4703 est
1886 4667 1897 4702 :
1923 4648 2122 4702 lactus-

539 4738 645 4790 que
683 4731 765 4776 est
804 4733 907 4776 tam
947 4713 1140 4789 parvus
1161 4763 1174 4782 ,
1212 4731 1272 4775 ut
1298 4723 1547 4776 ederetur
1575 4735 1603 4773 a
1632 4713 1822 4774 letnina
1849 4736 1864 4780 ;
1895 4720 1987 4774 sed
2017 4729 2122 4772 tam

545 4809 764 4862 magnus
807 4795 985 4861 utique
1029 4793 1347 4860 permansit,
1391 4801 1449 4844 ut
1475 4807 1578 4845 non
1606 4800 1944 4862 separaretur
1967 4806 1996 4844 a
2023 4790 2125 4862 Pa-

543 4861 651 4918 tre.
688 4863 792 4917 llas
829 4880 954 4932 ergo
983 4863 1184 4916 Domini
1218 4863 1515 4932 nativitates
1543 4863 1700 4915 etiam
1727 4861 1834 4914 duo
1860 4861 2128 4929 evangeli-

542 4947 745 4989 starum
789 4945 1049 4989 testantur
1094 4934 1372 5003 principia.
1413 4931 1564 4988 Unus
1591 4933 1733 4986 enim
1759 4931 1829 4986 de
1854 4931 2128 4987 nativitate

610 5095 625 5113 ⁶
658 5093 968 5144 Destderatur
991 5093 1040 5141 in
1063 5091 1242 5142 nostris
1263 5090 1614 5153 manuscriptis.

608 5180 678 5236 (al
715 5177 888 5226 sintilia
916 5179 1124 5226 inserm.
1152 5176 1259 5238 196,
1281 5188 1387 5238 cap.
1413 5174 1460 5224 Ξ.

629 5212 656 5229 ι.
916 5212 1124 5226 "mw...
1157 5212 1240 5226 ,υυ

629 5212 678 5300 ὑί
713 5239 850 5296 Alias,
887 5240 950 5287 de
975 5240 1183 5288 Diversis

631 5297 678 5364 ε)
715 5310 760 5350 In
813 5303 1051 5350 tlrevtario
1088 5299 1344 5364 I‘arisiensl
1380 5297 1562 5364 legitur
1607 5299 1818 5364 nomine
1862 5297 2129 5364 Augustini.

545 5359 686 5414 Certe
719 5365 915 5426 quidem
951 5364 1100 5426 ipsius
1133 5361 1567 5426 sentcntiasbene
1598 5359 1774 5426 multas
1809 5359 2027 5418 inprime
2052 5372 2136 5419 po-

548 5420 781 5476 tissimum
807 5433 857 5474 et
879 5420 1092 5473 secundo
1113 5424 1270 5484 capite
1293 5422 1538 5484 continet,
1583 5420 1668 5484 sed
1692 5433 1776 5484 eas
1794 5433 1869 5484 ex
1904 5433 2133 5484 sermone

549 5489 614 5536 de.
639 5489 890 5537 aativitate
913 5491 1106 5534 Joannis
1145 5481 1364 5546 Baptista:
1390 5483 1508 5530 intra
1530 5482 1700 5546 ordine
1723 5481 1842 5539 580,
1867 5483 1949 5546 ubi
1973 5484 2134 5530 ouum

547 5551 808 5599 sinceriora
831 5556 882 5597 et
913 5549 1071 5608 aptius
1091 5541 1311 5594 connexa
1349 5552 1490 5608 sunt,
1512 5541 1771 5608 delibutas.
1802 5544 1954 5608 Habet
1975 5551 2133 5608 autem

548 5613 755 5660 admixta
779 5622 924 5672 quam
944 5604 1161 5672 'plurima
1194 5608 1255 5654 ab
1278 5606 1523 5672 Augustini
1558 5605 1706 5672 genio
1737 5613 1819 5654 aut
1849 5604 1962 5652 stilo
1977 5607 2134 5672 inani-

549 5672 678 5723 feste
701 5667 878 5727 aliena,
900 5667 1058 5732 qualia
1084 5671 1171 5717 ista
1194 5675 1339 5732 sunt:
1367 5681 1472 5728 cap.
1500 5667 1544 5726 l,
1573 5685 1595 5712 ι
1617 5671 1670 5715 tit
1694 5674 1747 5715 ut
1760 5679 1950 5732 servus
1976 5667 2027 5732 in
2045 5667 2135 5715 do-

557 5756 580 5781 ι
603 5748 784 5783 [uinum
819 5728 1128 5790 verteretur;
1153 5747 1175 5773 ιο
1208 5730 1413 5786 ibidem,
1446 5746 1468 5772 α
1492 5736 1547 5777 tit
1569 5734 1721 5790 recte,
1743 5728 1854 5778 dies
1894 5729 2135 5778 tramitem

559 5815 580 5840 ι
602 5795 719 5845 solis
741 5802 937 5854 augeat,
959 5809 981 5835 ν)
1008 5800 1102 5841 etc.
1120 5801 1229 5852 cap.
1255 5790 1302 5847 9,
1331 5811 1352 5834 ιι
1378 5799 1428 5838 ι-ῖι
1459 5789 1634 5838 futuris
1649 5789 1916 5841 cultoribus
1930 5792 2030 5840 suis
2046 5793 2135 5842 ite-

555 5873 582 5906 ι
603 5865 719 5907 ratae
744 5854 1004 5906 nativitatis
1023 5862 1321 5906 sacrameuui
1345 5853 1570 5902 sanciret.
1597 5867 1619 5896 ι

1733 385 1790 439 S.
1835 377 2198 439 AUGUS'l'lNl
2243 378 2540 434 EPISCUPI

3649 379 3666 433 I
3677 379 3782 436 660

2199 495 2374 549 divina
2410 495 2478 548 ita
2520 505 2594 546 ait
2639 509 2652 546 :
2699 490 2766 546 In
2796 492 3043 563 principio
3067 501 3173 544 erat
3211 491 3422 546 Verbum
3444 533 3458 552 ,
3486 502 3542 546 et
3567 492 3786 548 Verbum

2199 577 2308 620 erat
2352 566 2493 633 apud
2541 563 2699 618 Deum
2725 605 2739 626 ,
2784 574 2832 617 et
2882 564 3018 634 Dem
3058 574 3162 616 erat
3204 563 3416 618 Verbum
3441 579 3460 617 :
3487 566 3580 618 hoc
3601 568 3785 621 eratin
3832 625 3840 634 ,

2200 637 2448 706 principio
2486 635 2632 704 apud?
2669 634 2846 688 Deum.
2882 633 3066 706 Omnia
3094 651 3182 703 per
3202 635 3368 703 ipsum
3393 638 3530 706 facta
3553 646 3698 700 sunt,
3732 648 3787 692 et
3827 640 3836 697 ἰ

2198 703 2307 762 sine
2347 703 2460 776 ipso
2503 703 2691 776 factum
2717 715 2789 758 est
2815 705 2940 758 nihil
2971 703 3147 774 (Joau.
3179 721 3228 769 ι,
3263 703 3399 775 1-5).
3422 704 3498 760 De
3529 709 3626 761 hac
3652 723 3789 763 vero
3831 710 3834 712 ⁷

2200 779 2476 833 nativitate
2501 777 2757 838 humana,
2796 778 2862 829 ita
2893 777 3217 844 evangelista
3239 776 3374 830 alius
3399 777 3561 831 refert
3587 795 3602 831 :
3635 777 3795 832 Liber
3853 784 3859 789 '

2199 849 2533 919 generationis
2568 848 2712 920 1ΙιεδιιΔ
2729 845 2912 920 Christi
2939 847 3032 912 ﬁlii
3063 846 3226 920 David
3258 847 3468 920 (Matth.
3493 862 3546 920 ι,
3575 847 3651 920 1).
3685 851 3786 904 llic

2200 917 2328 989 ergo
2353 919 2542 972 natalis
2567 917 2795 978 Domini,
2825 917 2908 971 hic
2932 917 3179 989 seenndag
3195 917 3492 989 nativitatis
3512 917 3630 973 dies
3653 929 3740 975 est
3763 937 3780 973 :

2201 988 2525 1045 exsultemus
2565 997 2620 1042 et
2659 989 2900 1042 laetemur
2935 988 2985 1041 in
3030 1003 3115 1041 eo.
3162 988 3269 1042 Nec
3296 989 3594 1054 immerito,
3623 1000 3805 1045 aucto.

2197 1061 2306 1128 jam
2334 1061 2528 1114 abhinc
2555 1060 2642 1112 die
2660 1101 2676 1124 ,
2707 1059 2863 1112 hodie
2889 1060 2972 1112 lux
2998 1059 3382 1113 incrementum
3408 1059 3633 1129 accipit:
3657 1076 3803 1115 ωηι-

2205 1133 2437 1186 humano
2459 1131 2641 1200 generi
2668 1131 2718 1183 in
2751 1130 2850 1184 hoc
2877 1131 3057 1198 utique
3081 1129 3168 1184 die
3195 1145 3314 1183 vera
3345 1131 3432 1184 lux
3454 1129 3698 1185 venerit:
3721 1140 3787 1186 ut

2204 1213 2348 1258 recte
2371 1202 2486 1256 dies
2508 1201 2769 1256 tramitem
2799 1201 2927 1255 solis
2947 1208 3168 1269 augeat,
3197 1215 3302 1270 quo
3328 1201 3480 1255 nobis
3501 1203 3660 1262 hunc,
3686 1217 3802 1270 pcr'

2203 1289 2360 1343 quem
2407 1272 2643 1328 tenebris
2686 1271 2871 1343 mortis
2912 1270 3602 1343 absolverentur,invexit.
3631 1272 3803 1328 llunc~

2203 1341 2332 1414 ergo
2352 1343 2631 1412 Prophetze
2650 1341 3024 1414 annuntiantes
3045 1381 3058 1404 ,
3091 1350 3341 1414 tanquam
3371 1342 3621 1414 lucernae,
3647 1357 3785 1414 verr»

2205 1411 2413 1480 turum,
2463 1411 2850 1482 praecesserunt
2891 1411 3030 1466 diem
3069 1423 3217 1465 ortus
3257 1411 3404 1481 ejus,
3449 1421 3504 1467 et
3529 1413 3784 1468 miracula

2203 1500 2324 1553 quas
2347 1495 2485 1540 esset
2506 1495 2750 1554 gesturus
2771 1483 2821 1535 in
2841 1497 3022 1548 carne,
3045 1483 3353 1536 clarissimis
3375 1482 3786 1552 pnecouiisedi-

2206 1557 2419 1610 derunt.
2469 1553 2689 1609 Rectum
2734 1569 2962 1622 namque
3005 1562 3119 1608 erat
3161 1562 3216 1605 ut
3256 1553 3636 1621 praedicaretur
3664 1569 3805 1608 esse

2208 1637 2463 1680 venturus
2487 1668 2501 1689 ,
2542 1642 2610 1679 ne
2650 1641 2773 1678 cum
2807 1624 3039 1694 venisset
3062 1622 3452 1689 ,.dubitaretur.
3487 1624 3582 1678 llic
3608 1625 3805 1694 itaque

2207 1697 2349 1750 Deus
2388 1705 2602 1758 noster,
2648 1695 2807 1747 homo
2846 1694 2982 1748 inter
3019 1692 3262 1748 homines
3297 1702 3644 1750 conversatus
3677 1692 3785 1750 est.

2209 1769 2464 1836 Apparuit
2484 1767 2624 1821 enim
2647 1765 3149 1836 videntibusﬂhomo,
3175 1764 3588 1836 intelligentibus
3609 1765 3750 1836 Deus
3768 1783 3798 1820 :-

2209 1833 2476 1893 hominem
2531 1835 2858 1890 intuentibus
2900 1833 3130 1890 olferens
3157 1876 3174 1899 ,
3225 1833 3566 1891 credentibus
3617 1835 3806 1890 Deum

2208 1923 2448 1963 servans.
2492 1907 2644 1977 Ergo
2674 1907 2910 1960 inﬁrmos
2944 1906 3164 1977 salvavit
3185 1915 3434 1977 aspectus
3461 1906 3805 1961 inﬁrmitatis

2209 1979 2326 2049 ejus
2351 1997 2362 2030 ε
2389 1975 2782 2049 tirn'ios'qumrit
2805 1975 3188 2049 contemplatio
3199 1975 3487 2049 divinitatis
3505 1977 3641 2047 ejus.

2279 2048 2505 2106 CAPUT
2535 2048 2595 2102 Il.
2615 2045 2767 2100 4—2.
2815 2045 3172 2100 [incarnatione
3206 2046 3413 2100 visibilis
3443 2045 3610 2108 Deus,
3637 2062 3805 2116 quem

2211 2120 2361 2174 homo
2402 2128 2638 2185 sequatur
2659 2157 2674 2181 ,
2719 2118 2993 2172 exhibetur.
3021 2117 3254 2171 Obsecro
3283 2131 3377 2171 vos
3399 2159 3415 2182 ,
3447 2117 3747 2173 charissimi
3770 2157 3790 2182 ,

2212 2191 2488 2246 intuemini
2518 2205 2673 2260 quam
2698 2203 2948 2260 magnum
2968 2188 3037 2241 sit
3068 2187 3168 2260 hoc
3188 2189 3499 2260 mysterium
3518 2189 3788 2260 veritatis.

2213 2261 2297 2316 Ad
2318 2257 2597 2315 salvandos
2618 2259 2859 2312 homines
2887 2258 3078 2325 Legem
3100 2257 3317 2310 dederat
3337 2299 3352 2321 ,
3375 2258 3666 2326 Prophetas
3691 2258 3796 2312 mi-

2213 2343 2356 2386 serat
2401 2351 2413 2385 :
2462 2341 2515 2384 et
2555 2330 2675 2399 quia
2719 2328 2969 2382 sanandis
3010 2327 3351 2398 languoribus
3398 2328 3511 2382 lucc
3555 2328 3800 2383 remedia

2213 2413 2622 2472 praecesserunt,
2653 2400 2824 2472 ipsum
2853 2412 2919 2472 se
2934 2399 3001 2452 ad
3019 2400 3240 2472 salutem
3265 2415 3447 2472 eorum
3473 2399 3665 2472 otherre
3691 2400 3796 2472 ho-

2215 2469 2448 2527 ininihus
2487 2473 2626 2526 Deus
2660 2471 2841 2525 voluit.
2890 2469 3058 2524 Porro
3083 2469 3324 2524 homines
3351 2470 3513 2525 Deum
3540 2469 3711 2538 ipsum
3738 2471 3794 2523 in

2215 2545 2505 2599 snbstantia
2543 2558 2635 2597 sua
2670 2541 2850 2594 videre
2878 2555 2981 2593 non
3012 2550 3294 2608 potuerunt
3324 2557 3336 2592 :
3366 2556 3514 2610 spem
3547 2556 3672 2595 vero
3699 2540 3798 2593 ho-

2217 2615 2384 2668 mines
2406 2628 2553 2667 snam
2579 2627 2774 2680 ponere
2796 2612 2846 2664 in
2869 2612 2983 2664 solo
3005 2612 3218 2664 homine
3239 2625 3342 2664 non
3359 2610 3639 2665 debebant.
3655 2611 3806 2679 Quid

2216 2700 2343 2753 ergo
2375 2685 2459 2739 hic
2487 2684 2674 2738 lieret'l
2705 2683 2982 2736 llominem
3008 2682 3156 2752 sequi
3183 2697 3286 2734 non
3307 2681 3605 2753 debebant,
3635 2683 3800 2735 homo

2217 2752 2516 2824 sequendus
2545 2769 2647 2806 non
2675 2764 2790 2807 erat
2813 2753 2902 2821 qui
2932 2753 3095 2808 videri
3126 2762 3332 2824 poterat
3361 2769 3373 2803 :
3400 2752 3539 2806 Deus
3562 2768 3799 2824 sequen-

2217 2821 2317 2878 dus
2360 2835 2477 2880 erat
2503 2825 2591 2895 qui
2619 2824 2783 2895 videri
2817 2839 2919 2895 non
2950 2833 3176 2895 poterat.
3207 2821 3274 2877 Ut
3299 2838 3424 2892 ergo
3453 2823 3800 2895 exhiberetur

2221 2895 2419 2949 homini
2445 2939 2459 2959 ,
2483 2893 2536 2950 et
2556 2895 2642 2960 qui
2665 2894 2730 2948 ab
2751 2893 2966 2947 homine
2986 2893 3253 2948 videretur
3273 2901 3326 2946 et
3347 2909 3502 2962 quem
3527 2893 3686 2946 homo
3705 2909 3800 2948 se-

2219 2977 2498 3035 queretur,
2548 2965 2686 3018 Deus
2731 2964 2899 3018 factus
2943 2973 3026 3019 est.
3065 2964 3242 3035 homo.
3278 2964 3510 3033 Denique
3539 2979 3657 3016 eum
3685 2966 3810 3031 jam

2221 3033 2359 3090 inter
2398 3036 2641 3090 homines
2677 3043 3011 3098 versaretur,
3056 3043 3110 3087 et
3154 3033 3320 3087 tribus
3343 3035 3597 3102 apostolis
3623 3035 3674 3088 in
3705 3051 3800 3088 se-

2218 3117 2374 3163 creto
2392 3107 2632 3160 adductis
2657 3106 2863 3160 medius
2889 3111 3106 3168 astarct,
3133 3106 3307 3158 subito
3335 3107 3414 3158 eis
3441 3106 3489 3158 in
3523 3105 3607 3158 illa
3635 3105 3800 3159 divini

2219 3179 2392 3231 cultus
2429 3178 2669 3232 claritate
2709 3176 3034 3244 resplenduit
3076 3192 3090 3227 :
3135 3175 3274 3245 quod
3298 3175 3522 3244 apostoli
3549 3175 3634 3244 qui
3663 3191 3803 3241 pra--

2222 3260 2402 3302 sentes
2428 3256 2610 3310 erant,
2642 3247 2724 3299 vix
2756 3247 2943 3300 intueri
2975 3262 3068 3315 pro
3091 3245 3305 3298 luuuani
3333 3246 3552 3300 allectus
3579 3246 3804 3300 inﬁrmi-

2222 3328 2328 3373 tate
2367 3327 2650 3387 potuerunt
2687 3316 2795 3384 (Id.
2841 3332 2982 3381 xvtt,
3026 3316 3158 3384 1-6).
3188 3315 3342 3387 Nasci
3374 3315 3675 3370 Immanitus
3703 3332 3814 3368 vo.

2221 3390 2349 3454 luit,
2370 3385 2437 3442 ut
2465 3404 2562 3442 nos
2592 3389 2642 3442 in
2669 3389 2781 3455 ipso
2803 3402 3143 3440 nasceremur
3165 3427 3181 3451 ,
3209 3396 3263 3440 et
3288 3385 3480 3442 futuris
3507 3387 3805 3442 cultoribus

2221 3460 2330 3514 suis
2371 3461 2571 3514 iteratae
2613 3459 2898 3513 nativitatis
2939 3465 3268 3512 sacramenta
3306 3459 3535 3511 sanciret
3571 3475 3585 3511 :
3621 3467 3677 3512 ut
3703 3474 3810 3510 nos

2220 3531 2307 3599 qui
2339 3547 2367 3584 a
2395 3531 2665 3583 uativitate
2690 3529 2774 3582 illa
2799 3527 3049 3582 coarctati
3081 3529 3392 3582 tenebamur
3419 3527 3804 3599 obnoxii.gSal_-

2219 3597 2418 3655 vatoris
2463 3602 2626 3654 nostri
2670 3599 2887 3668 vestigia
2930 3599 3198 3663 comitati,
3237 3597 3484 3652 secunda:
3515 3597 3811 3652 nativitatis

2222 3672 2470 3742 pnesidio
2495 3681 2642 3725 certo
2669 3671 2993 3742 potiremur;
3022 3669 3198 3742 quoin
3224 3669 3332 3742 Deo
3356 3679 3410 3724 et
3429 3684 3492 3724 ex
3521 3670 3629 3723 Deo
3650 3668 3810 3742 nati,

2221 3739 2658 3811 abrumpcremus
2701 3741 2907 3794 vincula
2953 3739 3138 3793 mortis
3177 3739 3438 3811 antiquae,
3463 3755 3584 3794 cum
3614 3739 3806 3808 pignus

2221 3813 2404 3867 salutis
2416 3810 2675 3880 ’Spiritmn
2698 3821 2936 3865 sanctum
2960 3825 3309 3864 sumeremus.
3339 3810 3478 3880 Ergo
3498 3826 3617 3864 eum
3641 3826 3806 3878 appa-

2221 3899 2340 3938 rere
2365 3883 2666 3937 homiuibus
2691 3883 2826 3935 Deus
2851 3881 3041 3945 vellet,
3067 3895 3264 3950 eosque.
3284 3897 3400 3950 quae
3423 3883 3566 3948 prius
3587 3881 3808 3933 manda-

2223 3963 2370 4009 verat
2395 3995 2409 4016 ,
2455 3955 2651 4008 docere
2688 3953 2845 4005 etiam
2883 3967 3116 4020 praesens
3149 3960 3396 4021 cuperet,
3436 3953 3541 4004 vim
3570 3951 3806 4021 divinam

2221 4036 2496 4094 assumpto
2525 4023 2738 4077 Imminc
2767 4023 3189 4094 letuperavit._ct
3215 4020 3393 4094 posuit
3419 4022 3664 4094 tenebras
3688 4020 3810 4073 lati-

2221 4091 2416 4150 bulnm'
2433 4111 2586 4149 suum
2615 4095 2664 4147 in
2693 4093 2916 4146 circuitu
2939 4107 3036 4144 suo
3071 4091 3240 4156 (Paul.
3274 4109 3416 4153 inut,
3451 4092 3570 4161 l2),
3595 4107 3716 4144 cum
3745 4107 3808 4144 se

2224 4167 2564 4220 tabernaculo
2592 4165 2768 4219 carnis
2793 4164 3010 4218 obtexit.
3046 4163 3157 4216 'l‘ali
3188 4178 3316 4231 ergo
3339 4173 3391 4218 et
3419 4171 3525 4215 tam
3554 4162 3805 4216 ineﬁ'ahili

2223 4246 2560 4291 sacramento
2583 4279 2597 4300 ,
2643 4233 2884 4289 Christus
2924 4233 3065 4288 Deus
3103 4245 3282 4288 noster
3309 4243 3362 4286 et
3393 4234 3552 4286 homo
3583 4234 3820 4286 habetur

2224 4316 2276 4361 et
2308 4309 2444 4361 Deus
2469 4326 2481 4368 ;
2513 4323 2604 4375 per
2627 4315 2846 4358 matrem
2872 4305 3059 4366 homo,
3083 4319 3176 4373 per
3197 4304 3404 4358 Patrem
3431 4304 3589 4375 Deus.
3613 4303 3811 4375 Sicque

2227 4378 2284 4431 lit
2315 4391 2367 4431 ιιι
2401 4372 2680 4446 utrumque
2707 4375 2833 4428 illud
2859 4375 2926 4428 sit
2951 4372 3135 4429 verum
3160 4375 3394 4446 qltudjtit
3413 4417 3427 4436 ,
3457 4372 3612 4428 Pater
3640 4374 3810 4441 major

2225 4465 2302 4519 me
2331 4459 2398 4501 est
2434 4443 2610 4519 (Joau.
2632 4462 2730 4519 _.\'_Iv
2749 4485 2760 4506 ,
2786 4445 2918 4519 28),;
2938 4454 3003 4519 et
3022 4487 3037 4509 ,
3073 4443 3187 4515 Ego
3209 4457 3255 4498 et
3284 4443 3440 4519 Pater
3463 4461 3613 4519 unum
3635 4461 3817 4499 stium:

2229 4518 2340 4589 (Id.
2386 4536 2414 4572 λ
2433 4516 2451 4584 ,⁷
2487 4519 2599 4583 50).
2630 4516 2768 4571 Nam
2789 4516 3064 4571 divinitate
3091 4525 3331 4586 :cquatur
3361 4517 3538 4583 Patri,
3567 4517 3812 4570 incarnac

2228 4591 2371 4643 tione
2395 4590 2636 4642 subditur
2659 4589 2818 4641 l’atri.

2299 4660 2520 4715 CAPUT
2569 4658 2652 4713 lli.
2695 4689 2765 4697 ——
2804 4659 2854 4711 5.
2904 4656 3040 4709 Deus
3077 4666 3121 4710 et
3159 4659 3306 4710 homo
3338 4657 3586 4725 quomodo
3613 4656 3814 4710 misceri

2230 4733 2411 4799 potuit.
2456 4730 2728 4801 Diﬂiciliorr
2767 4729 2951 4801 (minue
2988 4729 3307 4796 corporisque
3340 4729 3624 4801 permixtio.
3652 4727 3815 4801 Qua:-

2229 4798 2350 4855 rere
2391 4798 2564 4855 tamen
2610 4800 2821 4870 quidam
2859 4800 3075 4864 solent,
3113 4801 3377 4870 quomodo
3405 4800 3612 4852 miser-ri
3643 4798 3816 4870 potuit

2231 4872 2392 4926 homo
2431 4883 2484 4926 et
2530 4873 2683 4926 Deus.
2729 4872 2984 4936 Qua-runt
3024 4870 3281 4923 rationem
3331 4869 3487 4939 hujus
3529 4869 3812 4938 mystcrii,

2231 4942 2371 5012 quod
2403 4943 2565 4997 semel
2599 4941 2794 4995 factum
2824 4950 2907 4994 est
2938 4958 2952 4994 :
2979 4956 3100 4994 cum
3130 4941 3226 5009 ipsi
3251 4955 3579 5012 nequaquam
3607 4941 3818 5008 possint

2232 5010 2455 5068 reddere
2493 5014 2752 5067 rationem
2791 5012 2908 5079 ejus
2940 5027 3058 5080 qua:
3095 5013 3151 5064 tit
3178 5027 3419 5080 semper,
3454 5010 3505 5065 id
3535 5021 3646 5081 est,
3672 5026 3816 5081 quo-

2236 5084 2396 5138 modo
2417 5085 2589 5138 anima
2616 5084 2866 5136 miscetur
2889 5079 3122 5149 corpori,
3143 5092 3198 5135 ut
3223 5081 3381 5135 homo
3403 5082 3510 5137 liat.
3537 5079 3679 5150 Ergo
3695 5079 3817 5135 'sic-

2233 5165 2291 5208 ut
2312 5171 2567 5222 corporea
2617 5171 2702 5208 res
2730 5154 3148 5220 ineorporeaque
3172 5152 3538 5222 conjungitur,
3568 5165 3623 5205 ut
3653 5152 3820 5205 homo

2233 5225 2493 5278 elliciatur
2519 5245 2532 5278 :
2563 5226 2629 5278 ita
2659 5225 2822 5277 homo
2845 5222 3158 5289 conjunctus
3181 5233 3262 5277 cst
3291 5224 3434 5288 Deo,
3461 5233 3513 5277 el
3545 5223 3713 5277 factus
3734 5231 3821 5277 est

2235 5295 2477 5350 Christus
2503 5295 2596 5365 (τι).
2631 5295 2695 5348 Et
2723 5304 2896 5348 tamen
2929 5303 2984 5346 ut
3011 5295 3155 5347 lieret
3185 5294 3424 5348 Christus
3443 5336 3456 5356 ,
3487 5294 3594 5346 duo
3623 5295 3708 5347 ilia
3740 5295 3824 5346 io-

2234 5381 2522 5432 corporea,
2548 5365 2596 5417 id
2626 5375 2706 5418 est
2728 5406 2740 5425 ,
2768 5366 2941 5418 anima
2965 5375 3018 5418 ct
3039 5365 3179 5419 Deus
3201 5365 3403 5418 facilius
3423 5365 3670 5434 conjungi
3697 5381 3827 5432 per-

2239 5437 2558 5506 miscerique
2581 5445 2898 5504 potuerunt,
2925 5450 3082 5504 quam
3112 5437 3362 5492 miscetur
3383 5451 3483 5490 una
3509 5437 3823 5501 incorporea

2235 5508 2442 5577 aliaque
2478 5505 2735 5576 COI‘pttrca
2758 5548 2772 5569 ,
2815 5505 2864 5560 id
2909 5516 3020 5569 est,
3065 5507 3239 5560 anima
3269 5516 3324 5563 et
3352 5522 3577 5575 corpus,
3614 5517 3668 5560 ut
3697 5523 3825 5574 per-

2237 5593 2367 5632 sona
2413 5577 2642 5631 hominis
2682 5579 2894 5630 existat.
2937 5577 3090 5642 Quod
3130 5578 3172 5630 si
3209 5578 3349 5632 Deus
3373 5586 3584 5632 creator
3611 5578 3732 5632 (τωΙὶ
3765 5592 3832 5630 ac

2239 5658 2394 5704 terra:
2415 5691 2430 5715 ,
2459 5664 2581 5702 cum
2612 5649 2749 5702 Deus
2773 5657 2950 5713 esset,
2978 5648 3135 5700 homo
3165 5649 3330 5702 laetus
3357 5659 3438 5702 est
3464 5689 3479 5713 ,
3508 5659 3560 5702 ct
3583 5648 3830 5702 immitia.-

2235 5721 2312 5774 vit
2358 5721 2702 5789 semetipsum
2749 5731 2916 5788 usque
2961 5718 3026 5771 ad
3067 5730 3336 5782 mortem,
3379 5730 3606 5774 mortem
3648 5729 3834 5777 autem

2305 5851 2377 5914 (ιι)
2412 5851 2526 5902 vide
2547 5852 2673 5914 epist
2715 5849 2773 5900 ad
2802 5849 3131 5912 \‘olustanum,
3157 5853 3326 5914 l57,n..
3351 5853 3422 5903 tl.
