4080 6360
297 388 434 448 1861

287 517 470 572 enisis
494 513 758 586 (Philipp.
789 531 848 584 ιι,
866 515 1014 582 6-8),
1044 525 1244 586 quanto
1271 527 1449 574 autem
1473 517 1754 587 superbire
1777 534 1882 573 non

292 589 454 644 debet
481 597 619 642 terra
644 597 700 641 et
715 587 852 644 cinis
869 587 896 642 ‘t
924 587 1112 644 Videte
1131 629 1146 647 .
1171 587 1365 644 fratres
1381 629 1397 651 ,
1424 599 1679 658 quantum
1701 605 1760 645 se
1783 590 1884 645 hu-

289 659 519 730 miliavit
557 668 774 727 propter
805 660 1046 730 homines
1082 659 1240 714 Deus.
1275 658 1541 730 Quantum
1567 675 1626 715 se
1653 660 1885 730 dejicere

289 729 454 783 debet
477 745 664 784 servus
683 772 698 794 ,
731 729 943 795 quando
967 729 1035 784 ad
1063 740 1260 784 tantam
1284 729 1636 785 humilitatem
1657 729 1883 786 descen-

287 799 372 854 dit
394 808 451 854 ει
477 800 768 854 Dominus?
796 800 925 869 Quae
950 801 1251 868 humilitas,
1275 800 1596 867 charissimi,
1615 803 1659 856 si
1688 802 1886 871 plenis-

288 871 434 925 sime
467 871 537 924 ab
576 871 880 942 hominibus
921 871 1252 942 possidetur,
1291 873 1451 927 etiam
1475 873 1542 928 ad
1567 875 1880 929 charitatem

290 957 468 1012 usque
499 941 756 1009 proﬁciet.
787 941 930 996 Nam
947 943 1071 998 dum
1093 943 1228 998 alter
1251 944 1474 1012 alterum
1500 944 1768 999 existimat
1787 959 1880 999 su-

365 1011 583 1084 riorem,
606 1012 822 1084 dilectio
841 1012 967 1068 facit
982 1014 1360 1084 :equalitatem.
1383 1011 1540 1071 Unde
1563 1029 1664 1068 non
1685 1031 1744 1070 se
1767 1016 1882 1084 ipse

333 1097 460 1137 omo
496 1083 786 1156 despiciat,
821 1092 1036 1155 propter
1052 1083 1220 1156 quem
1250 1085 1434 1156 utique
1459 1085 1559 1141 ista
1587 1085 1769 1143 subi-re
1792 1083 1879 1142 di-

289 1163 488 1225 gnatus
515 1163 600 1209 est
625 1155 786 1225 Deus.
971 1165 978 1225 ς

365 1223 594 1300 CAPUT
622 1224 711 1300 ιε.
739 1254 809 1267 -—-
830 1227 884 1280 4.
930 1224 1164 1300 Hominis
1190 1226 1408 1300 dignitas
1434 1243 1499 1282 ea:
1522 1227 1617 1282 Dei
1637 1229 1692 1300 in
1714 1229 1880 1300 ipsum

293 1294 613 1369 dignatione.
653 1296 854 1369 Et‘ego
890 1296 1104 1369 quidem
1123 1337 1141 1364 ,
1186 1294 1407 1369 fratres,
1435 1313 1533 1368 pro
1560 1294 1750 1369 quibus
1777 1301 1879 1355 im-

289 1365 458 1438 pendi
487 1375 543 1421 et
571 1365 966 1438 superimpendi
991 1368 1147 1438 cupio
1167 1409 1182 1430 ,
1212 1368 1335 1423 licet
1362 1365 1592 1438 magnos
1610 1383 1706 1424 vos
1733 1385 1880 1425 sem-

290 1450 393 1511 per
417 1436 472 1490 in
497 1437 818 1511 conscientia
845 1453 963 1492 mea
993 1437 1210 1511 fecerim
1234 1455 1249 1502 ;
1280 1436 1716 1511 tamen—majores
1743 1457 1880 1511 quo-

289 1506 420 1561 dam
466 1507 628 1562 modo
670 1523 766 1562 vos
810 1523 901 1563 res
943 1508 1077 1564 mihi
1119 1510 1219 1564 ista
1260 1509 1457 1576 efﬁcit,
1499 1506 1620 1564 cuin
1658 1506 1880 1568 intendo

288 1585 495 1646 quanta
522 1579 829 1651 -_sit_Domini
860 1579 963 1651 mei
992 1595 1088 1648 pro
1115 1579 1329 1636 homine
1357 1580 1613 1651 dignatio.
1641 1580 1750 1637 Vos
1775 1584 1880 1638 uti-

288 1662 401 1714 que
440 1647 569 1703 estis
597 1649 884 1704 Dominica:
909 1647 1284 1705 incarnationis
1304 1694 1318 1716 ,
1348 1647 1443 1705 vos
1469 1652 1725 1708 Dominici
1752 1667 1879 1708 san-

329 1718 474 1794 uinis
511 1720 774 1787 pretium,
817 1722 1198 1794 vosAmembra
1240 1719 1491 1794 Christi,
1526 1721 1678 1778 vobis
1721 1731 1881 1794 caput

329 1733 474 1773 mnis
511 1733 774 1787 pretium,
817 1735 917 1775 vos
959 1733 1198 1776 membra
1240 1733 1480 1784 Christi,
1526 1733 1678 1778 voms
1721 1733 1877 1794 caput

288 1733 543 1863 Christus
581 1797 668 1863 est
693 1808 708 1846 :
735 1805 832 1859 pro
861 1790 1013 1846 vobis
1038 1792 1183 1847 nasci
1205 1832 1222 1858 ,
1251 1808 1348 1862 pro
1375 1793 1526 1863 vobis
1555 1795 1662 1863 pati
1689 1803 1877 1850 cuncta

291 1874 402 1913 non
442 1858 647 1934 distulit
671 1858 1170 1934 ;_erucetnrquoque
1208 1858 1376 1933 ipsam
1402 1864 1467 1918 ad
1496 1858 1600 1918 hoc
1626 1866 1876 1934 pertulit,

288 1939 352 2006 ut
393 1944 492 2006 vos
542 1931 640 2006 sibi
687 1932 743 1986 in
781 1931 1036 1986 familiam
1083 1931 1506 2006 coaptarettVos
1538 1931 1877 2006 appellamini

286 1998 494 2073 Christi
555 2001 747 2073 fratres
774 2043 790 2066 ,
840 2017 937 2058 vos
983 1998 1322 2073 appella'mini
1367 1998 1874 2061 Christi'hmredes.

287 2068 555 2146 Proinde,
580 2071 912 2128 dilectissimi
935 2113 951 2134 ,
982 2068 1345 2146 unusquisque
1369 2074 1586 2145 dignum
1616 2091 1676 2131 se
1706 2079 1876 2146 ipsum

288 2139 522 2217 habeat,
565 2157 747 2198 coram
789 2160 895 2214 quo
935 2139 1157 2217 peccare
1183 2139 1289 2200 non
1317 2139 1544 2212 debeat;
1573 2139 1792 2217 dignum
1817 2164 1879 2204 se

288 2211 599 2287 existimet,
629 2211 946 2287 coramque
969 2216 1014 2270 si
1039 2215 1288 2287 delictum
1317 2211 1658 2287 cogitaverit:
1689 2218 1879 2275 erube-

287 2292 429 2335 seat.
451 2279 629 2362 Pretio
648 2286 784 2362 enim
810 2279 993 2356 magno
1017 2286 1316 2362 empti__estis
1339 2303 1357 2342 :
1379 2279 1729 2362 gloriﬁcatcet
1755 2306 1878 2362 por-

287 2361 416 2432 tate
441 2351 600 2407 Deum
641 2355 694 2408 in
733 2351 942 2432 corpore
976 2351 1141 2432 vestro
1168 2357 1208 2427 (l
1230 2355 1358 2432 _C_or.
1379 2351 1480 2422 'v1,
1508 2351 1627 2432 20).
1661 2351 1767 2432 Hic'
1780 2377 1878 2432 pro

286 2421 448 2500 vobis
465 2433 623 2479 natus
645 2435 728 2500 est
743 2421 882 2500 [hic
900 2443 996 2500 pro
1023 2421 1183 2500 vobis
1194 2428 1404 2483 oblatus
1422 2421 1504 2484 εει
1526 2446 1543 2495 ;
1570 2421 1656 2486 hic
1678 2421 1835 2487 etiam
1856 2474 1873 2500 ,

285 2493 334 2547 si
361 2493 525 2571 digne
540 2497 708 2571 agatis
727 2538 740 2559 ,
765 2493 970 2571 habitat
987 2498 1238 2571 iu__vobis.
1268 2501 1501 2568 Agamus
1524 2493 1680 2571 ergo,
1709 2493 1878 2558 medi;

285 2571 467 2642 tantes
513 2565 565 2619 in
583 2565 588 2566 “
609 2567 723 2636 lege
765 2567 973 2642 Domini
1012 2568 1098 2623 die
1125 2584 1189 2624 ac
1217 2565 1374 2625 nocie
1396 2612 1411 2634 ,
1441 2579 1497 2625 ut
1521 2565 1878 2642 comprehen-

285 2633 420 2715 dere
464 2649 620 2697 eum,
664 2633 732 2715 ut
767 2639 948 2715 videre
987 2633 1622 2715 mereamur._Aga_mus_,
1647 2633 1722 2697 ἰιι
1753 2646 1872 2715 quia

283 2703 537 2782 dignatus
579 2716 660 2762 est
699 2707 1045 2782 descendere,
1068 2722 1285 2782 propter
1326 2703 1571 2768 homines
1593 2703 1736 2770 Deus
1759 2703 1783 2782 ,’
1806 2715 1874 2770 ad

284 2773 454 2830 Deum
481 2776 644 2833 homo
669 2779 831 2848 possit
855 2773 1164 2836 ascendere.

696 2890 926 2949 SERMO
962 2894 1276 2951 CCCLXXII
1304 2899 1324 2920 ¹
1361 2896 1460 2969 (α).

705 3012 776 3056 De
799 3009 1050 3059 Nativitate
1072 3010 1276 3072 Domini.
1295 3026 1344 3063 iv
1365 3011 1459 3076 (ὁ).

354 3103 587 3162 CAPUT
636 3106 919 3166 PRIMUM.
949 3142 1021 3151 —
1043 3112 1092 3166 l.
1148 3111 1401 3168 Nativitas
1444 3111 1632 3170 Christi
1659 3115 1869 3186 duplex.

278 3195 439 3252 Novit
472 3198 604 3254 fides
629 3213 829 3265 vestra,
875 3202 1195 3268 charissimi,
1229 3221 1347 3275 qua:
1389 3207 1526 3261 hanc
1563 3208 1868 3263 universam

280 3290 681 3345 multitudinem
705 3295 1064 3364 congregavit.
1097 3295 1216 3364 quia
1245 3309 1398 3350 natus
1425 3307 1509 3353 est
1537 3299 1688 3353 nobis
1711 3299 1869 3355 hodie

277 3380 548 3436 Salvator.
589 3382 754 3439 Natus
794 3396 876 3439 est
913 3386 980 3441 dc
1029 3387 1186 3442 Patre
1214 3403 1444 3456 Semper,
1478 3389 1546 3445 de
1586 3402 1757 3446 matre
1781 3407 1870 3446 se-

276 3473 385 3526 mel
421 3473 491 3542 (c)
515 3490 529 3526 :
558 3474 624 3529 de
650 3475 806 3530 Patre
831 3477 945 3532 sine
971 3493 1120 3543 sexu,
1145 3479 1212 3534 de
1237 3491 1406 3534 matre
1431 3481 1548 3536 sine
1570 3495 1685 3536 usu.
1713 3482 1866 3552 Apud

276 3561 494 3618 Patrem
507 3565 878 3636 quippedefuit
893 3569 1238 3639 concipientis
1258 3579 1438 3625 uterus
1458 3590 1470 3626 :
1489 3573 1626 3641 apud
1647 3584 1868 3629 matrem

275 3652 448 3707 defuit
475 3657 788 3711 seminantis
815 3660 1109 3728 amplexus.
1142 3660 1316 3715 Prima
1344 3663 1591 3718 nativitas
1621 3679 1686 3720 cx
1712 3665 1868 3722 Patre

277 3760 525 3804 naturam
542 3753 818 3806 servavit:
847 3753 1078 3808 secunda
1133 3755 1378 3810 nativilas
1425 3771 1491 3812 ex
1541 3765 1708 3813 matre
1754 3774 1870 3830 gra-

274 3838 406 3891 tiam
451 3841 756 3894 seminavit.
792 3841 880 3896 llla
923 3845 1088 3898 tepuit
1129 3844 1456 3916 majestatem
1500 3847 1696 3902 divina:
1741 3850 1868 3904 sub-

271 3928 518 3995 stantias;
544 3931 643 3986 ista
659 3935 894 4002 suscepit
908 3931 1215 3990 societatem
1240 3938 1573 3992 mortalitatis
1597 3938 1861 3995 humanm.

271 4015 331 4071 In
364 4019 462 4073 hac
489 4031 669 4076 autem
700 4021 822 4077 ideo
846 4024 1029 4080 venire
1054 4025 1299 4095 dignatus
1325 4037 1426 4091 cst,
1472 4038 1528 4083 ut
1557 4030 1706 4085 ﬁeret
1730 4031 1863 4086 obe-

269 4108 428 4164 diens
459 4129 636 4182 usque
683 4113 750 4168 ad
803 4125 1026 4171 mortem
1080 4116 1339 4188 (Philipp.
1383 4135 1443 4182 ιι,
1489 4119 1702 4191 6-8),et
1744 4138 1861 4176 mo-

217 4185 228 4194 ”
267 4200 462 4254 riendo
511 4204 747 4260 vinceret
799 4216 1045 4263 mortem.
1090 4185 1327 4278 Utraque
1377 4211 1622 4266 nativitas
1675 4212 1862 4267 ineﬂ‘a-

265 4291 435 4356 bilis,
505 4304 727 4364 utraque
785 4297 1060 4352 mirabilis.
1115 4298 1265 4366 Quod
1319 4300 1462 4355 enim
1525 4315 1620 4356 cor
1667 4301 1857 4356 huma-

266 4398 397 4436 num
441 4387 922 4453 comprehendere,
955 4403 1143 4456 quaeve
1174 4389 1350 4459 lingua
1375 4391 1548 4446 valeat
1567 4393 1856 4462 eitplicare,

263 4475 541 4543 quomodo
567 4487 720 4533 natus
744 4479 815 4533 sit
842 4480 1086 4536 Christus
1113 4496 1326 4551 semper
1349 4499 1415 4540 ex
1442 4485 1571 4548 Deo,
1612 4496 1702 4540 aut
1722 4503 1855 4557 quo-

263 4566 429 4620 modo
451 4584 623 4637 nuper
643 4586 710 4625 ex
739 4573 926 4626 utero?
952 4573 1083 4640 Quis
1105 4573 1362 4643 intelligat
1377 4587 1698 4631 eoa-ternum
1718 4578 1852 4633 Filio

263 4656 505 4725 Patrem,
534 4661 652 4730 quis
680 4663 957 4732 eloquatur
982 4665 1238 4733 virginem
1271 4667 1527 4721 matrem?
1557 4669 1706 4724 illum
1732 4672 1851 4727 sine

257 4749 438 4817 initio,
469 4751 588 4807 sine
610 4751 714 4808 fine
742 4755 1078 4826 gignentem;
1103 4757 1255 4811 istam
1283 4758 1398 4814 sine
1426 4759 1644 4816 libidine
1673 4765 1856 4818 conci-

321 4907 345 4978 ξ
378 4907 680 4978 tlicquoquc
705 4911 753 4978 in
779 4912 1306 4978 nostrismanusa-iptis
1322 4915 1647 4967 desideratur.

321 4966 398 5030 (ᾳ)
425 4966 566 5030 Alias,
586 4966 651 5020 de
673 4973 885 5023 Diversis
905 4974 984 5022 54.

319 5028 520 5107 tantine
540 5028 701 5105 omnia
727 5034 806 5084 hic
838 5037 1030 5107 sapiunt
1051 5039 1383 5107 Augustinum.
1410 5040 1608 5107 [studia
1629 5044 1849 5107 exordio,

259 5107 286 5135 ι
308 5097 379 5162 De
405 5099 543 5142 Patre
559 5096 668 5162 sine
690 5108 834 5162 sexu,
851 5096 915 5146 de
932 5106 1089 5148 matre
1111 5096 1218 5149 sine
1242 5114 1352 5162 usu,
1376 5118 1398 5146 ιι
1429 5102 1553 5153 haud
1574 5105 1692 5154 satis
1707 5096 1850 5157 aecul

251 5159 364 5226 rate
383 5157 742 5226 pronuntiatum
758 5159 967 5208 videtur.
992 5167 1046 5210 Et
1063 5162 1192 5222 prior
1233 5157 1348 5223 pars
1388 5164 1607 5226 ejusdem
1641 5176 1848 5217 senten-

252 5219 356 5273 tiae,
388 5223 578 5286 enatus
601 5226 676 5268 est
697 5219 763 5268 de
800 5227 940 5270 Patre
952 5219 1187 5286 semper,
1204 5219 1369 5286 r'etc.,
1397 5219 1605 5276 liabetur
1634 5231 1780 5278 etiam
1797 5233 1847 5280 in

248 5277 498 5349 superiori
518 5292 768 5349 sermone.
802 5290 925 5349 Ante
943 5277 1094 5349 tinenj
1105 5277 1278 5334 citatur
1302 5277 1508 5349 hymnus
1529 5277 1761 5342 Ambrosii
1771 5277 1848 5344 de

247 5337 427 5387 Christi
448 5339 631 5398 Natali,
649 5342 732 5404 qui
758 5343 901 5404 paulo
923 5352 1038 5395 ante
1061 5345 1219 5396 fuerat
1234 5337 1469 5399 cantatus.
1495 5337 1620 5399 Num,
1636 5337 1761 5402 forte
1777 5337 1846 5403 ri:

249 5404 333 5446 tus
353 5403 577 5486 captandi
603 5405 651 5486 in
673 5403 882 5486 caelesia
912 5407 1114 5486 hymnos
1136 5410 1470 5486 Anmbrosianos
1507 5425 1596 5486 per
1618 5417 1845 5486 Augusti-

245 5472 380 5537 ἮῘΨ-
404 5459 566 5513 ment
603 5465 652 5513 in
686 5466 896 5537 ἔἮσθῐη,
922 5459 1144 5537 invectus
1159 5471 1334 5537 ?__Dicit
1370 5473 1476 5534 ipse
1510 5459 1839 5537 ἷςῖεέίῖἆξξεξ,

246 5526 446 5599 (Liscum-
466 5537 647 5599 annum
803 5531 982 5599 scrith
1001 5567 1016 5590 ,
1039 5531 1300 5599 (‘atbolicos
1330 5526 1640 5599 a_t')onatistis'
1673 5526 1842 5599 repre;

244 5581 398 5653 bendi
419 5646 432 5653 _
445 5604 468 5632 ι
488 5587 619 5648 quod
653 5589 818 5638 sobrie
838 5652 844 5653 ί
864 5581 1068 5653 psallam
1106 5594 1158 5642 in
1201 5581 1407 5644 ecclesia
1424 5581 1436 5644 Ῐ
1451 5581 1632 5645 divina
1657 5581 1844 5650 cantica

250 5661 278 5688 ι
295 5646 643 5714 Prophetarum
659 5681 675 5707 ,
698 5663 810 5714 cum
832 5646 923 5713 ipsi
945 5668 967 5697 ι
997 5656 1081 5714 ait,
1117 5672 1139 5699 «
1164 5657 1435 5708 ebrietates
1471 5671 1585 5708 suas
1606 5646 1841 5712 adeunti:

248 5722 275 5750 ι
296 5708 725 5781 cumpsalmomm
745 5708 956 5763 bum'ano
989 5708 1187 5779 ingenio
1224 5720 1596 5780 compositorum
1616 5708 1840 5781 {in—llam-

245 5783 268 5813 ι
296 5777 430 5819 mem
477 5785 500 5811 ι

303 5831 376 5893 (ι’)
412 5840 518 5880 lber
543 5833 719 5884 ealcm
745 5837 878 5886 initio
900 5841 1142 5889 sermonis
1158 5843 1438 5904 superioris.

1241 5951 1299 5958 -κ

1657 385 1889 454 ΞΕῙὶΙῘΟ
1925 395 2266 459 CCCLXXII.
2331 453 2340 464 .
2359 421 2364 426 '

3444 424 3590 480 1662

1993 517 2246 588 pientem,
2273 521 2392 578 sine
2418 527 2758 597 corruptione
2783 529 3110 600 parientem?
3130 530 3365 619 Utraque
3391 538 3584 593 nativi-

1993 619 2074 664 tas
2099 613 2230 666 mira
2259 622 2362 680 est,
2404 616 2527 685 quia
2569 617 2750 677 divina
2790 631 2892 678 est.
2937 622 3064 681 Sive
3106 639 3236 696 ergo
3265 613 3431 694 illam,
3463 631 3581 688 sive

1990 703 2144 758 istam
2171 720 2325 762 mens
2348 705 2579 764 humana
2605 713 2930 779 consideret,
2969 717 3270 774 rectissime
3296 718 3445 787 dicit,
3478 720 3580 778 Gs-

1987 797 2296 852 nerationem
2336 799 2446 871 ejus
2487 801 2600 870 quis
2637 806 2891 860 enarrabit
2933 804 3086 876 (Isai.
3116 825 3227 877 ιιιι,
3257 808 3352 884 8)?
3380 809 3448 866 Et
3478 828 3578 868 nos

1986 885 2112 956 quid
2140 885 2417 956 faciemus,
2441 889 2666 946 fratres?
2685 893 2945 962 Quoniam
2972 897 3130 968 digne
3154 901 3329 972 eloqui
3349 919 3456 958 non
3484 919 3576 958 va-

1986 977 2181 1045 lemus,
2212 986 2389 1035 tacere
2417 979 2712 1038 debemus?
2737 986 2890 1040 Absit
2907 1003 2936 1040 a
2963 988 3140 1056 nobis,
3161 990 3300 1046 absit
3319 1001 3376 1046 ut
3402 1002 3575 1049 taceat

1985 1069 2163 1140 lingua
2205 1073 2367 1140 servi,
2417 1075 2632 1144 quando
2677 1076 2878 1133 Natalis
2921 1088 3006 1135 est
3051 1081 3279 1139 Domini.
3328 1085 3574 1143 Dicamus

1984 1175 2112 1231 ergo
2131 1163 2273 1232 quod
2303 1178 2605 1233 possumus,
2632 1167 2774 1237 quod
2801 1168 3045 1240 legimus.

2053 1253 2108 1308 2.
2155 1254 2236 1308 Ad
2286 1255 2475 1311 Christi
2529 1261 2732 1330 nuptias
2776 1259 2949 1318 Iudici
2990 1273 3039 1318 et
3087 1264 3311 1322 Gentiles
3352 1270 3568 1324 invitati.

1984 1344 2148 1400 Carne
2189 1355 2236 1400 et
2280 1351 2529 1420 sanguine
2573 1351 2762 1407 Christi
2814 1357 3088 1424 poscimur.
3135 1358 3362 1414 Christus
3407 1378 3569 1432 spon-

1983 1451 2068 1489 sus
2091 1446 2140 1490 et
2178 1437 2341 1507 gigas,
2373 1441 2585 1509 pulcher
2607 1452 2655 1497 et
2683 1445 2846 1514 fortis.
2879 1447 3075 1502 Beatus
3119 1449 3283 1504 David
3321 1450 3390 1506 de
3411 1451 3571 1507 Chri-

1982 1534 2066 1581 sto
2095 1527 2333 1596 loquens,
2358 1531 2487 1588 dicit
2515 1533 2565 1587 in
2608 1534 2857 1603 Psalmis,
2900 1536 2965 1592 In
3000 1539 3107 1594 sole
3143 1542 3308 1610 posuit
3338 1541 3571 1598 taberna-

1981 1617 2150 1672 culum
2194 1637 2342 1676 suum
2359 1664 2375 1690 ,
2415 1633 2463 1679 et
2506 1625 2616 1694 ipse
2658 1635 2896 1698 tanquam
2931 1646 3151 1700 sponsus
3189 1633 3463 1703 procedens
3503 1634 3569 1689 de
3601 1643 3607 1649 '

1984 1711 2210 1767 thalamo
2237 1730 2364 1783 suo,
2389 1717 2658 1774 exsultavit
2679 1730 2736 1774 ut
2771 1722 2914 1793 gigas
2951 1721 3124 1794 (Psal.
3152 1740 3300 1792 xvnl,
3329 1727 3407 1798 6).
3435 1727 3571 1789 Pro.-

1982 1803 2146 1857 cessit
2162 1805 2304 1860 enim
2322 1806 2486 1864 hodie
2501 1809 2569 1864 de
2589 1826 2744 1868 sacro
2771 1813 3023 1880 thalamo,
3047 1815 3151 1872 hoc
3163 1830 3264 1882 est,
3288 1819 3566 1876 beatorum

1982 1892 2340 1962 virgineorum
2370 1897 2638 1956 viscerum
2676 1902 2862 1960 abdito
2890 1905 3305 1978 incorruptoque
3331 1920 3564 1966 secreto.

1981 1981 2249 2041 Processit
2276 1985 2400 2044 inde
2421 1989 2644 2061 virginis
2671 1992 2831 2062 illius,
2876 1995 3097 2066 virginis
3135 2013 3396 2068 sponsus:
3425 2000 3565 2056 ﬁlius

1981 2073 2227 2132 videlicet
2253 2077 2452 2146 Marias,
2505 2096 2738 2152 sponsus
2787 2086 3060 2142 Ecclesiae.
3103 2088 3377 2146 Universos
3417 2093 3566 2148 enim

1987 2168 2241 2225 Ecclesia
2257 2170 2574 2242 loquebatur
2593 2177 2896 2246 Apostolus,
2911 2180 3124 2248 quando
3139 2181 3350 2238 dicebat
3367 2201 3380 2236 :
3401 2183 3566 2252 Apta-

1980 2261 2028 2315 υἱ
2056 2277 2143 2316 vos
2169 2263 2258 2316 uni
2281 2265 2389 2320 viro
2417 2267 2658 2339 virginem
2675 2281 2866 2325 castam
2882 2272 3112 2328 exhibere
3125 2271 3323 2330 Christo
3349 2275 3419 2345 (ll
3435 2273 3564 2332 Cor.

1981 2369 2056 2419 xu,
2086 2355 2167 2426 ε).

2049 2447 2277 2505 CAPUT
2317 2449 2381 2504 ΙΙ.
2405 2480 2476 2493 -
2503 2452 2584 2508 Ad
2621 2453 2720 2509 has
2745 2454 2879 2511 tales
2920 2456 3132 2526 nuptias
3156 2456 3376 2523 Christi,
3407 2458 3566 2516 Pater

1979 2539 2159 2607 sponsi
2187 2540 2414 2608 primum
2443 2543 2683 2600 invitavit
2699 2547 2952 2616 pepulum
2971 2547 3293 2604 Judasorum.
3315 2549 3417 2606 Sed
3435 2550 3563 2620 quid

1979 2630 2052 2681 ait
2079 2630 2457 2701 Evangelium?
2488 2633 2589 2700 Qui
2615 2635 2816 2690 invitati
2842 2647 3005 2704 erant,
3047 2655 3150 2694 non
3187 2639 3392 2708 fuerunt
3419 2641 3564 2712 digni

1984 2719 2191 2787 (Matth.
2215 2738 2346 2787 χχιι,
2367 2724 2447 2795 8).
2479 2724 2696 2781 Invitata
2718 2738 2802 2783 est
2831 2737 3015 2799 postea
3032 2716 3562 2791 universarum'Gen-

1980 2813 2110 2867 tium
2140 2814 2441 2881 multitudo,
2461 2817 2572 2886 ipsa
2600 2819 2835 2889 implevit
2860 2821 3175 2888 Ecclesiam,
3207 2823 3320 2893 ipsa
3350 2827 3560 2894 accepit

1977 2904 2044 2959 de
2085 2921 2270 2962 mensa
2319 2907 2583 2964 dominica
2615 2926 2722 2966 non
2751 2912 2887 2969 viles
2915 2913 3121 2983 epulas,
3161 2923 3256 2970 aut
3301 2916 3562 2986 ignobiles

1979 3004 2154 3064 potus,
2187 2996 2280 3052 sed
2313 2999 2477 3068 ipsius
2504 3003 2755 3068 pastoris,
2797 3003 2962 3073 ipsius
3007 3005 3170 3060 occisi
3209 3005 3404 3062 Christi
3434 3023 3559 3062 car-

1977 3101 2100 3141 nem
2129 3087 2422 3156 prmlihavit
2451 3098 2507 3144 et
2529 3092 2862 3157 sanguinem.
2885 3092 3104 3150 Occisus
3132 3105 3216 3150 est
3239 3095 3306 3151 ad
3345 3098 3560 3166 nuptias

1976 3194 2100 3235 suas
2131 3180 2242 3249 ipse
2269 3181 2526 3237 innocens
2561 3199 2753 3254 agnus,
2784 3187 2995 3241 occisus
3025 3195 3109 3241 est
3133 3187 3199 3243 ad
3229 3188 3472 3258 nuptias;
3504 3200 3562 3244 et

1974 3286 2336 3342 quoscumque
2381 3275 2638 3342 invitavit,
2681 3277 2752 3333 de
2795 3293 2957 3334 carne
2997 3293 3092 3333 sua
3135 3281 3296 3350 pavit.
3338 3281 3561 3335 Occisus

1975 3365 2158 3432 epulas
2180 3367 2498 3436 pra'paravit
2516 3387 2529 3422 :
2549 3384 2836 3441 resurgens
2857 3373 3067 3441 nuptias
3087 3373 3393 3428 celebravit.
3415 3375 3561 3430 Occi-

1974 3468 2065 3509 sus
2095 3458 2444 3514 voluntariam
2473 3462 2682 3530 pertulit
2706 3463 3040 3531 passionem:
3070 3479 3352 3535 resurgens
3373 3465 3560 3537 dispo-

1973 3550 2125 3603 sitam
2147 3551 2298 3607 duxit
2321 3569 2563 3609 uxorem.
2596 3553 2652 3609 In
2684 3564 2835 3611 utero
2873 3557 3092 3626 virginis
3124 3557 3407 3612 humanam
3435 3573 3556 3613 car-

1973 3659 2094 3699 nem
2126 3645 2269 3700 velut
2308 3649 2521 3701 arrham
2561 3649 2798 3718 accepit:
2825 3650 2877 3704 iu
2921 3665 3083 3707 cruce
3111 3652 3552 3722 pretiosissimam

1971 3735 2150 3792 dotem
2180 3755 2334 3794 suum
2360 3740 2671 3810 sanguinem
2701 3741 2871 3797 fudit:
2904 3743 2954 3797 in
2980 3745 3372 3801 resurrectione
3393 3754 3556 3816 atque

1969 3829 2282 3884 ascensione
2309 3845 2402 3885 sua
2429 3833 2613 3886 aeterni
2642 3834 2963 3888 matrimonii
3012 3833 3212 3893 ftedera
3257 3837 3551 3894 roboravit.

1969 3918 2207 3975 Ascendit
2227 3922 2360 3976 enim
2379 3922 2432 3977 in
2453 3923 2632 3988 altum,
2651 3926 2900 3990 captivam
2920 3925 3067 3982 duxit
3095 3929 3450 3996 captivitatem,
3467 3931 3558 3984 de-

1969 4010 2041 4062 dit
2069 4011 2203 4065 dona
2230 4013 2517 4069 hominibus
2543 4014 2719 4087 (Psal.
2745 4033 2908 4080 vau,
2952 4019 3060 4088 l9).
3093 4019 3222 4087 Quae
3244 4020 3556 4090 doua?Spi-

1967 4101 2124 4155 ritum
2154 4113 2417 4168 sanctum,
2457 4121 2552 4174 per
2585 4122 2744 4175 quem
2769 4107 2960 4162 diffusa
3001 4109 3247 4165 humanis
3277 4113 3548 4168 mentibus

1966 4192 2244 4259 charitate,
2296 4194 2732 4273 inseparabiliter.
2759 4195 2976 4253 Christo
3016 4207 3261 4268 tanquam
3308 4202 3424 4255 viro
3451 4216 3551 4257 suo

1965 4281 2189 4337 adluesit
2217 4283 2473 4340 Ecclesia.
2493 4286 2764 4342 Processit
2787 4303 2917 4359 ergo
2940 4288 3098 4344 hodie
3114 4299 3363 4360 tanquam
3386 4306 3550 4361 spon-

1964 4388 2055 4428 sus
2081 4373 2147 4430 de
2175 4391 2326 4430 sacro
2367 4376 2602 4432 thalamo
2640 4393 2758 4444 suo,
2788 4388 2844 4436 ct
2881 4381 3021 4435 sicut
3048 4383 3357 4452 exsequitur
3395 4383 3547 4439 Psal-

1964 4482 2100 4530 tnus,
2126 4466 2406 4522 Exsultavit
2433 4479 2486 4523 ut
2514 4471 2657 4541 gigas
2678 4470 2746 4524 ad
2773 4472 3072 4526 currendum
3100 4472 3250 4527 viam.
3285 4474 3550 4532 Processit

1961 4566 2020 4611 ut
2047 4573 2294 4627 Sponsus,
2319 4561 2604 4616 exsultavit
2627 4573 2685 4616 ut
2703 4563 2868 4632 gigas.
2893 4563 3121 4619 Pulcher
3145 4573 3199 4619 et
3225 4563 3406 4619 fortis:
3431 4567 3550 4635 pul-

1959 4649 2108 4716 cher,
2133 4659 2188 4704 ut
2214 4665 2471 4720 sponsus;
2501 4651 2673 4718 fortis,
2697 4661 2753 4707 ut
2771 4650 2934 4724 gigas.
2960 4654 3207 4721 Pulcher,
3227 4666 3284 4709 ut
3301 4666 3544 4723 ametur;

1959 4739 2134 4806 fortis,
2188 4751 2244 4796 ut
2291 4742 2573 4798 timeatur:
2603 4743 2840 4813 pulcher,
2890 4754 2946 4798 ut
2989 4745 3252 4814 placeret;
3284 4745 3458 4813 fortis,
3491 4761 3548 4803 ut

1958 4835 2211 4889 vinceret.
2252 4834 2351 4890 Ubi
2400 4835 2669 4891 invenitur
2716 4835 2767 4890 in
2815 4834 3106 4905 Scripturis
3154 4839 3319 4894 sacris
3361 4842 3543 4908 Sponsi

1958 4925 2106 4980 istius
2125 4925 2498 4996 pulchritudo?
2515 4927 2786 4998 Speciosus
2804 4927 2970 4996 forma
2991 4945 3099 4999 pra:
3112 4929 3236 5000 [iliis
3252 4932 3512 4984 hominum
3528 4947 3547 4984 :

1955 5014 2144 5082 di/fusa
2173 5028 2244 5070 est
2263 5017 2427 5088 gratia
2454 5018 2506 5070 in
2535 5017 2680 5071 labiis
2710 5017 2806 5070 tuis
2838 5015 3010 5089 (Psal.
3043 5036 3190 5086 xuv,
3219 5020 3297 5093 5).
3330 5020 3429 5077 Ubi
3459 5023 3543 5077 in-

1954 5107 2165 5160 venitur
2208 5107 2433 5177 gigantis
2478 5106 2767 5162 fortitudo?
2794 5107 3044 5164 Dominus
3071 5114 3219 5183 fortis
3255 5122 3300 5165 et
3339 5124 3537 5185 potens,

1955 5197 2202 5252 Dominus
2227 5209 2403 5269 potens
2430 5199 2482 5251 in
2518 5199 2693 5268 prwlio
2721 5199 2896 5270 (Psal.
2945 5218 3101 5267 χχιιι,
3129 5203 3207 5275 8).
3240 5203 3540 5276 Utrumque

1950 5300 2149 5355 autem,
2178 5287 2230 5344 id
2257 5300 2358 5355 est,
2390 5297 2444 5344 et
2476 5289 2921 5360 pulchritudinem
2939 5305 2991 5348 et
3009 5293 3368 5350 fortitudinem
3393 5296 3443 5350 in
3470 5312 3538 5351 eo

1950 5379 2158 5435 viderat
2179 5389 2234 5435 et
2267 5380 2604 5437 intellexerat
2652 5381 2836 5450 Isaias,
2880 5399 3002 5439 cum
3043 5384 3286 5443 dicebat:
3313 5387 3436 5452 Quis
3459 5395 3538 5441 est

1949 5473 2042 5527 iste
2062 5473 2149 5540 qui
2173 5472 2375 5526 advenit
2402 5490 2465 5528 ea.
2491 5473 2694 5528 Etiam?
2721 5476 2876 5529 rubor
2899 5477 3303 5531 vestimentorum
3343 5478 3453 5546 ejus
3473 5493 3536 5533 es

1949 5561 2130 5629 Bosar,
2161 5565 2232 5617 sic
2260 5565 2515 5633 speciosus
2554 5566 2606 5619 in
2632 5567 2763 5620 stola
2790 5569 3065 5622 vestimenti
3092 5586 3207 5622 cum
3233 5569 3536 5640 fortitudine

1949 5654 2102 5730 (lsai.
2136 5673 2284 5720 inu,
2318 5659 2410 5728 1)?
2439 5658 2542 5713 Istc
2562 5673 2690 5729 ergo
2717 5662 2994 5729 propheta,
3027 5663 3115 5732 qui
3149 5671 3202 5716 et
3225 5663 3532 5732 speciosum

1947 5749 2078 5804 dixit
2099 5757 2153 5802 et
2184 5749 2393 5816 fortem,
2427 5766 2676 5821 sponsum
2708 5763 2928 5806 noverat
2949 5764 2998 5807 et
3028 5754 3313 5822 gigantem.

2015 5839 2240 5897 CAPUT
2269 5842 2352 5897 Ill.
2385 5873 2457 5884 ——
2481 5845 2534 5898 5.
2587 5841 2728 5897 Viam
2758 5845 3008 5913 quomoda
3029 5862 3201 5900 cucurr
3214 5847 3250 5902 it
3279 5847 3533 5923 Christus,
