4080 6360
530 403 670 462 1663

528 524 779 581 Ambrosii
800 523 1034 593 Ityumus.
1061 519 1220 587 Ergo,
1251 511 1568 574 cbarissimi,
1583 505 1870 564 Exsultavit
1892 513 1944 557 ut
1968 499 2130 572 gigas-

529 619 600 672 ad
622 613 1080 672 currentiamvimu.
1103 611 1271 677 Quam
1303 608 1463 670 viam,
1497 604 1608 660 nisi»
1637 601 1914 656 mortalem
1945 599 2107 662 viam,

528 724 690 780 quam
705 699 950 776 dignatus
973 713 1059 757 est
1075 701 1348 756 nobiscum
1369 699 1565 752 habere
1590 691 1964 750 communem?
1995 690 2109 759 Ipsa

525 807 612 854 est
630 799 731 861 via,
763 810 1036 868 perquam
1063 809 1232 862 genus
1261 792 1547 845 humanum
1577 786 1783 840 transit.
1815 784 2127 837 Transeunt-

528 890 673 945 cnim
695 904 790 958 per
811 903 927 941 eam
951 884 1210 940 veniendo
1249 891 1548 942 nascentes,
1568 887 1624 933 et
1641 872 1976 932 abscedendo
2002 887 2116 924 mo-

531 983 748 1036 rientes.
763 978 938 1034 EtiSIe
957 976 1168 1047 generis
1184 975 1396 1028 humani
1418 970 1608 1026 tluvius
1627 967 1860 1024 abinitio
1873 979 2040 1034 usque
2061 963 2113 1016 in

531 1073 690 1128 tinem
715 1086 780 1127 ex
807 1069 1028 1125 occultis
1056 1077 1259 1123 naturae
1291 1062 1874 1132 venisjugiter-mmmt.
1911 1058 1986 1111 De
2015 1057 2133 1109 isto-

532 1162 694 1217 tlnvio
707 1160 888 1230 rapido
906 1175 968 1214 ac
980 1159 1284 1214 turbulento
1296 1156 1478 1210 bibere
1493 1153 1738 1224 dignatus
1754 1160 1833 1204 est
1848 1148 2114 1202 Christus.

533 1253 686 1308 Modo
704 1252 928 1307 audistis
947 1252 997 1303 in
1028 1251 1251 1318 psalmo,
1283 1247 1361 1302 De
1386 1254 1600 1300 torrente
1618 1245 1680 1298 in
1692 1243 1772 1297 via
1797 1241 1915 1295 bibit
1945 1239 2115 1310 (Psal.

531 1359 642 1409 cut,
665 1342 740 1410 7).
765 1342 996 1397 Torrens
1019 1343 1116 1396 istc
1139 1339 1387 1410 produxit
1411 1352 1508 1392 nos
1528 1334 1962 1399 ad‘nativitatem,
1992 1347 2117 1402 per-

533 1435 686 1490 duxit
721 1433 785 1488 ad
817 1442 1060 1488 mortem.
1093 1433 1252 1501 Quasi
1292 1447 1357 1485 ex
1398 1429 1607 1484 occulto
1637 1427 1818 1488 fontis,
1866 1426 2114 1494 abyssum

535 1527 697 1580 maris
716 1526 947 1595 suscepit
966 1525 1224 1578 Christus.
1261 1522 1554 1591 Utrumque
1579 1535 1675 1590 pro
1695 1518 1870 1584 nobis,
1891 1525 1947 1572 et
1968 1528 2133 1570 natus.

535 1625 591 1674 et
617 1626 856 1689 mortuus
897 1624 998 1670 est.
1036 1616 1098 1669 Et
1126 1615 1264 1682 quia.
1289 1613 1542 1668 homines
1561 1613 1612 1666 in
1642 1611 1818 1666 medio
1841 1611 1996 1679 hujus
2025 1609 2122 1662 ﬂu-

469 1776 473 1778 _
537 1707 692 1763 minis
712 1707 1004 1769 antistituti,
1032 1701 1340 1773 plerumque
1360 1703 1692 1758 delectantur
1712 1701 1890 1756 mundi
1915 1700 2130 1754 blandi-

491 1806 494 1809 ‘
533 1783 799 1870 [mentiset
809 1796 1096 1859 illecebris,
1121 1811 1240 1866 qua:
1256 1790 1827 1863 li'mo-bnjustorrentis
1847 1793 2124 1846 involvun-

484 1873 492 1886 ’
539 1901 642 1954 tur,
656 1889 875 1961 atquein
892 1888 1207 1959 profundum
1231 1887 1419 1942 inferni
1437 1887 1746 1955 demergunt
1765 1902 1875 1947 eos.
1893 1881 2122 1956 quidam

539 1982 1070 2037 tmnseunt'es-uudas
1095 1981 1252 2036 avide
1279 1978 1550 2041 hauriunt,
1579 1980 1656 2034 sic
1675 1987 1952 2043 necantur,
1981 1985 2136 2031 stare

537 2056 817 2143 cupientes
847 2074 902 2126 in
945 2067 1179 2126 torrente
1221 2072 1605 2141 prmcipitante;
1647 2071 1779 2125 etin
1806 2068 2121 2139 republicat

539 2175 838 2235 quaerentes
871 2167 969 2218 lixa
1002 2165 1218 2234 vestigia
1255 2183 1266 2218 :
1301 2164 1422 2218 ideo
1470 2163 1724 2217 Dominus
1747 2162 1811 2216 de
1834 2171 2052 2216 torrente
2069 2161 2122 2214 in

453 2257 455 2261 ’
547 2262 628 2313 ria
654 2259 794 2313 bibit.
824 2259 958 2327 Quid
985 2268 1086 2321 est,
1117 2260 1167 2311 in
1196 2259 1274 2311 uia
1305 2257 1776 2310 bibit?"l‘ransiens
1801 2255 1951 2309 bibit.
1984 2253 2123 2308 Bibit

539 2351 679 2404 enim
709 2360 762 2404 et
789 2351 1014 2408 transiit.
1051 2367 1153 2402 non
1184 2348 1476 2401 remansit:
1512 2363 1609 2402 nec
1637 2348 1784 2401 stetit
1813 2347 1862 2400 in
1888 2347 1970 2400 via
1997 2361 2123 2416 pec-

540 2451 800 2496 catorum.
851 2441 996 2494 llt‘ﬂl'
1022 2447 1246 2494 υνυς-[ειη
1283 2436 1526 2494 metuunt
1565 2437 1998 2509 liomines;quia
2031 2441 2139 2492 ne-'

542 2548 692 2586 resse
717 2543 800 2588 est
832 2533 1146 2601 prmeipitari
1174 2545 1360 2586 omnes
1389 2531 1546 2601 hujus
1575 2532 1826 2586 torrentis
1851 2530 2121 2599 impulsus

540 2622 784 2676 Clu-istas
811 2631 1238 2676 autem‘mortem
1281 2635 1437 2690 quam
1465 2631 1653 2690 sponte
1697 2629 2028 2690 susceperat,
2063 2619 2129 2673 ti-

542 2735 822 2773 mererum
851 2719 1046 2788 potuit;
1077 2719 1196 2773 ideo
1220 2717 1419 2772 dictum
1447 2723 1548 2780 est,
1589 2710 1654 2770 Et
1680 2717 2023 2772 exsutawit‘ut
2051 2715 2130 2785 gis

541 2828 630 2879 gas
648 2811 1039 2865 ad'currsndam
1068 2811 1221 2864 viam.
1258 2809 1550 2864 Descendit
1577 2811 1740 2873 enim,
1774 2818 1833 2864 et
1851 2809 2140 2863 cucurrit:

541 2900 796 2964 ascendit,
821 2902 1050 2956 et-scdit.
1075 2901 1272 2967 Nostis,
1293 2902 1413 2972 quia
1445 2901 1789 2957 sic-conﬁteri
1807 2901 1884 2971 (α)
1908 2900 2091 2956 soletis
2109 2917 2132 2955 :

546 3001 822 3062 postquam
841 2988 1150 3060 resurrexit,
1173 2993 1410 3049 ascendit
1435 2994 1486 3047 in
1510 2985 1727 3059 coelum,
1747 2993 1896 3049 sedet
1917 2992 1981 3047 ad
1999 2993 2130 3048 dex-

541 3091 710 3138 teram
741 3083 933 3138 Patris.
983 3083 1134 3138 lhme
1163 3085 1330 3139 nostri
1363 3085 1591 3154 gigantis
1616 3099 1897 3139 excursum
1927 3085 2132 3140 brevis-

543 3175 678 3230 sime
709 3190 772 3230 ac
802 3176 1158 3244 pulcherrime
1181 3177 1375 3231 cecinit
1405 3177 1590 3232 beatus
1615 3177 1930 3234 Ambrosius
1952 3179 2004 3232 iu
2031 3178 2132 3251 by:-

546 3280 689 3326 mno.
714 3266 1056 3336 quempaulo
1099 3277 1223 3322 ante
1268 3269 1535 3323 cantastis.
1589 3269 1832 3338 Loquens
1873 3270 2015 3324 enim
2061 3271 2133 3327 de

547 3355 771 3410 Domino
793 3356 1026 3423 Chrism,
1059 3359 1135 3412 sic
1162 3359 1265 3414 ait:
1288 3378 1306 3409 ‹
1338 3359 1594 3430 Egressus
1622 3361 1806 3428 ejusa
1837 3361 2015 3427 Patre,
2047 3378 2132 3417 re-

551 3467 571 3500 s
595 3463 816 3518 gressus
838 3450 960 3519 eius
978 3451 1042 3503 ad
1073 3450 1284 3504 Patrem
1309 3468 1321 3502 :
1345 3467 1602 3506 excursus
1620 3469 1788 3522 usque
1813 3455 1880 3508 ad
1907 3454 2126 3521 inferos,

554 3557 573 3590 ι
598 3553 846 3595 recursus
883 3540 950 3594 ad
993 3541 1174 3596 sedem
1209 3542 1320 3598 Dei.
1350 3561 1368 3593 ι
1403 3543 1525 3598 Haec
1554 3544 1753 3609 omnia,
1802 3545 2128 3612 cbarissimi,

547 3629 593 3684 si
617 3645 929 3699 quaeramus.
965 3647 1061 3686 cur
1108 3633 1242 3688 facta
1286 3643 1431 3700 sunt,
1474 3634 1805 3690 inveniemus
1837 3635 1987 3691 facta
2036 3653 2135 3708 pro

549 3723 720 3780 nobis.
743 3723 1027 3780 Descendit
1041 3726 1203 3789 enim,
1229 3734 1285 3778 ut
1304 3726 1746 3792 ascenderemus;
1769 3738 2010 3784 mortuus
2028 3739 2128 3794 est,

549 3825 607 3870 ut
633 3817 964 3879 viveremus;
995 3819 1304 3884 resurrexit,
1343 3827 1401 3873 ut
1429 3836 1858 3890 resurgerenms;
1887 3823 2132 3878 ascendit

547 3908 604 3962 in
633 3908 848 3973 celum,
881 3918 938 3962 ut
969 3920 1177 3964 terrena
1206 3919 1570 3977 contemnere,
1601 3923 1653 3967 et
1672 3930 1767 3968 cor
1794 3929 2006 3971 sursum
2036 3917 2133 3970 cri-

550 4015 676 4070 gere
699 4001 1044 4061 disceremus.
1079 4003 1314 4073 Denique
1338 3997 1398 4058 ut
1424 4004 1624 4060 levaret
1653 4011 1770 4075 pest
1790 4021 1849 4061 se
1867 4023 2016 4076 spem
2043 4025 2138 4061 no-

549 4101 734 4159 stram,
767 4093 960 4149 levavit
986 4094 1156 4163 primo
1179 4109 1394 4151 carnem
1421 4111 1604 4150 suam:
1633 4105 1768 4152 etut
1795 4112 2136 4167 speraremus

552 4185 654 4241 hoc
680 4177 983 4242 secuturum
1014 4188 1065 4242 in
1098 4187 1272 4255 nobis,
1304 4187 1434 4244 illud
1463 4189 1736 4260 praecessit
1763 4190 1904 4262 quod
1932 4192 2138 4262 accepit

551 4291 617 4332 ex
647 4278 819 4334 nobis.

957 4408 1187 4464 SERMO
1221 4409 1564 4466 CCCLXXIII
1590 4415 1606 4435 ‘
1637 4410 1737 4485 (ὁ).

981 4552 1052 4596 De
1075 4545 1333 4608 Epiphania
1356 4547 1559 4609 Domini,
1581 4546 1708 4611 1(0).

625 4667 851 4728 CAPUT
888 4668 1173 4728 PRIMUM.
1199 4701 1272 4712 —
1292 4672 1344 4727 1.
1373 4671 1601 4728 Christus
1628 4673 1979 4744 manifestatus
2025 4675 2144 4730 Ma.-

554 4761 652 4833 gis.
679 4759 1000 4817 Solemnitas
1025 4776 1183 4832 quam
1213 4760 1371 4818 hodie
1397 4762 1753 4828 celebramus,
1787 4775 2003 4837 propter
2029 4783 2143 4821 ma-

559 4839 952 4922 nil'eStationem
981 4849 1192 4907 Domini
1226 4851 1536 4924 Epiphania:
1563 4869 1795 4925 grzecum
1824 4870 2020 4911 nomen
2047 4872 2142 4912 ac-

557 4941 720 5014 cepit.
742 4941 1012 4998 Hodierno
1030 4942 1226 5014 quippe
1241 4942 1328 5000 die
1343 4943 1508 5015 Magis
1526 4944 1872 5002 adorantibus
1893 4957 2140 5018 tanquam

531 5033 810 5105 primitiis
848 5034 1120 5104 Gentium,
1160 5038 1566 5108 commendatur
1611 5038 1999 5106 manifestatus,
2052 5041 2142 5112 qui

559 5135 685 5182 ante
709 5141 907 5197 paucos
930 5126 1045 5184 dies
1070 5127 1294 5182 traditur
1315 5129 1474 5184 etiam
1494 5140 1666 5184 natus.
1695 5130 1853 5200 Lapis
1875 5131 1962 5185 ille
1978 5147 2143 5201 angu-

562 5219 710 5285 laris,
725 5214 825 5291 qui
856 5220 997 5276 velut
1021 5221 1253 5297 parietes
1272 5221 1428 5286 duos.
1451 5223 1876 5281 circumcisionis
1900 5223 2146 5281 videlicet

560 5373 566 5378 '
623 5375 641 5406 ¹
676 5379 816 5425 Forte
846 5367 1128 5438 legendum,
1151 5381 1198 5427 et
1234 5375 1286 5426 in
1307 5387 1361 5426 re
1395 5373 1545 5426 (abiit.

623 5439 645 5500 ‘_
678 5437 1045 5500 ttecognimsad
1064 5439 1144 5489 cb.
1165 5437 1231 5489 cl.
1261 5438 1294 5487 ιι
1322 5452 1372 5486 u.
1404 5451 1448 5488 ι·.
1481 5451 1576 5487 rm.
1605 5453 1652 5489 v.
1679 5446 1733 5490 et
1763 5439 1830 5490 ad
1847 5446 1957 5490 ιον.

643 5499 698 5565 ’9)
731 5505 788 5565 Ia.
801 5499 1037 5565 SWEWQ-
1139 5543 1142 5565 ς

644 5557 696 5618 b)
721 5557 860 5618 Alias,
883 5559 949 5610 de
972 5561 1182 5610 Diversis
1195 5559 1274 5609 66.

647 5621 698 5687 c)_
733 5623 1026 5687 Ambiguum
1039 5621 1366 5687 reddunt__loct
1402 5621 1620 5687 nonmihi
1636 5657 1652 5684 ,
1674 5625 1856 5687 quibus
1869 5626 2149 5687 temeritate

561 5679 944 5748 alicuius__l_abi3tn
963 5679 1164 5748 allatam
1177 5682 1317 5733 facile
1337 5679 1580 5735 rrmlimus
1610 5679 1831 5748 inspecto
1867 5685 2150 5740 Floriacensi

562 5743 737 5810 fetere
760 5743 900 5806 libro,
917 5746 1003 5808 qui
1035 5757 1094 5810 ea
1119 5743 1407 5810 pigrumque
1428 5748 1665 5810 manem,
1686 5743 1800 5810 quae
1821 5748 2078 5810 displicent
2099 5753 2148 5799 in

687 5803 954 5874 senitone;
977 5806 1050 5856 uti
1073 5803 1406 5874 intulliges'es
1431 5803 1614 5860 'ansttlis
1652 5803 1721 5860 ad
1745 5823 1806 5861 ea
1841 5803 1951 5874 quin
1993 5813 2147 5863 codex

563 5863 648 5919 ille
670 5881 765 5918 non
787 5863 1203 5931 habct'apmsitis.

1759 385 1814 445 S.
1857 376 2224 439 AUGUSTlNl
2247 378 2565 440 'EPISCOPI

3668 381 3819 444 tm

2225 499 2568 569 etpraeputii,
2595 499 2699 558 hoc
2719 500 3122 556 est'Judaeorum
3143 508 3302 571 atque
3323 501 3592 564 Gentium,
3621 502 3689 559 de
3711 503 3805 560 di-

2226 603 2380 645 verso
2401 591 2679 648 venientes
2698 593 2750 646 in
2776 607 2870 646 sua
2915 593 3131 647 unitate
3151 593 3439 663 capulavit,
3469 602 3514 647 et
3536 596 3700 666 factus
3731 603 3828 649 εστι

2224 697 2327 752 pax
2349 689 2539 743 nostra.
2571 683 2660 752 qui
2687 683 2803 754 fecit
2829 693 3040 753 utraque
3063 701 3216 737 totum
3247 683 3462 754 (Ep/tes.
3493 701 3550 747 It,
3577 685 3806 755 H32);

2223 782 2281 827 ut
2307 775 2606 842 pastoribus
2629 774 2934 830 Judazovum
2961 776 3315 842 nuntiaretur,
3341 776 3529 845 Angeli
3548 786 3830 830 venerunt.

2224 865 2292 920 de
2316 867 2497 930 oculo;
2515 876 2568 921 et
2597 876 2702 921 uta
2721 867 2888 936 magis
2915 867 3161 922 Gentium
3189 867 3522 934 adoraretur,
3552 869 3702 922 stella
3724 884 3830 923 ηδ·-

2226 961 2372 1015 fulsit
2401 977 2430 1016 c
2456 962 2651 1016 ctelo'.
2687 962 2809 1017 Sive
2832 977 2963 1033 ergo
2991 977 3084 1032 per
3124 962 3375 1032 Angelos,
3409 963 3520 1016 sive
3549 979 3640 1031 per
3681 962 3816 1016 ‘stel:

2229 1052 2354 1120 lam,
2399 1055 2522 1109 οωιὶ
2565 1064 2949 1110 enarraveruut
2994 1056 3214 1126 gloriam
3248 1056 3371 1110 Dei:
3402 1065 3458 1109 ut
3487 1057 3536 1109 in
3576 1056 3694 1124 ejus
3719 1055 3814 1126 qui

2227 1152 2382 1200 natus
2406 1154 2488 1200 est
2506 1146 2694 1216 gratia,
2717 1156 3030 1202 enarrarent
3055 1151 3172 1202 eam
3201 1149 3361 1202 etiam
3391 1149 3652 1218 Apostolii
3689 1164 3827 1219 por—

2229 1245 2401 1291 tantes
2429 1236 2714 1291 Dominum
2746 1238 3049 1307 sicut'cmli,
3082 1249 3241 1311 atque
3281 1240 3334 1293 in
3366 1256 3579 1294 omnem
3611 1249 3814 1295 terram

2228 1328 2398 1382 exiret
2409 1343 2573 1384 sonus
2592 1346 2800 1395 eorum,
2813 1331 2934 1385 etin
2953 1332 3084 1387 li‘nes
3107 1333 3251 1387 orbis
3278 1343 3431 1387 terra:
3453 1331 3607 1390 verba
3625 1348 3821 1386 eorum

2229 1417 2400 1488 (Psal.
2429 1435 2579 1486 xvm,
2610 1420 2666 1485 2,
2698 1422 2776 1490 5).
2807 1422 2936 1490 Qum
2959 1423 3287 1493 quoniam-et
3311 1424 3377 1478 ad
3405 1439 3503 1479 nos
3528 1433 3822 1486 venenum;

2228 1509 2516 1578 credimus,
2545 1523 2762 1584 propter
2787 1514 2927 1584 quod
2960 1524 3014 1569 et
3043 1515 3311 1585 loquimur
3352 1515 3416 1586 (ll
3445 1517 3563 1570 Cor.
3596 1533 3668 1581 tv,
3703 1519 3816 1579 l5).

2300 1603 2524 1659 CAPUT
2548 1604 2609 1660 ll.
2636 1637 2709 1646 —-
2827 1606 2852 1660 Ι
2861 1606 2973 1661 dem
2995 1618 3236 1662 tractatur
3257 1621 3625 1680 argumentum.
3652 1611 3824 1666 Multa.

2232 1695 2398 1766 igitun
2413 1697 2798 1754 consideranda
2823 1710 2977 1766 sunt,
3010 1701 3202 1757 fratres
3215 1738 3236 1766 -,
3267 1703 3318 1756 in
3350 1703 3630 1773 hac-qnam
3666 1705 3824 1760 audio

2230 1790 2421 1854 vimus,
2463 1793 2785 1863 evangeliea
2811 1793 3057 1850 lectione.
3085 1795 3216 1864 Ma‘gi
3247 1777 3465 1850 veniunt
3491 1796 3558 1850 ab
3586 1797 3818 1862 oriente,

2227 1877 2738 1967 regemJutteorum
2762 1873 3057 1954 requirunt,
3089 1887 3175 1954 qui
3203 1894 3280 1940 tot
3308 1884 3458 1957 reges
3513 1874 3822 1974 Judmorum

2232 1986 2502 2039 nunquam
2548 1965 2704 2050 antea
2735 1967 3407 2051 quaesierunt.[Requirnnt
3441 1969 3657 2043 autem,
3705 1965 3828 2040 non

2232 2061 2463 2131 aliquem
2505 2063 2672 2118 virilis
2721 2067 2931 2129 anatis,
2984 2066 3095 2122 sive
3133 2068 3477 2138 grauda-vum
3504 2111 3520 2133 ,
3567 2069 3824 2124 humanis

2233 2154 2401 2210 oculis
2425 2197 2440 2223 ,
2492 2155 2544 2209 in
2573 2157 2782 2211 excelsa
2811 2158 2938 2212 sede
2963 2160 3308 2228 conspicuum
3331 2201 3346 2226 ,
3365 2157 3825 2232 exercitibus-po-

2235 2249 2434 2300 tentein
2459 2288 2474 2311 ,
2497 2247 2660 2301 armis
2681 2257 2970 2303 terrentem
2993 2291 3006 2313 ,
3042 2267 3268 2321 purpura
3298 2253 3586 2316 nitentem,
3633 2253 3824 2309 diade-

2236 2346 2377 2392 mate
2396 2338 2740 2408 relulgentem
2774 2337 2990 2410 [.vclde
3015 2358 3174 2396 cruce
3214 2343 3312 2396 sibi
3341 2346 3694 2398 exsultantem
3721 2387 3735 2405 .
3769 2345 3824 2399 in

2233 2443 2335 2498 qua
2365 2429 2642 2484 universos
2667 2441 2927 2501 martyres
2953 2433 3239 2488 redimeret
3265 2436 3578 2489 Conﬁtentes
3597 2478 3612 2501 ,
3643 2437 3729 2490 vel
3755 2437 3825 2490 ab

2236 2520 2419 2576 inferis
2439 2533 2803 2593 resurgentem
2828 2567 2840 2587 ,
2869 2535 2957 2578 aut
2986 2527 3037 2580 in
3062 2527 3228 2581 cmlos
3250 2528 3622 2584 ascendentem
3651 2528 3702 2602 ];
3726 2530 3825 2584 sed

2237 2626 2424 2667 recens
2453 2624 2655 2680 natum,
2679 2615 2730 2668 iu
2764 2617 2916 2671 ctmis
2937 2617 3491 2688 jacentem,uberihus
3507 2620 3826 2687 inhiantem.

2237 2705 2384 2758 nullo
2412 2715 2600 2760 ornatu
2626 2709 2902 2777 corporis,
2953 2710 3116 2764 nullis
3157 2711 3519 2766 membrorum
3572 2711 3774 2767 viribus
3805 2754 3824 2779 ,

2237 2796 2397 2850 nullis
2423 2807 2698 2866 parentum
2725 2801 2915 2869 opibus
2933 2814 2961 2864 ,'
2983 2817 3086 2856 non
3112 2817 3207 2856 sua
3231 2811 3386 2857 tetate
3411 2844 3425 2868 ,
3460 2805 3565 2859 neu
3601 2820 3826 2860 suorum

2235 2897 2500 2959 potestate
2527 2898 2887 2961 prtestantem.
2917 2892 2983 2946 Et
3008 2903 3446 2965 quaeruut'regem
3473 2895 3781 2952 Judzeomm
3807 2937 3847 2962 ,.

2237 3001 2267 3040 a
2291 3003 2414 3058 rege
2448 2986 2791 3054 Judzeorum;
2819 2989 2888 3044 ab
2927 2990 3137 3046 Herode
3161 2989 3181 3062 [
3203 2991 3420 3045 homine
3442 2989 3463 3064 ]
3484 3033 3499 3058 ,
3551 2988 3826 3046 Christum

2240 3077 2448 3151 [.Deum
2477 3088 2532 3135 et
2560 3078 2863 3142 hominem;
2897 3097 2928 3136 a
2957 3079 3168 3136 terreno
3189 3097 3316 3152 rege
3345 3083 3560 3138 homine
3578 3074 3598 3150 ,V
3639 3098 3824 3152 regem

2240 3171 2498 3226 calorum
2549 3172 2639 3242 qui
2690 3172 3003 3228 condiderat
3049 3173 3355 3247 hominem]
3389 3193 3402 3229 :
3433 3176 3670 3246 agrandi
3697 3191 3828 3245 par.

2241 3263 2458 3332 vulum,
2485 3277 2513 3316 a
2545 3263 2691 3318 claro
2749 3264 2998 3320 latentem
3024 3306 3039 3331 ,
3071 3265 3138 3319 ab
3189 3266 3403 3321 excelso
3447 3264 3702 3321 humilem
3725 3307 3740 3332 ,
3793 3280 3826 3319 a

2240 3355 2490 3425 loquente
2513 3354 2766 3412 infantem
2787 3357 2898 3423 hab
2923 3357 3400 3428 opulentoinopem
3421 3399 3434 3423 ,
3451 3375 3496 3426 a
3519 3358 3640 3414 forti
3672 3358 3828 3413 inﬁr-

2239 3462 2419 3514 mum;
2449 3457 2506 3504 et
2545 3456 2720 3503 tamen
2770 3448 3034 3521 [quamvis
3083 3451 3151 3504 ab
3189 3449 3396 3506 llcrode
3425 3462 3827 3522 persequente,

2241 3536 2344 3593 sibi
2396 3546 2452 3596 et
2493 3538 2614 3594 aliis
2642 3539 2912 3596 Christum
2937 3541 3356 3614 dominantem],
3395 3559 3426 3597 a
3451 3553 3838 3600 contemnenle

2240 3628 2568 3684 adorandum
2595 3632 2870 3699 :.prol'ecto
2909 3633 2961 3686 in
2981 3649 3086 3702 quo
3109 3634 3250 3687 null'a
3280 3650 3471 3706 pompa
3503 3635 3645 3706 regia
3673 3633 3830 3690 vide-

2241 3717 2400 3775 batur
2418 3762 2434 3786 ,
2463 3719 2556 3776 sed
2587 3737 2710 3776 vera
2733 3722 2982 3790 majestas
3004 3723 3344 3778 adorabatur.

2311 3813 2538 3868 CAPUT
2564 3812 2650 3867 lll.
2681 3845 2752 3853 —
2776 3815 2830 3869 5.
2876 3814 3095 3869 Herodis
3139 3827 3300 3870 metus
3333 3827 3377 3870 et
3408 3817 3459 3870 in
3498 3818 3831 3888 parvulorum

2242 3903 2380 3957 ca'de
2405 3904 2615 3957 servilia.
2644 3902 2944 3960 Innocentes
2978 3915 3256 3977 martyrum
3282 3924 3469 3962 corona
3495 3908 3692 3962 donati.
3723 3909 3832 3963 De-

2245 3996 2404 4065 nique
2451 3996 2687 4052 Herodes
2738 3997 2923 4052 timet:
2954 3997 3088 4068 Magi
3137 3997 3465 4054 desiderant.
3502 4000 3700 4068 Regem
3753 3999 3830 4054 illi

2241 4087 2462 4156 cupiunt
2485 4087 2750 4150 invenire.
2776 4104 2998 4159 regnum
3029 4090 3216 4144 metuit
3245 4091 3332 4145 ille
3355 4089 3508 4144 linire
3535 4093 3576 4145 ².
3606 4091 3835 4160 Utrique

2243 4167 2515 4249 postremo
2543 4191 2788 4250 quaerunt
2820 4200 2833 4236 :
2869 4182 2971 4248 illi,
3016 4198 3111 4251 per
3155 4199 3313 4253 quem
3369 4183 3574 4252 possint
3613 4185 3830 4249 vivere;

2245 4271 2371 4337 ille,
2407 4289 2566 4341 quem
2597 4274 2758 4329 vellet
2779 4274 3022 4329 occidere
3057 4293 3071 4329 :
3113 4275 3234 4341 ille,
3265 4277 3317 4330 iu
3358 4292 3515 4345 quem
3556 4285 3834 4345 peccatum

2247 4363 2446 4434 grande
2471 4366 2799 4429 committat;
2848 4365 2961 4423 illi.
3010 4365 3310 4435 qui.omnia
3360 4368 3461 4421 sibi
3504 4378 3718 4436 peccata
3746 4368 3835 4421 di-

2247 4456 2443 4509 mittat.
2474 4454 2858 4526 Necatquippe
2897 4455 3138 4511 Herodes
3170 4458 3418 4526 parvulos
3445 4459 3673 4524 nmltos,
3705 4459 3837 4512 dum

2247 4549 2364 4600 vult
2383 4546 2446 4600 ad
2472 4547 2630 4600 unius
2659 4559 2887 4601 mortem
2913 4548 3212 4617 pervenire.
3243 4549 3308 4605 Et
3333 4565 3454 4604 cum
3486 4549 3840 4604 sawicutissi-

2249 4653 2389 4693 mam
2413 4638 2433 4669 ⁸
2461 4647 2515 4693 et
2542 4639 2970 4694 cruentissitnam
3019 4640 3219 4694 cmdem
3249 4641 3301 4694 in
3329 4649 3407 4694 tot
3459 4640 3841 4695 innocentibus

2251 4731 2506 4801 perfecit;
2534 4747 2593 4786 se
2620 4731 2790 4801 ipsmn
2817 4741 2958 4786 tanta
2988 4732 3266 4802 iniquitate
3289 4731 3839 4801 primitusinterfecit.

2251 4823 2460 4879 Interea
2494 4840 2587 4879 rex
2632 4835 2814 4879 noster
2842 4823 3161 4898 [Christus],
3193 4825 3426 4880 Verbum
3473 4824 3613 4899 [Dei]
3663 4825 3844 4880 infans

2252 4915 2474 4988 [Deus],
2525 4915 2688 4986 Magis
2727 4915 2873 4971 illum
2916 4917 3290 4981 adorantibus,
3323 4917 3558 4988 parvulis
3609 4933 3706 4988 pro
3751 4918 3846 4972 illo

2254 5006 2632 5070 morientibus,
2662 5007 2774 5062 sive
2791 5007 3034 5076 iacebat,
3079 5009 3192 5064 sive
3218 5009 3479 5079 sugebat;
3518 5018 3573 5064 et
3602 5007 3844 5063 nondum

2252 5099 2461 5157 locutus
2481 5098 2531 5164 ⁸,
2566 5098 2846 5154 credentes
2884 5101 3216 5164 inveniebat;
3244 5111 3298 5156 et
3341 5101 3577 5156 nondum
3608 5116 3798 5171 passus
3826 5143 3842 5165 ,

2252 5193 2412 5249 etiam
2440 5204 2702 5264 martyres
2730 5192 2972 5248 faciebat.
3005 5193 3049 5247 Ο
3076 5193 3278 5263 parvidi
3309 5193 3452 5247 beati
3475 5235 3490 5257 ,
3519 5194 3676 5248 modo
3697 5192 3807 5246 nati
3827 5234 3843 5255 ,

2254 5300 2522 5356 nunquam
2553 5285 2771 5351 tentati,
2795 5285 3030 5339 Imndnm
3060 5286 3239 5339 luctati
3262 5327 3277 5353 ,
3305 5283 3415 5355 jam
3443 5284 3716 5340 coronati!
3752 5284 3851 5340 llic

2319 5441 2336 5473 ¹
2372 5439 2684 5490 t‘loriacensis
2707 5439 3062 5490 vetustissimus
3087 5439 3230 5499 liber,
3248 5447 3292 5490 et
3310 5448 3359 5490 at
3383 5439 3607 5491 delibatio
3627 5441 3852 5493 centium

2254 5500 2386 5572 Magi
2398 5501 2861 5572 attigat'cntur,_noro
2882 5501 3114 5572 admoniti
3133 5511 3248 5572 sunt
3267 5501 3444 5572 ianuae
3465 5503 3672 5554 sidereo.
3768 5501 3800 5529 ‘

2317 5562 2441 5628 (sic
2462 5562 2776 5628 Fhiriaeensis
2798 5571 2878 5612 tls.
2909 5564 3128 5628 Attoniti;
3158 5564 3297 5628 [timet
3333 5577 3672 5628 successorem.
3718 5573 3851 5628 .tlags

2255 5625 2533 5691 desiderant
2543 5623 2905 5691 _redemptorem
2924 5637 2941 5674 :
2960 5623 3043 5676 illi.
3055 5623 3252 5689 capiunt
3274 5625 3487 5678 invenire
3508 5639 3728 5691 regnum,
3750 5623 3851 5676 m2-

2255 5689 2341 5758 lm't
2363 5688 2444 5758 ille
2465 5686 2606 5758 [inire
2629 5686 2846 5758 regnum.
2898 5747 2952 5758 Ι,
3033 5747 3061 5758 γ’

2322 5754 2341 5782 ³
2376 5747 2810 5804 t-‘loriaeensis'us.,
2835 5747 3272 5802 celebratissimam.

2322 5815 2342 5844 ι
2378 5820 2440 5878 tta
2477 5813 2604 5862 idem
2629 5821 2709 5862 .us.
2725 5810 2810 5878 alii
2835 5825 2956 5860 vew
3099 5826 3209 5864 cum
3229 5814 3443 5872 excusis,
3477 5812 3574 5864 site
3596 5813 3830 5878 surgebat

2259 5874 2519 5934 crescebat,
2541 5879 2587 5925 et
2609 5872 2837 5934 nomium,
2865 5880 2959 5925 etc.
