4080 6360
266 337 418 394 4665

261 453 343 508 de
368 459 544 506 vestra
565 462 763 503 corona
793 443 1115 502 dubitaverit
1134 444 1189 499 in
1219 443 1462 523 passione
1488 457 1584 512 pro
1607 441 1819 497 Christo
1842 480 1859 505 ,

276 543 364 614 qui
393 542 553 598 etiam
581 539 908 609 Baptismum
928 536 1162 607 parvulis
1183 533 1437 605 prodesse
1459 548 1565 587 non
1595 531 1863 587 existimat

274 633 495 707 Christi:
525 630 640 685 Non
668 629 944 687 habebatis
963 628 1174 698 quidem
1195 634 1405 695 aetatem
1430 666 1446 691 ,
1474 642 1577 695 qua
1627 624 1679 678 in
1700 622 1863 678 Chri-

277 737 416 780 stum
440 739 724 795 passurum
753 721 1045 777 crederetis
1077 737 1089 773 :
1119 719 1213 774 sed
1247 718 1520 772 habebatis
1547 732 1785 780 carnem,
1811 716 1861 769 in

276 834 378 887 qua
400 831 500 884 pro
518 814 731 870 Christo
756 828 976 884 passuro
1004 812 1300 883 passionem
1326 808 1677 864 sustineretis.
1710 808 1864 862 Nullo

278 910 439 967 modo
469 910 604 965 istos
631 907 857 963 infantes
878 906 1153 960 desereret
1179 904 1344 974 gratia
1374 902 1663 959 Salvatoris
1690 901 1864 956 infan-
1945 926 1960 947 ί»

279 1005 345 1058 tis
363 1044 377 1065 ,
403 1002 494 1073 qui
519 1010 740 1057 venerat
764 1014 1005 1071 qttmrere
1032 997 1172 1068 quod
1206 998 1465 1066 perierat,
1489 1011 1593 1050 non
1619 996 1789 1050 solum
1814 996 1864 1048 in

278 1111 440 1149 carne
480 1092 779 1156 nascendo,
812 1106 995 1146 verum
1056 1090 1215 1143 etiam
1271 1089 1322 1142 in
1373 1103 1531 1142 cruce
1589 1086 1867 1157 pendendo

266 1186 367 1262 ,jad
397 1184 602 1241 inferos
629 1181 1043 1247 descendendo,
1076 1190 1129 1234 et
1155 1182 1204 1233 in
1234 1180 1387 1234 caelis
1411 1178 1781 1242 ascendendo,
1815 1186 1870 1232 et

280 1279 343 1332 ad
374 1276 657 1334 dexteram
684 1276 868 1331 Patris
915 1270 1197 1343 sedendo].
1229 1271 1359 1325 Nam
1402 1271 1489 1341 qui
1514 1271 1682 1340 potuit
1714 1278 1869 1324 natus

274 1370 481 1424 habere
508 1368 883 1438 prazdicatores
920 1364 1150 1433 Angelos
1172 1406 1186 1429 ,
1218 1373 1517 1418 narratores
1560 1362 1745 1426 corios,
1777 1362 1873 1415 ad-

270 1458 761 1527 omtoresMagos,
813 1456 979 1526 potuit
999 1465 1051 1508 ct
1082 1455 1184 1508 illis
1207 1471 1271 1507 ne
1290 1468 1385 1523 pro
1406 1468 1471 1507 eo
1496 1451 1582 1506 hic
1598 1467 1871 1507 moreren-

284 1559 367 1603 tur
400 1558 658 1619 pracstare
679 1589 695 1614 ,
726 1548 770 1601 si
800 1547 961 1600 sciret
1001 1545 1086 1598 illa
1141 1556 1312 1598 morte
1340 1544 1602 1612 perituros
1624 1584 1639 1609 ,
1678 1552 1731 1597 et
1763 1558 1869 1597 non

268 1642 463 1709 potius
495 1642 698 1711 majore
730 1640 981 1694 felicitate
1010 1639 1265 1692 victuros.
1306 1636 1492 1702 Absit,
1523 1637 1688 1699 absit,
1720 1646 1778 1690 ut
1804 1635 1873 1689 ad

274 1732 596 1788 liberandos
640 1731 888 1787 homines
932 1727 1217 1802 [Christus]
1246 1729 1495 1793 veniens,
1549 1728 1616 1782 dc
1664 1728 1871 1782 illorum

289 1824 509 1894 praemio
528 1823 617 1893 qui
649 1839 746 1893 pro
764 1836 842 1876 eo
890 1820 1318 1890 interficerentur
1359 1819 1490 1875 nihil
1522 1819 1731 1889 egerit,
1784 1818 1874 1888 qui

288 1915 531 1986 pendens
584 1915 636 1969 in
691 1914 832 1984 ligno
880 1926 978 1983 pro
1026 1911 1104 1967 eis
1137 1926 1168 1964 a
1214 1910 1407 1981 quibus
1461 1908 1877 1979 interticiebatur

280 2005 477 2062 orarit.
846 1996 849 1999 λ
1044 1994 1045 1997 “
1143 1992 1154 2017 ⁵
1316 2010 1379 2015 ⁷·
1534 2016 1535 2019 ‘
1656 1988 1657 1991 “

353 2095 588 2154 CAPUT
618 2094 783 2151 lV.—
801 2095 855 2150 4.
885 2088 1131 2165 Infelices
1152 2090 1328 2146 Judazi
1348 2090 1505 2162 fabris
1534 2089 1679 2144 Arca'
1702 2080 1815 2143 Noe
1832 2099 1877 2144 et

278 2178 546 2261 lapidibus
597 2188 849 2241 milliariis
900 2183 1196 2256 persimiles.
1259 2181 1396 2250 Quid
1449 2181 1621 2235 dicam
1675 2180 1741 2235 de
1793 2181 1877 2234 ina

288 2283 547 2337 felicitate
570 2280 898 2341 Judmorum,
919 2278 1007 2347 qui
1037 2274 1306 2331 Christum
1321 2273 1679 2343 quaerentibus
1692 2270 1883 2341 Magis,

283 2377 451 2430 etiam
480 2373 811 2445 prephetiam
858 2369 1085 2424 indicem
1142 2366 1508 2436 protulerunt,
1568 2363 1876 2418 Bethlehem

286 2466 564 2520 civitatem
593 2458 1207 2533 designaverunt-[quam
1237 2456 1335 2525 ipsi
1366 2466 1469 2509 non
1504 2452 1881 2525 invenerunt]?

282 2559 509 2615 Similes
537 2556 699 2611 fabris
728 2554 879 2608 Arcas
911 2550 1053 2615 Noe,
1087 2550 1205 2603 aliis
1224 2548 1312 2602 ubi
1350 2547 1637 2602 evaderent
1670 2545 1879 2617 pra-sti-

286 2658 506 2714 terunt,
546 2655 608 2702 et
652 2643 751 2715 ipsi
793 2643 991 2698 diluvio
1026 2640 1341 2711 perierunt':
1373 2638 1577 2695 similes
1617 2634 1881 2705 lapidibus

290 2740 559 2798 milliariis
576 2780 593 2803 ,
617 2738 752 2792 viam
774 2734 1144 2795 ostenderunt,
1175 2745 1274 2787 nec
1300 2730 1575 2784 ambulare
1599 2735 1884 2798 potuerunt

289 2832 439 2906 [quia
468 2829 648 2885 stolidi
699 2830 751 2884 in
781 2824 877 2882 via‘
918 2821 1334 2895 remanserunt}.
1360 2822 1649 2889 Quzcsitum
1680 2829 1765 2875 est
1816 2819 1883 2875 ab

290 2928 407 2992 eis,
441 2922 528 2980 ubi
576 2923 823 2977 Christus
864 2928 1209 2973 nasceretur:
1241 2913 1668 2985 responderunt,
1702 2912 1765 2966 In
1786 2912 1885 2966 Be-

291 3018 518 3073 thfehem
543 3015 715 3070 ludar.
749 3014 839 3069 Sic
871 3012 1005 3066 enim
1030 3011 1272 3081 scriptum
1302 3017 1372 3060 est
1394 3023 1481 3076 per
1506 3006 1880 3076 prophetam’:

291 3110 363 3167 Et
392 3120 448 3165 tu
472 3108 766 3164 Bethlehem
798 3116 929 3159 terra
952 3102 1127 3166 Juda,
1155 3116 1256 3154 non
1286 3099 1493 3153 minima
1521 3115 1573 3151 es
1597 3098 1648 3150 in
1677 3096 1885 3151 ducibus

290 3206 461 3261 Iuda.
491 3202 576 3257 Ex
603 3213 649 3256 te
671 3200 801 3254 enim
826 3195 1047 3269 prodibit
1071 3210 1193 3259 rex,
1221 3192 1307 3260 qui
1351 3201 1575 3245 recturus
1622 3199 1693 3243 est
1721 3206 1886 3260 papu-

291 3298 403 3351 funt
448 3311 614 3348 meum
670 3289 837 3345 Israel
910 3287 1120 3357 (Matth.
1177 3299 1251 3349 ιι,
1301 3282 1441 3351 1-6).
1499 3278 1792 3335 Audiernnt
1834 3285 1888 3332 et

292 3390 545 3443 abierunt
592 3381 966 3454 inquisitores;
994 3378 1246 3430 dixerunt
1273 3382 1329 3428 et
1372 3380 1743 3427 remanserunt
1785 3370 1886 3423 do-

293 3492 476 3535 ctores
504 3486 589 3532 :et
612 3472 895 3530 contrariis
916 3466 1200 3525 affectibus
1227 3465 1456 3535 separati
1480 3505 1494 3530 ,
1520 3463 1591 3517 illi
1615 3462 1737 3517 facti
1764 3470 1890 3516 sunt

294 3573 613 3629 adoratores
632 3611 646 3633 ,
679 3567 757 3622 illi
788 3573 1176 3636 persecutores.
1199 3559 1351 3614 Nunc
1375 3563 1586 3629 quoque
1609 3556 1780 3611 Judaei
1817 3556 1891 3609 si-

299 3666 429 3721 mile
451 3661 651 3734 aliquid
690 3659 845 3714 nobis
872 3650 1129 3711 exhibere
1157 3667 1273 3706 non
1315 3650 1585 3705 desinunt.
1639 3638 1887 3702 Nonnulli

296 3758 450 3815 enim
476 3746 803 3827 paganorum
832 3758 887 3805 ut
907 3747 1153 3802 noverint
1173 3744 1441 3800 Christum
1462 3750 1583 3796 ante
1604 3740 1890 3810 propheta-

296 3859 419 3904 tum
440 3889 455 3912 ,
482 3844 696 3918 quando
741 3843 821 3897 eis
845 3839 912 3896 de
952 3836 1242 3907 Scripturis
1268 3833 1569 3889 testimonia
1595 3832 1740 3886 clara
1769 3844 1892 3901 pro-

298 3941 561 4001 ferimus,
595 3933 828 4004 suspecti
857 3946 924 3986 ne
946 3931 1081 3983 forte
1122 3938 1163 3983 a'
1187 3924 1502 3981 Christianis
1537 3924 1636 3978 ista
1666 3922 1890 4005 conficta

296 4035 413 4087 sint
436 4074 447 4093 .
471 4030 678 4085 maltmt
705 4025 927 4081 credere
965 4021 1239 4077 codicibus
1271 4017 1575 4073 Judaeorum
1606 4033 1619 4069 :
1652 4024 1707 4070 et
1756 4014 1894 4068 sicut

292 4138 435 4180 tunc
467 4122 602 4193 Magi
626 4120 897 4183 fecerunt,
926 4117 1056 4171 istos
1080 4112 1356 4168 dimittunt
1377 4109 1604 4165 inaniter
1626 4108 1888 4174 lectitare,

298 4217 409 4287 ipsi
434 4221 660 4285 pergunt
678 4209 901 4265 fideliter
919 4206 1163 4261 adorare.

373 4304 607 4363 CAPUT
628 4301 771 4357 ν.-
799 4302 852 4357 5.
884 4297 1241 4371 Spec'tacnlnm
1270 4292 1531 4366 spirituale
1550 4293 1601 4345 in
1630 4293 1723 4345 hoc
1742 4290 1889 4361 festo.

299 4398 657 4454 Celebremns
707 4395 884 4463 itaque
933 4391 1261 4446 exsultantes
1302 4389 1353 4441 iu
1409 4386 1667 4449 Domino,
1699 4382 1893 4437 festum

300 4470 452 4546 diem
482 4488 725 4552 Domini;
757 4501 861 4539 non
891 4483 1063 4538 solum
1106 4496 1212 4551 quo
1240 4489 1321 4533 est
1348 4493 1413 4532 ex
1444 4475 1642 4531 Jndmis
1690 4483 1845 4529 natus
1877 4513 1891 4536 ,

300 4598 495 4640 rerum
525 4582 685 4638 etiam
716 4594 822 4650 quo
857 4585 939 4632 est
992 4574 1252 4630 Gentibus
1302 4568 1692 4624 manifestatus.
1741 4566 1899 4621 Juvat

303 4676 503 4733 intueri
527 4672 731 4735 omnia,
747 4670 875 4725 etin
899 4681 1060 4722 unum
1083 4664 1310 4719 adducta
1327 4669 1695 4729 conspectum,
1718 4657 1898 4711 animo

302 4784 533 4827 eernere
578 4764 885 4836 Spectaculo
939 4757 1198 4829 spirituali
1227 4757 1269 4810 '.
1318 4753 1565 4808 Nascitur
1601 4750 1847 4805 Christus
1880 4767 1894 4804 :

307 4867 463 4933 virgo
492 4857 758 4927 concipit,
809 4854 958 4924 virgo
985 4850 1154 4921 parit,
1186 4848 1334 4916 virgo
1367 4844 1567 4907 nutrit;
1618 4842 1772 4933 adest
1819 4841 1898 4895 fe-

309 4953 558 5010 cunditas
582 4993 598 5017 ,
649 4962 748 5003 nec
775 4946 930 5001 abest
981 4940 1273 5011 integritas.
1307 4934 1494 5005 Angeli
1538 4932 1854 4987 armuntiant
1881 4972 1898 4997 ,

310 5056 561 5118 pastores
585 5038 913 5113 glorificaut,
937 5034 1058 5089 coeli
1089 5037 1343 5086 enarrant
1365 5070 1380 5095 ,
1410 5025 1898 5118 Magirdesiderant,

308 5116 470 5209 roges
517 5133 839 5193 formidant,
868 5126 1037 5184 Judaei
1087 5125 1491 5185 demonstrant,
1537 5117 1735 5174 Gentes
1809 5116 1904 5170 ad—

307 5238 512 5285 orant:
569 5227 895 5282 frustrantur
941 5218 1254 5280 saevientes,
1282 5222 1606 5271 coronantur
1629 5211 1860 5265 infantes
1886 5249 1903 5277 ,

307 5323 649 5378 admirantur
674 5315 974 5371 credentes.
1005 5309 1135 5376 Quae
1154 5316 1237 5363 est
1263 5307 1361 5362 ista
1384 5304 1597 5358 humilis
1622 5301 1903 5367 celsitudo,

310 5412 517 5470 infirmi
550 5406 834 5469 fortitudo,
868 5402 1073 5475 parvuli
1112 5395 1455 5469 magnitudo?
1500 5393 1748 5449 Profecto
1776 5392 1907 5447 illud

317 5505 560 5562 Verbum
589 5500 713 5555 fecit
742 5498 858 5553 lucc
886 5494 1093 5562 omnia,
1119 5508 1214 5563 per
1227 5488 1368 5561 quod
1393 5490 1527 5544 facta
1555 5496 1680 5541 sunt
1707 5485 1906 5541 omnia.

391 5687 412 5717 ι
441 5689 490 5730 ιιι
509 5679 799 5729 Florlacensl
820 5684 903 5727 Ms.
918 5690 931 5726 :
946 5672 1067 5735 Quid
1084 5674 1230 5725 etiam
1248 5669 1309 5722 de
1330 5668 1429 5735 hac
1443 5680 1496 5718 re
1518 5666 1754 5731 scriptum
1772 5669 1909 5725 esset,

315 5728 605 5815 mare?
622 5728 1226 5815 βίαιυῖιιρυενὲιτιρέξεειέ
1566 5728 1662 5781 etc-

385 5791 492 5855 ῆι,
824 5807 928 5863 11s.,
953 5794 1223 5864 spectacula
1239 5791 1527 5859 spiritualia.

1613 324 1854 381 SERMO
1884 322 2289 403 ίίὶίςῳιλχιιιγ.⁸

3416 333 3553 391 ιιθδ

1975 436 2206 492 Verbum
2244 438 2384 508 quod
2425 439 2579 511 longe
2608 451 2774 498 erata
2801 440 2957 499 nobis
2978 483 2994 508 ,
3040 458 3166 499 caro
3195 444 3391 500 factum
3418 458 3501 501 est
3532 490 3549 515 ,

1964 538 2031 584 ut
2075 530 2337 585 habitaret
2381 530 2435 585 in
2463 533 2614 588 nobis
2639 533 2815 605 (Joan.
2864 553 2912 602 ι,
2941 536 2976 590 5
3000 577 3014 602 ,
3045 537 3158 608 ill).
3189 539 3558 609 Agnoscamus

1972 622 2150 690 itaque
2179 622 2229 675 in
2252 632 2492 693 tempore
2512 665 2527 689 ,
2552 640 2647 694 per
2673 641 2831 695 quem
2867 626 3005 682 facta
3030 638 3154 684 sunt
3183 639 3421 698 tempora
3452 647 3468 685 :
3503 639 3558 684 et

1972 712 2305 767 celebrantes
2333 715 2447 784 ejus
2470 717 2604 771 festa
2636 720 2944 788 temporalia
2968 761 2982 785 ,
3037 721 3253 791 prsentia
3284 722 3562 777 desidere-

1967 820 2091 861 mus
2116 816 2333 861 acterna.

2379 943 2605 1000 SERMO
2631 944 2969 1002 CCCLXXIV
2997 952 3016 973 ο
3047 950 3145 1021 (a).

2403 1061 2471 1104 De
2496 1057 2749 1119 Epiphania
2771 1060 2973 1121 Domini,
2992 1077 3024 1110 ιι
3045 1061 3135 1123 (ιι).

2048 1181 2100 1234 1.
2162 1180 2303 1251 Magi
2344 1182 2412 1235 ad
2457 1182 2710 1239 Christum
2756 1186 2903 1240 steffa
2951 1196 2997 1240 et
3055 1188 3364 1257 Angelorum
3419 1206 3555 1245 reve-

1977 1270 2163 1325 latione
2183 1274 2428 1341 perducti.
2481 1276 2855 1330 Annirersaria
2909 1276 3199 1331 celebratio
3245 1278 3351 1332 diei
3405 1278 3562 1347 hujus

1976 1363 2396 1418 anniversarium
2419 1380 2720 1420 sermonem
2748 1382 2777 1420 a
2805 1367 2959 1422 nobis
2980 1370 3172 1438 exigit,
3205 1369 3441 1424 debitum
3469 1385 3562 1424 au-

1978 1453 2125 1508 rihns
2151 1462 2205 1508 et
2241 1455 2491 1509 cordibus
2529 1458 2740 1512 vestris.
2767 1459 2932 1514 Hodie
2957 1460 3198 1516 Salvator
3243 1469 3424 1515 noster
3451 1460 3564 1515 Ma-

1978 1559 2074 1613 gos
2102 1545 2167 1599 ad
2189 1561 2248 1601 se
2274 1546 2343 1601 de
2369 1556 2473 1600 tam
2502 1548 2786 1619 longinqua
2807 1558 2965 1619 gente
2993 1551 3259 1619 perduxit.
3298 1552 3566 1606 Venerunt

1980 1644 2039 1689 ut
2065 1635 2352 1692 adorarent
2378 1638 2655 1705 infantem,
2678 1640 2909 1712 Verbum
2928 1642 3039 1697 Dei.
3068 1643 3243 1709 Quare
3264 1644 3565 1697 venerunt?

1980 1726 2113 1793 Quia
2138 1728 2347 1782 stellam
2371 1729 2672 1786 inusitatam
2691 1732 2954 1787 viderunt.
2979 1733 3049 1787 Et
3063 1734 3203 1790 unde
3226 1749 3346 1789 eam
3367 1733 3565 1801 Christi

1981 1833 2101 1877 esse
2148 1822 2550 1889 Cognoverunt?
2584 1822 2777 1878 Videre
2801 1826 2945 1879 enim
2987 1834 3277 1894 potuerunt
3305 1826 3513 1891 stellam
3545 1843 3571 1893 ;,

1982 1910 2236 1978 numquid
2267 1913 2409 1981 loqui
2456 1914 2533 1967 eis
2575 1914 2748 1982 potuit
2798 1923 2853 1970 ct
2892 1916 3072 1972 dicere
3089 1955 3117 1987 ,τ
3166 1916 3331 1972 Stella
3368 1916 3567 1971 Christi

1983 2015 2103 2061 sunt
2123 2003 2145 2055 ’ἰ
2168 2003 2358 2065 Procul
2383 2005 2546 2061 dubio
2568 2006 2723 2061 aliter
2752 2007 3043 2062 indicatum
3067 2018 3150 2071 est
3169 2049 3187 2075 ,
3215 2024 3310 2080 per
3334 2010 3568 2077 aliquam

1985 2096 2384 2151 revelationem.
2413 2096 2616 2153 Tamen
2645 2099 2894 2154 inusitate
2919 2116 3013 2168 rex
3030 2111 3191 2156 natus
3218 2109 3368 2165 erat,
3401 2102 3567 2171 quiet

1982 2186 2050 2240 ab
2077 2187 2264 2242 alienis
2288 2188 2592 2244 adorandus
2616 2200 2750 2246 erat.
2780 2191 3045 2263 Numquid
3102 2209 3205 2251 non
3249 2209 3401 2264 reges
3445 2202 3570 2248 ante

1985 2276 2037 2331 in
2062 2278 2245 2333 Judara
2275 2290 2429 2335 erant
2456 2283 2586 2337 nati
2608 2323 2623 2349 ,
2677 2292 2769 2337 aut
2817 2300 2911 2353 per
2943 2286 3241 2341 universam
3293 2298 3485 2341 terram
3518 2288 3571 2341 in

1984 2369 2210 2437 diversis
2234 2373 2524 2441 gentibus?
2547 2374 2725 2440 Quare
2754 2376 2853 2429 iste
2898 2377 3201 2431 adorandus
3219 2420 3233 2441 ,
3268 2388 3323 2432 et
3346 2380 3413 2432 ab
3438 2382 3565 2432 alie-

1986 2463 2193 2531 nigenis
2239 2464 2577 2529 adorandus,
2630 2483 2734 2520 non
2792 2476 3027 2523 terrente
3074 2471 3344 2534 exercitu,
3374 2469 3467 2525 sed
3520 2471 3573 2525 in

1989 2564 2295 2622 paupertate
2313 2557 2489 2611 carnis
2508 2598 2523 2621 ,
2556 2548 2755 2613 la'tente
2781 2560 3058 2627 majestate
3078 2561 3287 2615 virtutis
3304 2562 3325 2613 ?
3352 2561 3575 2627 Quando

1987 2654 2142 2703 natus
2169 2653 2249 2699 est
2269 2687 2285 2711 ,
2308 2646 2561 2700 adoratus
2582 2656 2668 2701 est
2694 2664 2721 2699 a
2748 2649 3049 2717 pastoribus
3075 2648 3357 2715 lsraclitis,
3383 2652 3575 2720 quibus

1987 2751 2109 2791 eum
2140 2737 2325 2805 Angeli
2381 2738 2761 2792 nuntiaverunt
2792 2756 2805 2792 :
2835 2739 2930 2793 sed
2982 2740 3269 2809 Maginon
3312 2749 3470 2800 erant
3506 2742 3577 2795 de

1987 2836 2147 2895 gente
2176 2825 2361 2889 Israel.
2386 2826 2648 2883 Colebaut
2670 2826 2921 2891 Gentium
2948 2828 3079 2884 deos
3099 2871 3114 2894 ,
3143 2830 3244 2885 hoc
3263 2840 3345 2886 est
3370 2832 3571 2885 dznmo—

1991 2918 2112 2983 nia;
2139 2934 2365 2987 quorum
2388 2917 2559 2975 fallaci
2586 2919 2990 2988 decipiebantnr
3018 2923 3274 2991 potentia.
3318 2921 3577 2977 Viderunt

1989 3023 2118 3077 ergo
2138 3008 2421 3077 quamdam
2449 3010 2657 3063 stellam
2690 3010 3014 3071 inusitatam.
3039 3012 3211 3065 tnirati
3238 3022 3399 3066 sunt:
3429 3029 3578 3081 quae-

1991 3102 2195 3155 sierunt
2224 3102 2341 3155 sine
2370 3102 2532 3156 dubio
2551 3101 2703 3171 cujus
2727 3110 2872 3157 esset
2900 3104 3147 3174 signum,
3179 3104 3319 3174 quod
3349 3112 3455 3159 tam
3479 3120 3578 3159 no-

1994 3208 2115 3246 vum
2148 3193 2525 3263 insolitumque
2553 3194 2815 3248 viderunt.
2839 3194 2906 3250 Et
2932 3196 3111 3263 utique
3139 3196 3443 3261 audierunt,
3461 3211 3582 3264 pro-

1994 3284 2131 3340 fecto
2151 3286 2220 3341 ab
2248 3287 2463 3355 Angelis
2481 3327 2499 3354 ,
2525 3287 2594 3341 ab
2613 3288 2788 3356 aliqua
2823 3288 3185 3342 admonitione
3214 3290 3575 3363 revelationis.

1994 3377 2201 3445 Qumris
2226 3377 2465 3432 fortassis
2484 3419 2499 3444 ,
2529 3378 2610 3431 Ab
2636 3379 2852 3447 Angelis
2876 3378 3028 3432 bonis
3050 3422 3062 3443 ,
3092 3395 3159 3432 an
3195 3381 3389 3433 malis?
3424 3381 3578 3434 Chri-

1994 3482 2136 3525 Stum
2159 3470 2451 3539 quidemet
2478 3471 2650 3541 angeli
2679 3472 2823 3535 mali,
2844 3470 2944 3526 hoc
2963 3482 3046 3526 est
3072 3472 3364 3538 daemones,
3384 3474 3577 3527 Filium

1990 3562 2090 3626 Dei
2120 3576 2241 3617 esse
2267 3562 2500 3617 confessi
2529 3572 2671 3617 sunt.
2701 3562 2805 3619 Sed
2828 3578 2924 3617 cur
2944 3578 3048 3618 non
3078 3573 3131 3618 et
3149 3579 3177 3617 a
3202 3565 3355 3619 bonis
3394 3566 3579 3620 audie-

1995 3666 2150 3716 runt.
2179 3656 2399 3726 quando.
2421 3657 2473 3712 in
2512 3656 2731 3713 Christo
2757 3657 3033 3713 adorando
3078 3659 3231 3713 salus
3259 3674 3443 3713 eorum
3470 3659 3580 3728 jam

1994 3747 2367 3818 qtuerebatur,
2394 3764 2499 3803 non
2540 3747 2794 3818 iniquitas
2833 3749 3242 3804 dominabatur?
3294 3751 3586 3808 Potuerunt

1997 3852 2127 3908 ergo
2155 3838 2258 3891 illis
2281 3837 2463 3894 dicere
2489 3839 2679 3910 Angeli
2710 3858 2724 3894 :
2746 3839 2911 3895 Stella
2935 3856 3094 3910 quam
3118 3841 3356 3906 vidistis,
3387 3840 3583 3896 Christi

1998 3940 2081 3985 est
2106 3973 2119 3994 ,
2152 3932 2223 3985 ite
2246 3939 2300 3985 et
2318 3930 2537 3986 adorato
2557 3947 2678 3986 eum
2711 3932 2795 3986 ubi
2823 3941 2979 3986 natus
3008 3941 3124 3998 est,
3148 3941 3206 3987 et
3241 3933 3396 3987 simul
3445 3933 3584 3991 indi-

1999 4031 2115 4076 cate
2143 4022 2313 4090 qualis
2333 4030 2388 4075 et
2413 4032 2642 4092 quantus
2671 4032 2844 4078 natus.
2869 4023 2947 4077 Illi
2973 4034 3149 4077 autem
3174 4024 3469 4079 hoeandito
3496 4041 3585 4079 ve-

2001 4121 2193 4167 nerunt
2240 4124 2294 4167 ct
2316 4113 2695 4168 adoraverunt.
2721 4116 2946 4178 Aurum,
2980 4114 3101 4168 thus
3123 4124 3177 4169 et
3198 4118 3466 4187 myrrham
3489 4116 3587 4169 oh-

2003 4206 2262 4269 tuleruut,
2294 4205 2581 4259 secundum
2609 4204 3044 4260 consuetudinem
3071 4221 3240 4259 suam.
3270 4206 3416 4261 Talia
3443 4206 3585 4261 enim

2001 4298 2245 4353 solebant
2270 4296 2464 4351 offerre
2500 4297 2603 4352 diis
2640 4298 2769 4351 suis.
2803 4337 2807 4341 ρ

2071 4388 2127 4443 2.
2167 4388 2395 4444 Christus
2422 4388 2483 4441 ab
2508 4390 2634 4459 ipsis
2668 4387 2869 4443 Judazis
2914 4389 3287 4444 demonstratus
3326 4388 3585 4444 Gentibus.

2002 4480 2154 4549 Quod
2184 4494 2313 4535 sane
2338 4488 2623 4550 antequam
2661 4479 2927 4546 facerent,
2957 4489 3239 4551 antequam
3275 4496 3397 4537 eum
3426 4482 3478 4536 in
3516 4484 3591 4535 ci-

2005 4572 2167 4625 vitate
2215 4570 2304 4624 ubi
2344 4579 2500 4625 natus
2539 4570 2714 4626 fuerat
2748 4570 3082 4635 invenirent,
3134 4578 3391 4625 venerunt
3441 4588 3592 4641 quie-

2006 4673 2188 4719 rentes
2208 4704 2222 4729 ,
2259 4660 2357 4717 Ubi
2382 4670 2529 4715 natus
2552 4670 2623 4716 est
2642 4678 2732 4716 rea:
2757 4661 3060 4716 Iudaeorum
3078 4660 3105 4715 γ
3130 4660 3315 4716 Nonne
3349 4672 3595 4731 poterant

2007 4756 2169 4810 etiam
2200 4754 2301 4809 hoc
2337 4753 2662 4808 revelatione
2681 4766 3005 4823 cognoscere
3024 4793 3038 4817 ,
3068 4752 3204 4807 sicut
3231 4763 3594 4823 cognoverant

2009 4848 2151 4901 illam
2173 4846 2383 4902 stellam
2422 4846 2564 4915 regis
2588 4859 2708 4899 esse
2733 4841 3074 4898 Judaeorum?
3093 4842 3277 4899 Nonne
3308 4844 3479 4913 potuit
3498 4860 3593 4898 eos

2009 4941 2076 4995 ad
2129 4940 2279 4995 illam
2332 4939 2599 4993 civitatem
2652 4936 2838 4992 eadem
2892 4934 3045 4991 stella
3095 4936 3419 5007 perducere,
3461 4937 3600 4992 sicut

2013 5042 2196 5104 postea
2238 5030 2483 5101 perduxit
2520 5028 2601 5083 ad'
2638 5028 2815 5083 locum
2862 5027 2951 5082 ubi
2979 5027 3223 5083 Christus
3261 5043 3382 5082 cum
3430 5038 3601 5084 matre

2074 5207 2095 5229 '
2128 5204 2416 5267 ttecognitus
2430 5200 2491 5250 ad
2511 5213 2555 5249 r.
2578 5212 2672 5250 rm.
2691 5213 2742 5251 ν.
2766 5206 2820 5250 et
2850 5198 2911 5249 ad
2930 5205 3043 5251 Lor.

2097 5289 2148 5347 a)
2170 5288 2311 5347 Alias,
2330 5286 2395 5337 de
2419 5287 2631 5336 Diversis
2651 5284 2732 5334 6?.
2943 5340 2973 5347 Α,

2102 5344 2151 5418 t1)
2175 5344 2527 5418 Incunctanter;
2532 5348 2713 5418 asserit
2734 5353 2894 5418 uagos
2907 5344 3009 5395 visa
3031 5344 3176 5418 stella
3199 5345 3398 5418 edoctus
3431 5344 3493 5393 ab
3517 5350 3603 5418 An-

2014 5405 2145 5478 gelis
2168 5414 2314 5461 tuisse
2331 5410 2460 5478 quod
2482 5407 2577 5478 illa
2597 5409 2777 5478 Christi
2790 5405 2983 5478 signum
3008 5413 3143 5478 esset
3165 5422 3178 5457 :
3200 5424 3236 5478 μ
3257 5405 3502 5478 Brutique
3517 5408 3603 5453 aii-

2024 5467 2284 5548 ???th
2307 5490 2330 5518 ’
2350 5467 2583 5548 ’ῐιξςιυίιει
2601 5471 2825 5548 9³⁸9Ῐὲίὲίὲ
2838 5467 2901 5548 ἓξ)
2923 5469 3150 5548 Ἤρεξὲ
3165 5467 3607 5548 933531933995?

2019 5540 2202 5587 nitione
2241 5529 2571 5585 revelationis.
2593 5529 2617 5578 ἱ
2649 5540 2891 5581 Praeterea
2921 5529 3038 5580 dicit
3067 5532 3369 5580 concionator
3390 5563 3404 5587 ,
3441 5541 3526 5577 res
3556 5529 3606 5578 in

2019 5610 2236 5662 munera
2258 5595 2443 5662 oblatas
2467 5609 2495 5644 a
2528 5595 2673 5662 magis
2707 5594 2975 5662 secundum
3010 5591 3409 5662 consuetudinem
3448 5602 3602 5662 stium

2019 5663 2133 5723 quia
2176 5659 2289 5710 talia
2311 5657 2536 5709 solebant
2555 5656 2735 5723 offerre
2770 5656 2865 5705 diis
2879 5656 3004 5723 suis.
3045 5656 3430 5723 At__A_ugustiuus
3462 5656 3610 5723 ineo-

2020 5711 2129 5770 r'um
2151 5724 2435 5771 muneribus
2455 5719 2667 5769 nonnihil
2692 5718 2907 5783 mysterii
2929 5717 3145 5780 agnoscit
3167 5711 3467 5764 in'sermone
3489 5711 3608 5772 sos,

2023 5798 2071 5833 ιι.
2098 5784 2145 5833 2.
