4080 6360
531 403 613 460 ιιι·
633 401 670 456 ’1

525 513 702 570 iulans
727 509 878 566 erat?
915 505 1132 566 Poterat
1171 515 1300 558 sane
1322 542 1342 570 ,
1393 513 1501 556 non
1549 507 1727 552 tamen
1757 497 1954 552 factum
1983 502 2066 550 est
2094 509 2110 559 ;

526 615 588 661 ut
624 606 726 659 hoc
757 619 787 658 a
817 599 1016 656 .ludaeis
1041 595 1390 667 inquirerent.
1429 592 1604 661 Quare
1647 589 1816 643 voluit
1837 591 1936 643 hoc
1973 587 2115 642 Deus

527 713 557 750 a
597 695 796 751 ludatis
837 690 1068 762 inquiri?
1107 689 1172 744 Ut
1223 687 1350 742 dum
1398 683 1684 740 ostendunt
1713 683 1764 736 in
1813 696 1968 751 quem
2009 695 2114 734 non

528 786 787 848 credunt,
820 783 936 851 ipsa
973 795 1066 835 sua
1088 776 1540 836 demonstratione
1559 773 1896 828 damnentur.
1926 772 2116 824 Atten-

530 879 640 934 dite
665 876 784 946 quia
799 885 853 929 et
883 889 1021 928 nunc
1051 869 1445 940 liuntprimitiae
1474 865 1720 923 Gentium
1748 863 2116 934 Magi,qnanto

531 987 563 1025 a
619 969 805 1040 majori
845 967 1120 1036 impietate
1172 962 1414 1028 liberali,
1445 967 1594 1014 tanto
1630 957 1886 1028 majorem
1931 955 2117 1009 dantes

529 1061 754 1131 gloriam
795 1057 1058 1112 liberanti.
1101 1053 1390 1123 Quaerunt,
1424 1050 1522 1106 Ubi
1543 1060 1618 1122 est
1641 1050 1724 1120 qui
1764 1055 1912 1101 natus
1935 1055 2120 1100 rstrez

529 1149 869 1207 Iudaeorum?
893 1147 1129 1204 Herodes
1157 1188 1172 1212 ,
1204 1144 1385 1198 audito
1420 1142 1563 1212 regis
1593 1140 1807 1195 nomine
1825 1181 1840 1201 .
1869 1147 2114 1208 tanquam

531 1242 760 1298 a-mulus
785 1239 1168 1294 contremiscit.
1199 1235 1362 1290 Vocat
1387 1233 1544 1303 Legis
1569 1231 1768 1302 peritos
1791 1271 1808 1296 ,
1831 1230 2120 1298 interrogat

527 1334 600 1388 ab
623 1333 703 1389 eis
739 1329 1030 1384 secundum
1061 1328 1362 1396 Scripturas
1391 1333 1446 1378 ιιι
1487 1323 1722 1378 indicent
1749 1321 1836 1374 ttbi
1875 1320 2119 1376 Christus

531 1434 862 1478 nasceretur.
891 1421 968 1475 llli
1007 1417 1358 1488 respondent,
1385 1414 1450 1468 In
1469 1413 1760 1470 Bethlehem
1783 1413 1956 1466 ludar.
1987 1411 2116 1466 Per-

532 1524 788 1570 rcxcrttnt
825 1511 960 1582 Magi
983 1552 1000 1576 ,
1036 1519 1090 1564 et
1127 1509 1483 1564 adoraverunt
1519 1505 1736 1578 (Matth.
1783 1519 1860 1568 ιι,
1903 1503 2065 1567 l-ll)
2099 1517 2113 1554 :

527 1607 698 1662 Judaei
723 1612 1111 1666 remanserunt,
1129 1602 1218 1671 qui
1248 1600 1766 1656 demonstraverunt.
1795 1594 1840 1651 0
1869 1609 2116 1663 magnum

530 1695 960 1754 sacramentum!
994 1694 1160 1750 Hodie
1191 1708 1285 1762 per
1311 1691 1616 1747 Judaeorum
1655 1689 1867 1742 codices
1895 1687 2116 1741 convin-

529 1789 742 1844 cimus:
773 1788 904 1842 [inut
929 1785 1113 1842 ﬁdeles
1151 1800 1248 1855 per
1279 1799 1466 1840 eorum
1503 1781 1735 1837 codices.
1779 1778 2118 1834 Ostendimus

532 1880 758 1952 Paganis
777 1878 916 1950 quod
949 1878 1136 1932 nolunt
1160 1875 1400 1932 credere.
1426 1873 1558 1928 Nam
1598 1872 1882 1942 aliquando
1921 1869 2119 1940 Pagaui

531 1973 734 2028 faciunt
759 1971 912 2026 nobis
935 1967 1236 2038 lmjnsmodi
1255 1965 1604 2037 quaestionem
1623 2005 1639 2029 ,
1663 1979 1782 2018 cum
1805 1963 2118 2042 videntqnae

531 2065 728 2133 scripta
745 2073 866 2118 sunt
882 2063 960 2116 sic
980 2059 1206 2130 iutpleri,
1228 2067 1286 2112 ιιι
1311 2072 1506 2128 negare
1529 2059 1747 2109 omnino
1765 2072 1868 2108 nun
1889 2053 2116 2124 possint,

530 2157 674 2227 quod
707 2171 770 2210 ea
797 2171 890 2226 per
913 2152 1108 2210 Christi
1137 2168 1330 2208 nomen
1361 2151 1414 2206 in
1431 2150 1678 2204 omnibus
1704 2149 1954 2219 gentibus
1981 2161 2118 2215 prac-

531 2256 842 2310 scntamtur.
884 2261 1001 2317 quae
1047 2245 1098 2300 in
1139 2243 1336 2298 sanctis
1363 2241 1642 2298 codicibus
1679 2237 1932 2312 pra-dicta
1985 2235 2120 2291 rcci-

535 2349 744 2396 tantur.
797 2341 848 2392 in
891 2338 993 2392 lide
1040 2351 1260 2405 regum.
1305 2335 1358 2388 in
1389 2335 1664 2388 eversione
1711 2331 2010 2394 idolorum,
2065 2329 2118 2383 itt

533 2429 827 2485 mutatione
855 2444 1030 2482 rerum
1055 2427 1406 2482 humanarum
1441 2442 1456 2478 :
1497 2432 1550 2477 ct
1573 2423 1858 2492 aliquando
1878 2421 2074 2475 audent
2101 2461 2118 2486 ,

533 2531 592 2574 ut
615 2520 820 2583 dicant,
851 2518 1066 2572 Vidistis
1093 2517 1164 2572 ita
1192 2517 1304 2570 ﬁeri
1325 2557 1340 2578 .
1373 2524 1428 2572 et
1459 2525 1704 2583 tanquam
1735 2512 1984 2581 praedicta
2013 2513 2122 2568 sint

533 2610 952 2680 conscripsistis.
979 2611 1088 2664 lloc
1127 2620 1280 2677 poeta
1309 2606 1523 2676 quidam
1553 2621 1734 2660 eorum
1777 2604 1900 2659 fecit
1927 2623 1942 2659 :
1973 2619 2122 2658 reco-

529 2709 796 2774 gnoscant
823 2702 920 2755 ista
949 2701 1037 2768 qui
1085 2699 1346 2770 legerunt.
1377 2697 1624 2752 Narravit
1653 2696 1936 2763 quemdam
1981 2693 2118 2764 apud

531 2797 731 2852 inferos
749 2792 1090 2849 descendisse
1109 2834 1124 2859 ,
1157 2801 1314 2861 atque
1343 2789 1396 2844 in
1429 2789 1706 2844 beatorum
1737 2789 2004 2858 regionem
2025 2801 2122 2842 ve-

533 2886 698 2946 nisse.
721 2885 1218 2952 demonstratosqne
1237 2881 1308 2935 illi
1327 2879 1688 2934 Romanorum
1733 2877 1998 2948 principes
2024 2893 2120 2930 na-

535 2982 800 3044 sciturus,
837 2991 970 3046 quos
1010 2975 1120 3044 jam
1161 2975 1306 3043 ipse,
1353 2973 1442 3042 qui
1475 2971 1590 3026 hanc
1627 2970 1927 3035 scribebat,
1970 2978 2123 3022 natus

531 3077 758 3126 noverat
797 3066 1102 3141 (Virgilius,
1145 3063 1360 3118 .Eucid.
1407 3064 1497 3118 lib.
1551 3065 1614 3124 6,
1659 3077 1782 3116 vers.
1839 3059 2118 3130 752-887).

531 3160 808 3217 Praeter-ita
861 3159 1002 3212 enim
1043 3157 1310 3218 narravit;
1358 3152 1452 3209 scd
1505 3153 1656 3222 quasi
1709 3151 1883 3206 futura
1935 3158 2119 3206 essent

531 3252 782 3324 praedicta
801 3291 818 3317 ,
841 3249 1179 3318 conscripsit.
1213 3247 1304 3304 Sic
1329 3255 1384 3301 et
1409 3261 1506 3301 vos
1527 3287 1541 3310 ,
1572 3246 1814 3315 inquiunt
1840 3243 1995 3299 nobis
2016 3243 2120 3298 Pa-

532 3343 688 3414 gani,
728 3340 932 3396 vidistis
975 3339 1090 3395 ba-c
1126 3337 1304 3393 omnia
1355 3336 1500 3404 ﬁeri,
1549 3347 1603 3390 ct
1645 3335 1936 3405 scripsisus
1971 3333 2124 3390 vobis

528 3435 772 3497 codices,
798 3433 852 3488 in
900 3432 1092 3503 quibus
1123 3429 1238 3484 haec
1266 3428 1509 3496 legantur
1547 3437 1796 3496 tanquam
1845 3423 2118 3495 praedicta.

528 3524 576 3582 0
599 3525 764 3595 gloria
792 3523 932 3594 regis
961 3521 1162 3576 nostri!
1210 3519 1396 3574 Merito
1427 3517 1598 3573 Judaei
1637 3533 1666 3570 ιι
1717 3515 1970 3572 Romanis
1995 3517 2121 3572 victi

529 3625 686 3680 sunt,
728 3629 828 3670 nec
861 3613 1040 3670 deleti.
1081 3611 1278 3668 Omnes
1303 3617 1490 3679 gentes
1525 3624 1555 3662 a
1585 3609 1838 3662 Romanis
1862 3607 2116 3673 subactae,

531 3707 584 3762 in
615 3707 974 3760 Romanorum
1013 3703 1132 3772 jura
1165 3701 1486 3756 transierunt
1515 3717 1528 3754 :
1561 3699 1678 3754 haec
1705 3713 1840 3770 gens
1885 3707 1941 3754 et
1987 3699 2122 3753 victa

531 3806 643 3863 est,
665 3809 722 3852 et
759 3796 812 3852 in
845 3797 960 3866 lege
983 3811 1076 3850 sua
1118 3795 1342 3859 mansit,
1382 3801 1640 3862 quantum
1677 3791 1744 3845 ad
1793 3790 1881 3844 Dei
1913 3789 2118 3844 cultum

534 3889 756 3948 attinet.
801 3885 999 3954 patrias
1051 3883 1466 3938 consuetudines
1504 3883 1768 3950 ritumque
1813 3879 2118 3935 custodivit.

535 3981 736 4036 Everso
761 3981 922 4034 etiam
953 3977 1151 4046 templo
1179 3990 1278 4032 suo
1296 4017 1312 4043 ,
1341 3975 1606 4030 exstincto
1659 3972 1962 4028 sacerdotio
2012 3973 2123 4043 pri-

532 4075 708 4134 stino.
737 4074 874 4126 sicut
915 4070 1120 4126 dictum
1147 4077 1230 4124 est
1267 4083 1296 4122 a
1341 4066 1652 4137 Prophetls;
1677 4072 1898 4120 servant
1943 4073 2119 4120 tamen

531 4163 990 4221 circtuncisioncm
1021 4170 1076 4216 et
1123 4165 1324 4214 morem
1347 4157 1664 4228 quemdam.
1711 4171 1872 4226 quoa
1911 4153 2121 4210 eaeteris

533 4255 778 4328 gentibus
821 4253 1238 4320 distinguuntur.
1286 4249 1511 4316 Propter
1554 4245 1716 4318 quid.
1758 4245 1858 4300 nisi
1903 4255 2121 4315 prepter

542 4345 903 4402 testimonium
933 4342 1211 4397 veritatis?
1265 4341 1447 4412 Sparsi
1505 4350 1630 4394 sunt
1677 4339 1869 4408 ubique
1918 4337 2117 4404 Judaei,

536 4445 813 4511 portantes
839 4434 1051 4490 codices
1069 4434 1260 4502 quibus
1281 4432 1518 4486 Christus
1537 4429 1850 4499 pra-dicatur
1865 4469 1879 4493 ,
1907 4441 1962 4484 et
1984 4429 2122 4484 sicut

536 4530 822 4602 praedictus
858 4536 942 4582 est
967 4537 1346 4597 pracscnlatur.
1378 4535 1434 4578 nt
1455 4524 1564 4592 jatttt
1593 4523 1818 4594 Paganis
1843 4523 2010 4592 possit
2027 4536 2120 4576 os-

534 4623 703 4678 tendi.
745 4619 966 4676 Profero
1017 4617 1294 4680 οοιΙίουιιι,
1346 4617 1464 4683 lego
1509 4617 1820 4685 prophetam
1859 4613 2120 4669 :ostendo

535 4715 805 4785 impletum
835 4725 954 4766 esse
981 4708 1334 4780 prOphetiam.
1361 4707 1574 4762 Dubitat
1598 4722 1830 4776 paganus
1849 4747 1864 4771 ,
1896 4721 1960 4760 ne
1987 4707 2120 4760 forte

537 4803 644 4860 huc
674 4804 786 4872 ipse
809 4799 1186 4856 conﬁnxerim.
1227 4798 1475 4854 Inimicus
1495 4813 1644 4852 meus
1674 4797 1830 4852 habet
1853 4797 1994 4851 hunc
2027 4811 2120 4850 co-

537 4898 710 4952 dicem
735 4933 752 4960 ,
778 4893 1066 4961 antiquitus
1113 4891 1213 4946 sibi
1257 4905 1287 4944 a
1330 4889 1618 4959 majoribus
1667 4888 2116 4944 commendatam.

539 4987 738 5042 Ambos
758 4984 880 5040 inde
899 4984 1156 5038 convinco
1183 5000 1198 5036 :
1227 4981 1499 5045 Judaeum,
1528 4981 1650 5051 quia
1679 4980 1730 5034 id
1749 4982 2116 5050 prophetatum

536 5089 593 5136 et
627 5078 950 5146 completum
989 5091 1089 5146 ego
1115 5073 1378 5145 cognovi;
1407 5089 1706 5144 paganum,
1733 5071 1854 5144 quia
1879 5089 1982 5126 non
2017 5087 2118 5142 ego

537 5171 640 5224 hoc
659 5167 911 5223 conlinxi.

609 5261 662 5316 ⁸5.
697 5258 1020 5327 Sacriﬁcium
1059 5257 1148 5310 uni
1191 5254 1298 5310 Deo
1329 5254 1570 5308 debitum.
1615 5252 1730 5307 Non
1778 5267 1906 5323 ergo
1953 5254 2118 5308 sedu-

535 5361 658 5407 cant
707 5348 968 5405 daemonia
1012 5348 1190 5418 specie
1237 5344 1579 5400 divinationis
1624 5344 1886 5408 incautos,
1928 5354 1980 5399 et
2027 5361 2114 5398 re-

537 5459 658 5498 rum
703 5439 1072 5511 temporalium
1103 5439 1242 5494 male
1265 5437 1508 5492 curiosos
1533 5453 1548 5500 ;
1593 5451 1695 5492 nec
1722 5436 1953 5505 superbo
1982 5435 2120 5490 fastu

537 5535 868 5605 decipientes
895 5532 1124 5602 impios,
1156 5529 1254 5584 sibi
1287 5527 1670 5582 sacrificiorum
1701 5527 1914 5598 exigant
1945 5527 2116 5582 hono-

536 5643 673 5683 rem.
705 5625 845 5680 Vere
869 5625 1047 5680 divina
1077 5623 1446 5693 praedixerunt
1489 5619 1654 5674 divini
1697 5621 1794 5673 viri
1841 5621 1996 5674 unius
2037 5621 2119 5676 di-

539 5718 730 5790 scipuli
757 5720 799 5773 ί.
835 5717 1032 5773 Verum
1065 5711 1379 5768 sacriﬁcium
1402 5755 1416 5777 ,
1459 5713 1548 5765 uni
1579 5727 1706 5764 vero
1736 5711 1844 5765 Deo
1871 5712 2114 5766 debetur.

600 5833 615 5863 ⁸
633 5837 800 5889 Iocus
823 5825 1112 5889 perplexas,
1125 5823 1547 5889 _t|t_ti_in_nitltmatto
1569 5820 1691 5889 libro
1711 5821 1782 5870 sic
1803 5822 1967 5886 jacet:
1999 5833 2120 5874 rem

559 5887 706 5941 “vim
725 5883 1058 5956 ριίέάιέιηιηε
1081 5883 1231 5940 diuini
1253 5885 1344 5937 uiri
1361 5884 1501 5935 unius
1527 5883 1616 5934 Dei
1635 5889 1760 5933 sunt.

1773 383 1831 438 S.
1873 377 2008 438 AUG
2018 376 2235 434 l’STl-Nl
2275 375 2578 434 EPISCUPI

3672 379 3696 434 l
3707 378 3812 436 668

2211 491 2393 564 Hujus
2443 492 2626 562 ﬁgurae
2675 499 2802 548 ante
2858 491 3084 562 gratiam
3123 534 3138 559 ,
3199 493 3428 550 victimis
3481 493 3813 552 adumbrata:

2223 592 2368 638 sunt.
2398 583 2550 651 Quod
2579 597 2687 638 uno
2715 583 2880 639 modo
2907 583 3142 640 futurum
3183 586 3388 648 fuerat.
3425 585 3610 642 multis
3633 587 3814 643 modis

2221 676 2550 746 providentia
2587 676 2766 731 divina
2817 679 3224 748 praenuntiavit,
3268 687 3512 746 utquam
3557 695 3811 745 magnum

2217 777 2396 836 esset,
2422 767 2750 824 ostenderet.
2799 769 2917 838 Ipse
2971 769 3206 824 medicus
3231 811 3246 836 ,
3292 770 3406 840 ipse
3445 771 3814 826 medicamen-

2221 871 2334 916 tum
2369 879 2384 917 :
2416 862 2684 925 medicus,
2717 863 2840 932 quia
2873 862 3139 927 Verbum;
3171 864 3618 919 medicamentum
3641 905 3654 928 ,
3686 865 3812 934 quia

2215 952 2462 1008 Verbum
2485 968 2618 1010 caro
2639 953 2834 1008 factum
2863 961 2964 1008 est.
2995 953 3110 1022 Ipse
3139 954 3389 1008 sacerdos
3411 996 3424 1016 ,
3460 956 3571 1024 ipse
3595 956 3813 1009 sacrili-

2226 1045 2390 1100 cium.
2439 1043 2556 1114 Ipse
2613 1053 2699 1098 est
2741 1044 2829 1114 qui
2872 1045 3094 1098 mutavit
3147 1045 3288 1100 viam
3345 1043 3612 1114 Magorum
3649 1063 3664 1098 :
3698 1046 3815 1112 ipse

2221 1137 2384 1190 etiam
2429 1151 2573 1192 nunc
2623 1145 2794 1191 mutat
2831 1137 2992 1190 vitam
3025 1137 3306 1192 malorum.
3351 1137 3514 1208 Cujus
3553 1138 3610 1192 in
3647 1152 3815 1193 carne

2223 1225 2727 1292 manifestationem,
2749 1242 2867 1296 quae
2890 1241 3064 1298 graece
3095 1227 3292 1282 dicitur
3312 1228 3630 1300 Epiphania,
3654 1229 3814 1298 justi-

2225 1319 2396 1375 ﬁcatae
2427 1319 2479 1374 in
2505 1321 2698 1392 spiritu
2726 1331 2914 1391 gentes
2953 1321 3210 1377 hodierna
3240 1323 3574 1378 solemnitate
3614 1337 3814 1378 conce-

2225 1413 2435 1467 lebrant
2463 1431 2478 1468 :
2511 1423 2573 1467 ut
2613 1423 2834 1469 renovet
2875 1417 3190 1469 memoriam
3233 1415 3583 1482 solemnitas,
3631 1416 3813 1486 vigeat

2221 1505 2506 1561 devotione
2534 1507 2722 1577 pictas,
2751 1505 2956 1563 ferveat
2981 1509 3397 1579 congregatione
3425 1508 3658 1564 Charitas
3679 1550 3698 1572 ,
3731 1509 3814 1564 lu-

2221 1609 2340 1655 ceat
2365 1599 2554 1654 invidis
2589 1599 2808 1655 veritas.

2633 1751 2864 1810 sanun
2901 1751 3223 1810 ccccxxv
3248 1757 3265 1778 ι
3299 1753 3398 1826 (α).

2638 1891 2707 1935 De
2729 1883 2984 1950 Epiphania
3001 1885 3204 1947 Domini,
3227 1901 3280 1936 ιιι
3303 1886 3391 1950 (b).

2295 2007 2526 2063 Christus
2541 2007 2572 2060 J
2581 2009 2737 2062 uitreis
2753 2009 2970 2078 primum
2989 2019 3035 2064 et
3048 2021 3158 2080 post
3181 2011 3421 2066 Gentibus
3441 2011 3812 2086 manifestata.

2191 2117 2194 2120 ‘
2223 2099 2456 2174 Infantes
2477 2113 2720 2172 martyres
2739 2102 2920 2170 effecti.
2943 2103 3054 2158 Duo
3067 2105 3280 2172 parietes
3301 2106 3368 2158 ad
3382 2107 3622 2176 angulum
3641 2123 3815 2162 conve-

2223 2196 2435 2249 nientes.
2489 2195 2780 2265 Epiphania
2831 2197 2992 2252 latine
3019 2196 3376 2254 manifestatio
3413 2207 3516 2254 est.
3551 2199 3811 2257 Dominus

2223 2287 2466 2342 Christus
2489 2301 2614 2344 ante
2664 2306 2858 2358 paucos
2883 2290 3000 2344 dies
3040 2290 3314 2346 nativitate
3349 2307 3442 2346 sua
3471 2291 3669 2346 Judaeis
3696 2307 3813 2345 ma-

2225 2381 2508 2436 nil'estatus
2561 2391 2643 2436 est
2693 2400 2707 2435 :
2769 2382 3028 2439 hodierno
3065 2394 3244 2440 autem
3307 2385 3394 2440 die
3452 2401 3546 2456 per
3600 2388 3812 2442 stellam

2224 2473 2484 2530 Gentibus
2532 2473 2832 2530 declaratus
2887 2486 2992 2530 est.
3063 2475 3280 2548 Agnovit
3339 2477 3428 2532 bos
3477 2494 3814 2549 possessorem

2223 2581 2410 2631 suum,
2458 2575 2504 2620 et
2541 2567 2714 2620 asinus
2753 2581 2978 2636 praesepe
3001 2565 3210 2620 Domini
3236 2568 3317 2622 sui
3355 2567 3508 2638 (lsai.
3533 2584 3569 2633 ι,
3599 2567 3678 2640 5).
3709 2569 3815 2624 Bos

2223 2656 2292 2712 de
2333 2656 2574 2723 Judaeis,
2627 2657 2812 2712 asinus
2859 2657 2928 2714 de
2963 2656 3262 2724 Gentibus;
3319 2658 3478 2714 ambo
3525 2658 3593 2714 ad
3643 2674 3813 2714 unum

2227 2763 2466 2818 praesepe
2529 2757 2835 2814 venerunt,
2897 2758 2954 2804 et
3020 2750 3169 2805 verbi
3217 2751 3414 2806 cibaria
3463 2751 3808 2808 invenerunt.

2225 2840 2358 2910 Magi
2403 2841 2494 2910 qui
2537 2851 2800 2896 venerunt
2837 2841 3063 2898 adorare
3095 2843 3402 2910 Christum,
3431 2852 3486 2898 et
3513 2844 3816 2914 signiﬁcant

2227 2931 2487 3000 primitias
2513 2931 2786 3000 Gentinnt,
2817 2933 3014 3003 Legem
3046 2947 3152 2988 non
3181 2944 3537 3006 acceperunt,
3571 2935 3814 3004 Prophe-

2230 3034 2310 3078 tas
2341 3041 2448 3080 non
2475 3025 2764 3080 audierunt
2790 3038 2803 3078 :
2837 3025 3014 3096 lingua
3043 3025 3164 3090 (εωιὶ
3197 3027 3353 3081 stella
3379 3025 3500 3080 fuit.
3535 3027 3698 3095 Quasi
3725 3028 3812 3082 di-

2225 3127 2438 3172 ceretur
2462 3117 2540 3172 cis
2565 3159 2580 3179 .
2611 3116 2748 3184 Quid
2785 3131 2818 3171 a
2861 3118 3014 3172 vobis
3047 3118 3269 3187 quaesivi
3309 3118 3442 3173 lucri
3463 3117 3487 3172 ?
3507 3115 3630 3172 Caeli
3661 3135 3816 3172 enar-

2225 3219 2340 3262 rant
2391 3209 2608 3280 gloriam
2655 3209 2751 3264 Dei
2801 3208 2973 3279 (Psal.
3009 3225 3180 3276 XVIII,
3224 3210 3304 3282 2).
3361 3210 3430 3266 Et
3473 3219 3648 3265 tamen
3701 3211 3812 3266 lle-

2226 3301 2386 3374 rodes
2431 3303 2692 3370 turbatus,
2741 3317 2774 3358 a
2822 3302 3022 3360 Judcis
3069 3303 3314 3372 quaesivit
3362 3303 3452 3360 ubi
3499 3311 3816 3358 nasceretur

2228 3395 2492 3452 Christus.
2539 3398 2602 3451 Et
2627 3395 3054 3466 responderunt,
3085 3394 3153 3450 In
3193 3395 3488 3450 Bethleltem
3527 3394 3683 3450 Judte
3709 3410 3730 3448 :
3755 3403 3815 3452 et

2227 3489 2600 3560 propheticum
2665 3489 3030 3544 testimonium
3081 3487 3482 3552 adhibuerunt;
3535 3496 3592 3542 et
3643 3486 3815 3559 Magis

2227 3581 2454 3638 adorare
2483 3582 2860 3652 pergentibus,
2909 3581 3010 3650 ipsi
3051 3581 3352 3636 immobiles
3381 3591 3810 3650 permanserunt.

2228 3671 2284 3727 ln
2329 3688 2522 3743 aggere
2561 3673 2764 3741 lapides
2812 3682 2964 3738 sunt;
2995 3672 3134 3726 viam
3179 3671 3587 3735 demonstrant,
3625 3681 3680 3724 et
3709 3670 3812 3738 ipsi

2228 3782 2332 3820 non
2361 3765 2652 3818 ambulant.
2681 3764 2884 3820 Tamen
2924 3771 3274 3832 perrexerunt
3314 3761 3450 3833 Magi
3491 3761 3559 3817 ad
3597 3761 3816 3816 Bethle-

2227 3855 2382 3920 hetn;
2416 3855 2512 3910 sed
2541 3856 2754 3910 inventa
2779 3855 2999 3908 civitate
3017 3895 3034 3920 ,
3065 3853 3208 3908 unde
3231 3861 3456 3924 possunt
3476 3852 3694 3908 domum
3723 3852 3812 3907 in-

2225 3949 2441 4005 venire?
2472 3949 2609 4004 Ecce
2651 3947 2808 4002 stella
2838 3947 2924 4002 illa
2960 3962 3078 4018 quae
3103 3946 3250 4002 fulsit
3275 3945 3344 4002 de
3376 3946 3548 4010 caelo,
3592 3945 3812 4000 deduxit

2228 4040 2444 4096 interra
2469 4083 2482 4104 ,
2519 4038 2666 4093 stetit
2693 4053 2856 4108 super
2897 4021 3074 4092 locum
3104 4037 3334 4092 abierat
3371 4051 3524 4106 puer.
3567 4036 3812 4102 Quantus

2227 4133 2507 4186 faunttlatus
2531 4131 2938 4195 elementorum,
2959 4138 3016 4184 et
3039 4129 3271 4198 nequitia
3295 4127 3598 4182 Judaiorum
3625 4129 3638 4182 Ξ
3664 4127 3812 4182 Tur-

2225 4225 2380 4279 batus
2421 4231 2506 4279 est
2549 4223 2787 4278 llerndes
2811 4263 2827 4290 ,
2867 4223 3018 4292 quasi
3051 4222 3260 4277 venerit
3303 4220 3544 4276 Christus
3583 4235 3810 4290 regnum

2226 4331 2468 4384 qua-rere
2496 4323 2550 4368 et
2577 4315 2815 4368 invenire
2845 4323 3135 4368 terrenum.
3163 4312 3330 4368 Natus
3359 4321 3439 4366 est
3467 4312 3588 4368 cteli
3617 4313 3721 4376 leo,
3753 4321 3812 4366 et

2227 4409 2434 4464 turbata
2463 4415 2550 4462 est
2581 4415 2790 4462 terrena
2815 4406 3114 4476 vulpecula.
3147 4405 3402 4461 Dominus
3439 4405 3576 4459 dixit
3599 4403 3668 4459 de
3697 4404 3812 4459 lie-

2224 4500 2354 4554 rude
2382 4517 2396 4553 :
2429 4498 2542 4562 Ite,
2581 4498 2732 4552 dicite
2766 4497 2905 4568 vulpi
2945 4498 3024 4552 illi
3053 4496 3200 4569 (Luc.
3239 4514 3331 4552 xm
3359 4537 3376 4564 ,
3419 4495 3533 4566 32).
3575 4495 3812 4552 Turbata

2225 4592 2350 4661 quid
2377 4589 2547 4646 fecit?
2585 4589 2792 4644 Occidit
2829 4588 3074 4644 infantes.
3119 4588 3256 4656 Quid
3285 4587 3454 4643 fecit?
3482 4585 3688 4643 Occidit
3722 4586 3810 4640 in-

2226 4685 2396 4742 fantes
2427 4699 2523 4754 pro
2551 4681 2730 4737 Verbo
2767 4680 2970 4737 infante
3007 4679 3220 4753 (Matth.
3249 4679 3334 4752 tt).
3365 4685 3503 4736 Ante
3542 4690 3813 4750 martyres

2224 4781 2480 4848 sanguine
2509 4787 2630 4830 sunt
2666 4773 2840 4830 ell‘ecti
2866 4813 2881 4839 ,
2929 4787 3086 4843 quam
3127 4779 3346 4842 possent
3385 4787 3478 4826 ore
3526 4771 3810 4826 Dominum

2224 4872 2490 4926 conlitcri.
2529 4870 2595 4924 Et
2621 4869 2717 4924 ltas
2743 4866 3004 4937 primitias
3035 4867 3280 4921 Christus
3307 4865 3450 4918 misit
3474 4863 3542 4920 ad
3569 4863 3808 4918 Patrem.

2225 4963 2382 5016 V'enit
2409 4961 2602 5022 infans,
2629 4968 2685 5013 et
2711 4959 2890 5014 ierunt
2909 4955 3162 5022 infantes;
3191 4955 3366 5011 infans
3385 4955 3454 5010 ad
3485 4971 3601 5018 nos,
3631 4955 3808 5008 infan-

2226 5063 2310 5108 tes
2344 5052 2410 5106 ad
2456 5052 2642 5106 Deum.
2689 5049 2769 5104 Ea:
2795 5065 2882 5102 ore
2921 5049 3197 5120 infantium
3233 5055 3280 5100 et
3317 5047 3606 5101 lactentiqu
3636 5050 3792 5120 pet-[e-

2226 5145 2336 5198 cisti
2363 5143 2562 5197 laudent
2593 5141 2762 5212 (Psal.
2801 5157 2888 5194 vnt
2907 5179 2922 5205 ,
2950 5141 3028 5210 5).
3057 5137 3424 5204 Gaudeamus,
3459 5139 3610 5192 nobis
3636 5138 3810 5194 illuxit

2225 5237 2360 5292 dies.
2409 5235 2542 5312 Magi
2597 5232 2846 5304 primitiae
2897 5213 3152 5286 Gentiuni
3201 5245 3300 5287 nos
3355 5230 3808 5301 signiticaverunt.

2287 5407 2304 5426 ‘
2341 5403 2630 5455 Emendatus
2661 5403 2716 5449 ad
2741 5414 2784 5450 r.
2810 5413 2900 5450 rm.
2935 5415 2982 5450 v.
3009 5407 3062 5451 et
3096 5399 3156 5450 ad
3181 5400 3316 5464 \‘ign.

2286 5491 2359 5614 Ea)
2395 5487 2520 5537 Alias
2543 5489 2671 5537 inter
2709 5487 3027 5549 viguerianos
3047 5485 3096 5534 9.

2307 5553 2356 5614 b)
2381 5557 2453 5614 De,
2469 5557 2666 5614 auctore
2701 5548 3087 5614 incertisumus,

2307 5543 2356 5615 ιή
2381 5557 2454 5615 De
2469 5557 2666 5615 auctore
2701 5543 3087 5615 indertisumus,
3105 5547 3222 5615 quia
3245 5547 3315 5596 sic
3337 5545 3399 5594 de
3425 5546 3616 5615 Herode
3647 5543 3808 5615 loqut-
3897 5573 3900 5576 λ

2225 5608 2402 5674 tur,'ttt
2427 5613 2551 5662 duos
2585 5611 2806 5660 videatur
2825 5642 2854 5674 ,ί
2869 5610 3194 5674 inzautieidam
3231 5622 3408 5674 nempe
3432 5608 3723 5674 etdalterum
3759 5611 3810 5657 in

2225 5671 2483 5748 Evangelia
2513 5680 2650 5748 Lucae
2669 5708 2684 5731 ,
2707 5683 2809 5734 cap.
2841 5672 2932 5748 1.7).,
2977 5671 3274 5748 nominatum.
3295 5671 3523 5748 confundi
3554 5671 3771 5748 V9!Ui§)$l!'
3789 5686 3806 5718 :

2223 5729 2472 5802 qttusipsc
2495 5729 3001 5802 qutdematigustinus
3021 5732 3205 5802 diserte
3228 5733 3479 5802 distinguit
3512 5733 3559 5782 in
3581 5729 3664 5780 lib.
3742 5733 3812 5782 de

2222 5795 2466 5850 Consensu
2491 5795 2902 5906 Egingelistarum
2921 5832 2936 5856 ,
2962 5809 3068 5858 cap.
3093 5798 3142 5860 7,
3164 5807 3212 5848 et
3241 5801 3286 5848 in
3313 5797 3394 5844 lin.
3423 5795 3481 5844 :22
3502 5801 3668 5845 contra
3691 5800 3813 5843 Fau-

2223 5871 2371 5906 stum.
2391 5874 2495 5906 can.
2557 5891 2560 5894 ι
2589 5893 2601 5906 .
2869 5875 2874 5880 ³
3685 5863 3688 5866 ’

2223 5871 2371 5920 stum,
2391 5874 2495 5923 cap.
2521 5863 2601 5906 8i.
2869 5875 2874 5880 -
3685 5863 3688 5866 -
