4080 6360
248 350 393 407 Ιϐω

244 470 597 539 Agnoverunt
639 462 811 519 Judzei
856 460 1072 533 quando
1120 468 1275 516 natus
1328 468 1451 527 est,
1504 466 1841 529 agnoverunt

240 559 456 616 Gentes
485 556 750 611 .hesterno
775 556 793 587 ί
834 555 941 609 die.
988 553 1192 608 Diversi
1236 552 1465 622 parietes
1501 551 1567 605 ad
1613 550 1841 621 lapidem

247 650 559 719 angularem
604 655 897 713 venerunt,
930 645 1054 700 inde
1092 643 1258 699 .ludzei
1282 686 1297 710 ,
1333 643 1455 698 inde
1494 643 1730 709 Gentes;
1775 642 1843 697 de

248 741 493 806 diverso,
522 739 614 793 sed
644 755 748 793 non
772 738 837 792 ad
860 738 1148 792 diversum.
1187 734 1399 790 Vidistis
1426 744 1480 791 et
1506 735 1694 801 nostis,
1720 734 1841 803 quia

251 844 461 888 tantum
492 847 521 886 a
548 847 607 886 se
638 831 867 900 parietes
906 831 1061 899 longe
1089 839 1241 893 sunt,
1274 837 1525 897 quantum
1554 826 1622 879 ab
1648 826 1841 896 angulo

250 925 447 979 remoti
475 931 619 977 sunt.
653 922 921 990 Quantum
949 921 1013 973 ad
1043 919 1295 990 angulum
1323 918 1696 988 prepiuqnant,
1723 932 1843 986 pro-

252 1017 516 1085 pinquant
563 1014 663 1069 sibi
696 1031 709 1066 :
742 1028 864 1067 cum
906 1011 971 1065 ad
1014 1012 1263 1080 angulum
1313 1010 1594 1076 venerint,
1639 1009 1843 1063 luerent

251 1106 379 1161 sibi.
404 1104 518 1160 Hoc
559 1103 686 1159 fecit
718 1102 983 1157 Christus.
1012 1100 1191 1169 Longe
1217 1117 1246 1153 a
1272 1114 1330 1153 se
1361 1098 1756 1154 fuerantJudaii
1784 1108 1843 1153 et

251 1196 491 1262 Gentes,
541 1195 877 1250 circumcisio
923 1202 978 1247 et
1022 1193 1378 1263 mapalium,
1426 1192 1582 1263 Legis
1628 1200 1682 1246 et
1728 1192 1843 1245 sine

254 1288 479 1358 Lege',
506 1288 739 1342 cultores
782 1286 941 1341 unius
982 1287 1093 1341 veri
1145 1286 1274 1353 Dei,
1315 1296 1370 1340 et
1407 1286 1693 1340 multorum
1741 1286 1840 1339 fal-

251 1396 461 1436 sorutn.
489 1380 658 1449 Quam
684 1380 882 1450 longe?
907 1379 1011 1434 Sed
1041 1379 1130 1433 ille
1158 1388 1228 1433 est
1257 1396 1358 1449 pax
1387 1389 1556 1432 nostra
1574 1421 1589 1445 ,
1617 1378 1700 1449 qui
1728 1378 1842 1447 fecit

251 1482 470 1540 utraque
514 1488 686 1525 unum.
730 1470 836 1526 Sed
865 1471 954 1541 qui
997 1479 1254 1525 venerunt
1279 1470 1343 1525 de
1373 1470 1606 1536 Judatis,
1654 1471 1750 1541 ipsi
1788 1472 1838 1526 in

253 1562 404 1618 bono
449 1562 655 1633 pariete
703 1570 1051 1616 numerantur
1085 1578 1097 1614 :
1129 1578 1249 1615 nam
1299 1563 1387 1632 qui
1438 1571 1735 1628 venerunt,
1789 1561 1841 1615 itt

252 1654 413 1709 ruina
459 1669 565 1707 non
608 1662 1000 1708 remanserunt.
1031 1652 1177 1707 Facti
1222 1669 1405 1708 sumus
1454 1669 1617 1708 unum
1668 1654 1742 1707 illi
1790 1662 1845 1708 et

254 1762 357 1802 nos
389 1763 402 1799 :
437 1745 534 1800 sed
576 1745 628 1799 in
673 1761 813 1809 uno,
850 1760 955 1799 non
997 1745 1048 1799 in
1091 1744 1243 1799 nobis
1289 1744 1595 1817 (Ep/185.",
1630 1743 1839 1817 ll-QQ).

254 1837 413 1893 Unde
438 1846 594 1891 natus
618 1846 699 1891 est
726 1835 1008 1891 Christus?
1040 1837 1112 1891 De
1140 1835 1356 1891 Judzeis.
1395 1836 1485 1892 Sic
1516 1836 1679 1891 habes
1708 1836 1843 1891 scri-

252 1940 407 1999 ptum
427 1971 443 1995 ,
493 1928 647 1983 Salus
675 1945 737 1983 ea:
763 1926 963 1983 Judteis
989 1939 1060 1983 est
1102 1927 1279 1999 (Joan.
1323 1945 1372 1983 tv
1392 1971 1406 1995 ,
1435 1929 1526 2000 29.)
1563 1946 1576 1981 :
1606 1928 1699 1983 sed
1738 1943 1844 1982 non

246 2024 390 2077 solis
415 2014 793 2077 Judzeis.N0n
835 2022 975 2076 enim
1017 2022 1187 2086 dixit,
1240 2023 1392 2077 Salus
1422 2023 1656 2087 Judteis;
1707 2022 1799 2075 sed
1826 2064 1840 2088 ,

246 2117 417 2171 Salus
445 2134 509 2170 α
538 2115 758 2170 Ιιιάαιὶε.
789 2116 867 2171 Illi
896 2116 1437 2186 comprehenderunt,
1468 2127 1519 2171 et
1547 2116 1644 2185 ipsi
1672 2116 1847 2185 perdi-

245 2207 487 2272 dcrunt;
521 2206 593 2260 illi
628 2206 956 2276 ligaverunt,
985 2216 1039 2260 et
1066 2206 1210 2276 ipsos
1235 2204 1396 2276 fugit;
1436 2207 1533 2274 ipsi
1566 2206 1807 2259 viderunt
1828 2245 1843 2271 ,

245 2310 310 2353 et
356 2300 668 2354 occiderunt
702 2318 715 2353 :
746 2315 844 2354 nos
886 2315 985 2353 nec
1022 2300 1559 2369 comprehendimus,
1601 2308 1653 2351 et
1696 2311 1846 2351 tene-

248 2406 415 2454 mus;
454 2406 554 2445 nec
579 2391 831 2456 vidimus,
864 2399 918 2445 et
942 2391 1242 2455 credimus;
1275 2391 1597 2460 posteriores
1626 2404 1844 2456 sumus,

253 2494 309 2538 et
333 2483 719 2539 antecedimus.
750 2481 829 2537 Illi
859 2484 946 2553 qni
977 2499 1072 2537 nos
1105 2492 1523 2553 praecesserunt,
1554 2499 1691 2536 vtam
1723 2498 1847 2553 per-

250 2576 513 2631 diderunt
542 2592 555 2628 :
590 2590 687 2629 nos
715 2583 892 2628 autem
932 2583 987 2628 et
1016 2575 1152 2628 viam
1194 2573 1493 2628 invenimus
1517 2616 1531 2641 ,
1568 2582 1626 2629 ct
1658 2574 1710 2628 in
1760 2574 1848 2630 illa

254 2668 598 2722 ambulantes
628 2665 693 2721 ad
724 2666 946 2735 patriam
980 2666 1276 2719 veniemus.

667 2798 895 2855 SERMO
931 2798 1442 2869 CCCLXXV1'(a).

632 2913 875 2961 Dominica
907 2913 955 2960 in
978 2913 1160 2961 octavis
1182 2912 1370 2961 Paschte
1389 2911 1477 2973 (b).

332 3015 568 3071 CAPUT
609 3015 893 3071 PRIMUM.
938 3046 1008 3057 -——
1054 3018 1102 3070 l.
1128 3016 1371 3082 Magnum
1398 3017 1735 3081 miraculum,
1766 3017 1850 3070 in-

260 3121 397 3164 trare
412 3111 595 3179 januis
624 3110 832 3163 clausis.
856 3109 1073 3164 Audivit
1097 3109 1340 3163 Charitas
1362 3120 1555 3172 vestra,
1586 3124 1706 3165 cum
1729 3126 1851 3163 san—

254 3214 408 3258 ctum
441 3202 790 3271 Evangelium
819 3201 1101 3271 legeretur,
1138 3201 1415 3254 Dominmn
1445 3211 1499 3255 et
1522 3201 1850 3255 Salvatorcm

262 3302 515 3348 nostrum
554 3293 735 3347 Jesum
763 3293 1032 3348 Christum
1063 3301 1181 3362 post
1220 3294 1662 3347 resurrectionem
1701 3309 1851 3348 suant

260 3386 465 3439 clausis
509 3384 664 3439 ostiis
697 3384 946 3439 introisse
982 3384 1048 3439 ad
1091 3384 1378 3452 discipulos
1417 3400 1562 3439 suos.
1607 3385 1851 3456 Magnum

269 3476 590 3529 miraculum
625 3492 639 3529 :
670 3475 763 3529 sed
791 3476 969 3530 mirari
997 3476 1216 3541 desinis,
1246 3476 1290 3529 si
1322 3477 1484 3531 Deum
1515 3478 1849 3547 cogitaveris.

262 3568 457 3622 Mirum
488 3568 630 3621 enim
660 3577 832 3633 esset,
876 3568 919 3621 si
946 3569 1093 3621 solus
1122 3567 1279 3621 homo
1308 3569 1407 3623 hoc
1434 3568 1663 3624 fet-isset.
1694 3570 1854 3627 Refer

262 3661 334 3713 ad
362 3658 831 3728 omnipotentiam,
861 3676 965 3713 non
1000 3659 1066 3713 ad
1092 3660 1445 3730 phantasiam.
1473 3660 1634 3715 Ostiis
1659 3662 1855 3718 clausis

264 3751 507 3805 intravit.
526 3750 843 3820 Respondeo
865 3750 976 3815 tibi,
999 3761 1053 3805 ut
1074 3751 1210 3805 scias
1226 3752 1346 3821 quia
1370 3767 1491 3805 vera
1514 3768 1637 3806 caro
1663 3750 1851 3818 fuerat,

264 3844 555 3898 cicatrices
582 3843 871 3913 tangendas
916 3845 1229 3898 monstravit
1276 3844 1295 3916 (
1320 3844 1474 3898 Joau.
1499 3861 1573 3899 xx
1598 3887 1613 3909 ,
1642 3845 1852 3915 19—27).

264 3936 378 3991 Sed
411 3937 558 3990 sicut
589 3950 693 3990 non
724 3945 824 4003 est,
856 3935 1029 4005 inquis
1050 3977 1064 3998 .
1098 3945 1299 3992 natura;
1323 3938 1614 4007 corporalis
1653 3953 1748 4008 per
1768 3938 1853 4008 ja-

269 4045 433 4083 nuam
488 4029 725 4084 clausam
776 4029 1008 4093 intrare,
1043 4029 1120 4083 sic
1158 4046 1263 4084 non
1303 4040 1385 4084 est
1426 4040 1625 4084 natura:
1662 4046 1855 4099 corpo-

267 4124 403 4178 ralis
444 4137 606 4192 super
668 4121 859 4176 lluctus
920 4123 1082 4176 maris
1133 4123 1428 4179 ambulare.
1491 4123 1711 4178 Intravit
1763 4140 1859 4193 per

262 4215 453 4271 clausa
481 4214 638 4277 ostia,
669 4213 931 4283 responde
963 4213 1109 4279 milti,
1139 4214 1204 4269 da
1234 4215 1360 4268 tnihi
1391 4215 1708 4270 soliditatem
1739 4231 1857 4269 car-

267 4308 378 4362 nis.
410 4306 715 4361 Ambulavit
738 4322 899 4379 super
923 4324 1087 4377 aquas
1110 4310 1290 4371 maris.
1317 4309 1383 4363 da
1412 4310 1539 4363 mihi
1565 4318 1619 4363 et
1649 4320 1700 4363 ιιι
1732 4327 1860 4378 pott-

266 4399 375 4451 dus
401 4395 603 4450 carnis.
643 4397 734 4451 Vis
776 4414 935 4453 nosse
976 4399 1074 4453 hoc
1117 4399 1514 4467 omnipotentiae
1552 4399 1756 4453 fuisse?
1799 4402 1856 4455 lit

271 4490 435 4543 Petro
460 4489 609 4543 dedit
643 4488 853 4561 (Matth.
880 4505 985 4552 xw,
1016 4488 1229 4559 25-29).
1261 4492 1358 4558 Qui
1390 4490 1528 4561 quod
1554 4492 1736 4556 voluit,
1769 4493 1863 4545 de-

267 4582 379 4645 dit;
411 4581 554 4651 quod
582 4582 855 4652 proprium
884 4592 997 4635 erat
1023 4623 1038 4647 ,
1066 4582 1164 4637 sibi
1210 4584 1460 4636 servavit.
1502 4582 1592 4637 Ille
1616 4586 1757 4638 enim
1787 4586 1862 4637 vi-

270 4689 411 4729 vens
441 4690 537 4744 per
561 4674 769 4730 clausas
794 4678 982 4741 januas
1026 4674 1271 4736 intravit,
1301 4676 1388 4743 qui
1420 4676 1686 4729 nas«:endo
1726 4676 1859 4729 inte-

268 4769 527 4837 gritatem
549 4766 736 4822 matris
760 4782 864 4820 non
892 4766 1128 4820 violavit.
1158 4765 1302 4835 Ergo
1324 4808 1337 4828 ,
1368 4765 1555 4819 fratres
1575 4808 1590 4831 ,
1618 4766 1861 4820 admirati

270 4858 582 4923 credamus,
606 4858 887 4912 credentes
917 4857 1283 4923 nbaudiamus,
1313 4858 1660 4912 obaudientes
1684 4876 1867 4929 Spere-

274 4967 396 5003 mus
439 4950 739 5020 promissa,
786 4950 829 5003 si
868 4949 1089 5003 facimus
1126 4950 1271 5018 jussa
1305 4952 1465 5021 :quia
1512 4962 1569 5004 ttt
1614 4951 1867 5007 faciamus

270 5043 449 5111 jnssa.
478 5042 592 5109 ipse
621 5042 871 5110 adjuvat,
902 5056 928 5093 a
956 5057 1062 5110 quo
1083 5056 1357 5111 speramus
1383 5045 1664 5113 promissa.

343 5131 577 5186 CAPUT
605 5131 667 5185 ll.
701 5162 771 5171 —
796 5131 852 5185 ἓ.
888 5130 1090 5186 Octava:
1119 5130 1421 5203 Infantiam.
1466 5132 1615 5188 Vetus
1643 5144 1687 5187 et
1715 5151 1869 5188 novus

270 5226 451 5276 homo.
500 5223 668 5277 Ilodie
706 5233 907 5277 octava:
946 5223 1195 5277 dicuntur
1237 5223 1545 5291 infantium,
1582 5227 1868 5280 revelanda

269 5325 401 5369 sunt
428 5317 601 5384 capita
630 5330 815 5369 eorum
844 5357 859 5381 ,
888 5314 1028 5384 quod
1057 5324 1140 5369 est
1168 5314 1417 5369 indicium
1452 5316 1729 5374 libertatis.
1764 5318 1869 5372 lla-

341 5429 358 5461 ι
395 5432 539 5475 Forte
557 5426 843 5490 legendum,
868 5425 1119 5479 hodierno.

338 5492 361 5556 ξ
396 5496 541 5556 Forte
576 5488 858 5556 legendum,
875 5489 1127 5556 auditores
1151 5490 1281 5554 regis
1302 5497 1347 5541 et
1369 5490 1471 5542 sine
1496 5502 1631 5556 Lege.

340 5552 356 5569 ‘
379 5559 482 5599 Non
504 5552 733 5601 inventus
756 5552 848 5600 nisi
873 5552 921 5599 in
946 5552 1105 5601 editis.

360 5616 416 5674 a)
452 5611 591 5670 Alias,
614 5612 680 5661 de
702 5620 941 5674 Tempore
967 5614 1072 5662 160.

366 5627 392 5661 a
452 5616 591 5670 Alias,
614 5616 680 5661 de
702 5620 941 5674 Tempore
967 5616 1072 5662 160.

366 5616 416 5735 bi
436 5674 599 5742 _tlujus
635 5674 877 5742 sermonis
931 5674 1182 5742 exemplar
1223 5675 1405 5742 calamo
1425 5680 1654 5742 scriptum
1691 5682 1876 5732 uellant

274 5737 576 5805 reperimus:
597 5737 749 5805 Prima
773 5748 900 5805 pars,
924 5739 1002 5805 cui
1016 5737 1273 5800 seQuentia
1288 5737 1667 5805 noncohterent,
1683 5745 1876 5796 aliunde

276 5798 467 5847 διεβίω
489 5798 704 5849 videtur.
728 5798 900 5850 come:
923 5798 984 5848 ad
1005 5798 1284 5851 sermonem
1306 5801 1415 5863 247,
1440 5817 1488 5851 ιι.
1518 5802 1561 5851 2.

1565 343 1802 417 ειειιιιο
1838 340 2205 399 CCCLXXVI.

3392 355 3415 409 l
3426 354 3529 411 670

1952 458 2042 515 bet
2079 462 2222 516 enim
2259 461 2558 518 libertatem
2608 464 2707 520 ista
2749 466 3040 538 spiritualis
3082 469 3367 524 nativitas:
3403 485 3526 538 pro-

1948 554 2061 623 prie
2088 563 2261 606 autem
2292 554 2466 607 carnis
2497 557 2743 612 nativitas
2766 560 3097 614 servitutem.
3126 560 3251 614 Duae
3280 572 3402 615 sunt
3432 562 3528 615 uti-

1946 660 2050 711 que
2082 644 2310 697 hominis
2336 646 2669 711 nativitates,
2719 649 2862 702 nasci
2902 660 2953 703 et
2981 651 3207 707 renasci.
3251 650 3528 705 Nascimur

1948 735 2013 788 ad
2047 736 2278 789 laborent
2306 776 2321 797 ,
2373 739 2698 791 renascimur
2740 740 2805 791 ad
2847 742 3077 809 quietem
3113 761 3125 795 :
3155 744 3425 796 nosvimur
3460 742 3527 797 ad

1949 826 2224 893 miserias,
2259 828 2587 882 renascimur
2624 829 2688 881 ad
2728 838 2978 885 utentum
3028 832 3352 887 felicitatem.
3398 834 3529 888 Nam

1950 919 2020 971 illi
2054 920 2239 988 pueri,
2273 920 2524 986 infantes,
2557 924 2778 990 parvuli,
2813 924 3090 990 lactentes,
3115 930 3370 982 maternis
3401 929 3527 982 ube-

1948 1009 2093 1063 ribus
2122 1010 2463 1079 inhaerentes,
2492 1023 2546 1066 et
2569 1023 2824 1081 quantmu
2855 1014 2905 1067 itt
2946 1031 3037 1069 eos
3075 1018 3256 1085 gratim
3281 1018 3528 1072 confera-

1950 1113 2033 1155 tur
2060 1104 2378 1166 nescientes,
2418 1116 2471 1157 ut
2495 1104 2591 1173 ipsi
2618 1106 2827 1172 videtis,
2859 1108 2979 1177 quia
3004 1107 3230 1163 infantes
3252 1120 3527 1177 vocantur,

1944 1203 2002 1249 et
2027 1195 2122 1261 ipsi
2157 1196 2352 1249 habent
2372 1206 2585 1250 octavas
2607 1195 2765 1251 hodie
2797 1216 2810 1251 :
2836 1206 2889 1252 et
2920 1196 3005 1251 isti
3036 1214 3195 1253 senes
3218 1240 3232 1261 ,
3262 1200 3487 1267 juvenes
3512 1241 3528 1265 ,

1946 1284 2349 1351 adolescentuli,
2376 1302 2563 1341 omnes
2585 1286 2830 1342 infantes.
2857 1286 2974 1343 Una
2998 1288 3192 1359 quippe
3214 1289 3425 1343 illorum
3452 1291 3533 1344 itt-

1949 1377 2107 1429 tantia
2142 1379 2365 1446 pertinet
2410 1378 2477 1432 ad
2507 1388 2823 1434 vetustatem
2845 1421 2861 1446 ,
2904 1381 3072 1435 altera
3116 1380 3181 1435 ad
3214 1381 3527 1435 novitatem.

1948 1467 2078 1522 Nam
2117 1485 2248 1537 quos
2289 1469 2479 1525 videtis
2503 1482 2748 1526 recentes
2776 1488 2804 1525 a
2836 1481 3023 1542 partu,
3056 1482 3266 1528 veteres
3294 1488 3529 1527 nascun-

1950 1569 2054 1613 tur.
2084 1560 2251 1616 Vetus
2282 1561 2439 1617 homo
2466 1574 2646 1618 noster
2664 1564 2837 1619 dictus
2863 1574 2946 1620 est
2970 1564 3136 1619 Adam
3160 1605 3176 1632 ,
3204 1581 3268 1620 ex
3298 1580 3405 1636 quo
3433 1581 3529 1618 na-

1948 1652 2147 1707 scimur
2180 1671 2193 1706 :
2224 1670 2391 1708 novus
2419 1655 2577 1710 homo
2597 1654 2863 1722 Christus,
2888 1672 2981 1726 per
3001 1672 3158 1727 quem
3182 1657 3530 1712 renascimur.

1951 1740 2039 1797 lsti
2070 1760 2197 1814 ergo
2224 1755 2276 1799 et
2303 1747 2422 1799 novi
2451 1758 2594 1809 sunt,
2619 1757 2673 1801 et
2701 1749 2869 1801 renati
2899 1756 3025 1802 sunt
3046 1748 3113 1802 ad
3142 1748 3304 1803 aliam
3330 1748 3493 1803 vitam
3513 1788 3532 1814 ,

1947 1846 2107 1891 etest
2138 1838 2190 1890 in
2217 1837 2342 1903 illis,
2369 1838 2413 1893 si
2439 1838 2541 1893 dici
2571 1848 2765 1908 potest,
2795 1840 3009 1910 quando
3036 1847 3348 1904 nascuntur,
3393 1854 3531 1895 nova

1948 1937 2205 1983 vetustas.

2020 2023 2076 2077 '5.
2118 2021 2409 2090 Baptizatos
2446 2023 2677 2078 hortatur
2709 2040 2772 2079 ne
2799 2024 3054 2079 imitentur
3086 2024 3246 2079 malos
3283 2024 3522 2079 christia—

1953 2130 2067 2166 nos.
2104 2111 2167 2166 lu
2200 2112 2428 2168 Ecclesia
2459 2117 2579 2168 mali
2607 2115 2746 2169 bonis
2781 2117 3034 2186 permixti.
3073 2116 3212 2172 Ecce
3242 2117 3533 2171 miscentur

1953 2204 2114 2258 hodie
2146 2205 2390 2258 ﬁdelibus
2434 2205 2660 2261 infantes
2688 2206 2887 2265 nostri.
2916 2216 2969 2260 et
3010 2215 3260 2278 tanquam
3296 2207 3364 2263 de
3406 2206 3534 2273 nido

1952 2298 2153 2349 volant.
2187 2296 2415 2352 Necesse
2444 2306 2526 2351 est
2554 2313 2699 2367 ergo,
2726 2306 2784 2352 ιιι
2808 2299 3156 2367 parturientes
3177 2314 3269 2352 eos
3297 2299 3535 2369 alloqua-

1956 2405 2094 2443 mur.
2137 2389 2285 2444 Sicut
2314 2391 2455 2444 enim
2502 2392 2768 2457 recolitis,
2802 2391 2991 2445 fratres
3037 2392 3163 2457 mei,
3196 2392 3535 2447 hirundinum

1955 2482 2034 2535 vel
2063 2481 2479 2536 domesticmum
2510 2497 2780 2551 passerum
2815 2483 3005 2552 pullos,
3033 2482 3243 2551 quando
3266 2484 3446 2538 volare
3471 2483 3539 2538 de

1955 2574 2080 2627 nido
2108 2573 2390 2641 cmperint,
2420 2583 2615 2627 matres
2646 2589 2763 2627 cum
2794 2575 3019 2640 strepitu
3047 2574 3452 2640 circumvolant,
3482 2582 3537 2629 et

1954 2664 2172 2719 vocibus
2198 2666 2300 2735 piis
2333 2672 2594 2718 testantur
2626 2665 2854 2732 pericula
2889 2665 3136 2718 liliorutn.

2032 2758 2257 2812 CAPUT
2297 2756 2383 2811 lll.
2411 2786 2482 2795 —
2531 2757 2740 2811 Scimus
2790 2772 2917 2827 ergo
2963 2758 3177 2823 multos,
3208 2757 3296 2826 qui
3349 2758 3535 2827 appele

1954 2848 2129 2903 lantur
2144 2848 2347 2913 fideles,
2366 2850 2503 2903 male
2519 2849 2715 2914 vivere,
2736 2857 2787 2902 et
2802 2848 3005 2918 gratiae,
3024 2864 3179 2918 quam
3197 2859 3537 2918 acceperunt,

1957 2941 2191 2995 moribus
2229 2942 2340 2995 suis
2382 2956 2484 2995 non
2526 2940 3113 3001 convenireplaudarc
3144 2942 3308 2995 Deum
3343 2943 3538 3011 lingua,

1956 3034 2326 3113 blaspltentare
2350 3033 2475 3087 vita.
2501 3034 2712 3088 Scimus
2738 3042 2916 3089 autem
2941 3034 3071 3087 alios
3094 3034 3232 3087 inter
3256 3035 3382 3088 istos
3405 3034 3542 3089 mul-

1958 3134 2060 3189 tos,
2105 3133 2354 3195 tanquam
2386 3126 2523 3180 inter
2558 3126 2775 3179 multam
2807 3134 2860 3179 et
2900 3125 3256 3179 abundantem
3300 3127 3539 3195 paleam,

1957 3219 2101 3273 velut
2125 3233 2286 3287 grana
2329 3228 2605 3287 gementes
2651 3217 2701 3270 iu
2734 3217 2956 3281 tritura,
3004 3217 3095 3270 sed
3136 3232 3231 3286 spe
3277 3218 3450 3271 horrei
3481 3231 3542 3272 se

1957 3310 2315 3363 COIISlllillllOS.
2362 3309 2476 3362 Duo
2517 3308 2613 3363 ista
2652 3323 2847 3378 genera
2894 3308 3166 3361 hominum
3198 3308 3396 3361 scimus
3424 3322 3544 3362 esse

1960 3400 2011 3454 iu
2056 3400 2318 3455 Ecclesia.
2351 3401 2543 3454 Arcam
2573 3398 2892 3453 dominicam
2924 3398 3214 3452 Ecclesiam
3247 3398 3493 3452 novimus
3525 3415 3539 3453 :

1960 3493 2357 3547 ventilatioaem
2390 3491 2445 3545 in
2483 3491 2569 3546 die
2605 3489 2788 3560 judicii
2828 3506 3124 3558 speramus,
3168 3505 3397 3543 maSsam
3430 3488 3543 3544 fruo

1959 3585 2124 3640 tuenti
2158 3586 2207 3637 in
2239 3583 2629 3639 resurrectione
2654 3580 3039 3642 desideramus,
3076 3582 3323 3636 horreum
3354 3581 3406 3635 iu
3439 3582 3543 3634 vita

1960 3686 2158 3730 :eterna
2186 3689 2399 3730 sumere
2424 3673 2687 3743 cupimus.
2725 3673 2798 3727 lbi
2826 3673 2967 3728 nulla
2996 3675 3143 3743 palea
3171 3674 3293 3739 erit,
3324 3673 3465 3727 sicut
3491 3672 3542 3728 in

1961 3768 2209 3839 gelu-una
2235 3767 2436 3821 nullum
2465 3781 2689 3837 granum
2716 3766 2837 3821 erit.
2858 3765 3009 3821 Nunc
3032 3782 3179 3835 ergo.
3207 3765 3396 3820 fratres
3417 3766 3544 3831 mei,

1962 3876 2084 3914 cum
2111 3861 2347 3916 sciamus
2367 3859 2473 3913 duo
2499 3860 2595 3912 ista
2618 3872 2813 3930 genera
2837 3857 3109 3913 hominum
3135 3874 3255 3913 esse
3282 3858 3334 3912 in
3364 3858 3549 3914 Eccle-

1964 3951 2041 4007 sia
2063 3992 2078 4018 ,
2111 3952 2319 4021 piorum
2347 3961 2401 4005 et
2430 3950 2710 4019 impiorum
2732 3990 2747 4015 ,
2776 3949 3036 4004 bonorum
3065 3959 3119 4003 et
3157 3951 3454 4013 malorum,
3485 3951 3550 4004 ti-

1964 4045 2221 4098 mentium
2244 4054 2298 4098 et
2320 4045 2792 4103 contetnnentium.
2815 4043 3006 4113 quibus
3031 4043 3417 4113 coniungantur
3438 4044 3555 4109 isti,

1967 4136 2252 4191 nescimus.
2284 4136 2418 4202 Quid
2446 4146 2623 4189 autem
2652 4135 2975 4201 velimus,.et
3005 4135 3101 4205 ipsi
3132 4136 3343 4190 sciunt:
3370 4144 3549 4192 utrum

1963 4228 2031 4285 de
2058 4230 2162 4283 illis
2188 4237 2305 4282 vota
2340 4237 2519 4289 nostra
2553 4228 2943 4298 compleantur,
2984 4226 3212 4282 humana
3252 4228 3547 4297 ignorantia

1965 4321 2323 4375 sollicitudine
2353 4320 2619 4389 fatigatur,
2664 4320 2949 4388 aliquando
2972 4328 3027 4374 et
3054 4320 3199 4375 falsis
3232 4320 3550 4391 suspicioni-

1968 4414 2066 4469 bus
2091 4415 2345 4483 agitatur.
2376 4414 2451 4467 Ex
2483 4414 2563 4468 his
2604 4413 2827 4467 discitur
2853 4412 2907 4467 in
2936 4412 3037 4467 hac
3076 4423 3215 4468 terra
3237 4455 3254 4480 ,
3300 4414 3389 4468 ubi
3432 4414 3552 4470 sine

1969 4511 2257 4565 tentationc
2298 4526 2401 4564 non
2448 4510 2660 4564 vivitur.
2702 4509 2982 4564 Admoneo
3020 4525 3147 4579 ergo
3189 4524 3284 4563 vos
3309 4549 3325 4575 ,
3369 4518 3550 4563 sancta

1966 4603 2236 4673 germina;
2287 4602 2551 4657 admoneo
2585 4618 2714 4669 vos,
2756 4604 2978 4657 novella:
3018 4603 3069 4656 itt
3113 4617 3242 4672 agro
3286 4600 3556 4657 dominico

1970 4695 2185 4765 plant-.e.
2214 4710 2280 4749 ne
2308 4695 2374 4750 de
2402 4695 2552 4749 vobis
2580 4695 2790 4749 dicatur
2815 4694 2956 4765 quod
2985 4693 3053 4748 de
3079 4695 3227 4747 vinea
3260 4693 3452 4748 domus
3484 4693 3557 4747 ls-

1972 4787 2078 4840 rael
2104 4785 2302 4840 dictum
2324 4795 2424 4851 est,
2460 4784 2763 4856 Exspectavi
2788 4795 2841 4838 ut
2869 4787 3054 4853 faceret
3082 4801 3222 4853 uvas,
3246 4786 3364 4853 fecit
3389 4795 3556 4840 autem

1970 4881 2143 4949 spinas
2170 4879 2325 4949 (Isai.
2350 4896 2402 4943 v,
2427 4880 2463 4934 2
2483 4879 2523 4950 ).
2552 4880 2767 4934 Botrum
2801 4881 2852 4933 in
2885 4880 3036 4934 vobis
3066 4880 3320 4945 inveniat,
3348 4882 3433 4950 qui
3464 4881 3562 4934 bo-

1974 4980 2087 5024 trus
2122 4986 2219 5041 pro
2252 4971 2403 5025 nobis
2432 4971 2666 5024 calcatus
2693 4979 2794 5023 est.
2835 4970 2999 5025 Uvam
3030 4969 3185 5037 ferte,
3218 4972 3350 5027 bene
3375 4971 3557 5026 vivite.

1976 5063 2194 5116 Fructus
2221 5062 2361 5116 enim
2390 5063 2595 5131 spiritus
2621 5071 2713 5123 est,
2743 5061 2879 5115 sicut
2902 5063 3028 5117 dicit
3051 5065 3354 5132 Apostolus,
3385 5065 3557 5117 chari-

1974 5167 2071 5219 tas,
2098 5155 2358 5226 gaudium,
2408 5169 2527 5221 pax,
2582 5153 2959 5221 longanimitas,
3010 5155 3306 5225 benignitas,
3337 5155 3556 5220 bonitas,

1977 5245 2323 5306 mansuetudo,
2356 5244 2500 5313 ﬁdes,
2534 5244 2861 5307 continentia,
2894 5245 3097 5297 castitas
3121 5244 3313 5313 (Gulat.
3339 5261 3391 5310 v,
3422 5246 3493 5299 22
3515 5247 3557 5315 ).

1975 5336 2199 5405 Quando
2223 5336 2287 5389 ad
2319 5351 2417 5389 nos
2438 5336 2641 5389 venerit
2662 5337 2887 5403 agricola
2916 5346 3116 5401 noster,
3143 5337 3293 5405 cujus
3316 5352 3411 5390 uas
3433 5352 3562 5405 Ope-

1976 5431 2100 5486 rarii
2141 5444 2358 5491 sumus,
2402 5429 2487 5483 ille
2527 5428 2618 5499 qui
2667 5430 2807 5482 intus
2848 5429 2941 5483 dat
2980 5430 3403 5483 incrementum:
3438 5445 3558 5483 ttam

1978 5537 2078 5578 nos
2117 5521 2414 5576 ferio-ecus
2444 5520 2685 5589 plautare
2729 5520 2971 5574 novimus
3007 5529 3061 5575 et
3101 5522 3306 5590 rigare;
3348 5521 3440 5575 sed
3484 5523 3561 5578 ait

1980 5613 2289 5683 Apostolus,
2326 5611 2501 5681 Neque
2526 5612 2608 5680 qui
2642 5612 2833 5680 plantat
2859 5621 2929 5664 est
2955 5611 3169 5682 aliquid,
3202 5628 3357 5680 neque
3382 5612 3468 5681 qui
3494 5613 3565 5665 ri-

1980 5715 2101 5776 gat;
2126 5706 2213 5759 sed
2244 5705 2379 5757 Deus
2406 5704 2487 5771 qui
2519 5704 2882 5756 incrementum
2910 5704 2995 5756 dat
3021 5706 3039 5773 (
3063 5704 3077 5757 I
3108 5702 3224 5757 Cor.
3252 5719 3330 5767 ιιι,
3355 5702 3449 5772 7);
3473 5703 3565 5770 qui

1985 5800 2145 5855 modo
2177 5797 2314 5851 videt
2340 5796 2601 5869 quomodo
2629 5798 2873 5863 audiatis,
2896 5798 2985 5865 qtti
3016 5796 3174 5851 modo
3201 5796 3411 5867 inspicit
3431 5812 3565 5869 quo-
