4080 6360
511 341 677 436 Ite?!

543 493 704 550 modo
731 488 980 550 timeatis,
1001 493 1093 538 aut
1112 482 1221 552 jam
1251 479 1438 535 timere
1461 473 1726 546 incipiatis
1750 491 1764 528 :
1788 487 1908 528 cum
1937 470 2002 526 ad
2031 483 2130 523 vos

546 586 636 642 ille
671 581 899 654 agricola
927 575 1152 640 venerit,
1189 572 1422 628 inveniat
1461 569 1514 624 in
1549 565 1701 622 vobis
1736 564 1879 636 quod
1925 561 2133 618 dixerat

549 653 853 748 Apostolus,
895 669 1150 726 Gaudium
1188 681 1352 720 meum
1389 672 1436 718 et
1465 675 1654 717 corona
1679 675 1812 724 mea,
1837 673 2008 712 omnes
2046 653 2132 726 qui

545 767 691 822 statis
715 767 769 818 in
795 762 1010 816 Domino
1041 757 1308 832 (Philipp.
1341 771 1414 818 tv,
1447 753 1523 822 1).

615 855 842 913 CAPUT
880 854 970 909 IV.
997 883 1068 892 —
1105 853 1160 906 4.
1206 848 1335 903 Mali
1375 847 1443 900 ad
1488 844 1798 916 peccandum
1841 841 2133 896 inducentes

546 949 772 1004 cavendi.
835 943 1248 1000 Incantatiomtm
1301 937 1523 994 remedia
1583 935 1780 990 illicita.
1834 931 2130 998 Eleemosy-

549 1058 638 1095 na.
685 1038 938 1103 Fratres,
984 1035 1076 1090 filii
1120 1031 1448 1094 dulcissimi,
1489 1027 1582 1082 ﬁlii
1631 1023 1974 1084 charissimi,
2015 1019 2136 1092 imi-

555 1131 739 1187 tamini
785 1129 988 1194 bonos,
1035 1134 1218 1182 cavete
1257 1123 1443 1178 malos.
1487 1108 1627 1174 Scio.
1659 1117 1800 1172 enim
1845 1115 1964 1184 quia
2005 1127 2136 1164 ven-

552 1223 660 1278 turi
697 1229 821 1276 sunt
858 1219 923 1273 ad
969 1231 1062 1272 vos
1108 1215 1352 1270 homines
1391 1211 1548 1273 mali,
1594 1219 1647 1264 et
1689 1204 1991 1278 persuasuri
2039 1216 2137 1256 vo-

551 1315 636 1370 bis
657 1312 1022 1373 vinolentiam.
1047 1317 1099 1364 et
1125 1307 1314 1364 dicturi
1351 1313 1474 1360 sunt
1507 1303 1674 1366 vobis,
1708 1298 1920 1368 Quare?
1951 1295 2139 1350 Nonne

551 1415 608 1462 et
637 1421 734 1460 nos
760 1419 944 1460 sumus
974 1399 1302 1456 fidelissimi?
1329 1396 1478 1462 Scio,
1519 1392 1644 1447 inde
1685 1391 1864 1455 doleo,
1911 1387 2034 1442 inde
2071 1387 2139 1439 ti-

552 1515 696 1556 meo.
738 1499 854 1554 .lam
899 1507 956 1552 tu
993 1496 1036 1550 si
1067 1493 1264 1549 dixeris
1301 1495 1646 1547 constanter:
1701 1483 1907 1548 Frater,
1953 1496 2050 1535 nec
2089 1488 2140 1533 te

552 1594 744 1648 vellem
775 1592 947 1646 facere
970 1588 1110 1660 quod
1136 1587 1284 1650 facis,
1306 1585 1402 1640 sed
1427 1583 1474 1638 si
1503 1592 1552 1637 te
1576 1597 1679 1636 non
1705 1593 1918 1649 possum
1941 1575 2140 1630 ducere

553 1687 611 1742 in
657 1686 852 1740 bonum
897 1696 1073 1737 meum
1105 1722 1120 1747 ,
1163 1678 1247 1734 vel
1289 1677 1396 1731 noli
1442 1689 1530 1730 me
1573 1671 1786 1728 trahere
1825 1668 1892 1722 ad
1943 1667 2138 1722 malum

551 1789 727 1834 tuum.
761 1775 1071 1832 Hominibus
1100 1772 1236 1834 istis,
1271 1777 1330 1824 ut
1365 1766 1481 1821 ﬁeri
1511 1765 1682 1828 solet,
1727 1770 1884 1830 caput
1920 1757 2138 1842 dolebit.

555 1861 806 1925 Dicturus
829 1875 912 1923 est
941 1864 1033 1919 tibi
1055 1861 1259 1917 vicinus
1285 1867 1405 1914 tuus
1430 1865 1523 1924 aut
1547 1855 1718 1909 vicina
1755 1870 1768 1906 :
1811 1851 1905 1904 Est
1939 1849 2026 1902 hic
2055 1848 2140 1900 in-

555 1968 816 2023 cantatur,
843 1967 924 2013 est
949 1955 1035 2009 hic
1061 1951 1399 2013 remediator,
1419 1955 1473 2002 et
1495 1943 1675 2000 nescio
1699 1942 1784 1996 ubi
1809 1935 2142 1994 mathemati-

553 2067 670 2107 cus.
697 2050 776 2106 Tu
795 2048 935 2112 dicis
960 2063 973 2114 :
1004 2043 1335 2112 Christianus
1361 2055 1501 2106 sum,
1532 2051 1638 2091 non
1667 2035 1789 2088 licet
1817 2032 1966 2086 mihi.
2001 2031 2066 2084 tit
2096 2027 2140 2082 si

555 2143 650 2200 ille
665 2141 866 2198 .dixerit
896 2139 1019 2203 tibi,
1041 2117 1266 2202 Quare?
1297 2146 1474 2187 nonne
1503 2146 1600 2199 ego
1629 2126 1951 2182 cIu-istiauns
1982 2121 2141 2176 sum?

557 2245 614 2292 tu
652 2236 893 2290 dicturus
933 2249 1008 2298 es,
1043 2223 1148 2287 Sed
1179 2245 1277 2298 ego
1309 2227 1480 2281 ﬁdelis
1508 2239 1647 2279 sum.
1687 2221 1752 2277 Et
1785 2220 1878 2275 ille
1909 2218 2041 2272 tibi:
2077 2215 2143 2270 Et

555 2344 657 2402 ego
685 2327 978 2399 baptizatus
1016 2339 1156 2380 sum.
1201 2319 1359 2377 Fiunt
1397 2317 1570 2390 angeli
1593 2303 1806 2372 diaboli
1837 2354 1852 2380 ,
1903 2309 2139 2365 titetntn-a

556 2419 774 2475 Christi.
800 2418 932 2485 Quia
963 2417 1134 2486 ipsum
1167 2412 1406 2486 possidet
1434 2408 1700 2470 inimicus,
1733 2405 1946 2459 trahere
1990 2417 2139 2472 qua:-

555 2512 628 2566 rit
655 2521 708 2566 et
735 2509 917 2564 alium.
951 2507 1186 2563 Inveniat
1214 2520 1306 2558 vos
1331 2511 1562 2572 paratos,
1591 2495 1681 2568 qui
1708 2497 1806 2550 ista
1831 2495 1978 2549 vobis
2006 2509 2142 2565 prte-

557 2599 782 2672 paravit.
813 2598 934 2654 Ideo
962 2599 1168 2668 loquor,
1199 2594 1319 2650 ideo
1347 2599 1635 2655 contestor,
1671 2587 1789 2641 ideo
1828 2600 1931 2639 non
1966 2593 2138 2648 taceo,

557 2689 678 2745 ideo
717 2692 1029 2744 vestimenta
1075 2702 1189 2756 mea
1229 2683 1462 2762 excutio,
1499 2679 1616 2734 ideo
1657 2679 1708 2732 in
1754 2678 2004 2732 tribunali
2049 2675 2140 2730 Dei

555 2781 662 2838 mei
690 2791 1003 2838 excusatum
1035 2795 1120 2835 me
1148 2779 1338 2832 habeo.
1363 2775 1544 2830 Dicam
1573 2775 1682 2830 Deo
1709 2789 1826 2828 meo
1852 2791 1864 2828 :
1897 2773 2137 2838 Domine,

561 2858 671 2930 non
704 2861 873 2942 tacui;
905 2873 1146 2935 Domine,
1179 2871 1430 2926 talentum
1471 2871 1611 2944 quod
1643 2869 1769 2924 mihi
1815 2867 2005 2922 dedisti
2034 2881 2138 2920 non

555 2965 832 3030 abscondi,
863 2966 954 3020 sed
982 2963 1213 3034 erugavi.
1241 2957 1352 3020 llue
1373 2963 1564 3035 poterit
1591 2961 1719 3016 mihi
1741 2959 1917 3014 dicere
1943 2974 1958 3013 :
1987 2957 2143 3011 Serve

557 3073 791 3126 nequam,
816 3065 871 3109 tu
899 3057 1066 3119 dares,
1097 3072 1186 3125 ego
1211 3056 1459 3126 exigerem
1487 3052 1699 3122 (Matth.
1733 3065 1856 3114 xxv,
1887 3047 1978 3114 26,
2007 3046 2074 3100 27
2097 3046 2137 3116 ).

557 3149 718 3215 Ecce,
761 3148 1002 3214 Domine,
1033 3147 1190 3214 dedi,
1224 3156 1278 3200 tu
1318 3147 1490 3216 exige.
1537 3145 1601 3198 Et
1631 3145 1676 3198 si
1707 3144 1840 3195 forte
1871 3155 1964 3193 vos
1992 3147 2141 3193 vetus

557 3241 852 3296 titillaverit
893 3239 1264 3304 consuetudo,
1318 3237 1524 3293 habetis
1567 3251 1722 3305 quem
1769 3232 2138 3301 interpellotis.

557 3332 726 3403 Major
767 3342 850 3388 est
895 3331 1106 3402 adjutor
1145 3347 1302 3401 quam
1343 3340 1694 3402 Oppugttator.
1743 3327 1864 3381 Ideo
1909 3325 2136 3395 gemitis,

561 3425 682 3480 ideo
711 3425 895 3488 oratis,
927 3425 1044 3478 ideo
1066 3423 1261 3490 dicitis,
1296 3422 1378 3476 Ne
1397 3439 1488 3476 nos
1507 3421 1695 3496 inferas
1723 3421 1774 3473 in
1800 3419 2139 3472 tentationem.

559 3513 850 3569 Observate
882 3513 1006 3568 illud
1039 3513 1227 3578 etiam,
1257 3511 1447 3567 fratres
1473 3511 1576 3566 mei
1595 3552 1613 3574 ,
1653 3509 1793 3579 quod
1821 3523 1978 3578 Supra
2008 3507 2140 3562 dici-

557 3605 645 3669 tis,
677 3601 883 3658 Dimitte
908 3603 1050 3658 nobis
1075 3603 1240 3657 debita
1261 3613 1470 3666 nostra;
1499 3611 1554 3655 nt
1577 3601 1779 3655 faciatis
1799 3600 1937 3670 quod
1963 3599 2142 3669 sequi-

551 3689 669 3762 ‘tur,
693 3697 820 3750 sicut
835 3706 882 3749 et
897 3711 988 3770 nos
1003 3690 1298 3748 dimittimus
1313 3693 1617 3748 debitoribus
1635 3693 1817 3746 nostris
1831 3701 1842 3748 (
1857 3689 1942 3745 Id.
1958 3705 2029 3752 vt,
2050 3691 2138 3755 1⁸5,

553 3775 673 3858 12).
695 3789 1099 3860 Eleetnosynam
1130 3787 1280 3854 facis,
1303 3786 1718 3858 clcetnosynatn,
1743 3783 1958 3852 accipis.
1985 3781 2142 3851 Igno-

559 3880 688 3945 scis,
706 3865 1138 3949 ignosceturtibi.
1155 3877 1374 3946 Erogas,
1389 3877 1694 3944 erogabitur
1709 3875 1818 3928 tibi.
1837 3875 1998 3928 Detur.
2018 3891 2044 3927 a
2053 3865 2139 3928 udi

557 3971 846 4036 dicentem,
864 3969 1127 4034 Dimittite,
1159 3979 1206 4022 et
1226 3963 1501 4022 dimittetur
1525 3965 1696 4031 vobis;
1724 3965 1857 4030 date,
1874 3975 1920 4018 et
1941 3965 2141 4018 dabitur

559 4063 698 4117 vobis
731 4061 888 4128 (Luc.
910 4075 985 4124 vt,
1005 4061 1072 4116 57
1103 4071 1150 4113 et
1179 4059 1290 4130 58).
1333 4058 1388 4113 ln
1435 4069 1612 4112 mente
1637 4055 1828 4110 habete
1853 4069 2138 4125 pauperes.

559 4153 819 4208 Omnibus
835 4152 984 4207 dico:
1003 4151 1158 4206 facile
1175 4151 1562 4220 elcemosynas,
1587 4147 1780 4203 fratres
1797 4147 1900 4202 ntei
1918 4163 1931 4211 ;
1959 4145 2136 4208 facile,

562 4255 620 4302 et
647 4261 752 4300 non
785 4245 1035 4314 perdetis.
1065 4245 1172 4297 Deo
1209 4241 1427 4298 credite.
1456 4241 1567 4296 Non
1597 4241 1770 4294 solum
1809 4239 1930 4294 dico
1954 4239 2104 4293 vobis
2124 4280 2138 4304 ,

561 4355 669 4394 non
702 4339 921 4408 perditis
949 4337 1091 4407 quod
1122 4337 1294 4391 facitis
1321 4335 1675 4404 pauperibus:
1706 4333 1798 4388 sed
1829 4333 1984 4403 plane
2021 4331 2142 4386 dico

563 4433 736 4498 vobis,
765 4430 867 4486 hoc
895 4431 1066 4485 solum
1108 4445 1213 4484 non
1246 4427 1484 4498 perditis,
1513 4437 1704 4482 ctetera
1733 4427 1971 4496 perditis.
2004 4425 2144 4480 Ecce

561 4522 838 4578 videamus
863 4521 908 4577 si
934 4520 1242 4577 exbil'aratis
1267 4533 1528 4590 pauperes
1555 4519 1748 4582 hodie;
1779 4516 1970 4572 horrea
2002 4518 2144 4586 ipso—

563 4629 683 4670 rum
709 4630 804 4669 vos
825 4615 981 4680 estis,
1001 4623 1062 4669 ut
1085 4613 1176 4670 det
1201 4613 1350 4669 vobis
1373 4613 1513 4668 Deus
1540 4613 1680 4668 unde
1707 4611 1864 4676 detis,
1890 4619 1946 4666 et
1966 4611 2144 4666 dimit-

559 4713 638 4760 tat
683 4705 826 4776 quod
871 4705 1007 4762 forte
1050 4707 1298 4776 peccatis.
1345 4701 1603 4761 lncludite
1649 4705 2042 4776 eleemosynam
2089 4701 2142 4756 in

561 4795 727 4850 corde
747 4811 1060 4866 pauperum,
1084 4805 1138 4852 et
1161 4797 1272 4867 ipsa
1299 4811 1398 4867 pro
1419 4796 1569 4852 vobis
1593 4795 1832 4850 exorabit
1857 4795 2141 4848 Dominum

561 4883 751 4955 (Ereti.
791 4901 950 4951 xxix,
987 4885 1088 4958 15)
1115 4903 1127 4940 :
1155 4889 1241 4942 cui
1265 4897 1349 4944 est
1379 4887 1550 4942 honor
1575 4896 1630 4944 et
1652 4887 1820 4958 gloria
1851 4885 1904 4940 in
1944 4885 2141 4940 saecula

560 4976 900 5033 saeculorum.
925 4979 1120 5034 Amen.

947 5151 1176 5207 sentio
1212 5151 1579 5208 CCCLXXVII
1601 5157 1619 5177 ο
1647 5153 1749 5226 (τι).

1007 5287 1059 5330 In
1079 5279 1370 5332 Ascetlsione
1391 5281 1575 5330 Domini
1600 5279 1689 5346 (b).

631 5423 688 5479 1.
719 5451 792 5464 —
835 5419 1052 5476 Verbum
1127 5419 1220 5474 Dei
1269 5418 1424 5488 digne
1479 5437 1512 5472 α
1570 5419 1712 5473 nobis
1773 5419 1976 5474 laudari
2039 5437 2142 5474 non

563 5523 745 5587 potest.
792 5513 1051 5580 Quomodo
1089 5511 1358 5566 exsultavit
1405 5511 1470 5562 ad
1511 5509 1810 5564 currendum
1853 5513 2004 5565 viam.
2037 5510 2142 5564 Cur

622 5707 640 5728 '
673 5706 960 5756 Emendatus
977 5706 1038 5755 ad
1063 5705 1094 5754 Γ.
1119 5717 1194 5768 gr.
1229 5713 1282 5757 et
1313 5706 1371 5756 ad
1403 5713 1513 5758 Iov.

619 5789 694 5842 lu)
729 5790 868 5842 Alias.
887 5791 951 5839 de
974 5791 1182 5840 Diversis
1199 5791 1278 5842 57.

621 5841 692 5908 lbi
725 5841 907 5902 't‘itulus
927 5851 974 5900 in
1015 5855 1210 5902 excusis
1241 5841 1472 5910 grrtctixus
1495 5860 1616 5917 erat,
1651 5872 1674 5902 ι
1693 5863 1760 5906 De
1785 5853 2036 5906 nativitate
2061 5861 2144 5905 Do-

1779 357 1841 416 S.
1881 349 2247 414 AUGUSTINI
2289 347 2586 406 EPISCOPI

3685 347 3828 410 16⁵12

2238 487 2312 540 bis
2337 487 2388 540 in
2411 483 2620 541 Psaltno
2633 487 2841 550 dictum,
2866 485 3056 540 Tollite
3083 494 3283 556 portas,
3301 497 3469 542 etc.—
3493 489 3830 550 Dilectissimi

2238 575 2452 639 fratres,
2495 577 2566 632 de
2609 577 2780 632 Verbo
2809 587 3010 632 :etcruo
3039 580 3160 646 quis
3193 580 3485 649 temporale
3513 561 3671 652 digne
3699 601 3830 655 pro-

2239 666 2376 722 ferat
2427 667 2688 722 verbum?
2729 667 2932 750 Magnis
2982 669 3160 722 iulium
3205 671 3474 740 quomodo
3521 674 3832 730 sufficiant?

2241 756 2482 812 Laudant
2521 758 2662 822 (mli,
2693 757 2910 812 laudant
2937 759 3182 821 virtutes,
3227 760 3442 815 laudant
3467 763 3704 819 :etlteriae
3733 781 3833 834 po-

2243 857 2480 914 testates,
2524 849 2740 903 laudant
2777 851 2898 904 ςαξιί
2945 851 3248 917 luminaria,
3291 853 3508 908 laudant
3548 857 3743 920 sidera,
3777 868 3836 913 ut

2241 949 2418 1011 potest
2447 939 2627 994 laudat
2656 949 2710 994 et
2741 951 2880 994 terra
2925 959 2937 995 :
2977 959 3080 994 non
3115 954 3171 996 ut
3199 943 3358 1014 digne
3385 943 3594 1010 laudet,
3627 947 3722 1002 sed
3767 965 3835 1002 nc

2253 1047 2312 1086 se
2335 1032 2548 1102 ingrata
2575 1031 2916 1085 ocndemnet.
2947 1031 3078 1100 Quis
3107 1033 3372 1102 explicat,
3413 1036 3532 1104 quis
3579 1037 3832 1106 loquitur,

2246 1125 2368 1194 quis
2389 1125 2470 1178 vel
2497 1125 2636 1198 sapit,
2683 1139 2802 1176 eum
2831 1125 2916 1193 qui
2943 1126 3150 1192 attingit
3193 1141 3220 1178 a
3251 1125 3352 1179 ﬁne
3381 1142 3546 1194 usque
3573 1129 3638 1182 ad
3671 1130 3832 1182 linem

2245 1215 2475 1280 fortiter,
2509 1224 2562 1268 et
2595 1201 2826 1282 disponit
2871 1216 3048 1268 omnia
3093 1217 3327 1270 suaviter
3358 1217 3376 1286 (
3402 1217 3532 1288 Sup.
3561 1235 3650 1274 vm
3675 1260 3690 1284 ,
3734 1221 3757 1274 1
3787 1220 3831 1291 ),

2251 1305 2520 1376 quomodo
2545 1305 2890 1359 exsultaverit
2918 1305 2982 1359 ad
3011 1306 3325 1372 currendum
3355 1309 3517 1376 viam,
3549 1317 3604 1362 nt
3629 1322 3768 1364 esset
3801 1327 3834 1366 a

2245 1413 2454 1453 summo
2481 1399 2616 1453 ctelo
2644 1397 2883 1468 egressio
2906 1398 3040 1468 ejus,
3067 1409 3120 1451 et
3147 1413 3392 1454 recursus
3419 1400 3536 1468 ejus
3569 1418 3736 1471 usque
3763 1403 3834 1458 ad

2243 1503 2509 1543 Summum
2535 1489 2654 1542 curii
2684 1485 2854 1553 (l’sal.
2888 1504 3032 1553 χνιιι,
3063 1489 3115 1551 6,
3142 1489 3236 1560 7)?
3263 1490 3318 1544 Si
3360 1491 3552 1559 ubique
3601 1493 3832 1564 attingt,

2244 1579 2387 1634 unde
2413 1579 2558 1632 exit?
2591 1579 2644 1633 Si
2686 1579 2878 1650 ubique
2907 1579 3156 1649 attingit,
3191 1597 3296 1650 quo
3339 1581 3517 1635 vadit?
3543 1583 3697 1637 Loeis
3727 1601 3836 1639 non

2244 1671 2585 1734 distenditur,
2619 1685 2789 1739 neque
2819 1671 3148 1739 temporibus
3181 1672 3435 1737 variatur,
3471 1689 3642 1744 neque
3676 1675 3838 1730 habet

2245 1779 2492 1820 accessas
2533 1772 2586 1820 et
2627 1777 2870 1832 recessus
2905 1781 2916 1816 :
2951 1764 3002 1816 iu
3033 1779 3093 1818 se
3131 1780 3374 1827 manens,
3419 1757 3837 1836 ubique-circuit

2247 1853 2418 1909 totus.
2454 1855 2586 1924 Qua:
2617 1855 2740 1908 Sunt
2766 1855 2936 1924 spatia
2966 1870 3084 1924 qua:
3116 1871 3220 1910 non
3251 1855 3446 1912 habent
3488 1839 3840 1928 omnipoteni-N

2246 1957 2375 2026 tem,
2394 1965 2512 2016 qtne
2533 1951 2638 2001 non
2663 1956 2844 2002 tenent
2866 1948 3203 2020 immensum,
3223 1965 3340 2018 qua:
3363 1947 3472 2004 non
3498 1951 3512 1982 ¹
3537 1951 3835 2022 suscipiunt

2244 2037 2586 2094 venientem?
2619 2037 2672 2092 Si
2701 2038 2920 2092 verbum
2952 2037 3174 2108 cogitas,
3206 2035 3613 2110 nihildiximds.
3644 2041 3750 2106 Sed
3777 2047 3840 2097 ut

2245 2129 2312 2186 de
2340 2146 2397 2184 se
2437 2127 2662 2183 illllltii(‘.S
2694 2127 2906 2184 doceret
2938 2121 3136 2200 aliquid
3179 2123 3376 2194 diecrc,
3421 2133 3717 2196 humiliavit
3745 2117 3837 2189 se?-

2247 2223 2532 2292 metipsum
2566 2221 2787 2276 formant
2811 2205 2952 2276 servi
2985 2225 3250 2300 accipiens
3300 2224 3642 2300 (l’ltilipp.tt,
3668 2205 3745 2298 8).
3773 2229 3831 2300 in

2249 2313 2346 2370 hac
2373 2315 2542 2370 forma
2567 2315 2874 2382 descendit,
2907 2316 2957 2369 in
2989 2318 3085 2372 hac
3113 2317 3302 2382 forma,
3337 2321 3624 2376 secundum
3653 2322 3834 2378 Evan-

2243 2405 2461 2478 gelium,
2490 2405 2763 2472 sapientisc
2799 2405 2975 2460 studio
3002 2409 3223 2476 profecit
3250 2408 3398 2478 (Luc.
3431 2427 3486 2474 κ,
3516 2411 3628 2482 52),
3654 2413 3706 2466 in
3733 2413 3836 2468 hac

2245 2497 2416 2553 forma
2451 2495 2655 2568 patiens
2683 2498 2798 2561 fuit,
2829 2498 2880 2551 in
2911 2496 3009 2552 hac
3037 2497 3202 2553 forma
3235 2499 3438 2555 fortiter
3459 2502 3746 2566 dimicavit,
3777 2503 3830 2557 in

2245 2589 2346 2643 hac
2377 2591 2540 2643 forma
2571 2595 2812 2645 mortuus
2841 2596 2942 2654 est,
2975 2588 3026 2643 in
3056 2588 3155 2643 hac
3185 2589 3350 2645 forma
3388 2601 3610 2648 mortem
3635 2594 3754 2648 vicit
3783 2569 3836 2648 et

2245 2682 2578 2748 resurrexit,
2601 2683 2652 2736 in
2685 2682 2784 2737 hac
2808 2681 2974 2738 forma
2996 2685 3061 2737 ad
3083 2683 3276 2739 cmlum
3305 2684 3481 2754 rediit,
3503 2685 3592 2756 qui
3620 2685 3688 2741 de
3715 2701 3834 2742 ca:-

2245 2772 2298 2827 lo
2340 2789 2608 2844 nunquam
2642 2773 2883 2830 recessit.
2928 2773 3244 2829 Benedictus
3269 2761 3408 2847 ergo
3429 2786 3512 2831 est
3545 2775 3602 2833 in
3631 2763 3834 2833 solida-

2247 2875 2434 2922 mento
2459 2865 2602 2932 eteli,
2625 2866 2715 2935 qui
2743 2868 2914 2938 factust
2936 2875 3020 2921 est
3047 2883 3140 2934 pro
3163 2867 3328 2930 nobis,
3367 2868 3658 2923 secundum
3689 2871 3836 2940 Apo-

2244 2956 2464 3024 stolum,
2506 2957 2824 3020 ntaledictus,
2850 2967 2907 3010 ut
2937 2957 2990 3011 in
3027 2955 3268 3012 Gentibus
3301 2958 3576 3014 benedictio
3617 2961 3836 3015 Abralta

2245 3047 2389 3118 ﬁeret
2426 3045 2639 3120 (Galat.
2681 3063 2770 3114 Ill,
2799 3048 2886 3112 15,
2919 3047 3042 3118 ll).
3075 3045 3364 3104 Exsultavit
3393 3059 3448 3104 ut
3474 3051 3616 3122 gigas
3641 3051 3661 3124 (
3687 3051 3833 3108 l’sal.

2244 3155 2394 3205 xvnt,
2427 3140 2459 3194 6
2485 3139 2525 3209 ).
2555 3139 2736 3206 Qualis
2765 3140 2954 3210 gigas?
2983 3141 3203 3196 Mortem
3237 3143 3513 3198 moriendo
3541 3147 3832 3214 superavit.

2245 3230 2430 3298 Qualis
2455 3232 2636 3306 gigas?
2663 3233 2848 3288 Portas
2877 3231 3070 3288 inferni
3097 3232 3288 3303 fregit:
3319 3235 3468 3302 exiit,
3489 3248 3542 3292 et
3569 3237 3834 3293 ascendit.

2243 3321 2375 3390 Quis
2403 3332 2486 3378 est
2517 3323 2615 3378 iste
2649 3340 2742 3379 rex
2779 3325 3004 3394 gloriae,
3043 3335 3261 3394 propter
3303 3343 3460 3398 quem
3507 3329 3706 3384 dictum
3750 3341 3838 3387 est

2244 3412 2560 3482 quibusdam
2599 3415 2946 3484 principibus,
2987 3415 3175 3470 Tollite
3207 3429 3398 3488 portas,
3443 3421 3714 3490 principes,
3749 3437 3835 3476 ve-

2245 3515 2409 3586 stras;
2432 3515 2478 3560 et
2513 3505 2777 3560 elevamini
2795 3547 2810 3572 ,
2835 3516 2996 3576 parte:
3013 3518 3212 3562 tolerare
3231 3511 3256 3562 ἰν
3280 3509 3838 3596 Ειθνειτηὶηἰ,.ηῑειειιιιε

2245 3603 2366 3649 est:
2407 3607 2645 3666 angustat
2686 3597 2848 3663 estis,
2883 3611 2988 3652 non
3025 3601 3244 3670 capitis,
3290 3601 3592 3656 elevamini.
3637 3601 3836 3673 thuid

2247 3683 2384 3740 hoc?
2415 3685 2482 3740 Ut
2511 3685 2726 3740 introeat
2767 3703 2858 3742 rea:
2895 3689 3090 3758 gloria.
3134 3691 3506 3760 Expaveseunt
3541 3710 3555 3746 :
3599 3693 3723 3760 Quis
3763 3703 3840 3750 est

2245 3775 2340 3830 iste
2359 3793 2450 3830 rea:
2471 3775 2686 3846 glorite?
2708 3777 2821 3832 Non
2849 3781 3172 3848 agnoscitur.
3205 3781 3320 3836 Non
3351 3784 3532 3838 solum,
3551 3785 3694 3840 Deus
3717 3794 3803 3841 est
3819 3825 3837 3851 ,

2246 3866 2341 3922 scd
2369 3873 2424 3922 et
2447 3867 2608 3922 homo
2634 3885 2647 3921 :
2681 3883 2786 3921 non
2815 3869 2985 3922 solum
3011 3869 3174 3924 homo
3203 3881 3304 3936 est,
3339 3873 3432 3928 sed
3458 3884 3512 3928 ct
3541 3875 3696 3930 Deus.
3731 3875 3837 3930 Pa-

2253 3961 2402 4026 titur,
2428 3969 2574 4014 certe
2604 3959 2744 4015 Deus
2768 3947 2883 4014 est?
2911 3959 3333 4032 resurgit,'certe
3360 3955 3518 4020 homo
3540 3967 3656 4021 est?
3675 3969 3754 4022 An
3785 3977 3840 4026 et

2257 4049 2398 4103 Deus
2424 4056 2481 4104 et
2509 4049 2670 4103 homo
2693 4051 2812 4104 est?
2839 4049 2979 4106 Vere
3004 4052 3144 4106 enim
3176 4053 3391 4122 patitur,
3417 4065 3471 4110 et
3497 4072 3622 4112 vere
3651 4073 3836 4112 resur-

2249 4141 2346 4208 git.
2381 4135 2493 4194 lloc
2519 4149 2697 4196 autem
2731 4141 2781 4194 in
2813 4158 2918 4196 uno
2953 4143 3248 4213 eodemque
3288 4146 3597 4214 psalmobis
3621 4147 3834 4218 dicitur,

2247 4229 2437 4286 Tollite
2473 4241 2666 4303 portus,
2695 4233 2947 4304 principes
2967 4275 2981 4299 ,
3013 4247 3238 4300 vestras;
3281 4247 3325 4290 et
3368 4238 3648 4304 eleramini,
3679 4217 3841 4307 parte:

2251 4332 2474 4390 aeternae,
2497 4333 2543 4377 et
2571 4323 2794 4377 introibit
2819 4342 2910 4380 rex
2937 4326 3132 4396 gloriae.
3162 4327 3230 4382 Et
3253 4332 3509 4399 repetitur
3535 4331 3636 4385 hoc
3665 4332 3839 4400 ipsum

2249 4423 2372 4483 post
2411 4415 2598 4470 eadem
2623 4416 2822 4482 verba,
2851 4425 3100 4488 tanquam
3146 4429 3357 4488 putetur
3415 4423 3738 4491 superﬂuum
3785 4432 3841 4479 et

2252 4523 2357 4561 non
2389 4509 2774 4563 necessarium.
2802 4508 2906 4564 Sed
2935 4509 2988 4564 in
3021 4513 3335 4581 repetitione
3373 4515 3680 4570 eorumdem
3713 4530 3837 4570 ver-

2251 4597 2442 4654 borum
2474 4599 2608 4655 fines
2635 4600 2912 4666 attendite,
2945 4611 2998 4657 et
3029 4603 3288 4659 advertite
3327 4601 3492 4675 quare
3531 4607 3613 4662 bis
3637 4607 3840 4662 dictum

2259 4690 2439 4746 fuerit.
2485 4691 2759 4762 Tanquam
2804 4695 2946 4747 cnim
2989 4697 3154 4750 semel
3200 4698 3495 4766 resurgenti
3520 4740 3533 4762 ,
3572 4707 3628 4753 et
3671 4699 3840 4753 semel

2251 4783 2599 4846 ascendenti,
2629 4785 2708 4838 bis
2737 4795 2902 4854 portzr.
2931 4783 3220 4840 inferorum
3257 4797 3312 4840 et
3350 4789 3470 4844 caeli
3510 4790 3840 4859 aperiuntur.

2254 4871 2362 4926 Res
2387 4875 2530 4927 enim
2559 4889 2717 4938 nova,
2751 4873 2935 4928 inferis
2973 4876 3108 4929 Deus
3136 4891 3372 4946 praesens
3398 4897 3410 4932 :
3439 4895 3527 4933 res
3555 4896 3710 4944 nova,
3733 4897 3840 4934 rm-

2255 4963 2323 5019 lis
2350 4963 2510 5018 homo
2537 4977 2860 5034 assumptus.
2895 4965 3130 5036 Utroque
3161 4979 3421 5038 tempore,
3451 4981 3675 5041 utroque
3699 4974 3842 5036 loco,

2250 5065 2613 5126 expavescunt
2640 5057 2929 5126 principes.
2959 5057 3082 5124 Quis
3112 5070 3184 5114 est
3211 5062 3306 5115 iste
3326 5078 3415 5116 rea:
3439 5063 3650 5132 gloriae?
3689 5063 3846 5118 Unde

2256 5145 2360 5199 hoc
2397 5145 2783 5201 discernimus?
2823 5147 2958 5200 Audi
2991 5147 3397 5220 quidbtrisquc
3435 5153 3842 5222 respondeatur.

2251 5235 2360 5293 Illis
2385 5237 2834 5308 interrogantibus
2866 5239 3077 5306 dicitur,
3109 5240 3356 5297 Dominus
3384 5247 3530 5316 fortis
3569 5257 3613 5300 et
3641 5259 3842 5314 potens,

2249 5327 2500 5384 Dominus
2544 5339 2718 5400 potens
2763 5331 2815 5384 in
2857 5331 3007 5387 bello.
3051 5335 3203 5400 Quali
3257 5325 3435 5390 bello?
3475 5335 3696 5392 Mortem
3749 5355 3844 5406 νισι

2251 5421 2565 5476 mortalibus
2593 5421 2792 5489 subire,
2823 5423 2998 5478 solum
3035 5439 3134 5494 pro
3160 5427 3409 5482 omnibus
3438 5427 3576 5497 pati,
3609 5443 3716 5483 non
3759 5419 3848 5482 re-

2251 5609 2384 5674 mini.
2407 5624 2431 5656 ι
2461 5615 2666 5674 Mutatus
2697 5609 2778 5660 hic
2797 5617 2875 5674 est
2908 5610 2968 5660 ad
2999 5612 3300 5674 exemplaria
3339 5619 3526 5672 vetera,
3551 5612 3598 5662 id
3630 5621 3738 5670 est,
3784 5616 3846 5664 ad

2251 5671 2545 5738 lectionaria,
2574 5673 2620 5721 in
2644 5685 2742 5736 quo
2763 5671 2866 5738 solo
2889 5671 3318 5738 manuscriptorum
3355 5671 3548 5738 genere
3571 5679 3850 5737 reperimus

2250 5733 2380 5784 hunc
2420 5733 2698 5784 sermonem
2719 5769 2733 5794 ,
2753 5737 2815 5784 ab
2837 5737 2944 5796 istis
2986 5733 3298 5796 incipientem
3332 5733 3496 5786 verbis
3512 5771 3528 5796 ,
3559 5733 3668 5787 «De
3691 5752 3850 5788 verno

2258 5812 2283 5842 ς
2305 5805 2508 5860 aeterno,
2529 5814 2552 5842 ιι
2583 5805 2678 5845 etc.
2705 5801 2861 5860 Habet
2883 5795 3060 5858 aliquid
3080 5795 3409 5860 Augustiniani
3433 5795 3550 5848 stili.

2319 5859 2334 5890 ι
2371 5865 2467 5905 Hoc
2491 5857 2594 5906 loco
2620 5859 2848 5907 partienti:
2869 5857 3056 5921 negans
3075 5857 3216 5911 abést
3239 5874 3268 5910 a
3290 5861 3642 5914 manuscriutis.
3759 5901 3796 5918 κ
