4080 6360
306 235 449 293 1673

299 354 499 408 sistere
524 341 959 421 omnipotentem,
996 356 1051 403 et
1091 355 1270 403 tamen
1308 347 1521 405 vincere
1549 344 1886 401 morientem.

302 442 529 512 Magnus
571 454 700 511 ergo
742 440 843 495 istc
887 455 980 493 rex
1017 438 1237 508 gloriae,
1281 437 1441 493 etiam
1483 435 1621 508 apud
1668 434 1886 489 inferos.

304 533 591 602 liepetitur
616 531 777 587 etiam
818 530 919 585 hoc
950 529 1257 586 coelestibus
1287 527 1674 599 potestatibus:
1709 524 1891 579 Tollite

302 633 498 690 portas,
545 622 817 693 principes,
854 630 1075 685 vestras;
1101 630 1147 673 et
1177 616 1456 683 elevamini,
1488 627 1645 687 porta:
1667 624 1886 671 (elerum.

298 722 497 768 Annon
542 723 667 768 sunt
696 722 863 783 porta:
906 721 1159 778 :cternae,
1205 725 1427 780 quarum
1471 710 1645 763 claves
1688 710 1890 777 accepit

298 805 534 859 Petrus?
572 803 675 859 Sed
722 805 841 872 quia
898 818 1079 857 secum
1125 801 1392 855 hominem
1439 799 1609 865 levat,
1651 798 1723 853 ibi
1769 809 1886 853 tan-

296 912 459 966 quam
492 911 597 949 non
636 895 847 965 agnitus
880 894 1075 949 dicitur
1115 909 1128 945 :
1180 891 1305 955 Quis
1334 900 1406 945 est
1436 890 1528 943 iste
1556 907 1645 944 rex
1672 889 1889 961 gloriaz?

296 986 405 1041 Sed
438 982 508 1040 ibi
540 986 663 1055 quia
703 1000 808 1041 nou
848 985 957 1055 jam
1003 992 1254 1049 certatur,
1298 981 1391 1037 sed
1421 982 1591 1036 victor
1616 992 1696 1035 cst
1717 1023 1731 1045 ,
1765 982 1887 1049 quia

297 1092 408 1130 non
454 1077 694 1144 dimicat,
745 1076 839 1132 sed
881 1075 1198 1145 triumphat;
1246 1091 1351 1128 non
1399 1073 1469 1127 ibi
1512 1073 1884 1143 respondetur,

298 1167 555 1221 Dominus
588 1178 762 1236 potens
792 1168 844 1221 in
872 1166 1036 1232 bello;
1077 1165 1193 1232 sed,
1224 1163 1467 1219 Dominus
1511 1164 1747 1217 virtutum
1782 1164 1887 1234 ipse

295 1270 367 1311 est
399 1275 490 1313 rex
514 1258 693 1331 gloria:
718 1257 898 1329 (Psal.
928 1273 1077 1325 χχιιι,
1106 1256 1236 1312 7-10
1256 1253 1311 1328 )?

680 1437 911 1496 SERMO
948 1435 1334 1494 CCCLXXVIII
1374 1436 1509 1508 '(a).

800 1604 849 1646 In
871 1595 952 1646 die
975 1602 1290 1646 Pentecostes
1310 1592 1400 1658 (ιι).

366 1745 605 1801 Charitas
631 1742 837 1810 eﬂ'ectus
868 1741 1146 1813 praasentiaz
1170 1740 1396 1812 Spiritus
1431 1740 1613 1794 sancti.
1661 1739 1884 1810 Spiritus

298 1849 507 1893 sanctus
533 1838 689 1892 arrha
708 1838 821 1891 vita:
847 1846 1070 1890 aeternae.
1102 1834 1321 1889 Arrltam
1340 1834 1469 1887 inter
1501 1842 1546 1887 et
1573 1833 1753 1904 pignus
1776 1832 1883 1888 dis-

294 1932 507 1984 rn‘men.
543 1930 707 1984 Datur
734 1929 889 1982 arrha
918 1928 1031 1982 vita:
1057 1935 1277 1991 teternw,
1303 1934 1358 1979 ut
1385 1941 1496 1978 eam
1524 1924 1880 1979 desideremus.

294 2022 458 2077 Grata
505 2031 589 2076 est
618 2022 726 2077 Deo
764 2019 1095 2084 soletnnitas,
1119 2017 1207 2072 ubi
1241 2016 1381 2087 viget
1409 2016 1607 2086 pietas,
1636 2024 1688 2071 et
1715 2016 1883 2071 fervet

291 2112 548 2166 charitas.
590 2111 709 2181 Ipse
748 2109 893 2165 enim
936 2117 1018 2164 est
1063 2107 1283 2164 etiectus
1330 2106 1627 2178 praesentiae
1653 2105 1883 2176 Spiritus

293 2202 465 2256 sancti
500 2220 515 2257 :
546 2201 688 2273 quod
731 2200 889 2256 docet
916 2200 1217 2271 Apostolus
1253 2197 1471 2265 dicens,
1511 2197 1744 2252 Cltan'tas
1785 2196 1883 2251 Dei

292 2293 488 2361 di/Iusa
508 2304 583 2348 est
603 2295 655 2348 in
684 2293 920 2348 cordibus
946 2293 1129 2348 nostris
1150 2308 1238 2363 per
1265 2291 1517 2361 Spiritum
1539 2300 1770 2345 sanctum
1798 2292 1884 2362 qui

292 2388 445 2441 datus
478 2395 554 2441 est
582 2386 724 2440 nobis
758 2385 936 2458 (Rom.
972 2400 1002 2438 v
1024 2425 1039 2450 ,
1082 2383 1161 2454 5).
1189 2383 1467 2439 Adventus
1492 2399 1619 2455 ergo
1652 2381 1884 2454 Spiritus

291 2480 463 2535 sancti
496 2493 603 2534 uno
630 2479 684 2533 in
709 2479 825 2533 loco
844 2486 1057 2534 centum
1087 2477 1270 2547 viginti
1298 2475 1539 2532 homines
1565 2476 1884 2532 constitutos

293 2571 556 2640 implevit.
587 2569 721 2626 Cum
762 2573 922 2625 Actus
947 2569 1323 2640 Apostolorum
1362 2568 1698 2638 legerentur,
1730 2567 1882 2623 audio

294 2664 505 2729 timus,
551 2661 719 2716 Erant
758 2661 1060 2732 congregati
1104 2661 1159 2714 in
1200 2676 1360 2715 unum
1404 2669 1617 2715 centum
1657 2658 1879 2729 viginti,

296 2767 543 2813 tenentes
586 2756 906 2826 promissum
951 2754 1147 2809 Christi
1185 2753 1322 2825 (Act.
1355 2769 1371 2807 ι
1410 2763 1455 2807 et
1499 2752 1583 2824 II).
1631 2752 1885 2807 Dixerunt

294 2850 439 2903 enim
468 2858 526 2902 ut
551 2857 733 2903 essent
762 2847 816 2901 in
840 2846 1070 2912 civitate,
1099 2860 1372 2915 quousque
1402 2843 1748 2899 induerentur
1772 2843 1881 2896 vir-

297 2949 411 2994 tute
446 2954 515 2994 ex
550 2939 681 2995 alto.
718 2936 830 3008 Ego
860 2938 1020 3004 enim,
1051 2936 1249 3007 inquit,
1279 2936 1475 2989 mittam
1504 2935 1885 3005 promissionem

295 3050 462 3087 nteant
505 3033 559 3086 in
599 3033 734 3087 vobis
763 3031 912 3102 (Luc.
955 3047 1117 3098 XXIV,
1162 3031 1275 3098 49).
1314 3030 1514 3086 Fidelis
1554 3031 1881 3101 promissor,

295 3124 561 3194 benignus
590 3124 763 3179 dator.
791 3124 940 3193 Quod
979 3137 1101 3178 cum
1143 3124 1195 3177 iu
1237 3131 1376 3178 terra
1420 3134 1563 3178 esset
1603 3124 1882 3192 promisit,

294 3218 348 3271 in
379 3217 578 3272 malum
615 3217 856 3272 ascendit
886 3226 940 3272 et
975 3216 1140 3271 misit.
1180 3215 1446 3271 Habemus
1481 3216 1668 3286 pignus
1694 3215 1885 3271 futura:

293 3308 420 3361 tiu:
458 3317 674 3363 atterna:
711 3305 964 3377 regnique
1006 3306 1288 3362 ewlorum.
1336 3306 1450 3360 Non
1488 3320 1587 3361 nos
1622 3305 1885 3360 fraudavit

294 3401 501 3455 recenti
531 3399 903 3470 promissione,
935 3408 990 3455 et
1015 3398 1354 3454 it'audaturus
1379 3407 1463 3453 est
1488 3398 1663 3453 futura
1696 3413 1884 3466 exspe-

295 3492 566 3547 ctatione?
595 3490 793 3547 Omnes
823 3490 1067 3546 homines
1105 3490 1317 3561 quando
1363 3490 1575 3559 aliquod
1615 3491 1883 3560 negotium

296 3588 441 3641 inter
477 3600 538 3640 se
576 3584 927 3650 contrahunt,
958 3593 1013 3640 et
1049 3584 1339 3655 pecuniarii
1367 3584 1562 3654 negotii
1599 3583 1886 3653 Spousioue

299 3679 641 3742 relaxantur,
676 3677 990 3747 plerumque
1023 3676 1291 3746 accipiunt
1318 3676 1531 3730 art-ham
1557 3717 1573 3743 ,
1600 3677 1682 3730 vel
1712 3676 1841 3730 dant
1869 3694 1881 3730 :

296 3779 353 3825 et
376 3769 536 3824 arrha
566 3769 687 3824 data
719 3768 878 3824 tidem
905 3769 1062 3835 facit,
1089 3769 1249 3825 etiam
1275 3784 1388 3826 rem
1417 3770 1560 3825 illam
1590 3784 1710 3826 esse
1736 3785 1888 3826 secu-

298 3873 516 3929 turam,
557 3863 710 3933 cujus
750 3863 908 3919 arrba
946 3865 1239 3935 prtecessit.
1280 3864 1507 3920 Arrham
1549 3866 1703 3923 nobis
1742 3867 1889 3923 dedit

298 3954 549 4011 Christus
584 3954 841 4026 Spiritum
877 3964 1117 4010 sanctum
1151 3974 1164 4010 :
1193 3964 1249 4012 et
1289 3957 1377 4027 qui
1418 3958 1602 4014 fallere
1639 3973 1738 4013 nos
1781 3974 1887 4014 non

301 4046 511 4115 possit,
542 4061 762 4101 securos
800 4056 977 4101 tamen
1017 4046 1176 4115 fecit,
1215 4048 1428 4116 quando
1465 4048 1677 4103 arrham
1707 4049 1884 4118 dedit,

301 4152 466 4206 quam
497 4138 597 4192 etsi
625 4153 729 4192 non
759 4138 928 4204 daret,
960 4138 1078 4193 sine
1100 4138 1263 4193 dubio
1287 4138 1427 4208 quod
1454 4139 1771 4208 promiserat
1795 4155 1889 4195 ex-

301 4230 534 4285 hiberet.
553 4230 688 4298 Quid
712 4232 991 4301 promisit?
1016 4230 1189 4286 Vitam
1210 4239 1487 4299 attentam,
1504 4232 1654 4302 cujus
1674 4233 1887 4289 arrham

299 4322 561 4392 Spiritum
593 4331 835 4377 sanctum
872 4322 1039 4378 dedit.
1077 4322 1195 4378 Vita
1223 4331 1421 4378 aeterna
1446 4325 1714 4394 possessio
1742 4325 1891 4382 habi-

302 4414 534 4468 tantium
570 4431 583 4467 :
609 4412 769 4468 arrha
789 4414 1084 4470 consolatio
1105 4424 1187 4470 est
1208 4416 1676 4486 peregrinantium.
1702 4418 1891 4475 Melius

302 4506 453 4559 enim
484 4505 679 4560 dicitur
706 4506 866 4561 arrha
894 4523 1052 4577 quam
1077 4509 1285 4581 pignus.
1308 4509 1433 4564 Ilzec
1451 4511 1591 4565 enim
1619 4510 1724 4566 duo
1744 4512 1891 4568 simi-

301 4601 373 4654 lia
406 4599 654 4654 videntur
682 4601 818 4655 inter
842 4615 933 4666 se;
962 4601 1055 4655 sed
1085 4610 1260 4657 tamen
1291 4601 1489 4657 habent
1523 4603 1751 4673 aliquam
1783 4605 1890 4659 dit-

301 4691 587 4747 terentiam
619 4707 723 4746 non
756 4692 1142 4763 negligentiam.
1167 4695 1232 4748 Et
1257 4695 1444 4764 pigntts
1466 4699 1677 4766 quando
1698 4697 1853 4752 datur
1872 4738 1888 4764 ,

300 4793 357 4838 et
397 4782 555 4836 arrha
585 4784 796 4853 quando
824 4784 1008 4850 datur,
1042 4784 1161 4839 ideo
1186 4784 1240 4839 ﬁt
1259 4827 1274 4852 ,
1314 4795 1369 4840 ut
1400 4787 1541 4856 quod
1570 4789 1892 4856 promittitur

302 4877 595 4945 impleatur
623 4894 637 4930 :
665 4877 759 4933 sed
799 4877 1012 4948 quando
1047 4878 1204 4933 datur
1244 4881 1468 4950 pignus,-
1517 4880 1691 4935 reddit
1732 4882 1893 4939 homo

301 4967 449 5037 quod
480 4969 719 5038 accepit,
760 4984 820 5024 re
851 4970 1113 5040 completa
1143 4980 1361 5041 prepter
1389 4988 1545 5042 quam
1576 4973 1765 5044 pignus
1801 4991 1892 5030 ac-

301 5059 489 5129 cepit;
521 5060 679 5114 arrlIa
710 5068 886 5116 autem
912 5061 1125 5130 quando
1152 5062 1327 5128 datur,
1357 5077 1462 5117 non
1492 5065 1767 5132 recipitur,
1798 5066 1893 5122 sed

304 5152 691 5221 superadditur
719 5162 777 5207 ut
805 5154 1108 5224 impleatur.
1154 5155 1381 5209 Arrham
1426 5172 1553 5226 ergo
1593 5158 1847 5212 habemus
1878 5177 1890 5212 :

308 5244 487 5313 ipsum
515 5242 740 5311 fontem,
772 5243 912 5299 unde
935 5243 1091 5298 arrha
1121 5254 1223 5311 est,
1251 5245 1510 5301 sitiamus.
1545 5249 1769 5302 AI-rham
1799 5248 1893 5303 ha-

374 5417 391 5437 ‘
428 5418 718 5470 Emendatus
739 5420 798 5470 ad
820 5422 882 5471 cl.
913 5434 955 5471 r.
981 5430 1016 5472 t.
1042 5430 1198 5472 vat.r.
1223 5432 1273 5474 et
1295 5425 1353 5474 ad
1382 5428 1515 5490 πίει).

375 5501 447 5561 tu)
483 5499 638 5561 Alias,
662 5505 787 5553 inter
823 5504 1133 5567 \‘ignerianos
1166 5504 1243 5555 24.

376 5581 451 5659 φ
480 5586 763 5659 Sermoiste
788 5594 871 5659 aut
909 5589 1167 5659 (Augustini,
1189 5597 1265 5640 est
1290 5625 1303 5649 ,
1326 5598 1411 5659 apt
1432 5591 1634 5659 alicujus
1656 5596 1704 5645 in
1750 5594 1899 5659 ipsius

309 5642 543 5719 laniem!“
564 5648 784 5719 versati...-
810 5642 1301 5702 uniter'sermonem
1321 5652 1399 5717 23,
1423 5668 1526 5719 cap.
1553 5642 1601 5717 ὃ,
1620 5642 1898 5711 ίριηεὸῖλῖιῖὄέ

308 5717 429 5755 nem
456 5704 559 5767 156,
595 5719 699 5768 cap.
730 5708 801 5756 15.

601 5790 824 5852 ΒΑΝΓΤ,
875 5794 1148 5857 Aueusr.
1181 5799 1234 5862 V

1640 232 1863 288 SERMO
1901 227 2267 285 CCCLXXIX.

3445 232 3579 297 1674

1998 339 2188 395 bemus
2243 341 2604 413 aspersionem
2652 342 2935 415 quamdam
2985 343 3043 400 in
3089 345 3338 403 cordibus
3381 353 3579 407 nostris

1995 426 2226 498 Spiritus
2253 431 2421 485 sancti
2453 445 2468 485 :
2497 432 2543 487 si
2568 432 2685 503 quis
2710 433 2871 490 sentit
2900 433 3043 491 hunc
3069 452 3245 494 rorem
3264 478 3280 506 ,
3308 438 3578 497 desideret

1994 516 2217 574 fontem.
2246 518 2442 590 thuid
2469 521 2611 585 enim
2638 518 2893 580 habemus
2919 525 3161 593 arrham,
3203 527 3306 583 nisi
3334 544 3401 584 ne
3435 529 3575 586 fame

1992 620 2048 667 et
2085 611 2171 666 siti
2219 611 2272 666 in
2317 612 2415 666 hac
2457 614 2883 684 peregrinatione
2912 616 3257 674 deﬁciamus?
3296 619 3576 676 Esurimus

1990 703 2133 756 enim
2177 711 2231 757 et
2277 702 2519 769 sitimus,
2560 703 2604 757 si
2647 710 2823 759 tamen
2869 710 3267 776 peregrinantes
3312 725 3411 764 nos
3453 718 3577 768 esse

1990 792 2377 860 Cognoscimus.
2421 792 2524 860 Qui
2561 795 2958 864 peregrinatur,
2990 804 3044 852 ct
3075 800 3221 855 novit
3245 815 3303 855 se
3333 803 3573 873 peregri-

1991 882 2126 949 nari,
2149 878 2417 938 desiderat
2442 885 2695 953 patriam;
2717 901 2875 956 quam
2896 886 3022 942 dum
3042 888 3327 961 desiderat,
3350 894 3575 953 molesta

1991 982 2073 1027 est
2098 974 2476 1044 peregrinatio.
2516 966 2569 1029 Si
2600 986 2743 1029 amat
2769 978 3268 1049 peregrinationem,
3294 984 3573 1041 oblivisci-

1992 1074 2077 1120 tur
2098 1068 2319 1136 patriatn
2340 1109 2354 1132 ,
2384 1076 2438 1123 et
2469 1083 2573 1123 non
2603 1074 2717 1124 vult
2758 1059 2955 1127 redire.
2983 1072 3100 1128 Non
3134 1083 3217 1130 est
3250 1076 3369 1132 talis
3404 1080 3572 1148 patria

1990 1166 2194 1226 nostra,
2220 1159 2304 1214 cui
2326 1149 2524 1230 aliquid
2554 1176 2945 1231 praeponamus.
2974 1164 3272 1235 Aliquando
3296 1169 3440 1224 enim
3471 1168 3572 1226 ho-

1988 1248 2158 1303 mines
2186 1248 2310 1303 dum
2338 1250 2779 1320 peregrinantur,
2808 1252 2999 1309 divites
3030 1254 3180 1311 ﬁunt.
3211 1255 3313 1324 Qui
3346 1258 3574 1329 egebant

1988 1338 2044 1392 in
2069 1339 2237 1410 patria
2264 1354 2380 1405 sua,
2415 1341 2840 1411 peregrinatione
2869 1342 3156 1415 ditescunt,
3184 1355 3239 1403 et
3261 1347 3440 1404 redire
3470 1363 3572 1404 nu-

1986 1431 2120 1483 lunt.
2149 1429 2255 1484 Nos
2283 1446 2310 1484 a
2340 1431 2564 1486 Domino
2600 1441 2783 1488 nostro
2802 1474 2817 1499 ,
2846 1448 2913 1490 ex
2938 1450 3046 1506 quo
3082 1437 3360 1509 inspiravit
3397 1440 3571 1510 primo

1987 1520 2190 1575 homini
2210 1521 2392 1577 ﬂatum
2420 1524 2540 1578 vine
2560 1565 2573 1589 ,
2598 1528 2998 1596 peregrinantes
3016 1543 3205 1586 omnes
3229 1531 3337 1586 nati
3363 1546 3569 1589 sumus.

1986 1610 2162 1668 Patria
2192 1622 2375 1669 nostra
2413 1615 2465 1669 in
2501 1616 2654 1671 ccelis
2691 1626 2808 1685 est,
2847 1619 2998 1674 cives
3026 1621 3236 1691 Angeli.
3281 1622 3359 1678 De
3401 1625 3570 1694 patria

1984 1713 2188 1772 nostra,
2211 1714 2267 1759 ut
2284 1705 2351 1761 ad
2373 1705 2601 1761 reditum
2624 1708 2987 1778 exhortemur,
3006 1712 3198 1769 littera:
3219 1714 3372 1773 nobis
3394 1717 3572 1774 missa:

1985 1804 2138 1860 sunt,
2184 1811 2303 1866 quae
2348 1797 2584 1868 quotidie
2630 1799 2681 1853 in
2730 1801 2937 1870 populis
2979 1804 3296 1860 recitantur.
3342 1805 3573 1864 Vilescat

1986 1885 2235 1954 mundus,
2264 1896 2472 1943 ametur
2500 1903 2531 1942 a
2555 1904 2661 1959 quo
2686 1891 2855 1948 tactus
2881 1901 2965 1948 est
2992 1893 3224 1953 mundus
3250 1896 3350 1969 (a).

2376 2037 2605 2095 διεκΜο
2643 2039 2987 2099 CCCLXXIX
3018 2049 3038 2069 ο
3077 2016 3174 2119 (θ’).

2295 2177 2345 2220 ιιι
2367 2173 2619 2224 Nativitate
2653 2178 2846 2227 Joannis
2868 2180 3106 2243 Baptistae,
3128 2197 3147 2232 ι
3171 2181 3258 2246 (c).

2056 2292 2295 2351 Joannes
2311 2306 2413 2351 tant
2434 2315 2647 2369 magnus
2673 2301 2852 2369 Itonto,
2884 2312 2937 2358 ut
2961 2303 3211 2361 Christum
3236 2307 3401 2363 Deum
3436 2328 3569 2382 prte-

1986 2382 2199 2443 dicaret.
2250 2389 2351 2445 Cur
2374 2392 2633 2462 prop/tela:
2670 2404 2741 2448 tot
2776 2407 2893 2451 ante
2932 2415 3021 2467 per
3050 2398 3304 2455 Christum
3340 2405 3572 2474 praemis-

1984 2480 2048 2536 si.
2091 2481 2283 2536 Beatus
2320 2481 2574 2551 Joannes,
2622 2486 2811 2541 fratres
2850 2486 3171 2559 charissimi,
3216 2493 3368 2563 cujus
3411 2496 3574 2552 hodie

1984 2572 2316 2628 nativitatem
2358 2573 2727 2645 celebramus,
2778 2586 2882 2631 tam
2931 2594 3154 2651 magnus
3194 2585 3395 2639 exstitit
3435 2585 3573 2641 inter

1984 2662 2264 2733 homines,
2295 2674 2353 2721 ut
2393 2666 2648 2721 Dominus
2689 2679 2869 2724 noster
2896 2657 3053 2727 Iesus
3090 2670 3338 2729 Christus
3379 2677 3482 2731 tale
3520 2678 3570 2732 ei

1985 2756 2345 2812 testimonium
2369 2757 2693 2827 perhiberet,
2721 2759 2906 2815 dicens
2932 2778 2945 2813 :
2970 2758 3111 2816 Inter
3137 2774 3281 2819 natos
3302 2767 3571 2821 mulierum

1984 2863 2087 2900 non
2126 2847 2345 2901 surrexit
2386 2847 2550 2917 major
2588 2847 2791 2903 Joanne
2826 2846 3057 2921 Baptista
3086 2840 3296 2925 (Matt/t7.
3334 2872 3420 2922 st,
3453 2856 3567 2928 il).

1983 2937 2319 3004 AudivimUS,
2345 2953 2467 2993 cum
2495 2939 2835 3012 Evangelium
2858 2943 3144 3015 legeretur,
3164 2963 3323 3018 quam
3358 2950 3572 3006 mirabi-

1985 3031 2107 3087 liter
2153 3030 2313 3087 fucrit
2356 3047 2421 3087 ex
2476 3032 2849 3103 desperatione
2899 3048 3228 3108 conceptus,
3273 3050 3328 3097 et
3373 3053 3573 3112 quanto

1984 3116 2213 3195 Spiritus
2247 3123 2416 3178 sancti
2464 3125 2767 3181 testimonio
2793 3138 3120 3197 procreatus.
3154 3123 3312 3187 Pater
3351 3134 3469 3203 ejus
3507 3151 3573 3191 eo

1984 3210 2127 3283 quod
2165 3227 2274 3267 non
2317 3212 2578 3280 credidit,
2622 3212 2902 3271 obmutdit.
2936 3219 3296 3278 Annuntialus
3321 3238 3448 3294 ergo
3479 3240 3573 3294 per

1985 3303 2278 3374 Angelum,
2324 3313 2379 3359 et
2423 3320 2528 3358 non
2578 3305 2843 3373 creditus,
2892 3310 3054 3378 patris
3098 3322 3283 3368 vocem
3319 3305 3569 3379 ahsmlit,

1985 3404 2143 3449 natus
2173 3394 2404 3465 linguam
2435 3396 2653 3452 resolvit
2683 3386 2836 3470 (Luc.
2870 3396 2944 3473 I).
2965 3402 3204 3473 Accipite
3230 3412 3360 3476 ergo
3389 3404 3440 3460 in
3468 3407 3574 3460 hd-

1981 3484 2070 3554 jus
2095 3484 2173 3540 rei
2199 3487 2456 3557 mysterio
2486 3503 2734 3558 magnum
2774 3504 3186 3549 sacramentum.
3220 3496 3357 3552 Ante
3390 3498 3572 3552 Domi-

1986 3591 2112 3630 num
2149 3575 2331 3630 Jesum
2366 3568 2636 3632 Christum
2676 3579 2907 3637 Joannes
2946 3584 3253 3652 praemissus
3281 3598 3392 3654 est,
3424 3588 3573 3644 missi

1987 3674 2112 3720 sunt
2142 3657 2422 3736 PrOphetae
2453 3683 2548 3737 per
2581 3671 2858 3739 superiora
2894 3673 3089 3728 srecula
3108 3715 3123 3740 ,
3154 3691 3254 3732 nec
3291 3668 3570 3735 defuerunt

1985 3755 2077 3826 qui
2106 3749 2377 3811 Christum
2409 3756 2778 3827 prredicarent.
2826 3761 3025 3818 Tantus
3063 3765 3205 3820 enim
3244 3766 3408 3837 judcx
3436 3786 3558 3826 vcn-

1989 3853 2139 3902 turus
2178 3855 2329 3915 erat,
2366 3858 2422 3903 ut
2451 3848 2601 3903 multi
2634 3850 2889 3907 deberent
2932 3846 3122 3924 praeire
3164 3874 3457 3929 praecones.
3492 3864 3574 3919 Ab

1989 3938 2107 4009 ipso
2151 3954 2368 4009 prorsus
2413 3940 2636 3995 exordio
2678 3946 2887 4014 generis
2931 3941 3149 4003 humani
3189 3966 3294 4007 non
3340 3957 3575 4011 cessavit
3620 3976 3625 3979 ί

1989 4043 2050 4084 se
2088 4028 2334 4085 Christus
2372 4030 2728 4101 prophetare,
2771 4034 2825 4090 et
2862 4044 3146 4093 venturum
3188 4046 3570 4109 prmnuutiare.

1987 4118 2290 4175 Novissime
2319 4122 2514 4177 missus
2540 4136 2623 4179 est
2649 4118 2880 4181 Joannes
2910 4128 3090 4197 homo,
3115 4132 3210 4187 sed
3230 4150 3336 4204 quo
3357 4136 3576 4195 homine

1990 4211 2168 4266 nullus
2197 4203 2399 4267 exstitit
2422 4214 2614 4283 major.
2657 4216 2922 4274 Venturus
2956 4230 3072 4275 erat
3098 4203 3355 4281 Dominus
3378 4226 3570 4296 Jcsus,

1992 4308 2099 4357 non
2134 4298 2293 4357 homo
2326 4312 2564 4371 tantum,
2603 4306 2697 4361 sed
2734 4317 2789 4363 et
2831 4308 2971 4366 Deus
3003 4330 3016 4367 :
3048 4313 3230 4384 utique
3258 4326 3313 4373 et
3341 4310 3485 4375 Deus.
3520 4332 3576 4377 et

1994 4392 2155 4447 homo
2188 4410 2202 4459 ;
2238 4393 2380 4448 Deus
2406 4409 2651 4465 semper,
2693 4398 2760 4453 ad
2806 4408 3014 4473 tempus
3053 4402 3245 4474 homo;
3281 4409 3417 4465 Dens
3452 4424 3578 4471 ante

1995 4493 2256 4576 tempora,
2286 4486 2447 4540 homo
2478 4487 2529 4542 in
2558 4486 2661 4573 ﬁne
2685 4500 2983 4562 temporum
3007 4512 3023 4562 ;
3052 4497 3191 4555 Deus
3209 4511 3334 4557 ante
3358 4507 3574 4576 szecula,

1994 4572 2156 4629 homo
2176 4574 2230 4629 in
2254 4574 2358 4631 ﬁne
2383 4578 2583 4632 saeculi.
2611 4572 2753 4636 Deus
2779 4583 2867 4653 qui
2897 4585 3162 4643 hominem
3186 4588 3328 4659 fecit,
3360 4572 3580 4668 propter

1996 4664 2266 4722 hominem
2289 4668 2533 4739 dignatus
2555 4682 2637 4726 est
2658 4673 2817 4729 homo
2838 4671 2972 4744 fieri,
2998 4691 3153 4748 quem
3177 4683 3318 4739 fecit.
3342 4664 3579 4747 Ventum

1994 4770 2122 4829 ergo
2152 4759 2377 4813 Domino
2404 4750 2531 4816 Jcsu
2560 4762 2774 4819 Christo
2794 4807 2807 4827 ,
2840 4758 2930 4836 qui
2961 4770 3077 4838 plus
3102 4780 3178 4825 est
3208 4791 3364 4844 quam
3395 4778 3576 4849 homo,

1994 4864 2063 4903 ne
2091 4858 2365 4919 putaretur
2392 4860 2594 4906 tantum
2621 4869 2740 4909 esse
2771 4856 2963 4922 homo,
3008 4863 3367 4922 testimonium
3410 4862 3582 4928 lebuit

1997 4938 2075 4992 illi
2107 4939 2389 5009 perhibere
2416 4956 2637 5011 magnus
2667 4943 2847 5001 homo.
2875 4945 3119 5008 Christus
3139 4995 3153 5020 ,
3184 4955 3397 5027 inquam
3422 5002 3436 5027 ,
3471 4961 3579 5017 Do-

1995 5028 2191 5097 minus,
2216 5044 2323 5083 non
2351 5037 2554 5085 tantum
2583 5032 2743 5098 Deus,
2773 5037 2868 5092 sed
2894 5048 2947 5094 et
2970 5040 3110 5099 Deus
3135 5054 3188 5099 et
3212 5046 3372 5105 homo
3397 5070 3410 5105 :
3442 5053 3581 5110 Deus

1996 5118 2087 5188 qui
2127 5133 2224 5173 nos
2266 5118 2419 5185 fecit,
2448 5120 2610 5176 homo
2646 5125 2735 5194 qui
2775 5142 2876 5183 nos
2910 5131 3113 5189 refecit.
3143 5137 3376 5198 Joannes
3401 5156 3578 5201 autem

1999 5207 2159 5261 homo
2190 5218 2414 5276 tantum,
2439 5211 2531 5266 sed
2562 5226 2787 5281 quantus
2820 5217 3020 5276 homo?
3051 5226 3187 5283 Audi
3221 5229 3287 5286 de
3322 5249 3386 5289 eo
3413 5236 3579 5291 Deum

1999 5309 2053 5355 et
2079 5301 2351 5365 hominem
2377 5302 2663 5362 dicentem.
2696 5309 2738 5363 0
2768 5310 2990 5369 Domine
3031 5317 3158 5374 Jesu
3187 5321 3433 5392 Christe,
3462 5330 3581 5398 quis

2062 5458 2079 5477 '
2104 5458 2400 5510 'Emendatus
2425 5460 2484 5510 ad
2507 5468 2547 5511 r.
2574 5470 2610 5513 t.
2637 5477 2683 5514 ν.
2713 5474 2763 5516 et
2784 5466 2843 5517 ad
2868 5472 3002 5533 vign.

2064 5541 2135 5663 ἔτι)
2170 5541 2283 5611 Vide
2307 5555 2454 5615 Serm.
2578 5548 2753 5621 cap..8,
2782 5560 2833 5602 et
2853 5566 3004 5605 serm.
3026 5556 3133 5619 156,
3157 5571 3259 5622 cap.
3295 5563 3365 5611 l5.
3460 5612 3471 5623 _

2086 5602 2135 5664 b)
2170 5601 2311 5663 Abas,
2336 5616 2464 5657 Inter
2505 5617 2814 5664 \IgnerIanos
2836 5616 2885 5664 5.

2064 5624 2135 5664 ψ)
2170 5624 2311 5663 Atlas,
2336 5624 2464 5657 ιιιωι·
2505 5624 2814 5675 "gnerIattos
2836 5624 2885 5665 5.

2003 5665 2312 5775 [gth
2333 5672 2573 5721 sermonis
2595 5673 2734 5725 stilus
2755 5690 2851 5726 non
2889 5678 3095 5730 multum
3116 5680 3317 5734 dissidet
3338 5687 3402 5736 ab
3424 5696 3585 5755 Aug“.

2797 5822 3428 5911 {aequante-troia)
