4062 6368
549 312 682 368 1675

546 433 624 476 est
653 421 923 476 Joannes?
969 417 1030 474 Et
1062 419 1186 472 dicit
1229 417 1394 481 Deus,
1437 415 1500 468 lu
1545 416 1672 468 natis
1709 415 1971 466 mulierum
2022 432 2117 466 non

544 515 761 565 surrexit
807 512 971 580 major
1017 509 1216 563 Joanne
1261 507 1508 578 Baptista.
1555 505 1598 560 Ο
1647 505 1879 560 Joannes
1930 519 2119 574 magne

545 603 703 654 homo
722 642 736 664 ,
769 615 876 670 quo
903 601 953 654 in
984 599 1119 654 natis
1149 599 1430 653 mulierum
1471 597 1640 666 major
1667 609 1824 649 nemo
1853 600 2116 660 surrexit,

541 701 593 745 ct
623 699 676 744 tu
703 691 788 744 dic
815 690 964 752 mihi,
989 705 1022 745 o
1044 705 1231 760 magne
1259 690 1437 756 homo,
1467 691 1583 760 quis
1614 703 1694 746 est
1723 694 1823 749 iste
1853 694 1940 763 qui
1975 700 2122 762 puta-

541 791 628 834 tur
668 780 812 834 solus
855 782 872 812 ⁸
906 779 1107 835 homo?
1135 780 1262 849 Quis
1297 791 1411 846 est,
1453 781 1575 836 andi
1621 801 1634 837 :
1672 783 1829 854 Cujus
1868 799 1969 838 non
2008 798 2120 836 sum

539 869 720 939 dignus
742 910 756 934 ,
791 869 991 939 inquit,
1026 869 1364 924 calceamcnta
1405 883 1624 940 portare.
1670 872 1956 927 Didicimus
1993 886 2121 927 cccc

537 973 633 1026 per
671 957 929 1013 Joannem
952 1000 966 1023 ,
1011 969 1065 1014 et
1109 975 1202 1029 per
1241 959 1509 1016 hominem
1548 962 1872 1017 credendum
1914 977 2034 1017 esse
2065 961 2118 1016 in

537 1049 806 1103 Christum
832 1091 846 1114 ,
884 1059 938 1105 et
977 1065 1080 1104 non
1111 1065 1231 1106 esse
1263 1053 1559 1120 ponendam
1588 1068 1734 1123 spem
1775 1053 1828 1107 in
1867 1053 2080 1108 homine
2101 1095 2116 1120 ,

537 1139 632 1194 sed
675 1139 726 1194 in
764 1139 997 1196 Christo.
1031 1141 1168 1196 Ecce
1207 1141 1372 1196 habes
1404 1155 1647 1213 magnum
1679 1143 1982 1210 hominem,
2014 1159 2119 1214 quo

537 1245 696 1284 nemo
722 1231 893 1299 major
918 1231 1183 1297 surrexit,
1223 1243 1276 1286 et
1315 1234 1428 1302 ipse
1461 1243 1543 1287 est
1578 1231 1830 1288 Joannes.
1867 1233 1970 1290 Sed
2000 1234 2119 1291 vide

537 1320 658 1388 quia
691 1321 790 1374 iste
817 1319 1049 1376 Joannes
1085 1323 1291 1376 amicus
1319 1333 1401 1377 est
1442 1325 1664 1392 sponsi;
1709 1337 1906 1396 sponso
1945 1325 2115 1390 zelat,

539 1425 642 1464 non
680 1411 798 1465 sibi.
837 1411 969 1465 Dicit
1001 1411 1142 1466 enim
1178 1412 1242 1490 ad
1271 1427 1329 1468 se
1355 1413 1692 1469 venientibus
1725 1431 1740 1469 :
1770 1414 1882 1484 Ego
1919 1416 2118 1484 baptizo

535 1520 623 1556 vos
652 1519 817 1571 aqua;
839 1503 925 1574 qui
945 1513 1112 1558 autem
1141 1515 1252 1575 post
1275 1521 1352 1558 me
1379 1507 1531 1572 venit,
1553 1509 1718 1576 major
1747 1523 1826 1560 me
1851 1516 1940 1572 est,
1973 1507 2120 1577 cujus

537 1613 637 1650 non
658 1613 770 1650 sum
790 1598 972 1669 dignus
992 1599 1328 1651 calceamenta
1348 1599 1571 1660 solvere:
1592 1599 1680 1653 ille
1707 1609 1874 1654 autem
1893 1600 2120 1670 baptiza-

537 1687 607 1739 bit
632 1703 716 1740 vos
751 1687 802 1740 in
837 1688 1036 1756 Spiritu
1067 1699 1240 1743 sancto
1282 1689 1492 1761 (Matth.
1523 1706 1608 1755 tu,
1647 1691 1756 1760 il).
1789 1690 2120 1760 chitepost

538 1789 625 1831 me
645 1817 660 1840 ,
697 1778 791 1831 sed
821 1778 983 1832 nolite
1021 1793 1237 1833 manere
1265 1779 1316 1833 in
1345 1794 1429 1834 me
1461 1798 1473 1834 :
1505 1781 1724 1835 transite
1752 1779 1816 1833 ad
1853 1779 1998 1833 illum
2029 1779 2116 1848 qui

535 1871 732 1925 creavit
753 1885 847 1926 vos
861 1881 914 1926 et
935 1865 1040 1938 me,
1057 1871 1176 1942 quin
1200 1871 1315 1941 ipse
1339 1872 1695 1926 vivilicaturus
1719 1881 1800 1927 est
1823 1887 1916 1926 vos
1931 1881 1991 1926 ει
2011 1886 2114 1926 me.

951 2026 1181 2085 senuo
1217 2027 1540 2084 CCCLxxx
1568 2033 1585 2051 ο
1613 2028 1710 2100 (a).

843 2167 891 2211 tn
915 2164 1165 2213 Nativitate
1199 2165 1391 2214 Joannis
1411 2165 1650 2228 Baptistaa,
1669 2179 1700 2213 ιι
1720 2163 1807 2227 (b).

609 2286 660 2340 1.
691 2285 945 2342 Christum
985 2289 1328 2358 temporaliter
1373 2300 1547 2344 natum
1584 2291 1835 2360 praecessit
1867 2289 2114 2346 Joannes.

540 2377 846 2432 Nativitates
867 2380 1054 2435 Christi
1075 2381 1210 2436 dum.
1241 2381 1513 2452 Superbia,
1533 2391 1717 2436 tumor.
1745 2380 2118 2438 lncarnatiouis

530 2485 686 2525 causa
705 2511 720 2537 ,
751 2480 808 2524 ut
837 2473 1029 2526 homini
1059 2473 1195 2528 Deus
1220 2474 1508 2544 exemplum
1540 2474 1800 2544 pra'beret.
1837 2476 2038 2552 Quietis
2064 2484 2118 2530 et

533 2575 693 2628 parva
739 2577 839 2616 vox
869 2562 1081 2618 sufﬁcit.
1127 2562 1183 2620 Si
1229 2574 1408 2618 autem
1454 2565 1646 2630 vultis,
1691 2563 1911 2632 fratres,
1953 2565 2116 2635 quieti

529 2651 747 2719 audire,
789 2655 953 2709 nolite
981 2653 1180 2710 habere
1219 2670 1314 2710 cor
1353 2655 1404 2708 iu
1447 2655 1700 2722 auribus,
1738 2656 1832 2711 sed
1862 2671 2018 2710 aures
2062 2657 2113 2710 iu

528 2741 710 2797 corde.
731 2741 1060 2799 Hodiernum
1084 2745 1225 2799 diem
1247 2745 1386 2800 beati
1409 2745 1630 2800 Joannis
1651 2747 1899 2816 Baptista:
1919 2747 2117 2802 solem-

528 2833 685 2888 nitati
716 2835 956 2891 illuxisse
993 2836 1150 2891 tradit
1180 2845 1234 2891 et
1261 2832 1428 2891 credit
1465 2837 1721 2891 Ecclesia.
1766 2835 1987 2907 Oportet
2022 2853 2116 2891 au-

528 2933 634 2980 tem
661 2927 765 2982 hoc
786 2927 853 2982 de
873 2929 991 2996 ipso
1011 2927 1098 2982 die
1122 2927 1365 2992 credere,
1392 2926 1535 2998 quod
1557 2928 1671 2982 sine
1690 2927 1948 2981 varietate
1974 2935 2115 2988 totus

527 3022 674 3077 orbis
720 3021 958 3091 agnoscit
995 3037 1008 3073 :
1043 3019 1138 3076 sed
1177 3019 1298 3090 quia
1339 3019 1562 3074 Joannis
1605 3035 1726 3074 esse
1768 3020 1908 3074 diem
1957 3035 2114 3074 nemo

525 3113 770 3175 dubitat,
809 3125 916 3164 non
959 3109 1180 3166 Joannis
1218 3109 1307 3179 qui
1350 3109 1696 3179 Evangelium
1735 3108 1978 3178 scripsit,
2019 3108 2114 3164 sed

525 3203 748 3260 Joannis
779 3201 1030 3272 Baptista:
1059 3201 1404 3272 praecursoria
1433 3201 1676 3268 Domini,
1707 3202 1796 3272 qui
1829 3209 1976 3255 tanto
2003 3217 2116 3254 ma-

523 3310 662 3366 guus
689 3295 968 3364 apparuit,
1000 3302 1199 3363 quanto
1227 3307 1286 3347 se
1312 3291 1565 3346 humilem
1605 3291 1830 3361 prtebuit
1849 3331 1863 3359 ,
1892 3291 2109 3359 dicens,

523 3399 645 3440 cum
669 3383 783 3452 ipse
803 3381 1047 3438 Chrisms
1071 3389 1366 3451 putaretur,
1386 3395 1490 3434 non
1513 3395 1572 3434 se
1591 3381 1807 3451 dignum
1831 3381 2110 3451 corrigiam

523 3474 873 3530 calceamenti
913 3473 1124 3528 solvere
1149 3473 1235 3537 ei,
1278 3485 1435 3541 quem
1477 3471 1758 3525 Dominum
1792 3471 2113 3542 agnoscebat

527 3566 740 3638 (Matth.
775 3581 828 3620 ιιι
853 3608 869 3631 ,
902 3565 1016 3637 Η),
1046 3574 1101 3618 ιιι
1123 3563 1324 3620 amicus
1359 3579 1480 3620 esse
1514 3574 1829 3619 mereretur.
1859 3564 2110 3622 Nonnulli

523 3666 700 3713 autem
747 3663 935 3726 putant
975 3656 1241 3726 passionis
1283 3655 1401 3726 ejus
1443 3657 1584 3712 diem
1626 3657 1786 3712 hodie
1825 3658 2107 3713 celebrari.

523 3747 672 3803 Sciat
699 3748 846 3817 prius
885 3745 1154 3802 Sanctitas
1191 3755 1401 3814 vestra,
1436 3748 1726 3803 nativitatis
1769 3763 1891 3804 esse
1930 3749 2107 3818 diem,

524 3855 630 3896 non
661 3839 949 3912 passionis.
989 3840 1066 3894 Ex
1091 3839 1320 3916 lectione
1344 3840 1542 3910 quippe
1566 3841 1871 3911 evangelica
1901 3840 2109 3896 inveni-

449 3909 460 3920 .
523 3940 611 3986 tur
651 3909 768 4001 ejus
807 3929 1053 3986 nativitas
1101 3945 1195 3984 sex
1225 3913 1512 3986 mensibus
1553 3930 1858 4001 przecedere
1900 3933 2108 3988 Domini

521 4023 870 4077 nativitatem.
928 4019 998 4074 Et
1047 4021 1300 4091 quoniam
1352 4019 1494 4076 diem
1553 4021 1844 4076 nativitatis
1899 4023 2108 4078 Domini

485 4135 488 4138 '
522 4122 710 4168 octavo
747 4111 1088 4167 colendarum
1115 4111 1479 4182 januariarum
1508 4111 1594 4166 die
1631 4127 1923 4168 consensus
1951 4115 2108 4170 tradit

521 4203 807 4268 Ecclesirc;
841 4211 1009 4257 restat
1031 4208 1089 4256 ut
1115 4202 1402 4257 hodiernus
1428 4201 1543 4258 dies
1568 4203 1858 4259 nativitatis
1883 4205 2106 4261 Joannis

521 4293 864 4363 intelligatur.

587 4388 643 4442 2.
705 4386 852 4441 Idem
922 4396 1165 4441 tractatur
1223 4398 1596 4459 argumentum.
1651 4391 1929 4448 Praecessit
1980 4408 2106 4472 ergo

518 4477 748 4534 Joannes
795 4477 1074 4532 Dominum
1097 4517 1112 4543 ,
1151 4493 1256 4533 non
1293 4487 1542 4550 tanquam
1586 4483 1840 4553 magister
1873 4483 2106 4555 discipu-

519 4573 651 4638 lum,
685 4571 776 4626 sed
802 4580 1049 4641 tanquam
1077 4585 1378 4640 prmeursor
1399 4571 1634 4642 judicem
1659 4590 1674 4638 ;
1703 4589 1808 4629 non
1832 4584 1891 4629 ut
1915 4591 2104 4646 super-

519 4664 820 4733 imponeret
873 4673 1224 4732 potestatem,
1281 4663 1376 4719 sed
1430 4673 1486 4720 ut
1536 4668 1798 4735 prmberet
1843 4667 2100 4748 ofﬁcium.

580 4779 597 4808 ι
632 4783 770 4826 Forte
797 4775 1072 4840 legendum
1089 4810 1106 4836 ,
1133 4773 1312 4840 solum.

579 4839 598 4908 ξ
630 4835 925 4908 emendatus
939 4837 996 4885 ad
1019 4835 1097 4908 cl.
1115 4837 1163 4886 d.
1189 4851 1230 4908 ις.
1258 4845 1296 4887 ι.
1321 4851 1367 4888 v.
1381 4845 1445 4908 et
1478 4837 1538 4888 ad
1565 4841 1700 4908 \‘lgn.

575 4899 648 4962 (a)
691 4898 832 4958 Alias,
865 4901 992 4948 inter
1023 4899 1336 4962 viguerianos
1375 4899 1426 4962 ϐ.
1555 4917 1578 4952 τι
1619 4898 1664 4928 *ι-
1695 4933 1704 4940 .
1942 4907 1954 4920 ν
2061 4927 2068 4937 .

579 4901 628 4962 (a
691 4901 832 4958 Alias,
865 4901 992 4948 inter
1023 4901 1336 4962 viguerianos
1375 4901 1424 4949 ϐ.
1555 4917 1578 4952 τι
1623 4901 1664 4928 “ι-
1695 4933 1704 4940 .
1885 4967 1894 4976 1
1942 4907 1954 4920 ο
2061 4927 2068 4937 .

579 4901 1399 5038 (Pi-@199:,iittrﬁﬁii‘e‘ﬁ'tti‘!
1415 4960 1574 5038 ιρεειω
1609 4963 1684 5030 .ἀθ
1701 4962 1896 5038 mea
1931 4965 2101 5038 Christi

515 5021 1034 5088 nativitatginsertum
1067 5021 1216 5088 habet
1235 5021 1409 5088 sermo
1427 5021 1554 5082 371',
1587 5021 2103 5088 tjectioii‘ltlipendicis

513 5096 678 5146 sermo
701 5083 810 5132 127.
835 5089 888 5132 Et
907 5093 998 5146 nos
1016 5083 1214 5146 quidem
1233 5085 1352 5146 quin
1377 5097 1498 5136 vere
1515 5083 1761 5146 augustin‘i
1787 5083 1993 5138 sit'nulli
2013 5090 2102 5137 du-

515 5145 758 5218 bitamus:
787 5145 914 5216 inter
944 5143 1119 5216 dubios
1151 5143 1778 5219 tatnen___ipsum
1801 5150 1980 5219 idcirco
2015 5151 2101 5200 de-

514 5207 774 5274 crevimus,
814 5207 927 5274 qnia
973 5206 1020 5254 in
1040 5207 1272 5274 _omnibus
1309 5204 1464 5274 libris,
1487 5205 1632 5257 etiam
1653 5204 2027 5274 ﬁrmauuscriptis,
2072 5225 2101 5263 a

514 5269 678 5318 medio
719 5267 1166 5336 fere'interpolatus
1199 5279 1256 5318 ac
1276 5267 1469 5336 vitiatus
1507 5273 1601 5319 est:
1621 5289 1626 5296 ·
1648 5273 1749 5321 Duo
1787 5274 1881 5336 hic,
1917 5267 2101 5336 praiter

465 5369 472 5374 .
514 5341 702 5395 morem
722 5336 939 5381 nostrum
954 5361 969 5388 ,
992 5329 1178 5395 absque
1199 5333 1628 5395 manuscriptorum
1657 5329 1940 5384 auctoritate
1957 5372 1970 5395 ,
2007 5349 2098 5384 nec

515 5385 727 5459 cessario
748 5385 1033 5454 praestatnus
1055 5404 1068 5459 ;
1097 5385 1300 5459 primum
1313 5423 1329 5449 ,
1351 5385 1550 5459 centum
1585 5394 1780 5459 circiter
1801 5385 1992 5458 versus,
2015 5400 2099 5459 qui

515 5449 764 5523 sermonis
777 5458 915 5523 erant
931 5449 1206 5523 mentesiuii
1245 5451 1464 5523 νιεεείιηὶ
1483 5449 1618 5523 sexti
1635 5488 1651 5516 ,
1676 5453 1781 5507 loco
1819 5449 2096 5522 movemus;

515 5513 768 5582 alterum,_
785 5513 1098 5576 quadraginta
1123 5511 1231 5582 plus
1253 5511 1412 5582 minus
1451 5513 1572 5582 alios
1593 5511 1766 5567 versus
1806 5525 1945 5570 extra
1989 5511 2098 5582 pro;

516 5574 1120 5642 priaiusedeinrepertos,
1144 5574 1341 5642 adeum
1364 5575 1522 5636 ipsum
1543 5575 1718 5636 locum,
1744 5592 1892 5642 quem
1913 5574 2098 5631 εει-’πιο-

517 5639 594 5683 uis
619 5635 708 5684 ιω
731 5649 840 5705 pars
863 5635 942 5684 illa
963 5636 1244 5705 occupabat,
1269 5635 1570 5705 revocamus.
1585 5635 1795 5705 castora,
1822 5643 1994 5705 siqua:
2015 5657 2097 5694 su-

515 5695 899 5756 persnut'vitia,
944 5695 1297 5758 exemplarium
1321 5699 1562 5758 veriorum
1601 5695 1812 5752 subsidio
1849 5695 2096 5756 destitutis

514 5766 804 5821 nmtergere
825 5755 930 5810 sive
951 5755 1191 5828 detegere
1203 5771 1312 5842 ppu
1333 5755 1482 5810 licuit.

1779 305 1832 356 S.
1880 303 2236 358 AUGUSTINI
2267 305 2560 358 EPlSCOPl

3671 313 3810 369 1676

2237 431 2400 499 Ipsius
2417 442 2586 484 autem
2616 433 3210 491 testimoniumJoannis
3235 435 3415 490 dehac
3447 453 3502 490 re
3521 437 3596 492 sic
3625 456 3683 496 sc
3715 441 3810 494 ha-
3853 491 3862 500 .

2233 521 2319 576 bet
2349 539 2361 574 :
2396 522 2494 588 Qui
2524 535 2634 592 post
2662 541 2738 577 me
2762 525 2926 592 venit,
2953 535 3068 578 ante
3095 541 3174 578 me
3197 525 3360 594 factus
3381 537 3450 580 est
3471 570 3486 594 ,
3529 531 3647 595 quia
3675 533 3814 599 prior

2231 630 2308 666 me
2347 625 2469 667 crat.
2505 614 2629 669 Post
2655 615 2913 673 Joannem
2953 619 3096 673 venit
3135 619 3389 675 Dominus
3433 623 3702 679 nascendo
3744 626 3815 680 de

2231 705 2434 774 virgine
2463 705 2622 759 Maria
2648 747 2662 772 ,
2706 721 2808 762 non
2854 708 2921 763 de
2956 707 3126 764 Patris
3151 709 3466 766 substantia.
3501 712 3640 768 Duas
3666 716 3814 770 enim

2231 789 2438 850 Domini
2467 799 2763 852 nativitates
2784 801 3105 870 accepimus,
3125 817 3282 856 unam
3304 803 3557 868 divinam,
3581 805 3809 862 alteram

2223 884 2549 952 humanam;
2606 897 2778 944 tamen
2809 900 3090 964 utramque
3119 893 3413 949 mirabilem
3465 915 3480 952 :
3523 897 3664 953 illam
3693 901 3814 956 sine

2227 987 2429 1046 matre,
2461 979 2614 1034 istam
2643 981 2756 1036 sine
2785 981 2941 1038 Patre
2973 1001 2986 1036 :
3017 985 3158 1038 illam
3184 995 3475 1054 aeternam,
3521 999 3581 1044 ut
3605 1003 3811 1048 crearet

2225 1073 2609 1140 temporalem;
2643 1073 2779 1128 hanc
2811 1077 3153 1146 temporalem
3181 1121 3196 1147 ,
3229 1088 3286 1134 ut
3325 1093 3606 1151 praestaret
3650 1096 3812 1144 aeter-

2225 1176 2348 1216 nam
2383 1165 2420 1216 ¹.
2455 1163 2545 1218 llle
2578 1165 2719 1220 enim
2746 1165 2812 1220 de
2833 1175 2938 1238 qu’o
2963 1168 3092 1223 dicit
3123 1169 3386 1238 Joannes,
3415 1190 3519 1228 non
3547 1157 3810 1246 Baptista.

2224 1257 2317 1311 sed
2363 1255 2704 1328 Evangelisla
2729 1299 2744 1326 ,
2777 1264 2898 1331 quia
2947 1263 3014 1318 In
3045 1267 3293 1336 principio
3318 1281 3422 1322 erat
3463 1269 3678 1325 Verbum
3701 1313 3718 1336 ,
3765 1285 3814 1328 et

2231 1346 2447 1402 Verbum
2467 1361 2574 1404 erat
2595 1353 2734 1422 apud
2761 1351 2946 1420 Deum,
2975 1366 3021 1409 et
3049 1355 3186 1412 Deus
3209 1369 3318 1412 erat
3355 1359 3586 1426 Verbum,
3611 1373 3664 1418 et
3685 1365 3810 1434 quia

2223 1439 2391 1492 omnia
2417 1457 2505 1510 per
2533 1441 2698 1512 ipsum
2724 1446 2858 1512 facta
2887 1456 3042 1512 sunt,
3071 1458 3119 1501 et
3143 1450 3252 1502 sine
3281 1449 3390 1520 ipso
3411 1457 3602 1522 factum
3625 1465 3697 1508 est
3725 1457 3808 1508 ni-

2223 1531 2299 1584 hil
2321 1531 2502 1602 (Joan.
2533 1534 2685 1600 1,15,
2711 1535 2874 1604 1,5):
2911 1538 2998 1594 ille
3024 1547 3200 1596 tantus
3225 1541 3276 1596 in
3303 1539 3473 1598 forma
3507 1545 3598 1600 Dei
3623 1551 3808 1616 mqua-

2219 1621 2289 1677 lis
2318 1624 2491 1692 Patri,
2523 1625 2612 1681 ille
2635 1627 2749 1681 sine
2779 1636 3016 1699 tempore
3047 1632 3310 1688 fabricans
3333 1643 3598 1706 tempora,
3627 1639 3712 1692 ille
3739 1627 3807 1694 ex

2224 1713 2372 1768 nullo
2399 1716 2599 1770 saeculo
2629 1723 2751 1773 ante
2777 1721 2953 1773 omnia
2985 1723 3178 1778 saecula
3196 1724 3358 1794 judex
3389 1729 3568 1782 smculi
3591 1771 3606 1795 ,
3637 1728 3809 1785 factus

2222 1812 2427 1858 esttam
2457 1819 2654 1875 parvus
2675 1849 2688 1874 ,
2725 1819 2780 1863 ut
2805 1809 2873 1864 de
2903 1810 3094 1866 femina
3121 1820 3464 1882 nasceretur;
3493 1819 3585 1873 sed
3603 1821 3808 1876 mansit

2223 1903 2328 1948 tam
2358 1911 2576 1966 magnus
2597 1937 2610 1962 ,
2636 1908 2694 1953 ut
2720 1915 2749 1952 a
2775 1900 2930 1957 Patre
2953 1911 3056 1957 neu
3081 1915 3436 1974 separaretur.
3467 1910 3526 1963 Ei
3559 1912 3806 1980 prmbe'n-

2219 1989 2304 2040 tes
2324 1985 2635 2057 obsequium
2665 1997 2718 2044 et
2747 1992 3128 2062 testimonium,
3158 2007 3404 2068 tanquam
3437 2001 3666 2058 lucerna:
3687 2019 3806 2058 ven-

2223 2083 2345 2130 turo
2368 2076 2472 2132 diei
2498 2120 2514 2144 ,
2554 2095 2742 2136 omnes
2773 2081 3052 2153 Propheta:
3079 2089 3494 2155 prmnuntiautes
3519 2107 3640 2147 cum
3679 2099 3807 2150 ante

2223 2168 2394 2238 ipsum
2423 2171 2689 2226 nascendo
2711 2185 2989 2240 venerunt,
3009 2187 3128 2246 post
3145 2178 3314 2248 ipsum
3341 2181 3607 2237 credendo
3627 2184 3806 2240 adita:-

2221 2267 2422 2311 serunt.
2469 2259 2761 2329 Oportebat
2789 2263 2930 2318 enim
2963 2275 3017 2319 ut
3043 2267 3492 2336 prtemn'r'tiaretnr
3513 2283 3804 2338 venturus,

2221 2347 2472 2402 miracula
2503 2349 2738 2407 facturus
2770 2369 2784 2406 :
2813 2355 3005 2424 quibus
3031 2358 3320 2426 miraculis,
3351 2361 3486 2417 bene
3506 2364 3808 2436 intelligen-

2223 2437 2362 2492 tibus
2393 2440 2712 2498 indicaretur
2745 2445 2900 2510 Deus;
2927 2446 3158 2504 lnnnano
3177 2463 3354 2507 autem
3375 2463 3588 2525 aspectu
3617 2458 3806 2513 vide‘n—

2223 2529 2360 2585 tibus
2387 2545 2668 2604 appareret
2691 2537 2871 2604 homo,
2897 2554 3088 2609 parvus
3119 2543 3186 2597 ad
3215 2560 3435 2615 parvos,
3466 2549 3558 2604 sed
3589 2549 3808 2608 humilis

2219 2619 2286 2673 ad
2327 2624 2585 2692 superbos
2617 2643 2630 2679 :
2664 2630 2922 2697 parvitate
2948 2645 3041 2686 sua
3071 2633 3268 2690 docens
3295 2637 3565 2694 hominem
3585 2683 3599 2707 ,
3643 2651 3700 2696 ut
3745 2653 3806 2699 se

2219 2725 2533 2783 agnosceret
2561 2733 2813 2788 parvum;
2856 2737 2922 2778 ne
2941 2765 2956 2791 ,
2985 2739 3092 2780 non
3122 2729 3518 2796 grandescendo
3536 2771 3554 2802 ,
3597 2733 3690 2789 sed
3711 2743 3804 2789 tu-

2219 2807 2508 2863 mesceudo
2524 2851 2537 2875 ,
2571 2824 2630 2866 se
2655 2812 2900 2869 crederet
2925 2831 3192 2886 magnum.
3219 2819 3314 2874 Est
3342 2823 3484 2876 enim
3513 2826 3762 2894 superbia
3785 2859 3801 2892 ~,

2219 2911 2323 2950 non
2371 2899 2674 2969 magnitudo
2697 2943 2713 2969 ,
2760 2904 2851 2958 sed
2883 2913 3078 2961 tumor.
3111 2907 3178 2963 Ut
3203 2924 3329 2980 ergo
3351 2915 3560 2982 generis
3585 2915 3806 2974 humani

2219 2987 2376 3044 istum
2409 2999 2668 3047 tumorem
2699 3001 2912 3051 sanaret
2938 2998 3049 3068 ipse
3077 3001 3336 3070 medicus,
3367 3005 3479 3073 ipse
3499 3008 3797 3077 medicina,

2219 3093 2324 3132 non
2353 3081 2524 3135 solum
2547 3085 2993 3142 medicamentum
3015 3089 3294 3161 adhibens,
3329 3095 3422 3150 sed
3448 3098 3804 3156 medicamen-

2219 3180 2328 3224 tum
2359 3189 2417 3227 se
2443 3173 2640 3231 faciens
2663 3219 2677 3242 ,
2719 3191 2962 3248 apparuit
2989 3191 3129 3238 inter
3153 3183 3395 3242 homines
3421 3188 3583 3246 homo
3603 3233 3619 3258 ,
3664 3193 3800 3250 olfe-

2218 3276 2342 3316 rcus
2371 3261 2638 3322 hominem
2663 3267 2982 3340 videntibus,
3008 3273 3170 3329 Deum
3195 3291 3416 3333 servans
3435 3281 3798 3340 credentibus.

2217 3353 2474 3422 Aspcetus
2527 3357 2668 3412 enim
2715 3360 3056 3420 humanitatis
3107 3366 3222 3435 ejus
3271 3371 3476 3425 sanavit
3521 3371 3798 3442 inﬁrmos;

2216 3447 2594 3514 contemplatio
2638 3448 2924 3506 divinitatis
2959 3453 3075 3522 ejus
3114 3459 3306 3526 quaerit
3334 3461 3532 3516 ﬁrmos.
3565 3461 3633 3516 Et
3661 3479 3800 3520 nou-

2215 3532 2340 3587 dnm
2369 3545 2523 3590 erant
2571 3537 2812 3594 homines
2841 3543 2929 3611 qui
2973 3544 3134 3598 Deum
3185 3547 3428 3604 viderent
3459 3551 3512 3605 in
3543 3550 3758 3608 homine
3781 3596 3796 3619 ,

2218 3641 2316 3681 nec
2345 3637 2588 3696 poterant
2619 3631 2800 3687 videre
2825 3634 2924 3688 nisi
2957 3635 3224 3694 hominem
3249 3655 3265 3705 ;
3298 3656 3398 3697 nec
3441 3650 3615 3699 tamen
3645 3659 3800 3714 Spem

2213 3731 2360 3772 anam
2403 3735 2606 3790 ponere
2649 3721 2845 3778 debent
2887 3725 2940 3780 in
2981 3726 3216 3784 homine.
3259 3729 3394 3798 Quid
3437 3748 3564 3804 ergo
3609 3736 3800 3792 ﬁeret?

2215 3807 2385 3863 Homo
2411 3809 2680 3866 hominem
2709 3814 2888 3870 videre
2921 3826 3124 3886 potest,
3161 3819 3322 3876 homo
3355 3824 3620 3881 hominem
3645 3828 3800 3896 sequi

2211 3915 2318 3954 non
2340 3901 2516 3958 debet.
2553 3903 2690 3960 Deus
2715 3909 3019 3977 sequendus
3038 3921 3180 3978 erat,
3208 3915 3296 3984 qui
3319 3915 3485 3972 videri
3512 3933 3618 3974 non
3647 3929 3798 3988 pote-

2213 4001 2296 4046 rat
2327 4010 2340 4046 :
2369 3994 2530 4050 homo
2558 3999 2859 4066 sequendus
2901 4015 3006 4055 non
3033 4011 3184 4070 erat,
3227 4005 3319 4074 qui
3355 4006 3522 4062 videri
3565 4019 3792 4079 poterat.

2213 4082 2284 4140 Ut
2307 4099 2434 4156 ergo
2452 4087 2796 4144 exhiberetur
2817 4089 3036 4158 homini,
3059 4103 3113 4148 et
3140 4097 3227 4164 qui
3255 4096 3323 4150 ab
3344 4096 3560 4154 homine
3585 4099 3798 4156 videre-

2201 4183 2318 4242 tur,
2347 4185 2403 4233 et
2425 4193 2582 4248 quem
2605 4179 2766 4238 homo
2785 4193 3117 4254 sequeretur,
3146 4188 3284 4243 Deus
3313 4189 3482 4246 factus
3505 4199 3588 4247 est
3611 4193 3794 4248 homo.

2209 4266 2255 4322 0
2277 4267 2462 4336 homo,
2487 4281 2703 4342 propter
2729 4289 2887 4344 quem
2913 4275 3053 4332 Deus
3077 4277 3248 4334 factus
3275 4290 3358 4336 est
3383 4281 3576 4352 homo,
3597 4285 3798 4356 aliquid

2185 4374 2460 4430 magnum
2499 4363 2793 4422 tecredere
2821 4365 2986 4423 debes
3013 4387 3026 4422 :
3057 4369 3152 4424 sed
3177 4370 3472 4442 descende,
3513 4383 3576 4430 ut
3601 4391 3796 4432 ascen-

2210 4450 2327 4518 das;
2349 4453 2471 4523 quia
2491 4465 2544 4509 et
2563 4455 3096 4540 Deusdescendendo
3113 4459 3282 4518 factus
3297 4474 3380 4520 est
3403 4464 3580 4520 homo.
3601 4467 3798 4540 Adhae-

2181 4555 2360 4606 .resce
2405 4535 2793 4608 medicamento
2820 4557 2950 4618 tuo,
2997 4550 3205 4608 imitare
3251 4555 3560 4625 magistrum
3603 4537 3748 4613 tuum
3775 4600 3794 4624 ,

2179 4649 2438 4706 .agnosce
2469 4635 2754 4718 Dominum;
2783 4646 2930 4695 tuum
2953 4683 2970 4708 ,
2999 4643 3322 4713 amplectere
3359 4646 3578 4704 fratrem
3609 4657 3754 4704 tuum
3775 4693 3794 4718 ,

2177 4725 2448 4798 giutellige
2479 4728 2644 4784 Deum
2669 4739 2835 4786 tuum.
2869 4733 2980 4790 Hoc
3002 4735 3086 4790 ille
3111 4744 3289 4792 tantus
3308 4747 3363 4794 et
3391 4741 3644 4809 tantillus,
3671 4759 3798 4798 ver-

2177 4817 2328 4880 ,mis,
2356 4835 2460 4874 non
2493 4820 2683 4886 homo;
2725 4823 2818 4878 sed
2857 4840 2951 4894 per
2977 4841 3136 4896 quem
3157 4827 3328 4894 factus
3351 4841 3435 4886 est
3479 4817 3655 4888 Immo.
3681 4835 3798 4891 Hoc

2177 4923 2334 4978 .crgo
2373 4909 2463 4965 ille
2495 4927 2508 4964 :
2535 4912 2658 4980 quid
2692 4912 2924 4972 Joannes
2946 4955 2964 4982 ,
2993 4917 3093 4972 nisi
3117 4919 3259 4989 quod
3281 4920 3349 4976 de
3377 4923 3468 4978 illo
3497 4924 3752 4980 Dominus
3775 4969 3792 4994 ,
3865 4969 3872 5002 ,_

2175 4995 2307 5068 ;nisi
2337 5002 2476 5071 quod
2507 5003 2573 5058 de
2599 5003 2687 5058 illo
2708 5019 2890 5073 verax,
2915 5008 3014 5064 nisi
3043 5011 3184 5080 quod
3207 5011 3276 5068 de
3297 5014 3386 5068 illo
3411 5019 3603 5070 veritas
3623 5017 3794 5072 dicit?

2205 5091 2258 5146 Si
2287 5097 2426 5147 enim
2453 5093 2548 5163 ipsi
2577 5095 2768 5150 Joanni
2799 5095 3294 5166 debemuscredere
3314 5103 3382 5159 de
3409 5107 3661 5173 veritate,
3695 5124 3794 5164 ve—

2206 5183 2345 5238 ritati
2374 5197 2479 5240 non
2503 5187 2771 5242 credimus
2797 5187 2866 5246 de
2892 5190 3134 5252 Joanne?

2275 5279 2328 5338 5.
2375 5285 2454 5339 Ea:
2489 5285 2647 5340 verbis
2681 5286 2898 5344 Joannis
2923 5291 3226 5349 Arianorum
3255 5297 3539 5354 calumniae.
3576 5300 3796 5356 Verbum

2202 5375 2448 5443 siquidem
2471 5387 2577 5431 erat
2601 5379 2653 5432 in
2675 5380 2922 5451 principio
2939 5421 2954 5450 ,
2969 5384 3169 5452 factum
3187 5405 3289 5443 non
3315 5399 3440 5444 erat.
3470 5393 3616 5447 Dicat
3644 5397 3796 5448 testi-

2205 5467 2439 5520 monium
2482 5469 2653 5537 primo
2680 5473 2886 5528 veritati
2933 5475 3098 5544 ipsius
3137 5481 3401 5551 particeps
3429 5484 3699 5549 veritatis;
3734 5497 3793 5540 et

2203 5556 2345 5610 dicat
2375 5558 2733 5618 testimonium
2775 5563 2974 5626 homini
3012 5566 3270 5626 Conditor
3313 5573 3562 5628 hominis.
3607 5575 3794 5631 Primo

2267 5710 2789 5792 L§s§;‘,_utmcrearet
2840 5719 3154 5785 temporales;
3191 5723 3314 5774 hanc
3351 5728 3656 5792 temporalem
3677 5765 3694 5791 ,
3737 5735 3792 5782 ut

2203 5779 2452 5833 prastaret
2469 5779 2686 5825 wtcrnos.
