4062 6368
271 349 406 408 1677

267 466 547 520 audiamus
589 454 714 533 quid
759 455 990 518 Joannes
1030 457 1096 514 de
1137 455 1384 520 Christo,
1427 462 1480 509 et
1514 453 1703 508 deinde
1725 453 1870 523 quid.

266 557 514 611 Christus
534 554 602 609 de
631 553 854 618 Joanne;
884 550 1112 622 priorem
1141 547 1433 609 audiamus,
1463 545 1557 599 sed
1589 544 1849 614 posterio-

268 663 384 702 rem
412 645 770 714 intelligamus
795 659 808 695 :
840 642 984 712 prior
1007 641 1251 710 loquatur
1275 637 1362 707 qui
1393 636 1536 706 prius
1559 643 1716 688 natus
1735 643 1815 688 est
1834 673 1849 698 ,

267 738 364 794 sed
395 737 749 792 confirmetur
772 749 866 804 per
892 748 1012 788 eum
1055 746 1082 784 a
1111 745 1217 800 quo
1247 728 1416 783 factus
1447 737 1545 781 est.
1572 725 1697 780 Post
1734 741 1812 778 me
1837 767 1850 791 ,

268 829 460 899 inquit,
485 826 648 891 venit,
679 836 726 879 et
761 834 876 878 ante
909 840 987 877 me
1012 826 1173 894 factus
1203 829 1292 874 est.
1322 819 1417 874 llic
1435 821 1541 887 jam
1567 854 1582 885 ,
1614 817 1702 887 qui
1733 827 1853 871 cre-

263 921 405 974 dunt
431 920 624 974 factum
653 926 776 972 ante
803 923 994 969 cmtera
1024 929 1118 982 per
1145 927 1300 982 quem
1332 909 1465 964 facta
1491 918 1612 964 sunt
1639 908 1813 962 omnia
1833 940 1849 972 ,

267 1009 666 1064 calumniantur
691 1007 774 1061 his
813 1004 988 1060 verbis
1013 1003 1094 1058 vel
1122 1017 1216 1072 per
1255 1000 1369 1056 hme
1393 1000 1550 1054 verba
1583 999 1731 1053 nobis
1757 1041 1770 1064 ,
1804 1007 1855 1052 et

267 1101 485 1164 dicunt,
515 1099 655 1153 Ecce
679 1095 800 1167 quia
830 1094 999 1148 factus
1037 1101 1122 1147 est
1152 1110 1164 1146 :
1191 1091 1423 1146 Joannes
1443 1089 1592 1156 dicit,
1631 1089 1750 1142 Post
1778 1105 1856 1142 me

267 1195 424 1259 venit,
446 1202 493 1246 et
513 1201 629 1245 ante
647 1207 727 1244 me
755 1189 919 1258 [actus
938 1197 1029 1241 est.
1057 1185 1276 1254 Expone
1297 1183 1424 1238 mihi
1450 1182 1576 1252 quid
1606 1182 1674 1236 sit
1697 1223 1710 1247 ,
1740 1189 1855 1235 ante

266 1300 349 1337 me
373 1285 537 1352 factus
561 1291 653 1336 est.
703 1279 875 1334 Verba
907 1278 1116 1332 illorum
1143 1275 1296 1336 dico,
1327 1281 1380 1329 et
1423 1288 1484 1328 ea
1524 1271 1854 1327 discutienda

268 1389 532 1445 propono.
561 1372 761 1428 Soletis
781 1410 795 1437 ,
843 1370 1123 1440 inquiunt,
1152 1366 1332 1422 dicere
1353 1407 1368 1431 ,
1412 1365 1622 1436 quando
1659 1363 1855 1433 aliquid

267 1469 378 1524 tale
404 1467 472 1523 de
493 1466 704 1522 Christo
733 1463 956 1528 dicitur,
987 1470 1042 1515 ut
1060 1475 1182 1515 eum
1211 1459 1367 1513 Patre
1394 1459 1650 1512 minorem
1677 1463 1855 1510 osten-

267 1561 398 1624 dat,
445 1558 586 1629 quod
617 1556 681 1612 ad
721 1556 988 1610 hominem
1033 1552 1102 1608 sit
1141 1549 1419 1606 referenda
1459 1547 1752 1612 sententia;
1799 1555 1857 1600 ut

265 1650 411 1720 quod
434 1650 488 1704 in
517 1649 683 1704 forma
713 1649 808 1702 Dei
838 1655 940 1712 est,
971 1643 1188 1714 aequalis
1217 1641 1288 1696 sit
1313 1641 1476 1704 Patri,
1509 1638 1648 1709 quod
1675 1646 1852 1693 autem

266 1743 619 1808 semetipsum
647 1737 935 1792 exinanivit
957 1734 1178 1790 formam
1205 1733 1344 1787 servi
1368 1732 1632 1800 accipiens
1653 1772 1667 1796 ,
1702 1730 1752 1783 in
1783 1730 1857 1784 si-

266 1833 625 1888 militudinem
655 1830 930 1885 hominum
970 1829 1172 1891 factus,
1219 1835 1274 1882 et
1319 1825 1496 1879 habitu
1526 1825 1768 1878 inventus
1799 1831 1857 1878 ut

267 1922 467 1987 homo,
519 1922 688 1992 major
733 1921 804 1975 sit
847 1918 1024 1974 Pater.
1067 1917 1204 1986 Quid
1247 1902 1372 1985 ergo
1414 1915 1605 1969 dicetis
1635 1913 1698 1967 ad
1758 1914 1857 1969 hoc

195 1993 200 1998 ί
263 2017 410 2087 quod
438 2016 672 2070 Joannes
697 2014 802 2076 ait,
824 2023 940 2066 ante
963 2027 1041 2064 me
1068 2014 1234 2082 [actus
1259 2008 1372 2062 est?
1401 2007 1536 2062 Audi
1565 2007 1688 2077 quid
1711 2005 1853 2060 dica-

176 2113 184 2118 '
265 2123 390 2162 mus
422 2124 435 2159 :
466 2105 560 2161 sed
593 2106 738 2175 prius
761 2102 889 2158 illud
921 2102 1059 2168 vide,
1085 2101 1224 2170 quod
1253 2097 1542 2168 Apostolus
1570 2107 1853 2166 utrumque

265 2200 635 2269 distinguens,
677 2205 732 2252 et
755 2210 919 2250 untun
953 2203 1132 2248 tamen
1162 2193 1212 2244 in
1245 2201 1468 2258 utroque
1505 2187 1858 2257 eumdemque

265 2291 685 2353 Commendans,
719 2304 822 2342 non
857 2286 1022 2350 dixit,
1055 2284 1298 2337 Formam
1331 2281 1424 2336 Dei
1464 2279 1750 2347 accipiens.
1788 2279 1858 2335 De

267 2383 436 2436 [οι-ειη
463 2397 592 2436 vero
619 2381 708 2435 Dei
732 2379 854 2450 quid
876 2377 1040 2431 dixit?
1071 2376 1192 2429 Cum
1214 2375 1265 2427 in
1288 2375 1451 2441 forma
1475 2368 1565 2424 Dei
1588 2380 1711 2424 esset
1737 2385 1857 2426 :re-

266 2473 504 2542 Spiciens
528 2471 595 2524 ad
618 2471 765 2524 illum
791 2470 878 2538 qtti
906 2475 1119 2521 vocatus
1143 2473 1257 2519 erat
1281 2471 1405 2517 ante
1427 2462 1570 2516 illum
1592 2503 1606 2526 ,
1637 2463 1687 2514 in
1709 2461 1858 2529 cujus

268 2562 561 2632 Evangelia
602 2571 684 2615 est
705 2603 718 2623 ,
751 2558 816 2612 In
855 2558 1100 2629 principio
1127 2565 1232 2610 erat
1265 2554 1519 2619 Verbum;
1551 2554 1656 2605 imo
1691 2555 1860 2620 respia-

268 2656 418 2708 ciens
446 2653 514 2707 ad
553 2653 677 2706 illud
728 2653 903 2716 lumen
926 2693 940 2715 ,
983 2648 1122 2703 unde
1153 2655 1206 2702 et
1236 2647 1322 2702 ille
1353 2645 1454 2700 hoc
1498 2644 1648 2698 dixit.
1681 2643 1859 2712 Neque

271 2746 413 2800 enim
438 2745 582 2798 dixit
610 2744 842 2798 Joannes
862 2783 875 2808 ,
907 2742 958 2795 In
991 2740 1247 2810 principio
1270 2738 1394 2793 fecit
1424 2738 1562 2792 Deus
1584 2736 1814 2790 Verbum
1843 2753 1854 2788 :

267 2840 357 2907 qui
388 2835 767 2907 possctdicere
795 2835 864 2888 ita
889 2875 901 2896 ,
934 2845 991 2887 ut
1021 2833 1151 2885 dixit
1185 2829 1390 2900 Moyses
1410 2870 1423 2894 ,
1463 2827 1582 2898 quia
1613 2827 1680 2880 de
1707 2841 1858 2880 Crea-

270 2940 387 2983 tura
420 2928 557 2982 facta
589 2945 618 2980 a
642 2927 865 2981 Domino
890 2927 996 2978 Deo
1022 2923 1354 2993 loquebatur,
1382 2920 1447 2973 In
1477 2920 1724 2990 principio
1746 2919 1860 2987 fecit

270 3021 413 3075 Deus
449 3021 630 3075 caelum
658 3029 702 3072 et
734 3027 938 3072 terram.
966 3013 1096 3071 Cum
1121 3027 1247 3084 ergo
1275 3013 1391 3076 ille,
1423 3012 1466 3066 sl
1512 3012 1610 3065 hoc
1639 3011 1862 3065 sentiret

267 3112 414 3183 quod
441 3112 624 3166 Ariani
653 3111 909 3174 sentiunt,
937 3114 1121 3176 posset
1147 3105 1346 3169 dicere,
1377 3104 1430 3156 ln
1455 3101 1713 3170 principio
1741 3098 1862 3155 fecit

272 3206 417 3259 Deus
444 3203 702 3268 Verbum;
733 3218 836 3255 non
865 3201 966 3254 hoc
992 3199 1067 3253 ait
1099 3216 1110 3250 :
1143 3198 1233 3251 sed
1261 3197 1353 3262 ait,
1386 3196 1450 3248 In
1479 3195 1726 3265 principio
1755 3203 1860 3246 erat

278 3290 520 3348 Verbum.
547 3293 699 3362 Quod
729 3293 780 3346 in
802 3290 1059 3360 principio
1088 3297 1221 3350 erat,
1247 3286 1438 3340 factum
1472 3301 1577 3338 non
1598 3293 1728 3338 erat.
1759 3283 1862 3337 Ne-

268 3400 375 3454 que
413 3385 558 3439 enim
603 3383 874 3452 prtecessit
921 3380 1116 3450 aliquid
1163 3379 1230 3432 de
1272 3378 1409 3431 facto
1451 3376 1642 3430 Verbo.
1673 3375 1860 3429 Omnia

268 3477 414 3530 enim
442 3491 564 3545 qua:
590 3476 730 3529 Dens
761 3474 912 3555 fecit;
933 3469 1106 3525 Verbo
1130 3469 1256 3524 fecit
1284 3487 1296 3523 :
1323 3467 1483 3533 Dixit,
1512 3477 1555 3520 et
1573 3469 1707 3538 facta
1722 3473 1862 3528 sunt;

270 3567 566 3632 nwndavit,
598 3574 645 3620 et
674 3575 841 3618 creata
865 3571 981 3616 sunt
1010 3561 1177 3632 (Psat.
1218 3574 1442 3621 chvut,
1492 3557 1567 3627 5).
1605 3557 1744 3610 Inter
1784 3556 1864 3608 di;

269 3668 484 3712 centem
518 3666 572 3711 ut
598 3657 706 3724 liat,
737 3664 792 3710 et
823 3654 964 3726 quod
995 3653 1190 3708 factum
1234 3660 1316 3707 est
1352 3665 1379 3703 a
1412 3649 1621 3704 dicente
1646 3689 1660 3712 ,
1692 3648 1860 3719 pluri-

270 3766 423 3803 mum
466 3749 629 3804 distat
658 3766 671 3802 :
701 3748 797 3804 sed
839 3749 882 3802 si
921 3747 1106 3802 dicens
1143 3754 1259 3808 est,
1304 3744 1536 3799 Verbum
1580 3743 1769 3805 habet;
1815 3743 1860 3796 si

274 3840 512 3895 Verbum
535 3839 714 3904 habet,
739 3855 834 3909 per
855 3839 1086 3893 Verbum
1111 3836 1250 3900 fecit;
1273 3835 1318 3895 si
1345 3849 1438 3904 per
1459 3832 1687 3887 Verbqu
1712 3831 1858 3900 fecit,

271 3930 514 3984 Verbum
544 3946 652 3984 non
674 3929 816 3984 fecit.

343 4021 402 4076 4.
434 4021 738 4074 Arianorum
767 4020 1019 4074 cavillatio
1049 4035 1067 4073 :
1093 4018 1322 4072 similiter
1346 4015 1534 4071 dictant
1554 4030 1658 4070 esse
1681 4016 1732 4067 in
1758 4010 1860 4068 Ge-

269 4112 385 4164 nesi
406 4152 420 4172 ,
448 4109 605 4164 Terra
632 4119 760 4163 erat.
785 4109 962 4176 Quare
980 4150 993 4173 ,
1025 4106 1312 4178 inquiunt?
1339 4107 1530 4159 Annon
1581 4104 1769 4157 audisti
1807 4112 1861 4158 et

267 4203 341 4257 de
372 4213 512 4256 terra
534 4243 549 4267 ,
581 4201 741 4256 Terra
769 4211 873 4256 erat
911 4200 1171 4254 invisibilis
1198 4210 1242 4251 ct
1265 4198 1592 4267 incomposita
1623 4195 1771 4267 (Gen.
1801 4212 1818 4250 ι
1842 4239 1856 4264 ,

271 4298 296 4349 1
330 4336 346 4360 ,
376 4295 474 4364 ‘2)?
510 4294 566 4349 Si
598 4302 873 4363 propterea
895 4330 911 4359 ,
938 4291 1211 4361 inquiunt,
1246 4290 1376 4343 tlicis
1409 4288 1638 4342 Verbum
1666 4287 1859 4341 factum

268 4402 382 4441 non
433 4400 585 4451 esse,
631 4385 751 4454 quia
796 4384 994 4438 dictum
1032 4390 1146 4446 est,
1180 4377 1392 4434 Verbum
1422 4387 1568 4443 erat;
1600 4393 1696 4432 nec
1724 4388 1861 4432 terra

271 4477 413 4532 [acta
440 4486 543 4540 est,
573 4476 696 4546 quia
723 4474 920 4529 dictum
943 4484 1025 4528 est
1042 4515 1056 4538 ,
1088 4472 1246 4525 Terra
1266 4479 1392 4524 erat.
1429 4469 1472 4523 Ο
1501 4482 1638 4522 eatea
1665 4477 1714 4520 et
1747 4467 1860 4520 ha!-

270 4569 442 4624 retiea
472 4569 712 4623 insania!
747 4567 972 4622 Attende
991 4603 1006 4632 ,
1035 4566 1079 4620 si
1105 4574 1188 4620 est
1216 4563 1354 4618 unde
1383 4561 1657 4626 attendas;
1695 4560 1817 4614 audi
1843 4603 1856 4625 ,

270 4661 316 4713 si
363 4669 448 4714 est
483 4658 625 4714 unde
649 4657 833 4713 audias
869 4674 882 4710 :
925 4672 993 4714 ne
1020 4670 1182 4711 sonus
1212 4655 1440 4708 inaniter
1463 4668 1644 4707 aurem
1678 4668 1864 4722 percu-

271 4751 369 4803 tiat
393 4790 408 4814 ,
449 4748 602 4818 cujus
639 4762 733 4802 cor
759 4747 958 4802 veritas
986 4762 1088 4800 non
1134 4745 1382 4800 illustrat.
1428 4744 1595 4798 Verba
1624 4743 1860 4812 ejusdem

271 4843 567 4912 Scriptura:
593 4841 832 4896 dicturus
851 4854 1000 4906 sum,
1033 4855 1151 4910 quae
1181 4838 1251 4892 ibi
1290 4837 1532 4891 invenisti
1554 4851 1673 4890 cum
1715 4835 1860 4905 lege-

272 4949 390 4998 res,
418 4943 475 4989 et
501 4933 884 5004 praetermisisti
918 4949 1038 4988 cum
1069 4932 1325 4999 litigares.
1354 4929 1554 4998 Nempe
1584 4939 1860 4998 propterea

271 5037 434 5098 putas
462 5026 569 5082 tale
591 5026 804 5096 aliquid.
825 5025 1024 5080 dictum
1053 5023 1119 5078 de
1151 5023 1325 5078 Verbo
1354 5023 1443 5078 Dei
1468 5065 1482 5088 ,
1512 5037 1631 5076 cum
1662 5022 1860 5075 dictum

270 5125 354 5170 est
381 5156 396 5180 ,
441 5114 512 5169 In
556 5115 808 5186 principio
837 5125 941 5168 erat
980 5112 1410 5183 Verbum;qnale
1438 5113 1636 5167 dictum
1676 5121 1758 5166 est
1796 5111 1862 5166 de

273 5215 449 5272 terra,
475 5207 596 5276 quia
633 5206 832 5262 dictum
853 5217 934 5261 est
953 5247 968 5271 ,
1004 5205 1159 5259 Terra
1183 5217 1288 5259 erat
1309 5205 1570 5259 invisibilis
1595 5215 1640 5258 et
1667 5205 1861 5258 incom—

273 5299 460 5366 posita.
487 5297 598 5367 Ego
628 5296 720 5352 tibi
751 5298 802 5352 in
834 5299 934 5353 hoc
957 5298 1091 5353 libro
1113 5297 1382 5353 Geneseos
1405 5296 1678 5364 superiora
1702 5295 1861 5348 verba

274 5389 550 5453 recitabo,
580 5387 720 5458 quod
749 5396 1030 5458 antequam
1055 5388 1259 5444 diceret
1296 5385 1525 5455 scriptor
1560 5385 1652 5438 Dei
1690 5384 1859 5438 famu-

273 5477 395 5543 lus,
433 5477 589 5532 Terra
613 5487 758 5542 erat;
795 5486 856 5532 ut
880 5487 1158 5547 appareret
1185 5479 1306 5548 quia
1345 5476 1482 5530 facta
1527 5484 1674 5540 erat,
1717 5473 1862 5542 prius

273 5571 446 5636 dixit,
485 5569 552 5624 In
583 5571 830 5640 principio
865 5571 979 5639 fecit
1017 5569 1153 5623 Deus
1178 5571 1354 5623 caelum
1395 5577 1442 5622 et
1487 5578 1690 5621 terram.
1725 5567 1860 5620 Ecce

273 5675 381 5730 ego
404 5662 551 5730 prius
577 5660 668 5715 tibi
689 5660 827 5715 edidi
855 5658 930 5731 (a)
951 5667 1146 5715 terram
1163 5657 1352 5714 factam
1372 5675 1385 5724 ;
1405 5667 1456 5713 et
1474 5657 1663 5713 factam
1683 5656 1861 5726 utique

341 5773 419 5834 (α)
442 5779 598 5831 Forte,
619 5770 819 5822 ostendi.

1613 339 1838 394 SERMO
1877 339 2213 395 CCCLXXX.

3397 335 3534 394 1678

1964 467 1991 504 a
2027 453 2132 507 Deo
2152 494 2166 520 ,
2194 461 2413 508 sonante
2439 453 2709 524 Scriptura
2739 463 2793 510 et
2822 453 2873 508 in
2918 466 3075 508 aures
3120 450 3414 508 recusantis
3455 455 3527 508 ir-

1963 552 2238 610 rumpcnte
2257 549 2298 608 ,'
2326 541 2390 595 In
2436 536 2681 614 principio
2711 545 2827 616 fecit
2857 543 2991 598 Deus
3023 542 3203 599 emtum
3243 552 3289 597 et
3327 552 3535 597 terram.

1963 631 2121 685 Facta
2151 642 2301 687 erant
2338 633 2485 696 haec;
2517 633 2610 688 sed
2649 636 2878 689 nondum
2922 643 3141 703 ornata,
3182 636 3413 690 nondum
3439 635 3539 693 de-

1963 722 2159 776 clarata
2190 741 2202 776 :
2238 733 2374 777 terra
2403 723 2635 777 nondum
2666 724 2908 779 distincta
2929 765 2944 790 ,
2971 724 3064 780 sed
3105 733 3278 781 tamen
3315 725 3423 797 jam
3454 726 3534 781 la-

1963 823 2066 867 cta.
2118 812 2193 867 Ne
2243 819 2416 868 autem
2463 821 2674 883 putares
2713 815 2961 868 continuo
3001 822 3194 869 terram
3239 815 3430 871 factam
3460 820 3538 872 sic

1965 903 2144 969 fuisse,
2176 912 2232 957 ut
2257 919 2361 958 non
2387 905 2438 957 in
2461 918 2521 958 ea
2547 913 2688 959 esset
2719 903 2857 975 quod
2883 914 3163 960 ornaretur
3183 947 3198 973 ,
3225 906 3540 964 subsecutus

1964 993 2037 1046 ait
2067 1010 2080 1047 :
2113 992 2269 1047 Facta
2298 1003 2411 1048 erat
2446 993 2658 1064 quidem
2683 1037 2696 1059 ,
2727 995 2847 1065 quia
2891 995 2945 1049 in
2980 996 3227 1067 principio
3259 998 3376 1068 fecit
3404 997 3541 1054 Deus

1963 1085 2140 1138 caelum
2171 1093 2215 1139 et
2237 1095 2456 1146 terram;
2481 1095 2611 1139 terra
2625 1096 2810 1153 autem,
2834 1101 2988 1156 quam
3018 1087 3142 1144 fecit
3168 1089 3333 1152 Deus,
3365 1089 3539 1146 adhuc

1963 1174 2222 1229 invisibilis
2247 1186 2352 1229 erat
2373 1185 2416 1230 et
2436 1174 2784 1247 incomposita.
2807 1176 3050 1234 Ostendit
3076 1179 3168 1235 tibi
3193 1180 3364 1250 qualis
3388 1191 3501 1237 erat
3520 1225 3534 1247 ,

1964 1280 2080 1334 qure
2112 1266 2243 1319 facta
2279 1275 2430 1330 erat;
2458 1280 2560 1320 non
2591 1268 2713 1337 quia
2755 1275 2904 1334 erat,
2933 1285 3051 1339 qua:
3076 1268 3210 1324 facta
3255 1285 3363 1326 non
3402 1284 3535 1327 erat.

1967 1356 2176 1411 Poterat
2215 1373 2342 1428 ergo
2371 1359 2548 1414 dicere
2571 1359 2803 1415 Joannes
2827 1401 2841 1426 ,
2869 1359 2926 1415 ln
2953 1362 3212 1434 principio
3239 1361 3362 1419 fecit
3400 1366 3542 1418 Deus

1966 1445 2215 1511 Verbum,
2245 1448 2472 1504 Verbum
2501 1457 2676 1504 autem
2696 1460 2809 1504 erat
2829 1467 2843 1516 ;
2866 1452 3132 1522 quomodo
3151 1494 3165 1520 ,
3197 1451 3262 1508 In
3293 1454 3541 1525 principio

1965 1539 2081 1607 fecit
2109 1537 2243 1593 Deus
2273 1543 2451 1594 caelum
2483 1551 2527 1596 et
2553 1552 2774 1606 terram;
2798 1552 2931 1598 terra
2961 1554 3128 1599 autent
3162 1552 3266 1600 erat
3292 1561 3312 1601 ε
3344 1556 3402 1602 ut
3442 1547 3542 1602 iste

1965 1637 2106 1685 esset
2134 1631 2265 1686 ordo
2290 1632 2572 1687 verborum
2598 1675 2613 1701 ,
2646 1633 2702 1688 lu
2754 1635 3009 1706 principio
3051 1637 3174 1692 fecit
3221 1637 3360 1693 Deus
3403 1636 3541 1694 Ver-

1965 1722 2088 1777 bum
2115 1765 2128 1788 ,
2160 1731 2216 1778 et
2242 1723 2470 1780 Verbum
2492 1734 2605 1780 erat
2630 1725 2768 1796 apud
2798 1727 2997 1795 Deum;
3029 1737 3084 1782 ut
3128 1728 3545 1800 intelligeremus

1964 1816 2087 1886 quia
2115 1817 2217 1872 hoc
2238 1817 2471 1873 Verbum
2499 1828 2613 1874 erat
2638 1819 2776 1891 apud
2809 1821 2972 1876 Deum
2993 1863 3008 1888 ,
3033 1821 3174 1892 quod
3205 1821 3434 1879 Verbum
3463 1823 3545 1880 fe-

1965 1918 2112 1964 cerat
2141 1910 2301 1965 Deus.
2329 1910 2479 1966 Nunc
2503 1927 2630 1966 vero
2654 1913 2804 1967 audis
2823 1955 2837 1977 ,
2869 1913 2936 1967 In
2976 1915 3224 1986 principio
3263 1925 3368 1971 erat
3415 1916 3541 1972 Ver-

1966 1999 2103 2053 bum.
2134 1999 2270 2068 Quid
2299 2002 2490 2071 qumris
2516 2004 2780 2058 anteriora
2809 2003 2977 2058 factus
3002 2006 3329 2061 extremior?
3349 2005 3543 2062 Extre-

1967 2090 2104 2145 mior
2131 2093 2270 2146 enim
2299 2103 2352 2147 tu
2387 2093 2439 2147 in
2473 2108 2655 2149 errore
2686 2104 2774 2148 tuo
2808 2094 2974 2150 factus
3002 2110 3059 2150 es
3091 2113 3104 2150 :
3131 2095 3197 2151 de
3225 2096 3331 2151 imo
3359 2097 3544 2168 loque-

1967 2183 2060 2250 ris,
2085 2192 2138 2238 et
2166 2183 2229 2238 ad
2255 2185 2357 2240 ima
2387 2186 2626 2256 respicis.
2651 2186 2855 2242 Vellem
2880 2231 2893 2255 ,
2927 2189 2970 2243 si
2997 2187 3064 2243 de
3091 2188 3197 2243 imo
3225 2190 3537 2260 loquereris,

1967 2286 2024 2331 ut
2051 2292 2259 2332 sursum
2291 2293 2384 2333 cor
2406 2279 2652 2336 tenderes
2675 2323 2689 2346 ,
2723 2290 2777 2336 et
2813 2281 3070 2336 clamarcs
3093 2282 3162 2337 de
3192 2282 3450 2354 profundo
3475 2283 3542 2338 ad

1907 2411 1918 2422 -.
1971 2371 2251 2427 Dominum
2284 2393 2296 2428 :
2331 2386 2598 2445 rumperet
2635 2377 2800 2431 nubes
2820 2378 3056 2448 caliginis
3077 2379 3247 2433 carnis
3277 2389 3398 2446 tute,
3428 2395 3546 2450 ape-

1968 2463 2095 2519 riret
2134 2457 2318 2520 oculOs
2353 2467 2630 2521 humilitati
2672 2467 2758 2522 lux
2795 2485 2913 2538 qua:
2944 2470 3086 2524 venit
3114 2469 3163 2524 in
3212 2471 3542 2537 humilitate;

1969 2554 2210 2619 videres,
2254 2555 2318 2608 In
2359 2557 2606 2627 principio
2650 2566 2755 2611 erat
2807 2557 3052 2625 Verbum,
3093 2571 3141 2614 et
3189 2559 3400 2614 Verbum
3437 2573 3546 2616 erat

1967 2648 2107 2716 apud
2132 2646 2314 2715 Deum,
2338 2657 2384 2702 et
2409 2643 2540 2703 Deus
2567 2660 2672 2703 erat
2704 2649 2914 2704 Verbum
2939 2668 2956 2714 ;
2982 2652 3074 2704 ltoc
3103 2661 3208 2704 erat
3229 2653 3278 2704 in
3299 2653 3548 2722 principio

1938 2743 1943 2748 '
1969 2740 2106 2808 apud
2128 2739 2308 2794 Deum.
2336 2741 2482 2795 Dicat
2503 2753 2553 2797 et
2578 2743 2770 2815 Paulus
2791 2784 2804 2805 ,
2836 2744 2932 2810 Qui
2959 2760 3070 2796 cum
3087 2744 3136 2797 in
3169 2747 3332 2815 forma
3354 2745 3447 2799 Dei
3473 2764 3550 2801 es-

1968 2841 2060 2884 set.
2112 2831 2245 2896 Quid
2298 2833 2364 2886 de
2419 2832 2644 2886 humana
2697 2834 2966 2887 nativitate
3003 2834 3129 2889 dicit
3173 2835 3438 2890 Joannes?
3485 2837 3550 2891 Et

1978 2919 2193 2974 Verbum
2216 2939 2331 2976 caro
2353 2927 2540 2994 factum
2565 2935 2635 2977 est
2663 2924 2839 2994 (Joan.
2861 2941 2898 2988 ι,
2930 2926 2980 2992 1,
3011 2925 3064 2992 2,
3095 2927 3128 2981 5
3147 2969 3160 2993 ,
3187 2926 3296 2997 li).
3328 2928 3468 2982 Dicat
3497 2940 3550 2984 et

1969 3010 2196 3078 Paulus,
2229 3014 2563 3084 Sentetipsum
2585 3018 2876 3080 exinauivit,
2910 3018 3126 3086 formam
3154 3021 3280 3074 servi
3300 3021 3551 3092 accipiens

1975 3103 2226 3176 (Philipp.
2254 3124 2288 3161 ιι
2310 3149 2322 3171 ,
2353 3107 2384 3162 6
2406 3150 2419 3174 ,
2454 3105 2528 3178 7).
2550 3107 2685 3175 Quid
2711 3125 2837 3179 ergo
2864 3109 3078 3165 dicebas
3099 3111 3166 3167 de
3194 3113 3368 3168 verbis
3387 3113 3550 3169 Joan-

1971 3195 2054 3248 nis
2081 3195 2364 3264 Baptistze?
2409 3195 2607 3252 Eadem
2640 3199 2766 3252 mihi
2795 3214 2935 3253 nunc
2963 3215 3022 3255 ea
3063 3210 3243 3270 repeto
3265 3243 3279 3267 ,
3318 3218 3460 3259 nunc
3487 3221 3549 3260 ea

1971 3287 2206 3357 loquere.
2253 3288 2386 3355 Quid
2430 3292 2502 3344 ait
2540 3291 2768 3345 Joannes
2814 3286 3082 3361 Baptista?
3117 3293 3243 3348 Post
3286 3312 3364 3350 me
3402 3300 3549 3350 venit.

1971 3379 2214 3448 Agnosco
2258 3380 2606 3436 nativitatem.
2655 3381 2742 3436 Ille
2771 3382 2837 3435 de
2875 3383 3061 3449 sterili,
3093 3383 3180 3438 ille
3218 3384 3285 3439 de
3325 3385 3548 3455 virgine.

1970 3467 2228 3523 Stcrilitas
2265 3485 2518 3525 conversa
2569 3483 2649 3526 cst
2694 3473 2742 3525 in
2796 3471 3170 3527 fecunditatem
3218 3492 3232 3527 :
3281 3475 3549 3545 virginitas

1973 3562 2162 3615 mansit
2200 3571 2315 3630 post
2345 3563 2738 3618 fecunditatem.

2041 3653 2093 3706 5.
2133 3651 2355 3722 Objectio
2378 3669 2395 3707 :
2415 3651 2668 3709 Christum
2698 3656 2799 3708 dici
2826 3659 3050 3726 factum,
3081 3657 3129 3710 in
3153 3669 3395 3726 quantum
3429 3658 3552 3714 Vera

1972 3745 2087 3798 bum
2114 3751 2203 3798 est.
2229 3745 2454 3800 Christus
2480 3757 2594 3799 ante
2613 3745 2864 3802 Joannem
2887 3749 3083 3824 factus,
3108 3749 3161 3802 id
3180 3763 3249 3804 est
3271 3763 3385 3805 ante
3411 3753 3552 3822 posi-

1971 3845 2048 3889 tus
2070 3837 2166 3906 ipsi
2186 3846 2230 3889 et
2261 3835 2520 3906 pra’tatus.
2547 3837 2649 3891 Sed
2678 3837 2927 3904 Joannes,
2964 3839 3162 3909 inquit,
3188 3842 3230 3894 si
3261 3843 3550 3896 secundum

1972 3927 2072 3981 hoc
2092 3928 2313 3982 dixisset
2340 3928 2556 3994 factum,
2585 3930 2874 3985 secundum
2900 3932 3037 4002 quod
3067 3949 3133 3987 ex
3167 3935 3368 4004 virgine
3398 3945 3552 3991 natus

1970 4030 2052 4072 est
2072 4059 2086 4079 ,
2115 4035 2217 4072 non
2245 4021 2481 4084 diceret,
2529 4031 2642 4074 ante
2667 4038 2744 4074 nte
2781 4023 2944 4090 [actus
2969 4033 3074 4088 est;
3102 4025 3224 4093 quia
3254 4042 3316 4080 ex
3349 4027 3550 4096 virgine

1971 4119 2088 4178 post
2118 4109 2262 4162 illum
2299 4109 2465 4164 factus
2491 4121 2621 4165 erat.
2647 4107 2786 4181 Ergo
2811 4151 2824 4176 ,
2847 4122 3058 4168 anteme
3091 4118 3255 4183 factus
3284 4126 3387 4182 est,
3421 4117 3549 4186 qttid

1970 4209 2084 4266 est,
2120 4200 2218 4253 nisi
2247 4200 2366 4269 quia
2397 4201 2446 4254 in
2487 4201 2744 4270 principio
2773 4201 2999 4257 Verbum
3041 4203 3233 4259 factum
3273 4207 3424 4261 erat?
3462 4207 3550 4263 Sic

1971 4292 2110 4345 enim
2137 4301 2258 4345 ante
2287 4291 2545 4344 Joannem
2576 4299 2722 4357 erat;
2757 4307 2874 4346 nam
2902 4305 2966 4347 ex
3011 4293 3213 4364 virgine
3248 4305 3366 4365 post
3392 4296 3552 4352 Joan-

1972 4396 2090 4434 nem
2116 4391 2248 4435 erat.
2273 4382 2489 4452 Accipe,
2513 4389 2567 4436 et
2593 4381 2764 4436 sinon
2793 4382 3005 4450 rixaris,
3036 4383 3270 4440 adverte.
3295 4387 3550 4457 Aliquan-

1973 4480 2080 4526 tum
2109 4473 2249 4525 cnim
2293 4473 2424 4527 forte
2453 4473 2838 4528 subobscurum
2860 4481 2940 4528 est
2965 4475 3104 4545 Quod
3131 4491 3208 4531 vts
3236 4477 3550 4547 intelligere,

1974 4572 2029 4617 ιιι
2060 4564 2280 4618 rixando
2303 4564 2395 4618 tibi
2420 4581 2612 4634 augeas
2643 4566 2842 4621 fumum
2866 4607 2879 4632 ,
2921 4583 3025 4638 quo
3056 4569 3359 4638 impediaris
3387 4571 3452 4625 ab
3484 4572 3554 4624 in-

1974 4657 2202 4711 tellecta.
2235 4656 2560 4727 Scripturam
2590 4658 2732 4712 illam
2760 4660 2929 4728 primo
2955 4659 3160 4715 intuere
3184 4695 3198 4726 ,
3229 4673 3348 4731 qua:
3377 4670 3430 4718 te
3455 4661 3552 4717 do-

1971 4757 2056 4802 cet
2081 4757 2138 4802 ut
2157 4749 2344 4804 docilis
2373 4749 2486 4803 ﬁas.
2512 4749 2634 4803 Esto
2671 4760 2958 4804 mansuetus
2990 4750 3058 4803 ad
3099 4753 3404 4808 audiendum
3442 4771 3553 4810 vero

1973 4841 2110 4904 bum,
2130 4849 2184 4894 ut
2203 4841 2458 4911 intettigas
2482 4840 2666 4910 (Eccti.
2686 4856 2741 4903 γ,
2766 4837 2877 4911 15).
2900 4841 3085 4898 Patere
3102 4857 3227 4914 ergo
3245 4846 3511 4916 paulisper
3532 4867 3551 4906 :

1947 4930 2106 4986 --forte
2135 4932 2462 4987 inveniemus
2488 4931 2752 5000 quomodo
2771 4931 2968 4987 dictum
3009 4936 3108 5001 sit,
3137 4945 3254 4991 ante
3288 4956 3365 4992 me
3387 4943 3554 5011 [actus

1972 5034 2082 5088 est;
2102 5021 2225 5077 dum
2254 5033 2427 5077 tamen
2459 5035 2563 5076 non
2597 5021 2950 5093 intelligamus
2978 5025 3170 5081 factum
3198 5029 3428 5084 Verbum
3457 5047 3555 5101 per

1972 5116 2110 5186 quod
2132 5115 2264 5170 facta
2296 5124 2418 5168 sunt
2441 5115 2636 5168 omnia.
2664 5114 2943 5183 Quomodo
2963 5159 2975 5183 ,
3006 5118 3212 5188 inquit?
3242 5122 3294 5175 Si
3327 5132 3513 5191 potero
3535 5165 3550 5189 ,

1971 5207 2141 5261 dicam
2173 5225 2185 5260 ε
2210 5207 2253 5260 si
2285 5205 2461 5260 dicere
2483 5220 2586 5259 non
2618 5215 2822 5275 potero,
2848 5221 2952 5262 non
2976 5217 3148 5264 tamen
3179 5226 3282 5265 non
3311 5215 3551 5284 estquod

1971 5298 2108 5352 dicat
2129 5298 2217 5368 qui
2240 5297 2416 5352 dicere
2447 5296 2696 5366 potuerit.
2726 5297 2900 5355 Credo
2929 5309 3102 5355 autem
3130 5311 3183 5356 et
3201 5319 3378 5373 spero,
3409 5307 3549 5376 quod

1973 5389 2110 5442 illius
2141 5389 2386 5458 majestas
2418 5386 2712 5458 Unigeniti,
2745 5376 2977 5459 qui‘eum
3012 5405 3153 5447 esset
3180 5393 3441 5460 Verbum,
3469 5397 3550 5450 in-

1973 5481 2088 5534 fans
2118 5479 2286 5534 factus
2306 5488 2407 5544 est,
2431 5479 2636 5549 aperiet
2661 5465 2931 5536 infantiam
2959 5482 3148 5552 linguae
3178 5500 3308 5537 mem
3334 5527 3347 5550 ,
3381 5497 3433 5539 et
3473 5486 3549 5541 fa-

1971 5571 2075 5628 ciet
2120 5572 2296 5624 inore
2333 5555 2700 5639 partum,’qui
2745 5568 2867 5624 fecit
2915 5571 2964 5624 iu
3004 5572 3163 5627 corde
3209 5587 3545 5644 conceptum.

1972 5662 2112 5716 Ecce
2140 5661 2310 5716 dicam
2335 5669 2390 5714 ut
2419 5670 2604 5730 potero
2635 5678 2646 5712 :
2672 5661 2903 5731 intellige
2921 5672 2976 5716 ut
3008 5674 3177 5732 potes;
3197 5675 3250 5718 et
3276 5665 3414 5735 quod
3444 5682 3548 5723 non

1976 5753 2172 5824 poteris
2195 5752 2521 5822 intelligere,
2546 5752 2650 5807 noli
2678 5747 3095 5823 reprehendere,
3122 5757 3269 5825 quasi
3297 5757 3405 5827 jam
3434 5774 3548 5814 tua-'-
