4026 6362
519 406 657 468 1679

517 539 655 597 gnus
672 523 764 588 sis;
789 520 880 577 sed
903 515 1078 581 dill‘er,
1102 522 1155 568 ut
1174 525 1417 568 crescere
1440 504 1714 562 merearis.
1739 503 1893 556 Certe
1925 501 2023 552 hoe
2053 508 2103 551 te

520 627 731 682 movet,
771 609 1039 686 quomodo
1066 608 1265 662 dictum
1295 605 1391 668 sit,
1429 601 1528 668 Qui
1561 607 1670 669 post
1698 612 1774 649 me
1800 602 1928 648 venit
1950 633 1963 654 ,
1990 599 2106 642 ante

521 726 600 763 me
637 712 802 778 factus
828 713 921 757 est.
964 700 1171 754 Movent
1210 696 1366 766 plane
1409 701 1466 746 ut
1509 696 1839 760 quzrretttem
1863 725 1877 749 ,
1906 690 2110 778 non-ut

521 775 804 858 rixantem.
833 797 991 851 Certe
1014 802 1070 847 et
1101 806 1200 862 ego
1229 802 1412 861 qumro
1435 796 1608 841 tecum
1641 800 1654 835 :
1687 779 1844 836 simul
1868 775 2106 850 invenie-~

523 908 642 948 mus
661 934 675 958 ,
705 891 750 945 si
775 887 931 944 simul
953 899 1254 957 qumramus
1276 897 1292 945 ;
1315 878 1472 935 ambo
1496 875 1850 958 accipiemus,
1886 868 1928 922 si
1954 865 2111 921 ambo

524 995 798 1056 petamus;
827 979 1040 1050 utrique
1071 985 1310 1032 nostrum
1337 958 1605 1043 aperietur
1628 1008 1643 1034 ,
1666 967 1711 1022 si
1745 963 1902 1019 ambo
1933 959 2111 1030 pulse-

526 1093 664 1134 mns.
698 1075 819 1129 Post
855 1089 933 1126 me
970 1071 1101 1125 vertit
1124 1111 1139 1134 ,
1169 1066 1336 1138 inquit
1365 1084 1378 1118 :
1405 1075 1635 1134 agnosce
1677 1057 2004 1113 nativitatem
2046 1064 2111 1105 ex

525 1170 729 1239 virgine
758 1165 941 1221 Maria.
976 1163 1103 1216 Ante
1126 1177 1204 1214 nte
1243 1159 1404 1226 [actus
1433 1162 1506 1208 est
1533 1168 1550 1206 :
1587 1149 1712 1222 quid
1737 1155 1853 1210 est,
1883 1152 2000 1239 ante
2037 1156 2118 1239 me

529 1233 692 1330 lacius
721 1257 837 1313 est?
877 1254 1158 1324 lntellige,
1188 1253 1520 1319 antepositus
1566 1253 1650 1300 est
1697 1239 1850 1330 mihi.
1897 1237 1988 1330 llle
2026 1233 2118 1330 qui

529 1324 654 1423 post
681 1365 767 1404 me
791 1347 970 1411 venit,
1002 1347 1169 1398 lactus
1213 1350 1297 1396 est
1322 1349 1446 1394 ante
1473 1351 1577 1391 me.
1607 1329 1886 1423 Quomodo
1931 1328 1973 1382 si
2013 1324 2119 1423 duo

531 1416 807 1498 ambulent
837 1439 888 1492 in
927 1438 1153 1503 itinere,
1189 1441 1243 1487 et
1273 1446 1408 1486 unus
1444 1428 1514 1482 sit
1543 1424 1743 1481 tardior
1765 1464 1782 1491 ,
1809 1420 1947 1476 alter
1976 1416 2122 1471 velo-

533 1535 677 1600 cior,
699 1540 753 1586 et
777 1526 1046 1602 prseccdat
1085 1523 1285 1580 tardior
1311 1521 1636 1592 aliquantum
1659 1557 1675 1581 ,
1707 1521 1824 1584 post
1855 1507 2121 1602 paululum

535 1634 712 1680 autem
757 1600 1010 1692 sequatur
1049 1617 1317 1682 velocior;
1349 1610 1566 1682 respicit
1595 1607 1793 1664 tardior
1819 1600 2125 1675 prmeedens

536 1691 855 1772 velociorem
885 1717 1226 1781 sequentem,
1265 1714 1321 1762 et
1361 1703 1524 1767 dicit,
1567 1700 1696 1755 Post
1732 1711 1818 1752 me
1857 1693 2018 1748 venit.
2063 1691 2129 1745 Et

539 1822 666 1865 ecce
692 1805 1023 1862 accelerante
1045 1800 1156 1866 illo,
1181 1807 1234 1854 et
1261 1795 1647 1867 propinquante
1671 1831 1687 1857 ,
1711 1798 1764 1843 et
1783 1786 2088 1842 adhaerente
2108 1822 2123 1846 ,

539 1911 596 1956 et
620 1905 949 1962 transeunte,
973 1893 1117 1950 videt
1141 1891 1229 1948 ille
1249 1887 1596 1949 anteriorem,
1626 1896 1784 1965 quem
1816 1874 2132 1947 respiciebat

542 1990 896 2064 posteriorem
942 2003 956 2040 :
1004 1992 1154 2042 certe
1191 1981 1235 2038 si
1277 1978 1606 2035 celeritatem
1653 1973 1776 2044 ejus
1816 1972 2133 2068 expavescat

543 2083 774 2156 quodam
805 2078 965 2135 modo
993 2083 1049 2132 et
1075 2073 1388 2138 admiretur,
1412 2082 1589 2125 nonne
1611 2069 1865 2136 poterunt
1890 2072 2010 2114 esse
2034 2065 2134 2156 ista

546 2147 706 2232 verba
737 2173 895 2244 ejus:
921 2171 1057 2225 Ecce
1085 2167 1246 2221 homo
1276 2170 1397 2235 post
1425 2175 1509 2216 me
1539 2167 1688 2224 erat,
1716 2164 1771 2210 et
1798 2160 1924 2208 ante
1949 2164 2036 2204 me
2063 2147 2139 2244 la-

547 2279 665 2324 ctus
690 2240 810 2322 est"?
834 2261 974 2332 Quid
999 2268 1083 2316 est
1111 2259 1232 2324 hoc,
1260 2256 1352 2327 qui
1379 2261 1500 2325 post
1525 2266 1611 2306 me
1639 2257 1783 2314 erat,
1809 2253 1932 2300 ante
1956 2258 2042 2298 me
2064 2240 2140 2332 l‘a-

548 2371 666 2414 ctus
694 2356 817 2412 est?
843 2329 942 2421 Qui
969 2348 1272 2405 ambulabat
1306 2353 1426 2416 post
1457 2356 1572 2408 me,
1605 2338 1878 2394 celeritate
1915 2333 2030 2404 ejus
2058 2329 2139 2385 fa-

551 2457 697 2502 etum
720 2453 804 2501 est
825 2452 883 2498 ut
909 2449 1055 2497 esset
1083 2449 1207 2493 ante
1233 2450 1341 2490 me.
1367 2434 1501 2489 Nam
1522 2431 1567 2485 si
1592 2429 1912 2496 ubicumque
1925 2422 2139 2494 legeris,

554 2542 716 2610 [actus
741 2545 850 2601 est,
883 2547 991 2588 non
1023 2528 1275 2599 intelligis
1312 2517 1414 2581 nisi
1441 2525 1720 2610 formatum
1763 2532 1882 2574 esse
1909 2517 1998 2610 qui
2037 2528 2142 2569 non

555 2607 691 2691 erat;
719 2635 772 2683 et
799 2624 1081 2680 Dominum
1115 2622 1280 2675 Deum
1311 2617 1551 2672 dicturus
1579 2629 1638 2668 es
1671 2607 1868 2696 factum
1889 2649 1904 2673 ,
1943 2607 2012 2696 de
2040 2618 2146 2675 quo

555 2725 754 2779 dictum
775 2729 879 2788 est,
901 2716 1094 2773 Factus
1110 2723 1181 2769 est
1210 2712 1334 2766 milii
1356 2709 1603 2764 Dominus
1627 2707 1679 2760 in
1700 2694 1951 2788 refugium
1973 2694 2144 2771 (Psul.

558 2831 720 2881 scut,
765 2812 881 2883 22).
917 2809 1106 2864 Factus
1151 2815 1222 2860 est
1261 2803 1509 2858 Dominus
1547 2793 1950 2883 adjutorlPsal.
1983 2807 2104 2846 XXIX
2129 2831 2145 2857 ,

559 2911 584 2962 ‘l
603 2909 650 2977 ι)
675 2924 691 2972 ;
719 2917 808 2970 et,
838 2881 1029 2956 Factus
1051 2908 1122 2953 est
1147 2897 1271 2951 milii
1299 2897 1350 2948 in
1378 2895 1592 2949 salutent
1621 2881 1793 2960 (Psal.
1830 2901 1972 2942 cxvu
1990 2926 2005 2951 ,
2036 2884 2146 2977 ιι).

559 2976 780 3065 Quoties
819 2993 1026 3048 lactus?
1058 2991 1124 3044 Et
1157 2990 1270 3058 ipse
1317 2986 1442 3041 fecit
1486 2985 1686 3039 omnia.
1732 2980 1872 3064 Ergo
1915 2976 2151 3045 iutellige

560 3101 771 3143 mecum
799 3083 979 3138 verba.
1007 3080 1190 3150 Neque
1217 3077 1361 3133 enim
1389 3074 1553 3129 tacuit
1579 3071 1718 3126 idem
1752 3069 1987 3124 Joannes
2009 3074 2065 3121 et
2091 3066 2153 3120 il—

564 3179 656 3234 lud
690 3176 834 3248 quod
871 3174 1104 3231 Verbum
1147 3181 1296 3237 erat;
1334 3184 1402 3225 ne
1448 3167 1518 3223 ibi
1568 3174 1782 3237 putares
1831 3160 2155 3233 signiﬁcasse

564 3269 822 3336 Verbum,
851 3264 1066 3338 quando
1098 3262 1266 3328 dixit,
1297 3269 1514 3314 anteme
1539 3256 1702 3327 [actus
1729 3262 1838 3308 est:
1863 3261 1918 3306 ut
1944 3249 2154 3306 noveris

564 3360 631 3416 ad
650 3361 750 3415 hoc
771 3357 1038 3431 pertinuere
1063 3366 1179 3409 ante
1199 3369 1277 3408 me
1305 3354 1468 3424 [actus
1487 3358 1578 3416 est,
1606 3347 1729 3418 quia
1750 3344 2024 3417 praecessit
2051 3357 2152 3406 me,

565 3454 687 3523 quia
715 3449 1040 3522 gloriﬁcatus
1067 3455 1151 3502 est
1193 3443 1422 3514 amplius
1448 3455 1568 3507 me,
1608 3439 1730 3508 quia
1775 3451 1899 3492 eum
1941 3450 2027 3490 me
2071 3435 2156 3489 in-

567 3542 848 3598 tenderent
881 3539 1124 3595 homines
1158 3546 1544 3607 prcccursorem
1566 3571 1583 3599 ,
1615 3534 1944 3600 agnoverunt
1980 3524 2160 3580 Domi-

569 3649 717 3697 num,
740 3647 898 3703 quem
929 3629 1196 3685 nascendo
1217 3638 1620 3698 prtecesscram,
1638 3637 1798 3694 quem
1819 3616 2162 3689 obsequendo

571 3727 975 3790 nuntiaveram;
1013 3736 1242 3793 spesque
1291 3732 1476 3774 eorum
1500 3758 1517 3785 ,
1559 3727 1851 3771 concursus
1879 3726 2064 3767 eorum
2108 3712 2161 3763 in

571 3819 859 3873 Dominum
886 3815 1054 3870 lactus
1073 3823 1187 3878 est;
1218 3811 1543 3882 gloriﬁcatus
1570 3814 1657 3863 est
1681 3806 2047 3874 ille-tanquam
2076 3801 2165 3856 Fi-

573 3913 678 3968 lius
701 3911 830 3978 Dei,
861 3918 987 3964 ante
1020 3922 1106 3961 me
1129 3904 1300 3960 lactus
1318 3939 1336 3969 ,
1366 3901 1658 3958 secundum
1685 3897 1740 3954 id
1767 3895 1911 3968 quod
1939 3896 2167 3965 Aposto-

575 4006 662 4061 lus
698 4005 810 4069 ait,
840 4000 1120 4071 Propterea
1147 3989 1286 4052 Deus
1326 3993 1563 4049 exaltabit
1588 4007 1735 4057 eum,
1779 3998 1824 4044 et
1850 3987 2052 4042 donavit
2089 3985 2168 4040 illi

577 4115 761 4153 nomen
780 4094 915 4166 quod
934 4103 1006 4148 est
1043 4107 1196 4162 super
1227 4104 1374 4143 omne
1406 4101 1588 4142 nomen
1606 4126 1622 4152 ,
1648 4092 1702 4138 ut
1729 4083 1786 4136 in
1811 4081 2012 4136 nomine
2044 4079 2170 4133 Jestt

549 4247 553 4254 ι
580 4207 729 4246 omne
752 4205 884 4260 genu
903 4188 1156 4257 ﬂectatur,
1178 4181 1472 4245 caelestium,
1496 4177 1825 4242 terrestrium,
1870 4182 1916 4229 et
1941 4173 2170 4243 inferno-

580 4301 694 4338 rum
722 4279 982 4352 (Philipp.
1013 4293 1050 4332 tt
1071 4317 1085 4340 ,
1113 4274 1147 4331 9
1166 4283 1212 4329 et
1240 4270 1352 4344 10).
1383 4269 1564 4326 Gloria
1600 4284 1728 4339 ergo
1759 4266 1874 4337 eius
1908 4279 2015 4319 non
2051 4276 2172 4318 esse

581 4375 746 4445 ccepit
764 4415 780 4439 ,
820 4370 915 4425 sed
941 4367 1188 4423 innotuit.
1226 4364 1423 4418 Factus
1461 4371 1546 4418 est
1569 4368 1696 4416 ante
1722 4359 1984 4415 Joannem
2008 4395 2024 4423 ,
2049 4355 2172 4425 quia

584 4462 860 4537 prmcessit
886 4461 1089 4515 honore
1121 4456 1403 4512 Joannem.

656 4555 710 4611 6.
777 4551 926 4608 Data:
979 4543 1378 4618 interpretationi
1431 4555 1710 4597 consonare
1758 4538 1905 4594 verba
1957 4536 2176 4593 Joannis

588 4645 956 4718 subsequentia.
978 4640 1085 4698 Sed
1114 4639 1234 4695 vide
1259 4645 1434 4692 utrum
1461 4635 1674 4689 merito.
1707 4633 1976 4703 Interroga
2002 4632 2176 4703 ipsum

589 4739 850 4796 Joannem
876 4753 890 4789 :
920 4734 1012 4789 Ille
1041 4731 1133 4802 qui
1163 4737 1284 4801 post
1313 4737 1366 4783 te
1392 4726 1558 4792 venit,
1587 4740 1754 4795 quare
1779 4733 1904 4780 ante
1931 4735 1981 4779 te
2008 4723 2178 4779 lactus

590 4829 698 4885 cst?
714 4827 813 4896 Qui
836 4835 888 4881 te
901 4823 1244 4894 sequebatur,
1267 4833 1433 4891 quare
1458 4816 1550 4872 tibi
1580 4816 1833 4887 prarlatus
1858 4815 1977 4871 est?
1993 4815 2179 4886 Sequi-

593 4931 714 4985 tur,
746 4917 878 4984 Quia
915 4915 1054 4987 prior
1081 4929 1158 4968 tne
1197 4919 1325 4968 erat.
1376 4909 1488 4965 lloc
1527 4915 1644 4975 est,
1676 4905 2033 4979 Inprincipio
2074 4918 2180 4964 erat

605 5011 842 5066 Verbum.
889 5009 1027 5078 Ergo
1056 5004 1247 5060 merito
1288 5012 1405 5057 ante
1431 5017 1511 5056 me
1543 5001 1708 5071 factus
1749 5010 1851 5066 est,
1881 5001 2000 5071 quia
2041 5001 2182 5072 prior

595 5118 675 5157 me
702 5109 830 5156 erat.
861 5098 1012 5154 Prior
1037 5095 1243 5152 Joanne
1263 5137 1277 5159 ,
1311 5093 1453 5165 prior
1494 5092 1760 5148 Abraham
1780 5133 1797 5156 ,
1832 5094 1978 5162 prior
2021 5107 2180 5163 quam

597 5191 768 5249 Adam
793 5233 810 5259 ,
838 5189 986 5260 prior
1011 5201 1169 5258 quam
1198 5185 1394 5242 ctelum
1421 5191 1477 5240 et
1503 5191 1642 5238 terra
1663 5223 1679 5249 ,
1711 5183 1853 5252 prior
1879 5198 2037 5252 quam
2067 5182 2181 5236 An-

597 5282 702 5354 gcll
721 5323 736 5348 ,
764 5280 952 5346 Sedes,
981 5277 1400 5341 Dominationes,
1427 5273 1765 5349 Principatus
1790 5281 1844 5328 et
1863 5273 2180 5327 Potestates.

599 5375 778 5444 Quare
804 5372 988 5444 prior?
1013 5369 1147 5441 Quia
1175 5367 1345 5436 omnia
1371 5381 1460 5437 per
1481 5365 1648 5435 ipsum
1674 5368 1810 5436 facta
1839 5373 1975 5419 sunt.
2007 5364 2186 5434 Agno-

601 5473 718 5524 scat
753 5479 939 5521 servus
987 5459 1338 5517 humilitatem
1389 5470 1588 5511 suam:
1636 5454 1880 5509 ostendat
1931 5455 2185 5510 Dominus

604 5557 938 5627 majestatem
968 5566 1138 5607 suam.
1169 5549 1317 5603 Dicat
1347 5545 1485 5600 idem
1518 5544 1782 5622 Joannes,
1813 5543 1933 5599 Non
1959 5562 2071 5600 sunt
2109 5544 2190 5599 di-

607 5665 736 5720 gnus
780 5645 1050 5715 corrigiam
1087 5639 1413 5694 calceamenti
1454 5637 1564 5707 ejus
1611 5637 1819 5690 solvere.
1863 5637 2084 5692 Multum
2129 5653 2190 5693 se

611 5738 932 5802 humiliaret,
951 5734 996 5788 si
1023 5732 1244 5796 diceret,
1263 5729 1469 5798 Dignus
1488 5741 1627 5782 sum.
1645 5726 1781 5793 Quid
1807 5727 1948 5782 enim
1979 5729 2022 5782 si
2047 5729 2191 5783 diee-

613 5837 670 5882 et
697 5826 955 5896 dignum?
1012 5820 1266 5892 numquid
1289 5818 1480 5875 (sedere
1506 5818 1556 5872 in
1584 5815 1783 5888 judicio
1811 5819 1876 5873 ad
1914 5819 2186 5874 dexteram

1741 389 1797 442 S.
1842 380 2201 441 AllClESTINI
2245 380 2541 437 EPISCOPI

3666 375 3798 431 1680

2215 517 2422 572 Patris?
2450 516 2700 586 numquid
2731 516 2911 570 venire
2952 515 3016 570 ad
3040 515 3354 585 iudicandos
3383 515 3530 568 vivos
3566 522 3622 568 et
3656 527 3800 566 mor-

2217 611 2365 664 tuos?
2393 611 2526 678 Quid
2556 611 2600 664 si
2635 610 2836 664 diceret
2865 609 3080 679 dignum
3119 609 3329 664 solvere
3363 607 3649 678 corrigiam
3689 608 3801 660 eal-

2215 704 2509 758 eeamenti?
2537 703 2722 773 Magna
2753 703 3039 765 humilitas,
3069 703 3112 756 si
3141 701 3242 756 hoc
3269 710 3352 756 est
3379 699 3574 771 dignus
3597 700 3806 754 amicus

2217 793 2416 864 sponsi.
2448 794 2691 848 Dicturus
2705 793 2858 847 enim
2881 803 2992 846 erat
3012 793 3241 847 amicum
3267 807 3328 848 se
3352 806 3472 847 esse
3495 792 3680 862 sponsi
3704 809 3718 844 :
3752 800 3808 847 et

2220 901 2286 940 ne
2317 886 2368 939 in
2407 872 2492 940 illa
2534 885 2766 940 amicitia
2803 885 3077 956 aequalitas
3107 886 3242 942 forte
3269 887 3337 942 ab
3382 871 3562 957 aliquo
3598 887 3806 956 impru-

2220 977 2380 1034 dente
2403 979 2812 1048 intelligeretur;
2835 978 2962 1033 dicit
2981 993 3040 1034 se
3058 981 3286 1034 amicum
3309 989 3525 1050 propter
3544 995 3808 1047 amorem,

2221 1071 2397 1142 dejieit
2434 1086 2492 1127 se
2525 1071 2592 1126 ad
2630 1071 2849 1142 vestigia
2877 1081 3094 1142 propter
3121 1073 3388 1128 timorem.
3421 1075 3484 1128 Et
3515 1089 3701 1144 parum
3729 1087 3812 1130 est

2222 1162 2363 1233 quod
2408 1178 2466 1217 se
2509 1163 2574 1217 ad
2623 1163 2841 1232 vestigia
2885 1163 3132 1232 deponit;
3177 1178 3276 1219 nec
3322 1165 3539 1236 dignum
3582 1179 3642 1221 se
3684 1167 3812 1221 dicit

2224 1254 2434 1310 solvere
2477 1254 2757 1324 corrigiam
2785 1255 3154 1309 calceamenti.
3195 1254 3418 1309 Humilis
3448 1255 3721 1324 profecto,
3769 1256 3813 1310 si

2225 1345 2441 1414 dignum
2465 1347 2674 1401 solvere
2698 1364 2711 1411 ;
2737 1345 2830 1400 sed
2855 1347 2976 1416 quia
3000 1361 3098 1400 nec
3118 1346 3336 1416 dignum
3357 1346 3562 1402 se'dicit
3581 1347 3812 1410 solvere.

2227 1438 2415 1508 dignus
2455 1437 2544 1508 qui
2590 1438 2913 1492 exaltaretur
2966 1437 3035 1493 ab
3079 1438 3392 1492 humilitate.
3452 1439 3602 1494 Dicat
3652 1440 3816 1492 etiam

2222 1530 2495 1600 apertius,
2522 1529 2664 1584 dicat
2699 1528 3031 1596 distinctius,
3059 1529 3185 1600 quid
3222 1538 3340 1594 est,
3375 1528 3501 1584 Post
3530 1547 3608 1584 me
3645 1530 3778 1584 venit
3800 1570 3818 1594 ,

2229 1629 2347 1676 ante
2386 1637 2464 1676 me
2491 1625 2654 1693 factus
2681 1630 2773 1676 est.
2807 1620 2948 1676 Dixit
2974 1621 3117 1677 enim
3157 1630 3212 1677 et
3242 1636 3457 1677 causam
3478 1663 3493 1688 ,
3525 1623 3644 1692 quia
3673 1623 3822 1692 prior

2231 1729 2311 1766 me
2335 1721 2463 1766 erat.
2489 1712 2772 1780 Quoniam,
2805 1711 2870 1766 In
2900 1713 3150 1785 principio
3174 1722 3283 1766 erat
3321 1712 3564 1778 Verbum;
3587 1723 3662 1779 et,
3692 1713 3824 1769 Cum

2231 1803 2285 1856 in
2324 1807 2490 1876 forma
2529 1802 2626 1858 Dei
2664 1813 2825 1870 esset,
2868 1820 2970 1858 non
3012 1804 3246 1875 rapinam
3287 1806 3558 1860 arbitratus
3603 1816 3677 1860 est
3717 1823 3826 1861 esse

2237 1896 2454 1966 aequalis
2487 1895 2613 1950 Deo.
2642 1896 2806 1952 Illum
2837 1907 3030 1968 oportet
3067 1915 3292 1954 crescere
3310 1941 3325 1964 ,
3355 1916 3433 1954 me
3469 1909 3636 1954 autent
3664 1901 3827 1953 minui

2238 1987 2419 2059 (Joan.
2451 2005 2538 2054 tu,
2566 1989 2684 2061 30).
2709 1989 3000 2060 Oportebat
3024 2000 3082 2046 ut
3118 2000 3388 2046 cresceret
3426 1992 3516 2061 qui
3561 1991 3829 2060 posterior

2238 2079 2406 2144 venit,
2436 2088 2493 2135 et
2521 2080 2849 2136 minueretur
2875 2081 2965 2152 qui
2992 2081 3228 2136 anterior
3255 2081 3420 2137 venit.
3447 2080 3503 2137 Si
3537 2082 3708 2136 crevit
3737 2082 3831 2152 qui

2242 2172 2506 2243 posterior
2548 2172 2726 2238 venit,
2773 2181 2897 2228 ante
2951 2173 3123 2243 ipsum
3170 2171 3340 2228 lactus
3382 2181 3465 2227 est
3509 2172 3830 2228 crescendo.

2243 2261 2434 2328 Illum,
2467 2262 2668 2333 inquit,
2697 2271 2890 2332 oportet
2917 2279 3167 2331 crescere,
3195 2280 3274 2318 me
3299 2272 3465 2317 autem
3503 2263 3687 2318 minui.
3720 2263 3835 2318 [loc

2245 2361 2356 2419 est,
2385 2361 2501 2406 ante
2528 2369 2607 2406 me
2634 2352 2800 2422 factus
2825 2362 2919 2407 est.
2953 2353 3020 2408 Et
3055 2354 3325 2424 quomodo
3355 2354 3521 2410 crevit
3545 2353 3800 2408 Christus
3819 2397 3836 2421 ,

2245 2449 2478 2499 minutus
2503 2451 2586 2499 est
2607 2443 2879 2500 Joannes?
2909 2445 3191 2501 Praecessit
3215 2455 3371 2501 :etate
3394 2445 3630 2501 Joannes
3653 2445 3839 2500 Domi-

2246 2552 2374 2592 num
2405 2536 2458 2591 in
2485 2536 2758 2592 nativitate
2785 2537 3044 2602 humana;
3068 2545 3354 2593 creverunt
3377 2537 3536 2592 ambo
3562 2536 3719 2591 annis
3750 2550 3841 2592 ae-

2246 2626 2580 2690 cedentibus,
2612 2635 2813 2682 statura
2842 2627 3038 2692 carnis,
3070 2637 3125 2682 et
3153 2637 3510 2698 pervenerunt
3536 2627 3602 2681 ad
3629 2636 3843 2682 certum

2252 2718 2466 2773 modum
2507 2719 2643 2772 sicut
2673 2717 2933 2773 homines.
2962 2717 3071 2773 Sed
3099 2717 3333 2774 Joannes
3359 2717 3520 2772 homo
3541 2759 3556 2783 ,
3591 2716 3848 2773 Christus

2255 2809 2395 2865 Deus
2422 2819 2478 2866 et
2515 2810 2676 2864 homo
2706 2809 2802 2882 (a).
2835 2809 2891 2864 In
2915 2809 3192 2864 divinitate
3236 2809 3282 2864 si
3327 2809 3688 2880 intelligamus
3715 2809 3846 2878 quia

2247 2904 2420 2958 crevit
2443 2903 2726 2968 Christus,
2764 2903 2984 2958 absurdi
3025 2919 3246 2970 sumus,
3293 2913 3349 2959 et
3379 2903 3535 2958 nimis
3573 2918 3846 2958 erramus.

2253 2997 2459 3054 Crescit
2487 2997 2629 3052 enim
2667 2995 2899 3066 aliquid,
2931 3004 2990 3051 ut
3017 2996 3277 3066 proﬁciat.
3321 2996 3462 3052 Deus
3503 3010 3610 3066 quo
3636 3004 3851 3052 crescat

2255 3106 2363 3146 non
2403 3090 2600 3146 habet:
2632 3090 2677 3145 si
2717 3091 2861 3144 enim
2900 3089 3060 3144 habet
3085 3104 3192 3160 quo
3220 3097 3465 3156 crescat,
3511 3089 3688 3144 minor
3728 3100 3850 3145 erat

2256 3193 2540 3255 antequam
2585 3193 2870 3238 cresceret.
2916 3181 3218 3238 Redeamus
3259 3182 3326 3236 ad
3371 3181 3596 3237 formam
3639 3182 3850 3236 carnis.

2259 3275 2376 3346 Ipsa
2401 3289 2521 3330 cum
2546 3274 2750 3329 Joanne
2772 3273 2961 3340 crevit,
2985 3287 3095 3328 non
3121 3273 3214 3327 illo
3239 3272 3445 3327 minuto
3468 3273 3655 3326 erevit.
3687 3271 3852 3327 [lete

2261 3379 2440 3420 ramus
2483 3379 2614 3434 ergo
2655 3364 2898 3420 fortassis
2943 3364 3011 3420 ad
3049 3364 3310 3434 gloriam;
3360 3373 3416 3419 et
3463 3363 3854 3432 intelligamus,

2263 3455 2420 3510 Illum
2448 3465 2639 3526 oportet
2661 3471 2901 3522 crescere,
2929 3470 3009 3508 me
3032 3464 3199 3508 autem
3223 3455 3402 3519 minui,
3431 3447 3725 3508 secundum
3751 3453 3858 3507 hoc

2261 3549 2482 3615 dictum,
2530 3547 2672 3619 quod
2721 3557 2832 3618 post
2873 3564 2952 3600 nte
2993 3547 3144 3611 venit,
3192 3556 3238 3601 et
3265 3556 3382 3600 ante
3424 3563 3502 3600 me
3543 3549 3714 3616 {actus
3758 3556 3858 3598 est.

2263 3642 2498 3698 Joannes
2518 3641 2658 3695 enim
2685 3655 2967 3712 personam
2989 3639 3286 3695 sustinebat
3311 3639 3560 3706 hominis,
3585 3649 3640 3693 et
3667 3639 3860 3707 loque-

2266 3735 2421 3790 batur
2463 3749 2528 3788 ex
2572 3741 2700 3804 typo
2735 3733 2951 3803 generis
2980 3731 3230 3797 humani,
3259 3731 3323 3784 ad
3353 3730 3493 3801 quod
3537 3729 3860 3785 salvandum

2266 3834 2489 3880 venerat
2513 3822 2784 3884 Christus.
2809 3823 3122 3877 Dixeramus
3147 3830 3357 3889 autem,
3390 3821 3600 3887 fratres,
3634 3821 3862 3876 humilis

2270 3916 2412 3972 Deus
2449 3915 2596 3970 venit
2630 3913 2698 3970 ad
2737 3913 3025 3984 superbum
3059 3913 3351 3969 hominem.
3387 3915 3659 3984 Agnoscat
3694 3911 3866 3967 homo

2269 4023 2330 4066 se
2359 4009 2662 4075 hominem,
2689 4016 2942 4078 appareat
2983 4007 3121 4063 Deus
3149 4006 3372 4062 homini.
3407 4006 3616 4062 Etenim
3651 4007 3699 4060 si
3741 4007 3866 4061 ideo

2271 4100 2415 4156 venit
2443 4098 2686 4155 Christus
2705 4139 2721 4164 ,
2748 4107 2806 4154 ut
2833 4097 3204 4153 humiliaretur
3233 4097 3393 4152 homo
3412 4139 3427 4162 ,
3457 4105 3514 4152 et
3541 4113 3606 4152 ex
3637 4095 3866 4152 humili-

2274 4200 2383 4246 tate
2405 4199 2670 4247 cresceret
2689 4190 2878 4257 homo;
2911 4191 3192 4260 oportebat
3215 4198 3274 4244 ut
3297 4190 3466 4260 gloria
3487 4192 3596 4259 jam
3617 4200 3870 4246 cessaret

2275 4282 2526 4349 hominis,
2548 4291 2603 4337 et
2619 4282 3089 4338 commendaretur
3114 4282 3284 4353 gloria
3308 4282 3399 4336 Dei
3424 4300 3437 4336 :
3467 4291 3524 4336 ut
3541 4295 3664 4352 spes
3693 4282 3873 4336 homi-

2275 4374 2361 4429 nis
2401 4382 2543 4428 esset
2583 4373 2638 4428 in
2674 4373 2836 4443 gloria
2869 4373 2994 4440 Dei,
3034 4387 3140 4428 non
3182 4373 3233 4426 in
3268 4372 3436 4442 gloria
3480 4385 3610 4438 sua,
3651 4371 3873 4428 dicente

2276 4463 2569 4534 Apostolo,
2602 4461 2702 4528 Qui
2738 4463 3016 4533 gloriatur,
3058 4465 3112 4516 in
3139 4460 3358 4516 Domino
3385 4461 3628 4532 glorietur
3670 4461 3714 4530 il
3749 4461 3871 4516 Cor.

2279 4571 2331 4622 ι,
2360 4554 2476 4620 51).
2517 4554 2681 4610 Recte
2714 4569 2841 4625 ergo
2867 4553 3060 4609 dicitur
3100 4553 3338 4618 homini,
3373 4551 3509 4619 Quid
3552 4550 3708 4606 habes
3736 4553 3876 4619 quod

2280 4663 2381 4702 non
2406 4646 2686 4718 accepisti?
2711 4646 2774 4701 Si
2801 4656 2969 4700 autem
2993 4646 3261 4718 accepisti,
3292 4645 3414 4717 quid
3438 4644 3695 4716 gloriaris,
3725 4649 3878 4715 quasi

2281 4755 2385 4792 non
2426 4739 2677 4809 acceperis
2719 4736 2828 4806 (Id.
2866 4753 2951 4802 tv,
2997 4737 3091 4807 7)?
3137 4736 3286 4791 llunc
3328 4747 3510 4808 typum
3554 4735 3882 4790 humilitatis

2285 4830 2528 4885 humana:
2547 4831 2779 4885 Joannes
2803 4829 3114 4896 ostendens,
3137 4829 3256 4898 quia
3278 4836 3532 4898 quantum
3557 4825 3884 4899 proﬁciebat

2283 4922 2464 4991 opinio
2496 4930 2550 4975 et
2578 4920 2714 4974 fama
2742 4920 2973 4986 Christi,
3005 4935 3113 4974 non
3141 4928 3342 4974 statura
3370 4918 3589 4983 Christi,
3618 4933 3730 4973 non
3761 4934 3882 4974 ma-

2281 5011 2448 5087 jestas
2480 5011 2696 5077 Christi,
2737 5025 2842 5065 non
2881 5012 3160 5080 sapientia,
3200 5025 3304 5065 non
3339 5009 3566 5065 Verbum
3605 5009 3741 5075 Dei;
3787 5011 3886 5065 sed
3917 5032 3932 5051 ο

2287 5100 2426 5156 fama
2457 5102 2542 5155 illa
2563 5144 2578 5170 ,
2606 5117 2726 5172 qua:
2754 5103 2917 5172 cmpit
2941 5117 2970 5156 a
3000 5102 3250 5168 minimo,
3290 5112 3342 5157 et
3367 5101 3476 5172 jam
3505 5111 3650 5156 tenet
3689 5101 3889 5156 orbem

2289 5200 2549 5247 terrarum
2575 5210 2588 5246 :
2609 5193 2774 5262 gloria
2796 5193 3014 5258 Christi,
3041 5207 3146 5248 non
3168 5193 3332 5263 gloria
3355 5191 3606 5259 hominis,
3635 5201 3694 5246 ut
3715 5209 3876 5264 agno

2292 5293 2406 5340 seat
2434 5283 2596 5339 homo
2627 5285 2974 5341 humilitatem
3002 5300 3152 5340 suam
3173 5326 3189 5351 ,
3221 5285 3489 5356 impertiat
3514 5285 3657 5341 Deus
3679 5285 3890 5340 divini-

2292 5385 2455 5432 tatem
2486 5391 2656 5431 suam.
2687 5377 2895 5432 Etenim
2919 5377 3087 5448 gloria
3116 5377 3233 5445 Dei,
3261 5377 3473 5443 fratres,
3499 5378 3663 5447 gloria
3696 5389 3895 5432 nostra

2291 5479 2394 5526 est.
2426 5469 2694 5538 Quantum
2718 5469 2927 5527 dulcius
2947 5470 3277 5542 gloriﬁcatur
3302 5471 3464 5538 Deus,
3495 5477 3702 5524 tantum
3726 5471 3896 5525 nobis

2358 5645 2431 5708 (a)
2461 5646 2704 5696 sermonis
2724 5658 2884 5696 series
2926 5647 3194 5708 interrupta
3219 5652 3324 5694 erat
3345 5643 3650 5708 transpositis
3683 5644 3825 5694 hunc
3848 5659 3898 5695 in

2296 5707 2454 5776 locum
2469 5708 2786 5776 quadraginta
2809 5708 2917 5757 fere
2949 5707 3203 5776 versibus,
3229 5720 3351 5776 quos
3375 5709 3422 5755 in
3439 5707 3637 5776 propria
3653 5708 3782 5754 sede
3811 5720 3896 5776 re;

2297 5771 2464 5878 periei
2494 5769 2615 5817 infra
2634 5769 2722 5827 [ιι.
2749 5772 2797 5830 7,
2825 5771 3041 5834 proxime
3066 5771 3123 5819 ad
3149 5769 3283 5830 illud,
3311 5785 3334 5815 α
3359 5769 3557 5818 Fuimus
3592 5773 3638 5815 ct
3681 5781 3772 5820 nos
3799 5772 3892 5820 ali-

2299 5843 2444 5878 auanr
2463 5843 2508 5878 ο.
2534 5847 2555 5872 ι)
2589 5840 2682 5878 etc.

2299 5840 2508 5888 quando,
2534 5847 2555 5872 tt
2589 5840 2682 5879 t‘lC.
