4062 6368
278 381 403 436 "is!

275 497 513 567 prodest.
559 493 673 549 Non
700 493 846 548 enim
874 493 1028 548 altior
1059 493 1161 548 erit
1187 493 1354 558 Deus,
1383 493 1504 562 quia
1539 492 1862 546 houoramus

273 585 424 641 illum
451 605 464 639 :
500 586 838 640 humiliemus
865 600 981 651 nos,
1009 595 1062 639 ct
1087 584 1385 638 exultamus
1412 584 1580 638 illum.
1598 583 1866 652 Scriptum

275 690 358 734 est
385 679 530 732 enim
554 719 567 739 ,
599 677 856 730 Exaltubo-
875 687 955 741 te,
987 675 1201 729 Domine
1226 673 1396 745 (l’sal.
1430 689 1554 728 χχι-χ
1573 716 1585 738 ,
1613 673 1692 743 2).
1733 673 1867 740 Quid

276 780 386 831 est,
425 768 678 822 Emltabo
722 770 808 822 te?
837 769 895 822 ln
935 778 1072 822 terra
1103 777 1243 831 crat,
1275 777 1330 822 et
1374 783 1494 821 cum
1527 767 1578 820 in
1616 766 1754 820 cmlo
1778 780 1869 834 po-

277 862 470 916 suisti!
503 861 566 917 Et
588 860 964 914 homo-exultat
990 860 1194 914 Deum?
1215 858 1351 926 Quid
1377 868 1480 922 est,
1512 858 1760 912 Exaltabo
1781 867 1827 910 te
1844 858 1869 910 ?

280 954 477 1006 Altum
495 962 544 1006 te
571 950 884 1005 conﬁtebor.
913 949 1246 1005 Conﬁtentur
1265 935 1402 1019 ergo
1418 964 1476 1003 se
1515 948 1675 1004 homo
1705 947 1872 1002 homi-

278 1060 443 1109 nem;
491 1043 768 1098 decrescat
819 1043 999 1112 prius,
1059 1052 1114 1096 ut
1168 1050 1392 1096 crescat.
1442 1039 1593 1094 Dicat
1639 1039 1869 1094 Joannes

276 1138 640 1194 decrescendo
661 1137 726 1192 ad
755 1137 1127 1198 humilitatem,
1157 1151 1260 1190 non
1287 1149 1346 1189 se
1369 1147 1488 1188 esse
1513 1134 1752 1201 dignum,
1781 1132 1869 1202 qui

277 1232 452 1287 solvat
481 1231 764 1302 corrigiam
791 1229 1134 1286 calceamcnti
1155 1271 1171 1296 ,
1201 1237 1254 1284 ct
1283 1226 1541 1297 intelligat
1565 1241 1623 1282 se
1653 1224 1868 1295 partici-

278 1324 457 1394 pando
488 1325 838 1378 illuminatum
866 1323 1002 1387 ﬁeri.

350 1417 408 1468 7.
444 1414 674 1469 Joannes
713 1414 944 1485 Baptista
985 1421 1220 1466 non-erat
1263 1412 1464 1477 lumen,
1495 1409 1871 1481 conquiratioue

279 1507 471 1560 (.‘liristi
506 1508 608 1560 ueri
645 1507 868 1560 luminis.
905 1504 1098 1559 Lumen
1130 1515 1293 1559 tamen
1326 1503 1550 1558 Joannes
1595 1501 1872 1572 participa-

283 1603 419 1654 tione
442 1601 726 1669 sapientitc.
752 1599 865 1654 Hoc
883 1598 1023 1654 enim
1051 1597 1286 1652 Joannes
1310 1595 1631 1666 evangelista
1652 1593 1785 1649 dixit
1806 1593 1874 1648 de

285 1695 376 1749 illo
403 1712 418 1750 :
452 1692 575 1747 Non
606 1703 713 1747 erat
737 1693 824 1746 ille
849 1692 1034 1745 lumen.
1069 1690 1319 1759 Iniuriam
1347 1689 1480 1743 forte
1501 1685 1623 1742 fecit
1645 1685 1837 1741 Joanni
1856 1727 1871 1750 ,

286 1784 408 1854 quia
439 1784 549 1846 ait,
585 1781 706 1836 Non
741 1790 846 1836 erat
876 1781 961 1836 ille
989 1781 1194 1846 lumen;
1223 1793 1355 1844 cum,
1375 1777 1643 1847 Apostolis
1672 1775 1874 1830 dictum

189 1932 212 1953 ,
288 1875 357 1928 sit
384 1889 416 1928 a
445 1873 696 1938 Domino,
736 1871 832 1926 Vos
859 1873 982 1927 estis
1003 1871 1169 1926 lumen
1197 1869 1416 1923 mundi?
1443 1867 1797 1922 Ρτωιιιιθηιηι
1817 1881 1875 1922 se

287 1966 533 2036 Apostoli
569 1964 939 2021 Joanni?'Non
980 1963 1211 2026 Faciunt,
1246 1978 1312 2017 ne
1353 1961 1662 2016 mendacem
1704 1960 1876 2030 ipsum

291 2058 574 2112 Dominum
598 2058 865 2129 indicent,
891 2055 982 2127 qui
1008 2055 1158 2121 dixit,
1191 2054 1257 2108 In
1282 2055 1414 2109 natis
1435 2055 1703 2108 mulierum
1730 2069 1878 2106 nemo

287 2150 570 2203 crsurrexit
596 2150 764 2218 major
785 2147 986 2202 Joanne
1011 2145 1239 2215 Baptista
1269 2144 1477 2216 (Matth.
1508 2160 1562 2199 XI
1581 2185 1596 2211 ,
1625 2142 1738 2213 ll).
1763 2141 1876 2196 Non

295 2239 680 2311 ntiquemaior
707 2249 906 2295 statura
934 2237 1172 2308 corporis
1192 2279 1206 2305 ,
1237 2236 1520 2307 sedagratia
1554 2235 1878 2305 participatae

293 2333 605 2404 sapientiai,
634 2333 802 2404 gratia
831 2332 1155 2404 participalm
1196 2328 1401 2384 salutis.
1434 2327 1573 2396 Quid
1609 2327 1708 2382 sibi
1749 2341 1880 2398 ergo

291 2427 435 2492 vult,
471 2424 594 2480 Non
623 2434 727 2480 erat
755 2424 842 2479 ille
867 2426 1056 2488 lumen,
1084 2430 1171 2480 sed
1189 2432 1260 2477 ut
1277 2422 1623 2476 testimonium
1651 2419 1880 2489 perhibe-

291 2527 367 2572 ret
408 2519 475 2571 de
500 2517 688 2571 lumine
706 2515 931 2583 ?.-Quare
975 2515 1076 2569 hoc
1101 2513 1271 2569 dixit?
1311 2512 1476 2577 Novi,
1509 2511 1712 2582 inquit,
1754 2507 1881 2581 quid

289 2611 466 2666 dicam
491 2653 508 2674 ,
539 2609 903 2664 testimonium
927 2607 1210 2678 perhibere
1235 2605 1303 2660 de
1333 2605 1552 2659 lumine.
1585 2602 1709 2658 Erat
1739 2601 1882 2658 enim

292 2702 480 2757 lumen
515 2717 699 2757 verum
734 2700 1041 2756 distinctum
1085 2713 1114 2752 a
1159 2698 1384 2762 Joanne,
1424 2712 1492 2752 ne
1529 2709 1748 2767 prorsus
1775 2709 1883 2751 non

293 2797 475 2850 lumen
498 2794 751 2859 Joannes,
780 2792 877 2849 sed
902 2802 960 2849 ut
987 2792 1040 2848 in
1066 2791 1464 2863 comparatione
1489 2789 1645 2860 hujus
1669 2788 1884 2844 luminis

293 2885 493 2942 dictum
539 2885 896 2954 intelligatur,
931 2883 1052 2939 Non
1085 2893 1192 2938 erat
1230 2882 1318 2937 ille
1344 2882 1545 2945 lumen;
1589 2878 1883 2936 secundum

294 2976 436 3047 quod
464 2976 603 3030 dixit
623 3017 639 3044 ,
667 2975 790 3046 quia
818 2974 946 3029 Erat
973 2975 1139 3030 lunten
1160 2989 1352 3028 verum.
1380 2970 1658 3040 Quomodo
1683 2969 1886 3024 discer-

296 3069 377 3123 nis
407 3069 513 3123 hoc
540 3067 763 3122 verum?
794 3066 944 3134 Quod
969 3065 1246 3132 illuminat,
1276 3063 1465 3134 inquit,
1498 3076 1695 3116 onmem
1722 3058 1886 3112 ltomi-

296 3179 410 3216 nem
436 3162 716 3217 venientem
739 3162 792 3216 in
819 3161 954 3214 hunc
973 3159 1236 3214 mundum.
1263 3157 1321 3214 Si
1347 3171 1558 3212 omnem
1590 3155 1882 3220 hominem,

293 3268 425 3324 ergo
461 3263 520 3308 et
556 3254 835 3309 Joannem.
861 3251 965 3308 Sed
996 3261 1050 3306 ut
1077 3266 1182 3306 non
1207 3249 1481 3306 videamur
1508 3263 1606 3304 nos
1633 3247 1888 3318 colligere

295 3361 359 3400 ex
383 3345 569 3400 verbis
590 3343 729 3415 quod
753 3358 858 3397 non
881 3351 964 3398 est
985 3342 1206 3407 dictum,
1231 3341 1476 3412 quamvis
1495 3347 1887 3410 consequenter

297 3433 725 3506 intelligendum,
754 3434 870 3504 ipse
893 3433 1127 3488 Joannes
1154 3431 1332 3487 dicat:
1360 3429 1472 3486 Nos
1501 3446 1672 3485 omnes
1697 3431 1760 3484 de
1780 3429 1888 3500 ple-

298 3527 533 3581 nitudine
558 3526 667 3596 ejus
695 3524 980 3595 accepimus
1005 3521 1185 3592 (Joan.
1217 3538 1262 3587 ι,
1295 3521 1351 3586 8,
1382 3521 1436 3587 9,
1475 3520 1587 3588 16).
1617 3520 1743 3574 Erat
1761 3533 1889 3590 ergo

299 3618 479 3672 lumen
513 3631 719 3672 verum.
749 3615 983 3670 Joannes
1013 3614 1193 3668 lumen
1220 3613 1572 3667 illuminatum
1593 3652 1608 3678 ,
1641 3609 1890 3665 Christus

299 3709 483 3765 lumen
532 3707 857 3762 illuminans.
896 3705 1029 3760 Nam
1067 3713 1123 3758 ut
1162 3703 1374 3758 noveris
1399 3704 1520 3773 quia
1556 3703 1735 3757 lumen
1775 3711 1891 3756 erat

299 3799 556 3863 Joannes,
586 3799 694 3868 iam
725 3796 1000 3869 perhibeat
1029 3803 1089 3851 ct—
1107 3796 1184 3850 illi
1211 3794 1467 3850 Dominus
1505 3793 1886 3849 testimonium.

301 3890 586 3948 Perhibuit
613 3891 726 3961 ipse
749 3889 1108 3944 testimonium
1133 3888 1358 3944 Domino
1387 3903 1502 3952 suo,
1530 3885 1888 3941 testimonium

303 3982 548 4037 veritatis
566 3982 635 4038 de
659 3982 884 4037 Domino
907 3996 1025 4047 suo,
1050 3980 1189 4051 quod
1214 3978 1442 4034 habebat
1470 3994 1500 4033 a
1524 3978 1749 4033 Domino
1769 3993 1887 4034 suo.

304 4075 606 4144 deceperat
629 4074 775 4130 enim
797 4090 826 4128 a
854 4075 1078 4129 Domino
1116 4087 1235 4140 suo,
1262 4080 1321 4127 ut
1341 4071 1545 4127 diceret
1573 4070 1640 4126 de
1665 4071 1890 4126 Domino

302 4182 433 4222 suo:
474 4175 536 4221 ut
558 4175 734 4221 autem
764 4165 854 4236 ille
878 4163 1167 4234 diceretde
1195 4179 1352 4229 servo
1381 4177 1478 4218 suo
1495 4203 1510 4227 ,
1536 4177 1642 4217 non
1668 4177 1890 4232 accepe-

305 4265 390 4311 rat
416 4272 446 4309 a
477 4269 771 4320 servosne
799 4273 812 4310 :
858 4263 915 4311 et
939 4255 992 4309 in
1021 4269 1080 4310 se
1108 4253 1350 4309 Christus
1387 4253 1453 4309 de
1481 4253 1715 4318 Joanne,
1759 4263 1814 4308 et
1839 4253 1891 4307 in

305 4349 513 4405 Joanne
555 4349 798 4406 Christus
822 4349 890 4404 de
932 4363 1010 4403 se.
1054 4347 1169 4418 Ipsa
1213 4362 1340 4418 ergo
1381 4346 1578 4403 veritas
1616 4345 1893 4416 perhibent

307 4442 703 4509 testimonium,
731 4442 1009 4498 audiamus
1047 4441 1170 4512 quia
1200 4441 1379 4496 lumen
1408 4449 1493 4495 est
1515 4439 1767 4495 Joannes.
1797 4437 1895 4495 Ju-

306 4534 438 4589 dzcis
485 4533 680 4588 dicitur
717 4532 786 4588 de
811 4532 1052 4600 Joanne,
1091 4531 1193 4587 llle
1235 4542 1342 4587 erat
1386 4532 1590 4587 lucerna
1627 4531 1810 4586 ardens
1849 4540 1896 4585 et

305 4628 480 4682 lucens
521 4626 631 4699 (Id.
655 4643 719 4694 v,
749 4628 864 4699 55).
893 4627 957 4682 Et
990 4627 1173 4699 utique
1201 4627 1416 4694 lucerna
1455 4628 1633 4684 lumen
1659 4635 1760 4693 est,
1790 4640 1896 4682 non

237 4743 249 4788 ε
304 4719 442 4775 sicut
465 4717 586 4774 dies
606 4759 624 4784 ,
655 4718 746 4774 sed
775 4727 949 4774 tamen
973 4718 1151 4774 lumen
1171 4726 1272 4773 est.
1303 4719 1446 4790 Ergo
1471 4719 1685 4775 lucerna
1709 4733 1897 4775 accen-

305 4811 452 4867 ditur
480 4821 543 4866 ut
579 4811 774 4878 luceat,
807 4818 862 4866 et
885 4810 1116 4866 Joannes
1144 4809 1473 4865 illuminatus
1506 4818 1588 4865 est
1616 4819 1676 4864 ut
1708 4809 1896 4880 loque-

308 4911 478 4959 retur.
511 4902 568 4958 Si
606 4917 734 4973 ergo
758 4902 994 4958 Joannes
1018 4901 1344 4957 illuminatus
1368 4909 1452 4956 est
1477 4909 1534 4956 ut
1557 4900 1896 4969 loqueretur,

305 5000 564 5064 agnoscat
587 5007 646 5048 se
671 4993 908 5058 lucerna,
941 5007 1010 5048 ne
1033 4992 1297 5064 superbiae
1326 5001 1488 5048 vento
1513 4991 1895 5060 exstinguatur.

307 5083 416 5141 Sed
439 5084 578 5142 forte
603 5085 782 5141 lumen
811 5085 1076 5156 discipuli,
1108 5093 1160 5140 et
1181 5083 1396 5140 lucerna
1425 5083 1692 5138 Joannes?
1723 5080 1901 5136 Domi-

313 5194 416 5233 nus
445 5178 590 5233 cnim
627 5177 694 5234 de
721 5177 925 5234 Joanne
953 5178 1060 5245 ait,
1101 5175 1202 5231 Ille
1229 5185 1334 5230 erat
1363 5176 1568 5230 lucerna
1605 5173 1789 5228 ardens
1809 5215 1823 5242 ,
1854 5182 1902 5227 et

321 5266 492 5325 lucens
515 5285 535 5324 :
563 5268 634 5325 de
671 5268 943 5338 discipulis
980 5277 1158 5324 autem
1181 5307 1197 5332 ,
1233 5265 1334 5322 Vcs
1361 5267 1478 5321 estis
1506 5266 1674 5320 lumen
1703 5265 1898 5320 mundi.

315 5359 618 5430 Discipulos
636 5373 762 5414 suos
780 5359 1009 5428 praetulit
1028 5357 1257 5415 Joanni?
1276 5355 1540 5428 Numquid
1557 5366 1610 5412 et
1629 5355 1813 5414 ﬁdeles
1827 5355 1904 5428 illi

311 5467 454 5520 quos
477 5451 765 5521 alloquitur
788 5451 1000 5516 Paulus,
1034 5450 1373 5522 prmponendi
1398 5459 1522 5506 sunt
1546 5449 1760 5517 Joanni,
1783 5450 1904 5519 qui-

315 5540 422 5597 bus
450 5542 557 5606 ait,
587 5541 780 5600 Fuistis
808 5543 941 5598 enim
981 5542 1255 5612 aliquando
1289 5541 1531 5610 tenebrae,
1563 5559 1698 5596 nunc
1742 5552 1907 5602 autem

324 5630 416 5688 lux
442 5633 494 5688 in
526 5632 743 5688 Domino
775 5633 988 5706 (Ephes.
1020 5650 1087 5700 ν,
1129 5633 1218 5702 8)?
1247 5633 1362 5688 Lux
1387 5648 1514 5704 ergo
1543 5633 1781 5703 Apostoli
1803 5675 1819 5699 ,
1852 5641 1908 5687 et

326 5730 413 5784 lux
449 5728 637 5783 ﬁdeles
679 5744 744 5783 ex
775 5727 1138 5798 peccatoribus
1162 5726 1469 5797 iustiﬁcati,
1501 5742 1565 5781 ex
1596 5725 1906 5780 inﬁdelibus

326 5819 512 5878 ﬁdeles
539 5819 663 5876 facti
690 5839 701 5876 :
735 5830 909 5878 tamen
942 5819 1154 5876 lucerna
1186 5833 1291 5875 non
1329 5828 1451 5875 sunt
1484 5818 1608 5874 dicti
1638 5818 1903 5890 discipuli.

1621 377 1848 432 SERMO
1887 374 2224 432 CCCLXXX.

3422 382 3560 439 168?.

1979 491 2224 556 Attende,
2275 489 2408 548 forte
2446 493 2604 561 dicti,
2635 505 2691 549 et
2728 511 2832 550 non
2878 496 2982 550 alio
3014 493 3151 561 loco,
3187 494 3294 551 sed‘
3337 495 3445 551 ibi:
3501 508 3562 552 ut

1975 583 2278 638 ostenderet
2317 587 2760 655 quemadmodum
2805 603 2897 642 eos
2944 587 3139 643 dixerit
3179 588 3395 656 lumen;
3435 588 3560 659 quia

1977 693 2080 732 non
2122 677 2297 734 lumen
2327 695 2545 746 verum,
2575 681 2711 751 quod
2745 681 3002 736 illuminat
3030 695 3244 737 omnem
3285 679 3558 736 hominem

1975 771 2272 825 venientem
2298 771 2347 824 in
2373 774 2510 826 hunc
2531 773 2814 837 mundum;
2832 787 3057 844 sequere
3079 774 3234 828 verba
3252 772 3555 843 Evangelii:

1986 862 2087 918 Vos
2123 865 2241 918 estis
2280 864 2447 918 lumen
2490 866 2686 919 mundi.
2735 865 2855 920 Non
2899 876 3058 936 potest
3103 867 3277 921 civitas
3317 866 3560 920 abscondi

1974 973 2128 1025 supra
2155 969 2371 1011 montem
2400 960 2688 1013 constituta.
2716 960 2822 1016 Sed
2848 959 2915 1014 de
2942 960 3155 1015 civitate
3180 959 3332 1024 dixit,
3362 977 3467 1016 non
3489 961 3560 1016 de

1977 1047 2216 1103 lumine?
2243 1049 2476 1119 Sequere
2499 1049 2673 1105 adhuc
2697 1069 2710 1105 :
2756 1049 2932 1120 Neque
2955 1050 3234 1104 accendunt
3259 1051 3514 1105 lucernam
3538 1092 3556 1116 ,

1977 1148 2023 1192 et
2064 1148 2254 1208 ponunt
2298 1156 2409 1194 eam
2452 1140 2544 1194 sub
2591 1141 2778 1194 modio.
2820 1140 2949 1195 'l‘ale
2993 1141 3172 1195 lumen
3212 1141 3363 1208 estis,
3404 1143 3562 1212 quale

1975 1228 2243 1285 Joannes:
2275 1231 2492 1287 lucerna
2516 1230 2830 1286 illuminata.
2857 1231 3130 1300 Tanquam
3150 1231 3302 1301 cujus
3326 1247 3449 1298 vox,
3477 1234 3562 1288 vel

1977 1337 2202 1392 quorum
2250 1339 2352 1377 vox
2399 1334 2779 1394 praecesserat,
2829 1323 2908 1377 Tu
2952 1324 3261 1378 illuminabis
3303 1323 3563 1378 lucernam

1976 1429 2138 1467 meam
2158 1455 2173 1479 ,
2219 1411 2469 1479 Domine;
2509 1413 2648 1469 Deus
2690 1431 2850 1480 meus,
2892 1415 3124 1468 illumina
3159 1416 3384 1468 tenebras
3425 1431 3563 1468 meas

1979 1504 2146 1576 (Psal.
2178 1522 2313 1574 xvn,
2343 1507 2456 1576 29).
2485 1505 2628 1576 Quas
2656 1507 2902 1562 tenebras
2932 1507 2983 1562 in
3011 1506 3314 1576 Apostolis?
3347 1505 3562 1560 Fuimus

1977 1611 2024 1655 et
2049 1617 2140 1655 nos
2176 1601 2448 1671 aliquando
2469 1643 2484 1668 ,
2512 1609 2617 1656 etc.
2667 1600 2767 1672 (a),
2794 1600 3058 1670 quomodo
3086 1599 3224 1653 illius
3253 1599 3466 1670 reprobi
3507 1609 3565 1652 et

1979 1691 2292 1762 blasphemi,
2325 1692 2422 1758 Qui
2450 1693 2590 1762 prius
2618 1693 2694 1763 fui
2720 1692 3040 1762 blasphemus
3059 1733 3074 1758 ,
3099 1701 3145 1745 et
3173 1702 3482 1762 persecutor,
3515 1701 3566 1744 et

1978 1777 2458 1852 injuriosu§Ecoe
2498 1785 2766 1849 tenebrae,
2809 1782 3129 1843 accendatur
3154 1782 3412 1838 lucerna:
3457 1781 3564 1837 Sed

1979 1874 2372 1941 misericordiam
2394 1883 2686 1930 consecutus
2710 1890 2822 1927 sum
2849 1874 2898 1944 (ι.
2914 1872 3049 1926 Tim.
3078 1889 3124 1936 ι,
3157 1870 3267 1945 15).
3297 1872 3364 1927 Ει
3385 1881 3443 1926 ut
3464 1887 3565 1926 no-

1979 1966 2124 2021 veris
2150 1966 2218 2022 de
2254 1966 2384 2036 ipsis
2422 1966 2654 2031 dictum,
2687 1964 2866 2037 Neque
2891 1964 3167 2019 accendunt
3195 1964 3455 2018 lucernam
3473 2002 3490 2028 ,
3517 1971 3567 2016 et

1981 2067 2173 2128 ponunt
2201 2073 2311 2112 eam
2346 2057 2438 2113 sub
2463 2058 2661 2122 modia,
2690 2056 2778 2111 sed
2814 2072 2965 2127 super
2991 2055 3368 2120 candelabrum,
3398 2063 3448 2107 ut
3477 2053 3565 2106 ln-

1982 2159 2090 2204 ceat
2119 2151 2380 2217 omnibus,
2413 2150 2504 2219 qui
2523 2150 2574 2203 in
2604 2148 2753 2203 domo
2778 2157 2935 2210 sunt;
2964 2145 3143 2201 statim
3172 2145 3446 2215 sequitur,
3475 2143 3567 2199 Sic

1983 2243 2146 2297 luceat
2177 2242 2344 2296 lumen
2373 2249 2589 2296 uestrum
2614 2257 2782 2295 coram
2809 2238 3112 2303 hominibus,
3143 2245 3196 2291 ut
3218 2237 3415 2291 uideant
3436 2236 3568 2290 bona
3614 2297 3624 2308 ο

1985 2352 2140 2406 opera
2164 2345 2324 2390 vestra
2349 2352 2361 2388 :
2387 2334 2480 2390 sed
2503 2334 2554 2388 in
2576 2333 2892 2399 humilitate,
2921 2332 3042 2402 quia
3065 2330 3332 2386 hominem
3354 2337 3570 2399 oportet

1985 2429 2172 2489 minui.
2194 2427 2474 2496 Quomodo
2500 2437 2675 2482 autem
2706 2426 2870 2482 Deum
2891 2422 3176 2480 crescere?
3199 2421 3266 2476 Et
3287 2423 3569 2493 glorificent

1987 2518 2196 2574 Patrem
2228 2531 2472 2585 oestrum,
2503 2519 2589 2590 qui
2624 2519 2677 2572 in
2713 2518 2850 2572 cretis
2893 2527 2965 2572 est
3018 2514 3228 2588 (Matth.
3269 2531 3321 2578 v,
3353 2513 3567 2584 M-lli).

1987 2613 2319 2674 Gloriﬁcatur
2347 2613 2521 2678 Pater,
2552 2611 2875 2682 gloriﬁcatur
2903 2609 3067 2664 Filius
3091 2626 3104 2663 :
3132 2609 3252 2679 quia
3276 2608 3435 2664 Pater
3457 2607 3570 2677 glo-

1985 2709 2158 2764 riﬁcat
2186 2707 2412 2774 Filium,
2443 2715 2498 2762 et
2538 2705 2703 2760 Filius
2731 2703 2989 2775 gloriﬁcat
3027 2701 3258 2756 Patrem.
3304 2700 3572 2771 Agnoscat

1989 2815 2050 2856 se
2095 2813 2224 2870 ergo
2263 2798 2424 2853 homo
2472 2795 2757 2860 humilem,
2800 2800 3054 2864 agnoscat
3089 2791 3358 2847 excelsum
3401 2789 3570 2844 Deum

1990 2897 2206 2961 propter
2232 2902 2292 2944 se
2316 2885 2647 2942 humiliatum
2667 2926 2682 2951 ,
2714 2893 2770 2940 ut
2796 2883 2977 2949 homo,
3003 2883 3093 2953 qni
3118 2880 3421 2935 humiliatus
3455 2888 3571 2936 erat

1992 2985 2044 3039 in
2065 2983 2400 3040 confessione
2418 2979 2645 3053 peccati,
2667 2978 2929 3034 exaltetur
2955 2977 3008 3032 in
3033 2974 3315 3046 adeptione
3331 2973 3574 3044 iustitia.

1991 3075 2117 3131 Hmc
2139 3074 2278 3140 duo;
2313 3073 2568 3128 Dominus
2593 3079 2648 3127 et
2670 3070 2924 3135 Joannes,
2947 3067 3216 3122 humilitas
3239 3075 3294 3120 et
3321 3064 3574 3120 claritas:

1997 3169 2134 3225 Deus
2159 3167 2374 3223 humilis
2413 3166 2466 3220 in
2497 3164 2740 3220 claritate
2761 3205 2778 3230 ,
2810 3161 2972 3217 homo
3010 3159 3226 3214 humilis
3253 3159 3304 3212 in
3349 3155 3576 3212 inﬁrmi-

1994 3270 2140 3329 tate;
2171 3261 2313 3316 Deus
2347 3258 2562 3314 humilis
2590 3265 2808 3328 propter
2835 3254 3104 3310 hominem
3123 3294 3140 3319 ,
3172 3252 3331 3311 homo
3359 3249 3578 3305 humilis

1995 3365 2212 3428 propter
2245 3354 2536 3410 hominem.
2579 3353 2722 3408 Deus
2765 3349 2912 3407 enim
2948 3347 3163 3403 humilis
3200 3353 3259 3400 ut
3299 3343 3582 3416 prodesset

1996 3447 2228 3515 homini,
2257 3446 2426 3502 homo
2445 3444 2661 3500 humilis
2685 3451 2744 3497 ut
2766 3456 2871 3496 non
2898 3439 3038 3496 obsit
3063 3437 3185 3493 sibi.

2066 3541 2122 3596 ὃς
2145 3537 2406 3594 Passionis
2425 3547 2470 3591 et
2489 3533 2762 3590 natiuitatis
2781 3529 3086 3599 differentia.
3110 3527 3339 3584 Christus
3364 3525 3577 3592 crescit,

1994 3631 2220 3687 Joannes
2257 3627 2520 3683 minuitur.
2559 3627 2925 3696 Agnoscamus
2965 3634 3093 3691 ergo
3137 3620 3252 3674 inec
3293 3617 3402 3673 duo
3443 3625 3500 3671 et
3527 3615 3582 3670 in

1997 3725 2110 3796 ipsa
2135 3721 2433 3778 diﬁ‘erentia
2453 3720 2783 3791 passionum.
2802 3715 3054 3786 Legimus
3079 3712 3337 3768 Joannem
3364 3721 3583 3779 passum

1995 3815 2308 3887 martyrium
2336 3827 2434 3884 pro
2470 3811 2692 3867 veritate
2718 3826 2733 3863 :
2762 3805 3016 3877 numquid
3061 3819 3158 3875 pro
3195 3799 3441 3858 Christo?
3465 3797 3584 3854 Non

1999 3923 2095 3979 pro
2114 3905 2328 3961 Christo
2344 3945 2359 3969 ,
2395 3902 2441 3958 si
2464 3917 2570 3957 non
2596 3899 2794 3956 veritas
2817 3897 3078 3954 Christus.
3106 3893 3222 3948 Non
3248 3891 3466 3946 omnino
3487 3903 3584 3959 pro

1998 3998 2161 4068 ipsius
2205 3995 2448 4058 nomine,
2486 3991 2580 4048 sed
2625 3999 2801 4045 tamen
2840 4003 2936 4059 pro
2977 3987 3090 4056 ipsa
3116 3981 3360 4039 veritate.
3403 3979 3587 4051 Neque

1997 4089 2139 4146 enim
2167 4088 2288 4144 ideo
2320 4085 2611 4142 decollatus
2637 4091 2719 4139 est
2741 4081 2974 4136 Joannes
2994 4119 3009 4144 ,
3047 4077 3168 4147 quia
3201 4074 3478 4131 confessus
3501 4083 3590 4128 est

1998 4180 2289 4237 Christum.
2315 4175 2421 4232 Sed
2468 4173 2719 4229 monebat
2748 4167 3152 4238 temperantiam
3177 4204 3194 4232 ,
3226 4162 3476 4219 monebat
3493 4161 3584 4232 iu-

1999 4272 2195 4326 stitiam
2227 4287 2240 4322 :
2271 4266 2512 4332 dicebat,
2541 4262 2662 4318 Non
2688 4262 2774 4316 tibi
2815 4261 2929 4315 licet
2949 4259 3132 4313 habere
3169 4243 3377 4311 uxorem
3413 4253 3584 4323 fratris

2000 4365 2072 4418 tui
2112 4361 2312 4436 (Marc.
2344 4376 2418 4426 vn,
2441 4358 2570 4427 l8).
2606 4355 2714 4410 Lex
2753 4353 2896 4409 enim
2939 4365 3056 4421 qua:
3087 4349 3190 4403 hoc
3230 4347 3491 4418 iusserat,
3519 4343 3589 4398 de

2001 4455 2109 4511 illis
2145 4455 2378 4526 iusserat
2417 4451 2508 4523 qui
2546 4456 2884 4505 morerentur
2920 4445 3036 4500 sine
3065 4442 3268 4505 liberis,
3296 4449 3354 4494 ut
3378 4438 3582 4508 accipe-

2003 4556 2124 4602 rent
2148 4546 2338 4600 fratres
2363 4555 2557 4598 uxores
2595 4540 2818 4595 fratrum
2844 4550 3063 4592 suorum
3083 4575 3099 4600 ,
3129 4542 3186 4588 et
3209 4530 3589 4588 resuscitarent

2003 4653 2184 4693 semen
2202 4634 2458 4692 fratribus
2472 4633 2602 4688 suis.
2622 4631 2721 4687 Ubi
2748 4630 2847 4685 ista
2877 4641 3036 4682 causa
3053 4638 3158 4680 non
3179 4633 3314 4688 erat,
3339 4621 3467 4678 nihil
3485 4620 3592 4675 nisi

2005 4729 2168 4785 libido
2196 4737 2330 4784 erat.
2360 4727 2509 4782 Hanc
2529 4723 2802 4780 libidinem
2827 4720 3061 4776 Joannes
3089 4717 3380 4788 arguebat,
3411 4722 3591 4770 castus

2005 4820 2263 4875 incestum
2289 4817 2454 4887 :quia
2475 4825 2529 4871 et
2550 4812 2676 4869 illud
2698 4809 2838 4882 quod
2869 4809 3145 4881 ﬁgurabat,
3167 4807 3273 4864 tale
3299 4816 3405 4872 est,
3430 4805 3594 4858 Illum

2006 4920 2206 4983 oportet
2221 4925 2461 4974 crescere,
2489 4923 2568 4961 me
2594 4914 2762 4960 autem
2786 4903 2949 4957 minui
2973 4901 3146 4975 (Joan.
3181 4917 3270 4966 ut,
3301 4900 3417 4969 50).
3447 4898 3594 4952 Prte-

2006 5012 2217 5073 ceptum
2245 5000 2355 5072 iam
2383 4998 2554 5054 fuerat
2576 5038 2592 5065 ,
2622 5005 2680 5050 ut
2706 4996 2751 5052 si
2770 4994 2890 5065 quis
2908 4993 3024 5048 sine
3043 4991 3248 5048 semine
3273 4996 3590 5054 moreretur,

2007 5093 2098 5163 qui
2127 5091 2294 5161 magis
2332 5089 2660 5160 propinquus
2684 5093 2857 5154 esset,
2883 5083 3150 5154 acciperet
3177 5095 3396 5136 uxorem
3433 5080 3552 5149 ejus
3575 5120 3592 5146 ,

2009 5193 2064 5239 et
2087 5182 2370 5239 suscitaret
2387 5195 2572 5236 semen
2591 5177 2758 5234 .fratri
2784 5191 2903 5234 suo.
2930 5174 3130 5246 thuid
3155 5173 3298 5229 enim
3327 5172 3429 5226 hoc
3456 5171 3596 5226 Deus

2018 5282 2379 5350 praeceperat,
2409 5271 2511 5326 nisi
2536 5278 2628 5325 .ut-
2653 5284 2722 5325 eo
2770 5267 2930 5324 modo
2980 5263 3370 5335 signiﬁcaretur
3411 5276 3596 5317 semen

2008 5367 2373 5426 suscitandum
2396 5365 2572 5422 fratris
2601 5362 2669 5418 ad
2696 5361 2872 5417 fratris
2900 5358 3120 5414 nomen?
3152 5357 3263 5411 Hoc
3291 5355 3432 5410 enim
3457 5369 3597 5422 prae-

2013 5471 2224 5532 ceptum
2253 5468 2369 5515 erat
2387 5500 2403 5526 ,
2428 5467 2486 5512 ut
2510 5455 2600 5528 qni
2646 5453 2769 5510 inde
2793 5459 3121 5515 nasceretur,
3147 5461 3341 5501 nomen
3378 5443 3602 5498 haberet

2079 5637 2150 5700 (a)
2185 5643 2334 5686 Deest
2353 5631 2588 5700 nonnihil,
2609 5644 2706 5694 quo
2720 5629 2972 5700 superiora
2992 5619 3601 5700 nectebantuncqm-tsuh.

2018 5682 2340 5762 sequentibus
2357 5682 2554 5755 verbis,
2571 5682 2683 5757 qua:
2705 5682 2909 5742 ant'eltac
2928 5688 3089 5762 locum
3113 5682 3603 5762 ﬂinCl‘ll152‘2flefjaE?‘

2020 5745 2514 5822 tum—occupaverant,
2537 5745 2888 5822 atqueeorum
2928 5751 3033 5822 loco
3055 5750 3105 5798 in
3128 5745 3236 5796 aliis
3259 5745 3606 5822 statua-

2297 5803 2436 5870 ldiris
2449 5803 2640 5868 inserta
2664 5817 2740 5866 hic
2763 5821 2868 5865 erat
2893 5813 3044 5876 pruna
3069 5823 3179 5875 pars
3200 5807 3440 5860 sermonis
3464 5803 3569 5856 βυ.
