4062 6368
549 383 686 442 1683

545 497 802 558 defuncti.
835 495 1117 552 Defunctus
1144 504 1224 552 est
1265 493 1541 560 Christus,
1569 500 1890 563 acceperunt
1931 487 2116 557 conju-

545 607 666 663 gem
695 591 809 660 ejus
829 589 1067 659 Apostoli
1095 587 1411 643 Ecclesium.
1429 587 1572 654 Quos
1601 584 1667 639 de
1693 585 1780 638 illa
1797 587 2116 654 genuerunt,

545 699 652 740 non
681 683 984 748 Patdianos,
1009 692 1102 736 aut
1129 681 1406 736 Petrianos
1423 721 1440 746 ,
1467 677 1560 734 sed
1589 675 1918 732 Christianos
1952 671 2120 726 nomi-

544 784 821 832 naverunt.
853 773 1162 844 Loquantur
1188 787 1316 844 ergo
1333 771 1450 826 hare
1474 769 1580 824 duo
1617 767 1787 822 ambae
1813 765 2115 836 passiones:

545 867 704 920 Illum
725 875 920 934 oportet
937 881 1158 920 crescere
1179 905 1195 929 ,
1235 880 1316 918 me
1339 872 1506 916 autem
1553 859 1732 914 minui.
1763 858 1858 913 Ille
1881 855 2046 911 crevit
2067 855 2120 908 in

541 957 706 1026 ligno,
736 956 822 1010 hic
845 965 928 1012 est
954 955 1244 1014 diminutas
1269 956 1320 1010 in
1353 954 1510 1010 ferro.
1539 951 1754 1010 Locutte
1775 957 1898 1006 sunt
1927 959 1980 1004 et
2001 963 2120 1017 pas-

541 1051 719 1104 siones
749 1049 850 1108 hoc
891 1049 1202 1120 mysterium
1227 1090 1244 1116 ,
1287 1048 1573 1120 loquantur
1617 1055 1673 1108 et
1711 1045 1846 1100 dies.
1878 1043 2140 1098 Nascitur

541 1138 806 1208 Christus,
833 1150 887 1195 et
911 1149 1202 1212 augentur;
1231 1141 1465 1200 nascitur
1505 1138 1756 1202 Joannes,
1787 1145 1841 1190 et
1869 1134 2119 1188 minuan—

541 1241 647 1294 tur.
704 1234 969 1294 Minuatur
1009 1248 1136 1304 ergo
1177 1233 1351 1288 honor
1403 1231 1670 1294 hominis,
1721 1237 1974 1300 augeatur
2019 1225 2118 1280 ho-

541 1341 641 1380 nor
693 1325 822 1394 Dei;
867 1334 928 1382 ιιι
969 1325 1140 1382 honor
1183 1325 1414 1382 hominis
1461 1324 1760 1380 inveniatur
1807 1323 1860 1377 in
1915 1320 2118 1376 honore

543 1416 654 1476 Dei.

929 1551 1160 1610 SERMO
1195 1551 1538 1608 CCCLXXXI
1574 1555 1592 1576 ο
1631 1551 1725 1622 (a).

802 1699 868 1744 De
891 1689 1036 1742 Natali
1055 1689 1379 1756 apostolorum
1395 1691 1522 1744 Petri
1541 1695 1594 1740 et
1614 1688 1742 1740 Pauli
1758 1687 1848 1752 (b).

615 1816 756 1871 Petri
781 1825 835 1872 et
857 1816 1005 1872 Pauli
1037 1815 1393 1885 apostolorum
1419 1811 1570 1881 dies,
1612 1815 1664 1868 in
1690 1789 2116 1884 quﬁriumpha-

542 1909 646 1964 lem
671 1921 920 1963 coronam
939 1947 952 1971 ,
985 1907 1194 1962 devicto
1216 1907 1448 1971 diabolo,
1497 1913 1837 1970 meruerunt,
1865 1913 2118 1975 quantum

541 1997 677 2054 ﬁdes
719 1999 956 2053 Romana
1005 2006 1256 2060 testatur,
1301 1998 1587 2052 hodiernus
1639 2007 1740 2052 est.
1787 1997 1988 2064 Quibus
2031 2011 2121 2050 so-

541 2089 732 2148 lemnis
778 2087 1032 2142 festivitas
1077 2088 1393 2153 exhibetur,
1439 2088 1694 2143 solemnis
1729 2088 1890 2143 etiam
1939 2101 2118 2142 sermo

541 2179 813 2236 reddatur.
839 2180 1048 2235 Laudes
1072 2180 1289 2235 audiant
1315 2195 1344 2234 a
1371 2179 1542 2246 nobis,
1573 2193 1757 2250 preces
1777 2179 2001 2236 fundant
2021 2195 2118 2250 pro

539 2270 715 2324 nobis.
741 2269 892 2326 Sicut
911 2269 1192 2325 traditione
1216 2280 1420 2341 patrum
1445 2271 1712 2341 cognitum
1742 2272 1996 2326 memoria
2027 2287 2116 2326 re-

541 2360 755 2424 tinetur,
786 2375 892 2414 non
923 2375 1027 2414 uno
1055 2359 1142 2416 die
1169 2361 1306 2430 passi
1329 2369 1450 2414 sunt
1477 2375 1572 2430 per
1590 2361 1710 2415 caeli
1737 2361 1905 2432 spatia
1926 2361 2116 2416 decur-

539 2457 712 2506 rente.
759 2449 1008 2504 Natalitio
1052 2465 1180 2520 ergo
1219 2451 1360 2506 Petri
1391 2465 1579 2520 passus
1625 2458 1709 2506 est
1749 2451 1977 2518 Paulus,
2009 2467 2116 2505 non

539 2557 647 2612 quo
673 2555 740 2596 ex
765 2549 916 2596 utero
939 2543 1124 2597 matris
1151 2543 1203 2596 in
1244 2557 1518 2598 numerum
1547 2542 1694 2597 fusus
1717 2551 1798 2598 est
1819 2542 2113 2608 hominum,

541 2631 636 2688 sed
661 2645 766 2702 quo
789 2645 854 2686 ex
891 2632 1103 2686 vinculo
1147 2633 1323 2688 car-nis
1366 2632 1418 2686 in
1446 2631 1617 2688 lucem
1649 2639 1802 2687 natus
1831 2643 1912 2688 est
1939 2632 2116 2703 Ange-

539 2726 752 2790 lorum;
783 2738 844 2779 ac
875 2739 968 2794 per
987 2723 1087 2782 hoc
1118 2724 1186 2778 ita
1210 2724 1404 2794 singuli
1441 2723 1556 2779 dies
1579 2723 1686 2778 dati
1723 2731 1848 2780 sunt
1875 2723 2080 2779 duobus
2099 2765 2115 2790 ,

540 2823 600 2870 ut
621 2829 762 2869 nunc
783 2829 922 2870 unus
949 2813 1248 2870 celebretur
1271 2814 1550 2870 ambobus.
1583 2814 1827 2884 Magnum
1859 2815 1960 2870 hoc
1985 2815 2114 2882 mihi

541 2905 752 2975 signum
791 2905 1001 2960 videtur
1027 2920 1146 2962 esse
1185 2906 1522 2961 concordia:
1551 2907 1858 2976 coapostolo
1884 2921 1984 2962 suo
2021 2923 2114 2962 no-

540 2997 794 3052 vissimus
819 2998 992 3068 primo
1015 3039 1030 3064 ,
1061 2998 1148 3068 qui
1170 2997 1236 3052 ad
1264 2997 1508 3054 eumdem
1551 2997 1690 3053 diem
1715 3007 1934 3064 vocatus
1957 2997 2116 3055 adve-

541 3087 638 3151 nit,
665 3085 730 3142 ad
761 3087 1006 3142 eumdem
1035 3087 1176 3144 diem
1199 3097 1482 3144 coronatus
1512 3090 1760 3144 occurrit.
1793 3089 2010 3146 Electus
2035 3099 2117 3145 cst

543 3177 634 3234 ille
652 3185 776 3234 ante
805 3178 1014 3236 Domini
1059 3180 1358 3249 passionem
1383 3221 1398 3245 ,
1427 3180 1526 3236 iste
1569 3189 1690 3250 post
1725 3181 2111 3237 ascensionem.

537 3269 736 3326 Ordine
763 3273 1012 3345 tempori
1047 3272 1304 3343 impares,
1331 3273 1626 3330 aeternitate
1653 3273 1920 3330 felicitatis
1948 3283 2117 3346 arqua-

539 3362 620 3416 les
645 3379 660 3415 :
691 3362 780 3417 ille
803 3377 866 3417 ex
897 3363 1156 3432 piscatore
1175 3405 1192 3430 ,
1223 3363 1322 3422 iste
1345 3379 1410 3419 ex
1441 3373 1798 3434 persecutore.
1829 3365 1886 3421 lu
1913 3367 2004 3422 illo
2030 3368 2114 3424 in-

539 3455 689 3510 tirma
739 3455 918 3510 mundi
977 3455 1142 3511 electa
1189 3466 1352 3522 sunt,
1407 3465 1466 3511 ut
1523 3457 1916 3514 confundantur
1959 3458 2114 3513 fortia

540 3545 560 3616 (
577 3545 595 3600 Ι
623 3545 740 3600 Cor.
771 3561 825 3610 ι,
855 3545 957 3616 27)
993 3563 1006 3601 :
1047 3545 1100 3600 in
1147 3547 1249 3602 isto
1276 3547 1564 3606 abundavit
1605 3557 1903 3618 peccatum,
1933 3557 1992 3603 ut
2015 3564 2105 3606 su-

539 3635 928 3704 parabundaret
943 3635 1110 3705 gratia
1139 3636 1330 3707 (Rom.
1362 3654 1396 3690 v
1416 3677 1430 3704 ,
1459 3637 1532 3693 20
1552 3636 1596 3710 ).
1637 3639 1695 3694 In
1737 3647 1962 3711 utroque
2003 3657 2116 3695 ma—

537 3741 640 3796 gna
671 3726 764 3781 Dei
791 3727 958 3796 gratia
999 3735 1156 3798 atque
1183 3729 1301 3798 ejus
1323 3729 1490 3799 gloria
1533 3731 1754 3796 claruit,
1795 3733 1884 3801 qui
1927 3747 2112 3787 eorum

539 3817 666 3874 fecit
713 3817 897 3872 merita
923 3857 939 3884 ,
969 3833 1074 3874 non
1123 3818 1338 3874 invenit.
1367 3819 1502 3886 Quid
1543 3821 1684 3876 enim
1726 3821 1868 3878 aliud
1896 3822 2116 3878 demon-

539 3918 710 3964 strare
733 3909 974 3980 dignatus
993 3921 1108 3976 est,
1139 3911 1230 3981 qui
1251 3911 1318 3966 ad
1359 3925 1578 3980 regnum
1609 3913 1780 3981 primo
1809 3929 2000 3970 vocare
2023 3931 2116 3968 vo-

539 3999 638 4054 luit
661 4000 950 4069 piscatores
969 4041 984 4066 ,
1017 4009 1197 4070 postea
1227 4011 1508 4057 vacaturus
1540 4003 1906 4072 imperatores,
1932 4006 2032 4060 nisi
2057 4018 2116 4062 ut

535 4093 624 4160 qui
647 4093 909 4162 gloriatur,
933 4093 986 4147 in
1013 4093 1228 4148 Domino
1249 4093 1528 4164 glorietur(
1553 4094 1576 4149 Ι
1603 4093 1718 4150 Cor.
1751 4113 1802 4162 ι,
1831 4097 1890 4152 51
1907 4098 1924 4168 )
1941 4099 1970 4149 il-
1983 4099 2114 4156 Nam

537 4183 720 4254 utique
747 4184 998 4240 nobilium
1023 4223 1040 4250 ,
1075 4185 1390 4250 doctorum,
1433 4196 1702 4256 potentum
1743 4203 1850 4243 non
1887 4189 2113 4246 salutem

537 4274 888 4345 contempsit,
915 4275 1108 4344 quibus
1143 4276 1396 4345 ignobiles
1416 4317 1430 4340 ,
1463 4276 1738 4346 imperitos
1773 4279 2114 4352 infirmosque

539 4364 844 4432 prmposnit.
864 4363 968 4420 Sed
991 4365 1088 4419 nisi
1107 4365 1252 4435 prius
1271 4366 1554 4436 eligeretur
1569 4367 1739 4422 vilitas
1761 4369 2110 4440 infirmorum,

539 4469 644 4510 non
667 4463 944 4512 sanaretur
967 4455 1170 4518 inflatio
1197 4457 1562 4532 superborum.
1593 4459 1648 4514 Si
1671 4461 1815 4530 prius
1843 4477 1872 4516 a
1901 4463 2114 4520 Christo

537 4546 728 4602 divites
770 4555 1120 4612 rimarentur,
1151 4556 1397 4616 putarent
1447 4559 1500 4604 et
1531 4549 1768 4606 dicerent
1817 4569 1920 4606 non
1960 4553 2011 4608 in
2055 4570 2114 4609 se

499 4685 502 4690 .
537 4637 762 4692 electam
789 4636 892 4692 nisi
917 4638 1240 4710 opulentiam
1261 4679 1276 4702 ,
1311 4639 1606 4706 facundiam
1629 4683 1644 4704 ,
1675 4643 1994 4714 eloquentior:
2013 4646 2111 4701 do-

537 4728 784 4794 ctrinam,
815 4729 1052 4784 scientiae
1073 4729 1434 4800 splendorem,
1463 4734 1817 4800 nobilitatem,
1847 4740 2115 4807 generosi-

538 4827 702 4874 tatem
724 4857 742 4886 ,
790 4821 1218 4891 tranquillitatem
1243 4863 1258 4888 ,
1304 4825 1530 4894 regalem
1573 4836 1916 4896 potestatem;
1955 4839 2114 4900 atque

537 4910 609 4968 ita
641 4911 1019 4981 temporalibus
1045 4921 1101 4968 et
1139 4915 1480 4972 sacularibus
1525 4917 1864 4974 felicitatibus
1891 4923 2108 4990 tumidi,

537 5009 786 5070 tanquam
807 5001 908 5072 ipsi
937 5003 1080 5072 prius
1121 5003 1337 5060 Christo
1361 5005 1664 5062 conferrent
1711 5009 1851 5078 quod
1895 5023 2110 5078 essent,

539 5101 598 5146 ut
623 5092 700 5146 eis
727 5092 816 5148 ille
845 5093 1110 5150 videretur
1133 5095 1376 5162 reddere,
1407 5113 1510 5152 non
1539 5098 1758 5164 donare,
1790 5101 1930 5170 quod
1955 5102 2112 5159 futuri

535 5189 714 5236 essent
725 5183 890 5252 gratia
903 5183 1018 5248 Dei,
1035 5200 1134 5240 nec
1145 5186 1510 5256 intelligerent,
1529 5203 1626 5244 nec
1635 5198 1891 5247 tenerent.
1907 5195 2114 5260 Quanto

537 5287 665 5343 ergo
695 5289 835 5330 nunc
855 5277 1080 5343 melius,
1111 5287 1312 5348 quanto
1348 5277 1640 5336 ordinatius
1659 5321 1675 5348 ,
1706 5283 1854 5352 prius
1873 5287 2024 5340 erexit
2052 5288 2115 5344 de

537 5375 668 5422 terra
693 5367 889 5436 inopem
909 5409 923 5432 ,
963 5379 1008 5422 et
1027 5370 1090 5424 de
1113 5378 1328 5424 stercore
1353 5371 1589 5426 exultavit
1611 5389 1902 5442 pauperem,
1929 5387 1981 5430 ut
2003 5381 2112 5432 cot-

535 5459 720 5514 locaret
735 5477 848 5516 eum
865 5477 975 5514 cum
993 5462 1272 5530 potentibus
1289 5463 1464 5532 populi
1482 5465 1562 5517 sui
1575 5463 1748 5534 (Psal.
1763 5469 2036 5538 CXII,7,8);
2057 5479 2114 5524 ut

599 5635 616 5703 ξ
652 5633 940 5703 emendatus
961 5635 1018 5686 ad
1041 5635 1104 5703 cl.
1129 5635 1178 5685 d.
1195 5651 1240 5703 ι’.
1267 5644 1414 5703 ιωηι.
1441 5646 1536 5688 vat.
1557 5646 1608 5688 et
1629 5639 1688 5688 ad
1709 5643 1844 5703 \‘ign.

599 5697 673 5760 (ᾳ)
707 5693 848 5754 Alias,
873 5699 1000 5760 inter
1025 5699 1403 5760 Vigneriauosti.

597 5757 670 5816 (tr)
706 5759 972 5870 augustini.
993 5757 1168 5808 nomen
1193 5761 1240 5830 in
1263 5761 1514 5830 veteribus
1544 5765 1850 5818 Lectionariis
1890 5767 2110 5828 praefert,

597 5831 704 5870 :uuc
725 5825 770 5868 st
805 5831 863 5868 us
879 5821 941 5870 ab
963 5835 994 5870 ιι
1009 5834 1066 5870 so
1085 5833 1276 5870 omnino
1297 5821 1484 5870 ahenus
1506 5824 1710 5870 videtur.

537 5829 704 5880 neque
725 5821 863 5870 stilus
879 5821 941 5870 ab
963 5821 994 5881 ιι
1009 5834 1066 5870 so
1085 5821 1276 5874 omnino
1297 5821 1484 5877 alienus
1506 5824 1710 5874 videtur.

1789 369 1844 427 S.
1877 367 2236 428 AUGUSTINI
2279 368 2576 426 EPISCOPI

3675 377 3812 434 1684

2229 503 2420 543 munus
2447 486 2806 556 intelligentia:
2839 493 3000 558 atque
3023 486 3278 544 doctrina:
3291 503 3396 542 non
3415 489 3584 546 solunt
3611 505 3676 548 ex
3703 493 3816 548 Deo

2225 595 2384 652 esset,
2417 585 2510 642 sed
2537 585 2696 641 etiam
2713 595 2772 641 ut
2787 599 2852 640 ex
2877 585 2984 641 Deo
3000 601 3120 641 esse
3139 583 3583 656 apparerot?Cum
3615 597 3815 658 quanta

2226 677 2402 747 itaque
2425 675 2606 732 ltetitia
2627 685 2682 732 et
2699 684 2892 746 quanta
2907 677 2998 731 Dei
3013 675 3182 746 gloria
3211 685 3526 732 contuemur
3540 678 3608 732 ab
3633 679 3814 732 animo

2225 769 2500 838 piscatoris
2509 768 2776 824 contemni
2791 781 2922 838 epes
2947 766 3319 838 imperatoris?
3343 765 3488 822 fundi
3509 781 3692 836 preces
3707 768 3814 821 ἰιιι-

2225 861 2487 930 peratoris
2523 861 2588 915 ad
2632 861 2938 922 Memoriam
2965 859 3282 929 piscatoris?
3302 869 3360 914 ut
3391 875 3490 915 nec
3517 860 3608 916 ille
3645 875 3714 918 ex
3747 875 3814 923 eo

2223 953 2365 1022 quod
2413 969 2518 1008 non
2567 953 2784 1019 habuit,
2815 953 3055 1022 jaceret;
3085 968 3184 1010 nec
3203 953 3304 1008 iste
3344 969 3408 1008 et
3443 968 3509 1008 eo
3543 969 3682 1024 quoa
3714 953 3812 1006 ha-

2225 1044 2370 1110 buit,
2401 1047 2720 1116 superbiret.
2751 1046 3000 1102 Jamvero
3020 1046 3148 1102 illud
3173 1045 3316 1118 quod
3345 1047 3562 1100 Paulum
3591 1062 3654 1102 ex
3683 1061 3809 1115 per-

2225 1147 2466 1193 secutore
2503 1153 2600 1193 suo
2643 1138 3044 1209 praedicatorem
3089 1154 3242 1194 suum
3281 1137 3524 1193 Christus
3556 1147 3808 1208 Operattts

2223 1239 2305 1284 est
2324 1269 2339 1296 ,
2369 1229 2494 1299 quid
2519 1230 2692 1284 valeat
2713 1229 2778 1284 ad
2809 1229 3032 1284 salutem
3063 1229 3334 1298 hominum
3359 1271 3374 1296 ,
3415 1245 3482 1284 ne
3523 1229 3810 1300 quisquam

2224 1337 2532 1391 magnarum
2561 1321 2660 1376 sibi
2691 1321 2938 1376 conscius
2977 1321 3308 1391 iniquitatum
3335 1320 3404 1376 de
3439 1320 3806 1390 misericordia

2225 1413 2318 1468 Dei
2347 1412 2538 1467 debeat
2571 1411 2855 1482 desperare
2885 1453 2900 1477 ,
2933 1412 3046 1482 ipse
3088 1412 3264 1480 potius
3287 1411 3558 1481 apostolus
3584 1412 3807 1480 eloqua-

2225 1513 2326 1558 tur.
2355 1503 2642 1569 Humanus,
2667 1503 2854 1572 inquit,
2873 1519 3036 1556 sermo
3063 1513 3107 1556 ct
3125 1502 3262 1556 omni
3283 1503 3576 1572 acceptione
3599 1501 3806 1574 dignus,

2223 1597 2338 1665 quia
2370 1595 2596 1650 Christus
2619 1593 2772 1660 Iesus
2813 1596 2946 1652 venit
2991 1596 3044 1648 in
3065 1595 3199 1664 hunc
3243 1594 3487 1648 mundum
3527 1604 3810 1662 peccatores

2222 1689 2385 1742 salvos
2412 1690 2578 1759 facere
2597 1729 2610 1752 ,
2643 1704 2860 1756 quorum
2884 1688 3074 1756 primus
3087 1703 3180 1758 ego
3203 1702 3338 1740 sum.
3373 1687 3478 1741 Sed
3503 1687 3614 1746 ideo
3655 1687 3810 1740 mise-

2223 1781 2494 1834 ricordiam
2531 1788 2824 1832 consecutus
2871 1789 3090 1844 sum,ut
3119 1779 3172 1832 in
3208 1793 3288 1832 me
3327 1778 3488 1848 primo
3528 1777 3816 1832 ostenderet

2223 1871 2452 1926 Christus
2471 1870 2620 1942 Iesus
2640 1887 2835 1924 onmem
2853 1871 3304 1940 longanimitatem,
3318 1871 3385 1924 ad
3405 1871 3814 1941 informationmu.
3877 1939 3884 1946 _

2223 1979 2394 2020 eorum
2421 1963 2506 2030 qui
2539 1961 2776 2018 credituri
2801 1972 2918 2016 sunt
2941 1963 3018 2016 illi
3051 1963 3102 2018 in
3125 1961 3278 2022 uitam
3301 1971 3543 2016 teter-nam
3575 1961 3594 2033 (
3617 1961 3634 2014 l
3675 1961 3809 2014 Tim.

2223 2070 2274 2118 ι,
2307 2055 2390 2118 l5,
2427 2054 2537 2123 16).
2569 2053 2697 2120 Quis
2717 2053 2858 2108 enim
2894 2055 2994 2108 sub
3019 2069 3176 2122 manu
3204 2053 3584 2123 omnipotentis
3611 2053 3810 2108 medici

2223 2145 2290 2200 de
2321 2147 2490 2199 salute
2519 2145 2764 2214 desperet
2793 2153 2936 2199 tanto
2977 2145 3290 2199 informatus
3321 2146 3602 2216 exemplo,
3627 2145 3812 2199 consi-

2223 2237 2416 2292 derans
2443 2237 2906 2307 ,evangelizantem
2951 2237 3110 2292 tidem
3139 2252 3298 2307 quam
3323 2237 3610 2308 aliquando
3635 2248 3810 2302 vasta,-

2225 2331 2310 2386 hat
2330 2372 2345 2396 ,
2374 2345 2480 2384 non
2509 2331 2680 2385 solum
2702 2332 2936 2386 evasisse
2965 2346 3174 2400 poenam
3207 2333 3560 2401 persecutoris
3579 2375 3592 2396 ,
3621 2349 3810 2388 verunt

2222 2425 2380 2478 etiam
2403 2437 2654 2478 coronam
2683 2423 2938 2477 meruisse
2963 2423 3218 2489 doctoris,
3240 2432 3296 2478 et
3321 2425 3474 2494 cujus
3495 2427 3810 2496 sanguinem

2223 2513 2274 2568 in
2309 2513 2422 2583 ejus
2447 2513 2702 2568 membris
2721 2514 2970 2583 cupiebat
2989 2514 3256 2568 smviendo
3285 2513 3507 2570 fundere
3529 2557 3544 2580 ,
3571 2531 3668 2584 pro
3693 2515 3812 2584 ejus

2223 2606 2438 2662 nomine
2483 2619 2638 2664 suum
2683 2608 2996 2676 sanguinem
3043 2605 3314 2662 credendo
3355 2607 3594 2662 fudisse?
3633 2608 3808 2666 liabet

2223 2711 2349 2767 ergo
2375 2695 2544 2754 Roma
2592 2704 2752 2766 caput
2795 2695 3030 2765 gentium
3055 2735 3070 2761 ,
3101 2695 3208 2750 duo
3243 2696 3440 2764 lumina
3481 2699 3716 2768 gentium
3741 2699 3812 2752 ah

2221 2788 2314 2842 illo
2329 2803 2552 2844 accensa
2577 2829 2594 2854 ,
2625 2788 2715 2858 qui
2745 2788 3002 2858 illuminat
3035 2803 3248 2844 omnem
3279 2789 3550 2848 hominem
3581 2791 3802 2844 venien-

2223 2889 2326 2933 tem
2357 2879 2408 2934 in
2453 2878 2596 2942 hunc
2621 2878 2875 2934 mundum
2907 2895 2922 2931 :
2947 2895 3132 2944 unum,
3164 2879 3216 2932 in
3243 2894 3352 2948 quo
3383 2880 3520 2934 Deus
3545 2881 3810 2950 abjcctant

2221 2971 2474 3024 exaltavit
2511 2970 2892 3036 humilitatem;
2919 2971 3144 3025 alterum
3169 3011 3184 3036 ,
3211 2971 3264 3025 in
3307 2986 3414 3042 quo
3455 2971 3810 3029 damnandam

2221 3062 2424 3117 sanavit
2453 3062 2803 3132 iniquitatem.
2840 3061 2894 3116 In
2927 3061 3016 3116 illo
3045 3059 3315 3117 discamus
3361 3077 3466 3118 non
3491 3063 3806 3131 superbire;

2221 3153 2274 3208 in
2303 3152 2428 3230 isto,
2455 3167 2565 3206 non
2591 3151 2898 3222 desperare.
2937 3151 3106 3219 Quam
3151 3151 3386 3207 breviter
3429 3167 3614 3222 magna
3653 3153 3810 3208 nobis

2220 3244 2461 3314 exempla
2487 3243 2760 3314 prmtnissa
2785 3253 2938 3309 sunt,
2967 3258 3126 3314 quam
3153 3243 3386 3300 salubria
3411 3261 3428 3310 ;
3451 3259 3570 3316 qua:
3591 3261 3810 3314 semper

2219 3351 2728 3402 commemoramus,
2773 3346 2828 3390 et
2864 3336 2916 3390 in
2953 3351 3138 3390 eorum
3183 3335 3340 3392 laude
3389 3337 3570 3392 lumen
3619 3355 3808 3394 verum

2219 3427 2635 3498 magnificemus.
2665 3427 2832 3482 Nemo
2871 3443 2998 3498 ergo
3025 3443 3085 3482 se
3113 3427 3182 3482 de
3203 3427 3360 3498 hujus
3383 3429 3558 3482 saeculi
3585 3430 3808 3484 celsitu-

2219 3518 2342 3582 dine
2371 3517 2590 3586 extollat
2619 3535 2631 3570 :
2661 3517 2848 3580 Petrus
2878 3518 3108 3588 piscator
3133 3517 3247 3574 fuit.
3277 3519 3444 3574 Nemo
3474 3519 3806 3589 iniquitatem

2221 3611 2486 3680 propriam
2513 3609 2796 3678 cogitando
2819 3607 3236 3662 misericordiam
3259 3609 3351 3668 Dei
3383 3609 3642 3680 defugiat:
3665 3611 3807 3666 Pau-

2221 3699 2304 3754 lus
2329 3709 2634 3769 persecutor
2661 3697 2774 3754 fuit.
2805 3699 2898 3754 Ille
2935 3699 3100 3766 dicit,
3137 3699 3326 3754 ft‘octns
3359 3711 3431 3754 est
3463 3699 3708 3756 Dominus
3725 3719 3808 3756 re—

2221 3788 2416 3858 fugium
2453 3805 2732 3858 pauperum
2772 3787 2943 3856 (Psal.
2974 3805 3024 3850 Ix
3047 3829 3062 3854 ,
3095 3789 3186 3859 10),
3215 3808 3226 3844 :
3254 3791 3352 3845 iste
3391 3791 3548 3856 dicit,
3583 3791 3810 3846 Doceam

2219 3881 2414 3950 iniquos
2433 3881 2537 3936 vias
2566 3889 2678 3936 tuas
2697 3922 2710 3946 ,
2751 3891 2798 3934 et
2833 3881 2975 3951 impii
2990 3881 3058 3934 ad
3083 3891 3130 3935 te
3147 3895 3494 3940 convertentur
3527 3885 3700 3956 (Paul.
3731 3903 3764 3940 ι.
3786 3926 3806 3955 ,

2222 3971 2334 4042 15).

2607 4081 2838 4144 SERMO
2873 4081 3239 4148 CCCLXXXII
3271 4091 3286 4108 -
3315 4087 3412 4155 ta).

2691 4201 2760 4246 De
2779 4203 2946 4245 sancto
2967 4195 3205 4259 Stephano
3227 4197 3318 4260 (b).

2273 4319 2496 4394 CAPUT
2512 4319 2923 4394 RBlhthI.e-l.
2947 4322 3262 4394 Pra'ccptum
3281 4321 3341 4376 de
3355 4323 3621 4394 diligendi..-
3639 4327 3808 4380 inimi-

2273 4343 2356 4374 bﬂ
2366 4343 2447 4377 ιύ
2467 4343 2486 4376 Ι
2518 4343 2896 4376 ιἰιιινιυινι.-ι
2913 4364 2923 4374 .
2947 4343 3262 4394 r'ra'ccptum
3281 4343 3341 4376 ac
3355 4343 3444 4377 aut
3482 4343 3621 4378 emus
3639 4343 3802 4380 nmm-

2219 4391 2310 4466 _cis.
2330 4389 2483 4450 Jesus
2503 4389 2640 4466 ﬁlius
2657 4391 2798 4446 Nave
2817 4393 2866 4466 i_n
2885 4407 3067 4447 eremo
3081 4394 3360 4466 pugnabat,
3381 4403 3432 4448 et
3447 4343 3657 4466 Kloyses
3675 4411 3802 4450 ora-

2219 4460 2311 4544 bat
2335 4479 2349 4513 :
2375 4475 2478 4514 non
2505 4460 2712 4544 quidem
2741 4460 3248 4544 amboipuguaba‘nt,
3275 4473 3328 4517 et
3353 4465 3509 4544 ambo
3536 4460 3802 4544 orabant;

2220 4529 2484 4604 sed_unus
2524 4529 2826 4604 pugnabat,
2869 4529 3088 4588 et'alins
3114 4533 3319 4587 orabat.
3369 4535 3558 4588 Merito
3579 4537 3669 4604 qui
3699 4529 3803 4604 pui-

2221 4601 2444 4672 gnabat,
2485 4617 2590 4672 non
2639 4601 2950 4668 deﬁciebat;
2995 4604 3114 4672 quia
3146 4604 3281 4658 alter
3301 4605 3505 4658 orando
3535 4601 3801 4660 vincebat.

2223 4671 2292 4744 ita
2334 4679 2388 4725 ct
2425 4685 2522 4741 ego
2567 4671 2710 4740 loqui
2740 4673 2964 4744 quidem
2993 4671 3209 4734 videor,
3235 4673 3327 4728 sed
3367 4676 3482 4728 aliis
3524 4677 3805 4733 orantibus

2221 4741 2412 4815 loquor
2432 4783 2462 4815 ,_
2497 4751 2573 4815 ut_
2593 4741 2835 4815 precibus
2863 4759 3046 4800 eorum
3082 4744 3345 4811 Ctnttingat
3375 4745 3500 4798 mihi
3527 4745 3666 4815 quod
3697 4745 3802 4798 Du—

2220 4811 2398 4867 minus
2417 4812 2509 4884 ait,
2540 4812 2700 4884 Aperi
2713 4829 2768 4884 os
2795 4823 2957 4884 tuum,
2989 4823 3034 4866 et
3051 4831 3142 4884 ego
3167 4815 3449 4882 adimpfebo
3469 4811 3598 4870 illud
3621 4815 3798 4882 (Psol.

2221 4896 2390 4946 LXXX,
2443 4883 2548 4952 ll).
2607 4882 2664 4938 Si
2691 4883 2778 4940 ille
2803 4883 2868 4938 ab
2896 4899 2999 4938 uno
3031 4882 3230 4940 tantum
3271 4895 3454 4940 orante
3493 4886 3800 4956 juvabatur,

2279 5035 2300 5054 '
2325 5035 2609 5105 anenclatus
2629 5037 2686 5086 ad
2704 5037 2824 5088 duos
2843 5051 2886 5087 c.
2911 5039 2960 5088 b.
2989 5045 3039 5088 et
3055 5039 3174 5090 duos
3197 5051 3244 5088 n.
3270 5039 3328 5091 ad
3351 5039 3411 5090 cl.
3433 5055 3506 5105 gr.
3527 5057 3567 5092 r.
3592 5059 3637 5092 v.
3665 5053 3716 5095 et
3739 5047 3802 5096 ad

2219 5103 2318 5144 Am.
2343 5101 2414 5144 Er.
2451 5105 2552 5146 Par.
2577 5106 2684 5148 ΜΠ.

2281 5159 2356 5218 tu)
2391 5158 2530 5216 Alias,
2553 5159 2616 5208 de
2641 5162 2818 5210 Sanctis
2841 5160 2886 5207 4.

2283 5217 2354 5281 (ὑ)
2370 5222 2586 5281 Speciem
2601 5223 2828 5284 centenis
2851 5233 2948 5284 [rm
2966 5234 3022 5270 se
3039 5223 3132 5276 fort
3153 5223 3416 5274 hicsermo.
3429 5227 3556 5276 istud
3581 5229 3626 5277 in
3653 5241 3802 5278 exor-

2219 5279 2318 5340 dio,
2336 5279 2643 5348 '«_tloquendo
2661 5285 2759 5348 jam
2785 5279 2878 5348 non
2903 5284 3093 5332 timebit
3113 5297 3196 5333 cor
3212 5299 3394 5344 metun,
3419 5303 3441 5348 η
3473 5295 3588 5348 etc.,
3613 5301 3706 5339 nec
3727 5291 3790 5340 ad

2220 5343 2470 5414 superiora
2490 5357 2622 5414 ,_ncc
2641 5345 2706 5414 _ad
2733 5343 2958 5414 inferiora
2981 5349 3299 5414 connectitur.
3338 5343 3479 5398 Paulo
3511 5343 3618 5412 post
3661 5352 3798 5414 quod

2221 5401 2418 5475 legitur,
2451 5421 2472 5447 α
2493 5405 2574 5475 Hic
2595 5405 2815 5454 advertat
2834 5413 2994 5454 vestra
3012 5409 3255 5475 sanctitas,
3274 5425 3302 5475 ῃ
3326 5401 3550 5472 usquin}
3573 5401 3798 5475 percepe-

2219 5471 2332 5532 runt
2366 5465 2638 5516 mercedem
2659 5479 2816 5526 suam,
2839 5483 2862 5511 ι)
2891 5468 3158 5532 totumhoc
3173 5465 3433 5532 vindingu's
3455 5465 3702 5522 esse'dicit
3717 5465 3800 5532 "in-

2218 5525 2575 5598 doctte_manus_
2605 5529 3146 5598 assumettt_unt._§oliis,
3193 5525 3371 5598 [muter
3405 5532 3498 5598 alia
3539 5531 3798 5598 quaedam,

2220 5589 2354 5656 veniit
2379 5589 2426 5636 in
2449 5589 2769 5656 s_t_t5p_icionem
2793 5593 2937 5638 etiam
2961 5589 3074 5656 illud
3101 5591 3146 5638 in
3170 5589 3301 5640 nunt.
3316 5595 3362 5653 3,
3388 5589 3654 5656 gDiaco'uus
3668 5589 3796 5656 crat;

2227 5647 2776 5718 s_Evange|ia'legeliat,
2797 5667 2820 5694 ι
2851 5659 2946 5699 etc.
2988 5653 3170 5718 Quippe
3193 5647 3448 5718 Evangelia
3481 5658 3656 5718 scripta
3680 5647 3800 5709 ante

2219 5709 2444 5780 stephani
2484 5709 2769 5780 passionem
2799 5726 2893 5760 non
2917 5709 3228 5780 exstiterunt.
3261 5709 3699 5780 Similcquidpiam
3725 5721 3800 5770 di-

2220 5779 2350 5820 ctum
2374 5777 2450 5818 est
2481 5783 2620 5832 supra
2645 5775 2692 5820 in
2717 5785 2942 5821 sermone
2961 5773 3070 5830 519,
3097 5789 3143 5823 ιι.
3161 5775 3209 5830 '5,
3235 5777 3322 5825 sed
3346 5777 3410 5826 ibi
3435 5773 3622 5829 facilius
3642 5793 3798 5832 excu-

2223 5839 2370 5894 satur,
2395 5846 2487 5883 nec
2505 5833 2676 5884 sutiicit
2699 5843 2750 5884 ut
2771 5847 2931 5888 sermo
2948 5839 3208 5900 cmtcroqui
3225 5840 3404 5900 probus
3425 5842 3728 5904 repudietur.
