4062 6368
292 384 430 440 1685

287 515 343 556 et
374 517 481 555 non
513 499 885 568 superabatur;
934 509 1131 569 quanto
1159 499 1324 569 tnagis
1352 514 1480 569 ego,
1513 515 1609 569 pro
1634 516 1737 569 quo
1768 517 1871 555 non

288 588 449 636 unus,
482 571 575 624 sed
602 570 750 629 multi
781 581 967 638 rogant
990 571 1154 624 Deum
1181 571 1424 625 mecum?
1453 570 1738 639 Loquendo
1763 572 1871 640 jam

288 657 397 696 non
428 642 631 695 timebit
661 657 754 695 cor
779 656 954 695 meum
978 682 993 707 ,
1034 642 1153 708 quia
1184 642 1385 694 laudem
1412 640 1612 693 Domini
1650 641 1874 709 loquetur

287 729 343 766 os
379 729 551 766 meum
590 710 761 779 (Psal.
799 726 958 765 cxuv
984 710 1151 781 ,21).
1198 712 1452 781 Dominus
1497 723 1676 765 noster
1716 711 1872 766 Jesus

285 783 559 843 Christus,
612 781 800 835 fratres
824 822 838 844 ,
880 780 1033 850 jubet
1074 781 1227 836 nobis
1261 780 1491 851 aliquid,
1535 790 1585 834 et
1616 783 1871 849 promittit

284 854 445 907 nobis
488 852 703 922 aliquid.
752 852 902 919 Quod
939 852 1123 921 jubet,
1173 852 1258 905 hic
1288 863 1369 906 est
1402 870 1414 905 :
1447 852 1584 920 quod
1614 852 1872 919 promittit

283 924 415 977 alibi
454 934 554 977 est.
612 922 765 988 Quod
799 923 982 989 jubet,
1022 923 1230 988 linitur,
1270 922 1391 992 quia
1429 922 1719 990 temporale
1753 935 1864 976 est:

283 993 431 1061 quod
459 994 742 1063 promittit,
776 1008 880 1047 non
914 993 1122 1063 linitur,
1152 994 1275 1061 quia
1305 1002 1557 1047 aeternum
1587 992 1868 1063 csuQuod

277 1062 469 1131 jubet,
494 1078 628 1132 Opus
653 1073 736 1117 est
768 1080 780 1115 :
809 1062 949 1132 quod
978 1064 1253 1133 promittit,
1284 1077 1488 1116 merccs
1516 1071 1617 1116 est.
1651 1062 1747 1117 llic
1772 1063 1868 1115 ad-

282 1143 461 1187 vertat
485 1142 659 1201 vestra
688 1134 952 1188 Sanctitas
979 1174 990 1194 ,
1023 1143 1217 1203 quanta
1247 1142 1327 1187 est
1354 1133 1469 1202 ejus
1507 1133 1866 1188 misericordia

282 1219 419 1273 epga
442 1219 539 1260 nos
558 1244 575 1267 ,
617 1213 676 1257 ut
702 1202 937 1261 laborem
967 1202 1052 1258 hic
1083 1204 1461 1273 posueritcum
1490 1204 1593 1257 line
1615 1244 1629 1263 .
1660 1219 1867 1258 merce-

280 1272 409 1327 dem
449 1275 503 1327 in
552 1274 688 1328 casio
726 1274 841 1327 sine
878 1273 1001 1332 line.
1050 1272 1115 1327 Et
1155 1275 1273 1328 ideo
1307 1272 1564 1329 debemus
1609 1274 1755 1343 prius
1784 1274 1866 1330 hic

281 1343 548 1414 laborare,
578 1353 632 1397 et
660 1354 840 1414 postea
866 1344 916 1398 in
944 1344 1081 1399 coelo
1111 1344 1409 1399 mercedem
1440 1360 1674 1409 sumere,
1707 1360 1865 1413 quam

280 1413 372 1468 hic
414 1413 713 1468 mercedem
752 1414 837 1468 vel
882 1414 1150 1484 accipere,
1196 1424 1247 1467 et
1283 1423 1463 1483 postea
1493 1415 1756 1469 laborare.
1792 1416 1865 1470 De

277 1485 599 1554 quibusdam
625 1486 766 1539 enim
794 1485 920 1539 dicit
954 1504 965 1537 :
994 1486 1152 1539 Amen
1183 1486 1293 1537 dico
1320 1484 1462 1538 nobis
1482 1526 1495 1551 ,
1527 1494 1854 1552 perceperunt

278 1560 560 1626 mercedem
590 1572 745 1626 suam
789 1554 1000 1626 (Matth.
1033 1572 1083 1626 vt
1104 1597 1119 1620 ,
1283 1554 1388 1608 Sed
1419 1555 1550 1609 forte
1576 1556 1775 1626 avidus
1805 1570 1863 1611 es

279 1624 345 1678 ad
374 1625 689 1695 mercedem
716 1668 737 1693 ,p
760 1624 812 1679 et
838 1627 983 1695 piger
1016 1625 1082 1680 ad
1123 1625 1378 1679 laborem.
1425 1626 1536 1690 Qua
1569 1624 1738 1680 fronte
1765 1641 1862 1694 po-

279 1694 451 1748 stulas
480 1695 616 1764 quod
650 1696 890 1765 promisit
914 1696 1051 1749 Deus
1076 1738 1091 1761 ,
1139 1697 1183 1751 si
1215 1711 1317 1749 non
1367 1695 1497 1749 facis
1531 1694 1671 1763 quod
1704 1695 1862 1764 jussit

281 1765 465 1820 Deus?
506 1766 658 1820 Prius
686 1766 808 1820 audi
835 1767 1179 1829 monitiones,
1205 1777 1258 1819 et
1286 1767 1365 1820 sic
1388 1765 1538 1834 exige
1569 1767 1860 1833 repromis-

280 1836 485 1891 siones.
518 1836 698 1897 Prius.
727 1838 975 1904 inquam,
1006 1836 1123 1889 audi
1148 1836 1417 1904 jubentem
1439 1877 1452 1898 ,
1479 1844 1680 1906 etituine
1709 1838 1860 1906 exige

277 1907 644 1975 pollicentem.
674 1906 832 1961 Iubet
856 1907 997 1960 enim
1031 1907 1181 1961 nobis
1201 1948 1215 1971 ,
1255 1916 1308 1961 et
1331 1907 1459 1960 dicit
1488 1924 1500 1959 :
1533 1904 1737 1977 Diligite
1762 1904 1860 1960 ini-

276 1978 438 2030 micos
472 1987 677 2041 vestros,
710 1977 830 2030 bene
858 1980 1007 2047 facile
1032 1978 1108 2030 Iu's
1138 1980 1219 2044 qui
1247 1994 1331 2030 vos
1359 1977 1613 2047 oderunt;
1648 1985 1693 2029 et
1722 1987 1860 2031 orate

274 2064 371 2117 pro
402 2047 805 2117 persequentibus
830 2046 873 2100 et
894 2049 1311 2101 calumniantibus
1335 2064 1441 2102 vos.
1469 2046 1674 2117 Audisti
1701 2062 1856 2117 opus,

274 2116 531 2185 exspecta
559 2118 857 2172 mercedem
888 2134 901 2170 :
936 2117 1002 2172 Ut
1033 2120 1139 2172 sitis
1162 2160 1177 2182 ,
1220 2118 1389 2188 inquit
1412 2159 1433 2183 ,
1458 2117 1552 2185 ﬁlii
1586 2116 1751 2171 Patris
1776 2136 1858 2173 ve-

272 2191 367 2269 stri
392 2230 408 2250 ,
446 2190 533 2258 qui
566 2190 620 2241 in
649 2188 786 2269 caelis
822 2189 1032 2269 est;_qui
1061 2190 1214 2243 solem
1244 2206 1388 2269 suum
1411 2188 1531 2268 oriri
1558 2190 1677 2269 [urit
1706 2206 1857 2269 super

272 2256 716 2382 bortzz‘ezéitulos
738 2299 751 2324 ,
800 2270 846 2313 et
890 2261 1016 2328 pluit
1055 2276 1205 2333 super
1234 2260 1402 2328 justus
1427 2268 1471 2311 et
1500 2256 1711 2328 injustas
1743 2258 1851 2329 (Id.

272 2342 340 2382 ν.
463 2371 477 2382 .
541 2364 551 2379 .
604 2369 617 2380 .

271 2330 617 2395 ν,44,45).
1136 2330 1139 2333 ’

342 2398 574 2455 CAPUT
614 2398 677 2453 ll.
706 2430 775 2438 -—
800 2398 853 2453 2.
895 2399 1082 2468 Christi
1105 2398 1387 2466 exemplum
1422 2398 1613 2452 orantis
1638 2415 1729 2468 pro
1748 2400 1856 2455 suis

268 2468 695 2538 interfectoribus.
731 2463 958 2523 Christus
998 2479 1106 2523 orat
1136 2486 1226 2537 pro
1251 2463 1432 2535 nobis,
1465 2478 1575 2521 orat
1606 2463 1657 2521 in
1687 2469 1850 2535 nobis,

270 2549 318 2589 ct
362 2549 539 2591 oratur
579 2557 610 2591 (ι
641 2540 803 2605 nobis.
855 2540 1080 2593 Attende
1120 2539 1290 2608 ipsum
1322 2539 1600 2591 Dominum
1632 2538 1720 2607 qui
1753 2540 1852 2594 hoc

262 2608 462 2677 jussit.
503 2609 628 2678 quil
678 2610 879 2664 fecerit.
927 2610 1111 2663 Nonne
1156 2617 1274 2677 post
1315 2618 1456 2661 tanta
1487 2624 1603 2676 qua:
1644 2609 1695 2662 in
1729 2624 1849 2663 cum

266 2680 657 2734 commiserunt
684 2681 826 2749 impii
870 2680 1071 2744 .ludtri,
1123 2680 1212 2747 qui
1256 2678 1685 2749 retribuebantci
1716 2681 1851 2735 mala

269 2764 370 2817 pro
393 2751 568 2812 bonis,
597 2748 831 2819 pendens
864 2751 913 2804 in
942 2766 1099 2804 cruce
1131 2750 1204 2819 ait
1236 2767 1248 2801 :
1284 2748 1459 2816 Pater,
1490 2749 1688 2819 ignosce
1717 2750 1847 2814 illis,

265 2820 388 2887 quia
432 2818 659 2873 nesciunt
694 2821 812 2890 quid
858 2821 1094 2890 faciunt?
1137 2818 1318 2879 Oravit
1363 2819 1413 2872 in
1476 2818 1720 2882 homine,
1760 2820 1851 2889 qui

264 2891 541 2945 exaudivit
569 2906 689 2950 cum
731 2892 904 2945 Patre.
951 2891 1081 2944 Nam
1110 2899 1164 2945 et
1198 2890 1356 2943 modo
1382 2901 1499 2943 orat
1537 2904 1633 2957 pro
1673 2890 1845 2955 nobis,

265 2970 388 3014 orat
434 2963 485 3014 in
539 2963 728 3027 nobis,
775 2970 829 3015 et
871 2970 1053 3015 oratur
1092 2975 1121 3013 a
1160 2960 1310 3013 nobis
1339 2960 1435 3030 (α).
1490 2959 1560 3015 Ut
1598 2960 1847 3015 sacerdos

263 3040 455 3085 noster
476 3041 595 3084 orat
617 3048 711 3100 pro
732 3032 906 3097 nobis,
923 3040 990 3085 ut
1010 3040 1165 3100 caput
1193 3041 1432 3084 nostrum
1451 3039 1567 3084 orat
1592 3030 1642 3083 in
1670 3030 1844 3097 nobis,

264 3109 324 3153 ut
354 3100 503 3156 Deus
534 3113 714 3157 noster
737 3112 919 3156 oratur
949 3117 977 3155 a
1005 3100 1174 3155 nobis.
1205 3101 1427 3167 Quando
1460 3115 1585 3169 ergo
1613 3101 1665 3153 in
1691 3116 1847 3156 cruce

266 3171 513 3239 pendens
537 3172 751 3238 orabat,
794 3173 1088 3231 videbatet
1117 3171 1437 3239 pta-videbat
1465 3185 1651 3227 omnes
1675 3171 1849 3223 inluti—

259 3254 400 3305 cos;
446 3241 539 3297 sed
582 3243 779 3296 multos
800 3258 863 3297 ex
895 3243 998 3297 illis
1023 3241 1229 3296 futuros
1257 3242 1457 3294 amicos
1502 3240 1841 3309 praevidebat,

259 3321 318 3366 et
362 3313 485 3380 ideo
526 3313 770 3368 omnibus
795 3315 1003 3367 veniam
1050 3312 1366 3381 postulabat.
1411 3310 1488 3365 Illi
1534 3311 1842 3381 saeviebant,

260 3392 317 3436 et
364 3383 455 3436 ille
496 3383 701 3439 orabat.
758 3382 834 3447 Illi
880 3380 1125 3439 dicebant
1160 3382 1366 3446 Pilato,
1408 3381 1657 3452 Cruci/iga
1686 3380 1840 3451 (Luc.

261 3468 415 3517 nm,
446 3454 536 3518 54,
559 3452 679 3523 2|);
709 3454 795 3507 ille
816 3454 1093 3515 clamabat,
1127 3452 1299 3516 Pater,
1324 3453 1541 3521 ignosce.
1568 3452 1621 3505 in
1644 3452 1844 3523 aSperis

259 3523 432 3577 clavis
470 3521 732 3592 pendebat
764 3541 777 3576 :
805 3522 899 3578 scd
947 3524 1214 3577 lenitatem
1258 3538 1361 3575 non
1398 3523 1691 3575 amittebat.
1737 3521 1842 3578 Illis

256 3593 371 3662 jam
403 3593 613 3663 petebat
640 3595 846 3648 veniam
869 3634 884 3659 ,
916 3608 946 3646 a
988 3595 1177 3661 quibus
1217 3602 1416 3646 tantam
1447 3593 1736 3663 accipiebat
1760 3593 1841 3655 iu-

256 3664 478 3731 juriam.
526 3663 604 3717 Illi
644 3665 965 3729 Stcviebaut,
1018 3664 1091 3718 illi
1121 3663 1623 3726 circumlatrabant,
1656 3662 1730 3725 illi
1762 3664 1843 3715 in—

258 3733 514 3788 sultando
541 3742 699 3803 caput
721 3734 1009 3804 agitabant,
1038 3734 1177 3803 quod
1201 3748 1384 3787 sanum
1411 3748 1515 3804 non
1543 3731 1840 3797 habebant;

260 3805 385 3873 quia
412 3814 565 3874 caput
590 3804 727 3873 quod
756 3803 837 3859 est
862 3804 1135 3868 Christus,
1166 3819 1269 3858 non
1301 3803 1584 3864 habebant,
1614 3812 1667 3874 et
1692 3804 1843 3872 quasi

259 3874 316 3927 in
346 3890 453 3927 uno
476 3872 689 3928 summo
727 3874 934 3929 medico
981 3875 1031 3928 in
1070 3874 1244 3928 medio
1283 3874 1569 3927 constituto
1610 3872 1841 3941 phrene-

264 3945 356 4015 tici
382 3945 1104 4015 circumquaquegswviebant
1132 3962 1145 3999 :
1178 3944 1439 4012 pendebat
1468 3945 1573 4015 ille,
1605 3953 1659 4015 ct
1685 3959 1835 3997 sana-

261 4014 375 4085 bat.
427 4010 621 4082 Pater,
654 4010 858 4085 inquit.
890 4017 1089 4085 ignosce
1116 4010 1239 4068 illis.
1289 4013 1555 4072 Attendite
1578 4054 1591 4077 ,
1627 4010 1839 4085 fratres.

260 4084 451 4155 Magna
484 4086 670 4155 pietas.
698 4082 968 4140 Pendebat
990 4127 1004 4151 ,
1037 4094 1091 4140 et
1116 4093 1289 4139 tamen
1332 4085 1604 4155 petebat‘.
1647 4082 1712 4135 Et
1737 4099 1842 4137 non

256 4154 657 4221 descendebat,
704 4156 824 4225 quia
870 4155 938 4210 de
980 4156 1233 4224 sanguine
1262 4169 1359 4209 suo
1402 4154 1842 4225 medicamentum

257 4227 585 4295 phreneticis
630 4224 877 4281 faciebat.
919 4226 1155 4295 Denique
1178 4266 1193 4288 ,
1240 4233 1359 4294 post
1398 4224 1843 4280 resurrectionem

255 4298 471 4351 sanavit
496 4311 628 4367 quos
671 4296 907 4367 pendens
937 4296 1305 4367 insanissimos
1328 4295 1568 4349 toleravit
1600 4312 1613 4347 :
1638 4304 1695 4367 et
1722 4310 1843 4349 san-

255 4368 475 4435 guinem
492 4363 647 4436 quem
671 4363 924 4422 fuderunt
941 4367 1220 4421 saevientes
1239 4365 1506 4429 biberunt,
1528 4363 1839 4429 credentes;

255 4446 313 4491 et
342 4437 468 4493 facti
500 4448 620 4492 sunt
645 4447 948 4507 sequentes,
980 4438 1070 4507 qui
1096 4446 1249 4491 erant
1279 4444 1674 4507 persequentes.
1708 4436 1843 4491 Ecce

253 4523 428 4578 quare
467 4508 610 4562 venit
643 4505 920 4578 Christus,
968 4505 1074 4561 non
1113 4505 1338 4578 perdere
1379 4505 1519 4578 quod
1549 4506 1840 4578 invenerat,

254 4575 354 4633 sed
393 4593 635 4647 quaerere
662 4589 717 4633 et
752 4577 959 4632 salvare
984 4577 1124 4647 quod
1155 4575 1524 4647 perieratlld.
1552 4592 1639 4629 xxx
1661 4618 1676 4640 ,
1708 4577 1840 4645 10);

254 4659 316 4702 ut
364 4646 636 4720 diligendo
685 4648 962 4703 swvicntes
1006 4646 1285 4714 inimicos,
1326 4646 1523 4702 faceret
1563 4647 1844 4701 credentes

253 4734 480 4773 amicos.

324 4788 559 4845 CAPUT
607 4787 691 4843 Ill.
716 4819 790 4829 —
824 4788 878 4844 5,
911 4786 1212 4859 Exemplum
1248 4787 1726 4859 Stephaniorantis
1753 4804 1842 4854 pro

255 4860 649 4931 lapidatoribus.
680 4858 787 4914 Sed
814 4857 1133 4931 nermultu’m
1160 4874 1189 4912 a
1214 4868 1264 4913 te
1290 4858 1444 4927 longe
1472 4857 1629 4931 dicas
1649 4859 1841 4913 imitari

253 4928 544 4985 Dominum
590 4940 735 4984 tuum
759 4971 775 4994 ,
816 4930 905 5001 qui
946 4944 1043 5000 pro
1080 4939 1133 4984 te
1173 4943 1357 4999 passus
1386 4937 1502 5001 est,
1528 4928 1842 5001 relinquens

254 5002 351 5055 tibi
392 5001 695 5070 exemplum
735 5009 793 5054 ut
834 4997 1073 5069 sequaris
1102 4997 1320 5069 veStigia
1357 4999 1471 5067 ejus
1515 4997 1558 5121 il
1590 4997 1731 5051 Petr.
1782 5015 1837 5063 tt,

254 5070 371 5121 2n.
404 5071 618 5121 attende
636 5071 961 5121 Stephanum
982 5085 1295 5121 conservum
1319 5078 1487 5121 tuum.
1540 5068 1684 5121 lomo
1703 5079 1836 5121 erat.

248 5070 344 5140 2|)
358 5113 371 5134 ,
404 5068 618 5125 attende
636 5068 961 5141 Stephanutn
982 5085 1295 5125 conservum
1319 5078 1487 5125 tuum.
1515 5068 1684 5123 Homo
1703 5079 1836 5134 erat,

249 5145 395 5195 sicut
416 5151 475 5197 et
503 5152 594 5196 tu:
621 5141 686 5196 de
711 5157 883 5198 massa
915 5142 1116 5211 peccati
1140 5150 1369 5203 creatus,
1397 5141 1535 5194 sicut
1560 5148 1693 5211 eitu
1727 5157 1739 5192 :
1776 5156 1842 5195 eo

249 5214 430 5280 pretio
458 5212 763 5282 redemptus
782 5252 799 5275 ,
829 5209 933 5282 quo
954 5221 1009 5267 et
1034 5221 1110 5266 tu.
1140 5212 1399 5282 Diaconus
1420 5219 1567 5282 erat,
1585 5209 1839 5282 Evange-

251 5278 322 5336 lia
370 5282 579 5351 legebat
600 5323 624 5352 ,ί
644 5278 772 5352 quae
812 5278 943 5352 legis
987 5283 1069 5336 vel
1108 5280 1260 5335 audis
1302 5288 1470 5352 etitu.
1519 5278 1596 5352 lbi
1645 5278 1841 5352 invenit

248 5350 551 5422 scriptum,
600 5350 809 5422 Diligite
848 5350 1075 5405 inimicos
1116 5362 1301 5422 vestros
1347 5350 1559 5422 (Matth.
1604 5364 1670 5414 v,
1722 5350 1836 5422 ιι).

250 5420 453 5478 Didicit
495 5420 725 5493 legendo
743 5463 760 5488 ,
805 5422 1028 5493 perfecit
1065 5420 1365 5493 implendo.
1411 5420 1512 5486 Qui
1539 5434 1660 5493 cum
1687 5436 1717 5474 a
1743 5420 1839 5475 Ju-

248 5494 387 5547 dmis
426 5491 675 5547 saxorum
706 5492 962 5563 grandine
988 5492 1283 5563 catderctur
1305 5532 1322 5557 ,
1360 5506 1477 5563 non
1514 5491 1686 5563 solum
1729 5506 1835 5563 non

247 5564 699 5628 comminabatur,
712 5560 816 5616 'sed
849 5562 1063 5633 insuper
1096 5561 1473 5633 lapidatoribus
1493 5560 1603 5633 suis
1628 5561 1835 5633 veniam

248 5633 594 5705 precabatur.
628 5633 820 5687 Positis
848 5630 989 5688 enini
1019 5632 1243 5702 genibus
1262 5632 1465 5700 orabat,
1481 5630 1663 5687 dicens
1694 5648 1705 5681 :
1736 5630 1835 5683 Do-

320 5766 333 5795 ¹
373 5761 560 5826 Aliquot
587 5772 712 5823 uss,
729 5770 772 5813 ct
793 5768 955 5819 tamen
973 5760 1289 5825 impendebat.

317 5826 396 5884 (α)
428 5825 589 5877 Fitarr.
615 5827 663 5875 in
689 5827 805 5877 t‘sal.
830 5825 910 5886 85,
934 5839 981 5874 η.
1012 5826 1055 5874 l.

1561 384 1787 441 SERMO
1825 384 2215 444 CCCLXXXII.

3423 404 3559 464 1686

1983 503 2167 585 ptine,
2188 519 2271 585 nei
2291 513 2482 585 statuas
2514 507 2613 585 illis
2642 508 3020 585 ltoc__p_eccatunt
3052 513 3184 581 (Act.
3214 530 3305 577 vn,
3333 517 3445 585 59).
3488 519 3560 577 Illi

1981 571 2299 656 lapidabant,
2318 585 2370 628 et
2393 576 2480 631 ille
2496 579 2701 656 ambat.
2728 571 2805 634 Illi
2829 598 2948 636 eum
2972 571 3149 656 furore
3166 571 3558 656 persequebau:

1981 644 2227 721 tur;_illc
2284 656 2497 721 pacatus
2538 648 2803 703 Christum
2852 644 3190 721 sequebatur:
3244 644 3559 715 llli'malitia

1979 714 2345 796 emcabaittur;
2379 717 2464 796 ille
2485 729 2674 796 aperto
2698 722 2834 796 cudo
2854 714 2977 796 viso
3010 723 3100 796 Dei
3133 724 3266 780 Filio
3299 714 3558 796 sapientia
3631 736 3654 755 κ

1979 782 2358 867 illustrabatur.
2386 787 2459 840 Illi
2484 782 2682 867 lapides
2702 792 3010 867 mittebant;
3033 794 3121 850 ille
3140 782 3410 853 orationes
3426 782 3559 867 prie;

1977 854 2216 935 mitiebat
2248 854 2744 935 :_tam_]uatudiccus
2778 879 2791 913 :
2822 854 3074 935 Domine,
3128 866 3170 920 si
3216 868 3346 921 istos
3397 854 3557 925 modo

1976 925 2519 998 occiderisinimicos,
2551 946 2682 995 quos
2712 942 2889 998 postea
2918 925 3076 987 facies
3098 936 3335 991 amicos?

2044 992 2269 1079 (λιωί
2316 996 2401 1049 IV.
2436 992 2515 1079 7—7
2531 992 2609 1079 ab.
2644 992 2823 1079 _Stiul0_
2848 1002 3097 1072 Stephani
3136 1008 3360 1062 oratione
3393 1012 3555 1079 gratia

1976 1072 2021 1149 et
2044 1064 2496 1149 salusimpctrata:
2528 1069 2781 1149 Denique,
2803 1064 3014 1149 fratres,
3030 1079 3367 1149 ιιιιιρνρήιὶε
3386 1064 3554 1149 quan;

1974 1141 2084 1216 tum
2116 1137 2337 1216 valuerit
2364 1141 2534 1216 oratio
2558 1137 2724 1216 sancti
2754 1137 3008 1216 martyris
3024 1144 3275 1216 Stephani
3299 1190 3314 1213 ,
3360 1137 3547 1206 recuro

1974 1206 2075 1286 rite
2098 1206 2368 1261 nobiscum
2391 1209 2454 1263 ad
2480 1209 2627 1286 illum
2650 1206 3041 1286 adolescentem
3064 1206 3276 1271 nomine
3296 1206 3512 1275 Saulum
3535 1241 3549 1276 :

1972 1280 2101 1353 qui,
2152 1292 2273 1331 cum
2314 1289 2527 1353 sanctus
2565 1280 2863 1352 Stephanus
2908 1285 3259 1353 lapidarctur,
3307 1291 3544 1347 omnium

1973 1346 2292 1424 yestinicnta
2324 1350 2570 1424 servabat
2592 1346 2702 1424 ,iét
2740 1346 2988 1424 tanquam
3033 1346 3277 1414 manibus
3306 1346 3547 1417 omnium

1970 1413 2234 1502 lapidabat
2275 1418 2411 1501 (Act.
2443 1419 2558 1502 vn);
2595 1413 2670 1476 Et
2696 1413 2875 1502 postea
2902 1465 2915 1486 ,
2946 1426 3081 1480 sicut
3112 1413 3312 1494 uestis,
3341 1413 3546 1500 accepit

1969 1488 2221 1571 epistolas
2240 1488 2638 1571 anptincipibus
2681 1488 3050 1571 sacerdotum,
3093 1506 3149 1551 ut
3186 1488 3549 1571 quoscumque

1969 1558 2257 1634 invenisset
2285 1558 2610 1634 Qltristianos
2648 1564 2789 1617 viros
2819 1580 2881 1618 ac
2904 1558 3153 1622 mulieres
3173 1558 3423 1634 [vinctos
3450 1558 3547 1624 ad-

1964 1624 2184 1708 duceret
2214 1630 2627 1710 in.Jer_usalem_,_
2657 1636 3058 1710 torquendoset
3088 1624 3400 1707 puniendos.
3446 1641 3542 1697 llic

1966 1710 2084 1768 cum
2131 1702 2230 1752 iret
2268 1702 2316 1753 in
2347 1702 2463 1766 via,
2514 1704 2690 1759 subito
2733 1702 3227 1763 circnmlnlsit'eunt
3264 1710 3439 1765 lumen
3469 1711 3537 1768 de

1965 1767 2133 1847 cado,
2156 1776 2207 1821 et
2226 1770 2416 1847 cecidit
2436 1773 2490 1847 ιιι
2524 1782 2739 1847 terram,
2769 1786 2821 1830 et
2847 1777 3041 1831 audivit
3071 1794 3254 1833 vocem
3283 1780 3349 1834 de
3374 1767 3536 1847 coelo,

1964 1836 2355 1920 di‘cetitemmsibi
2388 1841 2625 1920 ειδιηιιιεζ
2661 1836 2852 1920 Stude,
2887 1848 3014 1920 quid
3061 1866 3141 1902 me
3178 1836 3544 1920 persequeris.”

1964 1906 2030 1981 [ξι
2058 1908 2146 1962 ille
2177 1926 2189 1961 ε
2219 1908 2298 1963 Tu
2336 1913 2447 1981 quis
2472 1930 2551 1979 cs,
2584 1913 2798 1969 Domine
2814 1906 2849 1969 ετ
2884 1906 2948 1971 Et
2979 1906 3229 1975 Dominus
3258 1906 3539 1977 ad'inum;

1962 1975 2074 2062 ligo
2098 1996 2228 2045 sum,
2249 1975 2435 2062 inquit,
2459 1975 2608 2038 Jesus
2634 1983 2950 2062 Nazarenus,
2974 2006 3116 2062 quem
3139 2000 3192 2043 tu
3210 1975 3540 2062 persequeris.

1960 2045 2160 2130 Durum
2197 2061 2267 2104 est
2301 2045 2399 2130 tibi
2425 2045 2608 2130 contra
2655 2055 2911 2130 stimulum
2940 2045 3249 2130 etilcitrare':
3274 2045 3392 2130 quia

1961 2078 2160 2101 uutulu
2197 2078 2266 2104 est
2301 2078 2385 2105 ttUt
2431 2078 2608 2107 comru
2655 2078 2911 2109 summum
2940 2078 3203 2114 C(ttCtlrat‘e
3230 2078 3249 2114 .'
3313 2078 3392 2115 Illa
3431 2078 3534 2118 non

1961 2118 2265 2195 stimulum,
2309 2122 2611 2195 sednpedcs
2658 2127 2846 2193 quibus
2888 2129 3169 2195 culcitras,
3215 2078 3534 2187 vuqtterabis.

1959 2187 2095 2271 Quid
2125 2190 2253 2244 mihi
2289 2200 2343 2245 et
2382 2187 2518 2247 tibi?
2555 2187 2725 2271 Quare
2770 2213 2846 2250 me
2886 2187 3234 2268 persequeris?
3270 2201 3445 2267 Quare
3486 2214 3538 2258 te

1957 2264 2119 2339 erigis
2142 2271 2329 2339 contra
2352 2278 2438 2339 me
2466 2264 2607 2319 malo
2636 2275 2724 2318 tuo
2748 2308 2762 2330 ,
2792 2278 2845 2321 et
2875 2264 2925 2323 te
2953 2264 3055 2322 non
3087 2272 3261 2339 potius
3292 2264 3537 2328 humilius

1958 2328 2099 2381 bono
2124 2332 2255 2407 tuo?
2299 2332 2403 2407 sed
2433 2344 2617 2407 contra
2662 2328 2803 2407 tanta
2846 2340 2981 2391 mala
3009 2328 3127 2407 qua:
3168 2343 3455 2396 committis
3484 2344 3534 2396 itt

1958 2414 2076 2460 tne,
2122 2402 2246 2454 olim
2275 2402 2487 2480 quidem
2515 2404 2671 2458 debui
2715 2407 2936 2480 perdere
2969 2402 3052 2469 te'.
3102 2409 3194 2463 sed
3236 2409 3535 2480 Stephanus

1957 2483 2143 2524 servus
2173 2487 2324 2545 incus
2344 2474 2513 2545 oravit
2537 2490 2631 2543 pro
2659 2484 2728 2529 te.
2753 2476 2931 2531 Elisus
2946 2488 3028 2532 est
3053 2480 3296 2545 smvicns,
3324 2474 3537 2536 erectus

1958 2548 2038 2592 est
2064 2540 2288 2596 credens
2316 2560 2327 2594 :
2361 2543 2521 2599 elisus
2540 2540 2626 2599 est
2657 2545 2830 2615 lupus,
2858 2558 3069 2603 erectus
3092 2558 3174 2604 est
3197 2540 3363 2619 agnus
3394 2554 3530 2607 :eli-

1956 2622 2046 2691 sus
2075 2619 2157 2691 est
2200 2624 2509 2691 persecutor
2534 2656 2547 2678 ,
2576 2627 2801 2691 erectus
2837 2627 2919 2672 est
2965 2619 3297 2691 praedicator.
3354 2623 3531 2676 Dicam

1957 2680 2159 2746 planius
2179 2722 2193 2746 ,
2223 2681 2392 2735 dicam
2424 2684 2664 2758 apertius
2689 2704 2703 2740 :
2734 2686 2897 2742 elisus
2922 2680 3003 2743 est
3036 2689 3170 2742 lilius
3198 2692 3527 2758 perditionis,

1954 2759 2271 2827 crecitts_est
2294 2767 2384 2827 vas
2420 2754 2696 2827 electionis
2725 2773 2738 2808 :
2771 2758 2932 2827 elisus
2960 2767 3041 2814 est
3067 2754 3257 2815 Saulus
3276 2803 3290 2827 ,
3318 2772 3529 2816 erectus

1953 2831 2033 2899 est
2065 2820 2256 2877 Paulus
2285 2821 2399 2899 (id.
2432 2824 2539 2899 _tx)_.
2581 2824 2715 2899 Nam
2755 2826 2800 2879 si
2842 2837 3044 2899 martyr
3081 2820 3380 2899 Stephanus
3421 2848 3527 2887 non

1953 2892 2029 2944 sic
2053 2900 2291 2958 orasset,
2323 2892 2556 2948 Ecclesia
2581 2894 2799 2949 Paulum
2841 2892 2998 2952 hodie
3023 2916 3125 2953 non
3153 2892 3388 2955 haberet.
3422 2903 3528 2957 Sed

1953 2958 2072 3039 ideo
2097 2961 2163 3015 de
2194 2974 2328 3039 terra
2348 2975 2554 3039 erect_us
2581 2974 2662 3039 est
2689 2967 2899 3035 Paulus,
2928 2970 3047 3039 quia
3072 2969 3121 3023 in
3146 2980 3284 3025 terra
3310 2973 3530 3027 inclina-

1953 3032 2343 3103 tus‘cnauditus
2370 3045 2447 3088 est
2479 3034 2797 3103 Stephanus.

2020 3099 2246 3157 CAPUT
2267 3102 2415 3180 VL—
2510 3099 2652 3180 Maio
2674 3109 2865 3180 precari
2880 3107 3095 3180 inimicis
3114 3126 3261 3179 quam
3277 3112 3524 3180 iniquum.

1951 3170 2089 3248 Ecce
2110 3188 2272 3248 quare
2309 3174 2562 3248 Dominus
2586 3170 2714 3230 diiit
2737 3219 2766 3248 ,ί
2801 3176 3007 3248 Diligite
3042 3170 3268 3235 inimicos
3309 3170 3527 3237 vestros:

1949 3243 2071 3309 quia
2099 3242 2364 3312 diligeudo
2400 3245 2666 3299 inimicum
2693 3289 2707 3312 ,
2748 3247 2877 3301 facis
2908 3242 3161 3304 amicum.
3213 3251 3315 3306 Sed
3344 3263 3527 3305 contra

1954 3319 2092 3364 tanta
2121 3322 2172 3367 et
2208 3314 2329 3391 taiia
2372 3314 2515 3391 liceo,
2560 3326 2613 3369 tu
2637 3318 2759 3391 quis
2784 3333 2841 3371 cs
2868 3319 2955 3387 qui
2983 3334 3096 3391 non,
3117 3320 3328 3391 diligis?
3383 3322 3526 3391 Figis

1948 3396 2113 3449 genu,
2157 3384 2360 3438 collidis
2387 3385 2611 3439 frontem
2636 3386 2689 3441 in
2722 3384 2938 3454 terram,
2968 3399 3023 3443 et
3047 3389 3182 3445 dicis
3212 3384 3299 3445 ἷΟ
3326 3391 3369 3446 si
3398 3384 3519 3446 nfo-

1950 3454 2116 3530 riat_u_r
2150 3454 2393 3530 inimicus
2431 3472 2578 3510 meus
2604 3458 2616 3510 ι
2667 3457 2805 3530 Deus
2826 3498 2840 3523 ,
2882 3459 2927 3530 si
2948 3459 3070 3528 quid
3097 3476 3126 3512 a
3155 3470 3204 3514 te
3234 3462 3521 3530 promerui,

1949 3522 2131 3599 occide
2176 3523 2444 3599 inimicum
2490 3542 2686 3599 meum.
2739 3527 2804 3582 Et
2846 3522 3026 3598 utique
3070 3539 3121 3583 ttt
3172 3522 3261 3599 qu'i
3303 3546 3425 3586 oras
3470 3522 3527 3584 ut

1950 3591 2108 3665 homo
2138 3596 2410 3665 moriatur
2432 3638 2445 3660 ,
2497 3597 2665 3649 malus
2692 3612 2811 3651 oras
2836 3591 3017 3653 contra
3050 3591 3242 3655 malum
3268 3643 3283 3665 ,
3324 3610 3376 3654 et
3402 3600 3525 3655 facti

1947 3662 2075 3738 estis
2116 3664 2222 3738 duo
2263 3666 2385 3719 mali
2421 3666 2551 3738 :_ille
2596 3668 2732 3738 male
2774 3668 3012 3738 agendo,
3057 3679 3111 3724 tu
3136 3662 3279 3726 male
3298 3672 3523 3727 orando.

1949 3732 2025 3785 Tu
2049 3733 2247 3806 malus
2275 3734 2476 3789 orando
2514 3737 2699 3805 incipis
2737 3732 2856 3792 esse
2893 3732 3105 3806 quando
3146 3741 3280 3796 dicis
3303 3783 3318 3805 ,
3360 3742 3520 3806 Deus,

1948 3803 2369 3878 occidentalium
2404 3803 2703 3873 Ιὶεεμοιιᾱοι
2730 3808 2820 3862 tibi
2851 3803 2963 3878 ipse
2995 3827 3007 3862 :
3040 3810 3207 3877 Quem
3248 3803 3523 3867 vestrum?

1946 3872 2024 3927 Te
2055 3874 2285 3939 malum,
2331 3890 2397 3929 an
2446 3872 2590 3929 tuum
2627 3872 2939 3932 inimicun't?
2983 3872 3237 3935 Ad'vertat
3261 3881 3524 3936 Sanctitas

1946 3953 2143 4015 vestra.
2183 3945 2352 3999 Judex
2392 3946 2550 3999 homo
2577 3962 2670 4014 per
2699 3963 2757 4002 se
2802 3950 2974 4015 ipsum
3000 3966 3148 4005 reum
3177 3966 3279 4005 non
3307 3953 3518 4014 occidit,

1948 4014 2042 4070 sed
2061 4014 2246 4083 jubet,
2277 4024 2333 4069 et
2355 4016 2643 4084 Spiculator
2674 4014 2886 4073 occidit.
2917 4018 3086 4075 .ludex
3112 4022 3259 4082 dicit.
3290 4021 3518 4077 Occide:

1948 4093 2001 4139 et
2023 4094 2191 4139 tortor
2215 4084 2426 4156 occidit.
2458 4088 2522 4156 Et
2543 4094 2597 4139 tu
2621 4088 2832 4156 quando
2853 4089 3003 4154 dicis,
3032 4089 3226 4145 Occide
3244 4091 3517 4146 inimicum

1947 4169 2123 4228 meum
2140 4194 2162 4228 Α,
2193 4162 2252 4228 te
2272 4154 2400 4207 facis
2435 4154 2696 4228 j‘udicetni,
2728 4167 2781 4211 et
2806 4159 2969 4212 Deum
2997 4161 3189 4228 quzeris
3217 4176 3336 4215 esse
3359 4171 3522 4213 torto-

1946 4239 2058 4279 rem
2082 4224 2177 4294 (α).
2220 4223 2521 4300 Respondet
2548 4226 2637 4279 tibi
2668 4227 2809 4300 Deus
2835 4246 2849 4282 :
2880 4228 2991 4280 Non
3015 4223 3111 4283 ero
3130 4244 3349 4300 prorsus
3369 4272 3382 4295 ,
3414 4245 3519 4284 nou

1946 4310 2041 4349 ero
2067 4296 2358 4369 peccatoris
2389 4303 2557 4369 tortor
2579 4339 2593 4361 ,
2621 4297 2714 4350 sed
2758 4298 3041 4364 liberator;
3074 4296 3194 4369 quia
3235 4299 3352 4354 nolo
3376 4316 3516 4353 mor-

1947 4376 2044 4419 tem
2085 4366 2396 4440 peccatoris,
2434 4365 2521 4418 scd
2543 4376 2618 4440 Aut
2663 4378 3010 4440 convertatur,
3056 4365 3104 4423 et
3144 4371 3273 4423 vivat
3307 4369 3515 4440 (Ezeclt.

1947 4434 2156 4502 χχχιιι,
2191 4436 2301 4502 Η).
2353 4434 2483 4489 Nam
2510 4436 2555 4490 si
2597 4438 2916 4491 voluntatem
2958 4448 3097 4492 tuam
3136 4434 3421 4503 haberem,
3469 4451 3520 4495 te

1946 4508 2094 4575 prius
2129 4506 2457 4570 occiderem,
2491 4516 2769 4574 antequam
2798 4509 3044 4562 invitatus
3067 4512 3293 4564 venires.
3335 4510 3520 4565 Nonne

1948 4593 2033 4649 me
2068 4576 2482 4649 blasphetnasti?
2527 4576 2711 4632 Nonne
2738 4594 2823 4633 me
2850 4579 2901 4632 in
2940 4580 3043 4633 tuis
3086 4581 3237 4633 malis
3261 4582 3515 4649 operibus

1948 4647 2202 4701 irritasti?
2243 4647 2429 4701 Nonne
2468 4662 2659 4701 nomen
2704 4664 2880 4703 meum
2923 4649 2990 4704 de
3026 4658 3164 4705 terra
3203 4647 3383 4705 delere
3423 4667 3518 4704 vo-

1948 4718 2130 4772 luisti?
2172 4716 2358 4788 Nonne
2387 4732 2484 4788 me
2528 4718 2579 4770 in
2620 4720 2898 4788 praeceptis
2948 4719 3028 4773 vel
3077 4721 3127 4772 itt
3172 4722 3340 4775 servis
3387 4722 3519 4775 meis

1946 4787 2350 4856 contempsisti?
2376 4786 2429 4842 Si
2462 4797 2583 4840 tunc
2614 4786 2663 4841 te
2686 4786 2993 4859 occidissem
3024 4789 3291 4844 inimicum
3313 4830 3325 4853 ,
3356 4807 3512 4859 quem

1947 4860 2106 4913 modo
2128 4860 2353 4911 facerem
2376 4859 2643 4911 amicum?
2672 4858 2804 4925 Quid
2826 4874 2952 4927 ergo
2976 4861 3112 4912 male
3131 4861 3333 4914 orando
3357 4858 3518 4914 doces

1946 4944 2031 4984 me
2055 4971 2070 4993 ,
2114 4928 2383 4997 quodnon
2418 4928 2515 4983 feci
2545 4929 2595 4981 in
2629 4933 2711 4982 te?
2756 4927 2865 4982 huo
2903 4943 3031 4998 ego,
3068 4928 3197 4984 dicit
3235 4931 3325 4984 tibi
3356 4932 3515 4995 Deus,

1946 4999 2164 5053 doceam
2208 5008 2258 5053 te
2299 5008 2354 5051 ut
2400 4999 2621 5052 imiteris
2667 5013 2770 5051 mc.
2829 4998 2886 5051 In
2927 5014 3084 5053 cruce
3123 5000 3359 5068 pendens
3386 5001 3516 5065 dixi,

1950 5068 2102 5127 Pater
2125 5110 2139 5130 ,
2173 5069 2371 5137 ignosce
2409 5069 2509 5121 illis
2527 5108 2541 5129 ,
2569 5068 2687 5137 quia
2716 5069 2937 5120 nesciunt
2965 5069 3084 5136 quid
3111 5070 3319 5138 faciunt.
3356 5071 3517 5124 Docui

1946 5139 2047 5205 hoc
2084 5139 2279 5193 milites
2319 5154 2499 5205 meos,
2539 5138 2691 5191 docui
2717 5139 2832 5210 hoc
2868 5149 3126 5210 martyres
3165 5155 3333 5194 meos.
3365 5141 3520 5194 Prius

1944 5220 2059 5264 esto
2082 5218 2135 5263 et
2161 5219 2214 5263 tu
2239 5218 2439 5279 martyr
2471 5223 2621 5262 meus
2643 5249 2658 5272 ,
2691 5209 2793 5263 tiro
2818 5223 2969 5263 meus
2991 5208 3018 5274 ,7
3048 5208 3301 5266 adversus
3328 5209 3517 5265 diabo-

1946 5280 2055 5334 lum
2088 5297 2100 5333 :
2135 5279 2289 5333 aliter
2339 5279 2531 5333 invicte
2557 5279 2717 5350 nullo
2747 5279 2905 5350 modo
2928 5280 3219 5350 pugnabis,
3266 5281 3364 5350 nisi
3417 5297 3512 5349 pro

1946 5294 2055 5334 tum
2088 5297 2100 5333 :
2135 5294 2289 5333 auter
2339 5294 2531 5333 invicte
2572 5294 2717 5333 nutto
2747 5294 2905 5333 tnooo
2923 5294 3219 5404 pugnabis,
3266 5296 3364 5335 nisi
3417 5297 3508 5349 pro

1945 5350 2049 5405 tuis
2090 5349 2317 5404 inimicis
2361 5349 2617 5403 oraveris.
2668 5349 2819 5416 Quod
2852 5364 2919 5404 no
2960 5350 3003 5404 is
3044 5360 3296 5419 praestare
3324 5349 3508 5421 digne-

1946 5429 2028 5475 tur
2049 5462 2064 5486 ,
2098 5429 2200 5475 ctc.

2002 5597 2075 5660 (tt)
2099 5604 2257 5647 Euarr.
2283 5598 2330 5646 in
2356 5597 2474 5647 Psal.
2495 5598 2573 5661 55,
2598 5614 2645 5649 ιι.
2673 5598 2721 5650 9.
