4062 6368
537 457 674 517 1681

923 577 1152 638 sentio
1179 571 1605 632 ccccxxxnr
1639 569 1736 640 (a).

709 706 758 754 In
778 697 860 748 die
882 690 1207 751 anniversaria
1228 685 1541 737 ordinationis
1556 675 1840 744 episcopalis
1858 675 1948 738 (ὁ).

613 798 835 865 CAPUT
867 792 1252 853 PRIMUM—1
1267 832 1280 846 .
1306 786 1613 863 Episcopaie
1627 802 1752 841 onus
1769 781 2019 854 quomodo
2035 795 2120 851 ge-

537 889 638 964 ‘rat,
659 910 826 949 secum
841 889 1192 962 inquirendum
1208 885 1364 944 ducit.
1381 884 1475 938 Die
1492 879 1706 952 quidem
1721 876 1889 943 omni,
1905 884 1960 930 ct
1974 872 2121 939 omni

536 989 672 1044 liora
698 1028 714 1053 ,
743 998 976 1054 curaque
1011 979 1231 1036 omnino
1270 977 1522 1034 continua
1544 1015 1561 1042 ,
1591 969 1954 1032 dilectissimi,
1977 967 2122 1038 cogi-

539 1082 660 1137 tare'
680 1079 842 1134 debet
864 1077 1164 1146 episcopus,
1189 1079 1400 1144 quanta:
1423 1064 1834 1138 dispensationis
1857 1061 2120 1117 sarcinam

543 1151 730 1243 itcrat,
765 1169 984 1243 qualem
1014 1166 1081 1222 de
1109 1166 1195 1220 illa
1232 1163 1491 1218 rationem
1522 1158 1745 1214 Domino
1772 1157 1869 1210 suo
1908 1151 2118 1208 reddat.

545 1240 925 1320 Verumtamen
952 1272 1074 1314 cum
1099 1255 1216 1310 dies
1253 1249 1646 1308 anniversarius
1674 1256 1870 1302 nostra:
1910 1242 2124 1298 ordina-

547 1355 708 1411 tionis
747 1351 986 1409 exoritur
1005 1389 1022 1416 ,
1065 1359 1190 1403 tunc
1215 1345 1445 1404 maxime
1469 1357 1605 1398 onus
1636 1339 1791 1409 hujus
1816 1335 1977 1393 ofﬁcii
2006 1343 2124 1411 tan-

543 1460 703 1520 quam
731 1453 856 1501 tunc
883 1441 1120 1512 primum
1157 1437 1496 1508 imponatur,
1537 1429 1844 1496 attenditur.
1902 1425 2128 1492 Interest

549 1519 727 1590 autem
749 1530 890 1604 quod
911 1545 977 1588 eo
1004 1528 1093 1586 die
1111 1569 1128 1597 ,
1159 1541 1267 1598 quo
1289 1524 1341 1584 id
1365 1522 1514 1595 prius
1537 1519 1886 1589 suscepimus,
1921 1524 2126 1577 tantum

551 1621 1003 1698 quemadmodum
1028 1617 1318 1692 gerendum
1335 1624 1481 1671 esset
1500 1611 1852 1684 cogitavimus
1883 1627 1896 1663 :
1926 1615 1983 1663 at
2000 1619 2129 1662 vero

546 1716 996 1788 consequentibus
1023 1712 1210 1772 diebus
1233 1752 1249 1780 ,
1297 1708 1670 1781 prazcipueque
1713 1704 1838 1768 illo,
1869 1715 1977 1776 quo
2014 1698 2130 1771 ejus

549 1810 862 1868 solemnitas
910 1808 1120 1880 agitur,
1161 1818 1269 1859 non
1313 1801 1486 1858 solum
1530 1798 1701 1866 futura
1745 1795 1894 1866 ejus,
1937 1807 2130 1864 quem-

548 1901 838 1960 admodum
881 1899 1136 1967 deinceps
1179 1893 1293 1966 geri
1328 1890 1591 1954 debeant,
1633 1895 1786 1945 cauta
1817 1881 2133 1955 prmvisione

549 1993 907 2056 consulimus;
939 2001 1125 2044 verum
1162 1985 1324 2042 etiam
1354 1980 1619 2056 praeterita
1640 2020 1656 2045 ,
1685 1971 2132 2048 quemadmodum

549 2091 698 2162 gesta
725 2081 868 2147 sint,
910 2077 1132 2133 sollicita
1159 2071 1530 2144 recordatione
1560 2067 1848 2141 recolimus
1881 2081 1895 2120 :
1924 2071 1985 2124 ut
2004 2077 2135 2118 nos-

550 2153 810 2246 metipsos
837 2173 889 2229 in
917 2168 1210 2230 benefactis
1247 2166 1518 2226 imitemur
1536 2204 1552 2230 ,
1579 2170 1636 2221 et
1669 2160 1715 2216 si
1745 2174 1850 2230 qua
1871 2153 2136 2228 culpanda

561 2269 893 2330 transierunt
911 2307 926 2333 ,
948 2280 1027 2321 ne
1042 2269 1353 2334 repetantur
1374 2271 1624 2332 curemus
1643 2296 1659 2322 ,
1705 2263 1763 2309 ut
1798 2253 2139 2324 ignoscantm'

556 2375 806 2427 oremus;
836 2366 891 2414 et
915 2354 1307 2422 accusationem
1327 2349 1543 2414 diaboli,
1569 2347 1655 2410 ubi
1673 2355 1975 2420 possumus,
1993 2350 2141 2404 recte

557 2454 750 2526 agendi
777 2451 1058 2508 sedulitate
1073 2447 1368 2519 fugiamus;
1396 2443 1485 2501 ubi
1509 2452 1685 2504 autem
1705 2456 1808 2496 non
1833 2453 2138 2510 possumus,

560 2544 848 2610 confitendi
877 2544 1070 2614 pietate
1096 2541 1389 2597 vincamus.
1439 2535 1587 2593 Sicut
1614 2533 1756 2590 enim
1796 2533 1973 2588 futura
2010 2545 2139 2602 pec-

559 2646 678 2694 cata
698 2678 715 2704 ,
744 2631 1060 2706 negligendo
1079 2631 1339 2703 justitiam
1360 2670 1374 2695 ,
1403 2627 1842 2691 committuntur;
1891 2624 1965 2695 ita
1999 2637 2140 2693 pra:-

563 2730 721 2786 terita
738 2769 754 2795 ,
784 2726 1095 2796 injustitiam
1123 2720 1456 2784 defendendo
1475 2760 1491 2786 ,
1521 2719 1818 2774 ﬁrmantur.
1842 2716 1990 2772 Sicut
2017 2729 2145 2786 ergo

559 2836 632 2890 ne
657 2821 788 2875 ﬁant
813 2816 1072 2889 prospicit
1094 2814 1348 2880 charitas,
1395 2812 1468 2868 ita
1493 2811 1628 2870 facta
1663 2809 1808 2866 delet
1833 2806 2144 2887 humilitas:

561 2885 622 2979 ut
657 2927 777 2982 qua:
816 2885 928 2978 jam
947 2885 956 2887 ί
975 2921 1082 2966 non
1129 2914 1353 2978 possunt
1377 2912 1522 2960 recte
1545 2900 1750 2974 agendo
1777 2885 1884 2956 non
1913 2898 2144 2968 admitti,

561 3004 772 3074 possint
807 3001 997 3055 saltem
1044 3013 1151 3054 non
1193 2994 1551 3066 superbiendo
1591 2991 1806 3054 dimitti.
1857 2989 2148 3046 Didicimus

563 3096 762 3166 quippe
786 3092 966 3148 dicere
995 3089 1140 3146 Patri
1174 3098 1359 3145 nostro
1378 3131 1394 3157 ,
1420 3087 1510 3158 qui
1535 3095 1618 3142 est
1646 3085 1700 3140 in
1727 3083 1878 3140 cmlis
1897 3123 1911 3147 ,
1941 3081 2151 3156 Dimitte

467 3184 472 3191 ’
570 3191 713 3257 nobis
742 3189 909 3252 debita
936 3196 1109 3241 nostra
1129 3227 1146 3253 ,
1188 3185 1315 3240 sicut
1338 3193 1384 3240 et
1407 3199 1498 3238 nos
1524 3179 1822 3235 dimittimus
1846 3175 2151 3232 debitoribus

570 3281 756 3342 nostris
797 3278 1010 3353 (Matth.
1038 3292 1114 3343 Vl,
1138 3275 1251 3347 l2).
1288 3273 1442 3343 Quod
1463 3283 1522 3329 ut
1541 3271 1802 3342 veraciter
1825 3269 2004 3326 dicere
2031 3282 2153 3338 pos.-

569 3375 760 3440 simus,
782 3372 941 3428 etiam
968 3369 1212 3425 inimicos
1237 3376 1449 3422 nostros
1494 3372 1705 3436 oportet
1736 3362 1916 3432 utique
1958 3359 2151 3430 diliga-

567 3479 692 3520 mus
719 3479 733 3517 :
765 3477 899 3534 quos
923 3469 1101 3535 tamen
1131 3458 1330 3522 habere
1349 3497 1364 3524 ,
1393 3455 1494 3511 nisi
1521 3463 1743 3535 cogente
1777 3453 1981 3523 justitia
2001 3491 2019 3519 ,
2045 3466 2151 3504 non

570 3555 846 3611 debemus.
891 3552 1025 3608 Nam
1065 3550 1112 3617 si
1149 3549 1392 3605 homines
1431 3546 1585 3606 nobis
1625 3559 1722 3616 pro
1761 3543 1959 3615 nostris
1999 3542 2154 3600 malis

571 3647 780 3704 meritis
807 3644 1004 3700 inimici
1029 3653 1187 3709 sunt,
1225 3656 1331 3697 non
1357 3639 1650 3697 curandum
1677 3645 1838 3693 estut
1870 3636 1948 3692 eis
1978 3634 2154 3689 debita

572 3737 922 3802 dimittamus,
950 3731 1044 3789 sed
1070 3731 1358 3788 timendum
1387 3729 1559 3806 potius
1585 3743 1652 3783 ne
1685 3726 1992 3782 reddamus.
2023 3724 2158 3793 Quo-

575 3829 719 3891 niam
747 3826 797 3882 si
843 3841 940 3882 nos
978 3825 1168 3880 merito
1207 3831 1404 3878 nostrae
1434 3820 1727 3891 iniquitatis
1755 3816 2019 3884 oderunt,
2058 3829 2158 3886 nos

575 3933 762 3982 eorum
786 3957 802 3984 ,
838 3931 943 3972 non
972 3914 1071 3986 ipsi
1099 3914 1265 3969 nostri
1289 3920 1416 3968 sunt
1439 3911 1727 3966 debitores.

647 4007 872 4066 CAPUT
908 4007 973 4074 ll.
1001 4037 1070 4050 -—-
1091 4006 1148 4060 ‘3.
1180 4004 1499 4060 Debitoribus
1521 4003 1625 4058 suis
1648 4002 1881 4073 ignoscit.
1910 4001 2009 4056 Die
2033 4015 2162 4072 ergo

577 4103 682 4158 isto
709 4099 935 4168 solemni
975 4097 1314 4170 episcopatus
1353 4095 1490 4162 mei,
1522 4093 1669 4165 prius
1714 4093 1896 4166 paucis
1923 4081 2163 4162 alloquar

577 4193 850 4257 debitores
877 4205 1050 4256 meos,
1078 4187 1169 4258 qui
1195 4187 1326 4242 mihi
1357 4185 1656 4241 nescientes
1679 4183 1818 4254 apud
1850 4183 2012 4238 Deum
2047 4180 2162 4237 suf-

579 4285 872 4356 fragantur,
903 4282 1031 4348 dum
1072 4279 1274 4336 faciunt
1299 4278 1477 4334 debita
1516 4291 1636 4348 qua:
1677 4275 1983 4342 demittam,
2022 4281 2166 4329 utet

582 4388 701 4430 mea
725 4372 857 4428 mihi
878 4371 1054 4441 debita
1091 4369 1287 4446 dimitti
1307 4382 1633 4439 promerear.
1658 4365 1822 4422 Vobis
1846 4366 2024 4435 itaque
2043 4363 2164 4418 dico

582 4465 700 4522 sive
730 4463 1112 4534 prtesentibus,
1151 4462 1264 4525 sive
1305 4459 1643 4530 absentibus,
1686 4459 1878 4528 quibus
1920 4457 2166 4512 inimicus

584 4555 789 4613 efﬁcior
812 4569 996 4612 verum
1025 4551 1322 4623 praedicans
1343 4592 1360 4618 ,
1400 4549 1593 4620 quibus
1631 4548 1960 4605 consulendo
1984 4547 2169 4602 videor

586 4663 877 4714 onerosus,
921 4661 1146 4720 quorum
1181 4643 1456 4715 requirens
1495 4643 1774 4698 utilitatem
1813 4657 1976 4712 cogor
2002 4639 2170 4695 offen—

583 4740 714 4805 dere
736 4740 1058 4808 voluntatcm
1084 4754 1097 4790 :
1129 4735 1303 4800 Nolite
1324 4751 1432 4790 esse
1457 4739 1586 4790 sicut
1614 4751 1770 4804 equus
1788 4743 1836 4798 et
1858 4733 2044 4796 mulus,
2069 4749 2171 4786 non

587 4833 826 4893 habentes
855 4831 1158 4892 intellectum
1184 4827 1354 4898 (Psal.
1382 4843 1544 4890 xxxi,
1580 4824 1657 4898 9).
1689 4825 1820 4881 Nam
1852 4833 1907 4885 et
1945 4823 2168 4893 hircju-

589 4933 768 4980 menla
798 4937 892 4978 eos
921 4921 1151 4976 maxime
1175 4919 1320 4976 calce
1346 4932 1635 4987 morsuque
1679 4923 1954 4986 appetunt,
1990 4929 2020 4968 a
2049 4914 2167 4984 qni-

585 5015 689 5072 bus
711 5023 986 5080 curantur,
1018 5021 1077 5076 ut
1103 5020 1355 5078 curentur
1382 5025 1567 5066 eorum
1597 5009 1816 5063 vulnera
1837 5017 2172 5063 contrectan-

589 5118 696 5162 tur.
736 5104 851 5160 Non
881 5103 1087 5176 parcis,
1132 5117 1236 5168 non
1268 5116 1428 5172 parco
1453 5120 1468 5156 :
1497 5099 1830 5164 adversaris,
1875 5097 2170 5176 adversor:

587 5199 796 5254 resistis
814 5239 830 5262 ,
859 5169 1078 5252 resisto.
1101 5169 1283 5250 Lucta'
1297 5208 1396 5249 nos
1419 5200 1728 5263 comparat,
1759 5191 1854 5248 sed
1895 5206 2057 5248 causa
2083 5169 2170 5248 se-

589 5298 760 5360 parat.
788 5286 870 5342 Tu
897 5285 1140 5351 inimicus
1163 5297 1222 5340 es
1243 5282 1473 5355 medico,
1496 5297 1596 5358 ego
1617 5281 1803 5353 morbo
1827 5299 1841 5352 :_
1871 5290 1925 5336 tu
1950 5281 2172 5354 diligen-

653 5426 672 5444 ‘
695 5422 984 5478 amendatos
1005 5420 1063 5470 ad
1079 5419 1202 5469 duos
1222 5417 1283 5468 el.
1309 5416 1369 5468 ad
1389 5429 1461 5479 gr.
1481 5428 1547 5464 ω.
1569 5428 1611 5464 ι·,
1634 5427 1727 5470 rm.
1752 5421 1788 5465 t.
1817 5421 1868 5466 et
1889 5415 1947 5465 ad
1974 5423 2072 5464 Am.
2098 5420 2172 5464 Er.

587 5493 896 5672 “(iiiis
928 5543 991 5616 et
1013 5543 1140 5593 inter
1162 5538 1394 5624 somnias
1407 5538 1486 5612 so.

676 5609 704 5659 b
754 5613 1067 5672 augustmum
1100 5616 1196 5672 non
1217 5607 1344 5664 sapit
1361 5600 1486 5672 stilu:

853 5596 1067 5656 ustinum
1100 5616 1196 5652 non
1217 5596 1344 5664 sapit
1364 5596 1524 5664 stilus,
1548 5597 1766 5649 studiose
1789 5597 1985 5664 quidem
2009 5596 2177 5648 elabo-

589 5659 745 5738 ratus,
769 5659 857 5722 sed
881 5659 1288 5738 inepte,_a_bsqué
1303 5669 1488 5738 διιεῖ-εει
1504 5663 1730 5738 ingenio;
1751 5659 1850 5738 qu};
1865 5659 1918 5710 ﬁt
1940 5669 2178 5738 ursermo

938 5721 1019 5788 sit,
1046 5721 1098 5776 et
1120 5721 1254 5797 in'ea
1291 5736 1349 5772 re
1383 5721 2179 5797 quasieommovendisrauditorum

591 5782 847 5844 aﬁ'ectibus
867 5782 932 5840 de
968 5782 1026 5838 se
1061 5788 1272 5837 maxime
1295 5782 1566 5846 comparata
1589 5791 1714 5843 erat,
1748 5782 2098 5846 frigidissimus.
2120 5812 2179 5820 —

593 5855 738 5904 Aliter
763 5852 1052 5912 eossuetius,
1069 5851 1154 5912 qui
1177 5862 1291 5912 eum
1314 5845 1441 5901 inter
1457 5848 1700 5909 genuinos
1723 5845 1972 5910 Augustini
1994 5858 2177 5904 sermo-

596 5929 688 5969 nes
1089 5909 1427 5969 arbitrabatur.
1493 5913 1551 5968 ιι.

1761 432 1818 488 s.
1861 416 2222 488 auousrm
2263 384 2560 476 EPISCOP!

3667 418 3808 507 ιθδει

2226 539 2311 592 tiae
2341 554 2499 603 mete,
2531 554 2628 608 ego
2658 537 2968 608 pestilentia:
3010 546 3132 592 tum.
3180 535 3564 603 Rclribuebnnt,
3601 537 3805 608 inquit,

2222 631 2346 684 mihi
2362 632 2494 684 man
2511 647 2601 702 pro
2619 631 2782 695 bonis;
2798 647 2887 700 ego
2900 638 3066 682 autent
3080 627 3284 683 orabam
3300 627 3472 698 (Psal.
3489 643 3670 694 xxxiv,
3689 625 3806 699 1⁸2).

2223 722 2360 791 Quid
2391 725 2609 790 orabat,
2642 721 2775 787 nisi,
2815 721 2986 787 Pater,
3017 722 3217 792 ignosce
3256 720 3393 786 illis,
3433 721 3553 791 quia
3580 722 3811 774 nesciunt

2223 815 2344 884 quid
2369 815 2561 885 faciunt
2588 813 2739 882 (Luc.
2784 829 2918 866 χχιιι
2938 854 2952 878 ,
2989 811 3112 883 3i)?
3142 809 3268 866 Cum
3290 812 3426 866 vobis
3445 852 3462 878 ,
3493 811 3692 882 inquit,
3721 812 3810 866 de-

2225 908 2489 972 traxerint,
2521 915 2568 959 et
2596 905 2810 959 dixerint
2831 920 2976 958 omne
3000 904 3190 976 molunt
3211 903 3474 962 adversum
3500 919 3584 958 vos
3606 914 3814 974 prapter

2215 1001 2468 1080 justitiam
2485 1040 2499 1065 ,
2533 997 2747 1070 gaudete
2771 1007 2817 1050 et
2858 998 3104 1052 exsultate
3126 1039 3140 1060 ,
3177 997 3416 1069 quoniam
3443 1012 3628 1051 merces
3649 1007 3814 1058 vestra

2226 1093 2384 1148 multa
2408 1103 2478 1146 est
2503 1093 2554 1146 in
2577 1092 2712 1146 malis
2737 1089 2948 1159 (Matth.
2977 1107 3034 1157 v,
3073 1091 3125 1144 ll
3156 1099 3201 1146 et
3227 1091 3337 1159 1‘2).
3361 1089 3467 1145 Vos
3497 1099 3671 1145 tamen
3689 1106 3812 1145 θοι-ς-

2225 1186 2380 1256 rigite
2423 1183 2819 1253 perversitatem
2857 1190 3125 1246 vestram,
3175 1181 3446 1250 agnoscite
3490 1181 3812 1236 cltaritatem

2225 1285 2497 1342 nostram;
2555 1273 2762 1330 reddite
2810 1272 3150 1328 dilectionem
3196 1271 3516 1326 dilectioni:
3559 1271 3812 1342 nolumus

2228 1369 2482 1438 majorem
2510 1382 2631 1422 cum
2657 1373 2832 1421 vestra
2861 1364 3162 1436 perditione
3203 1362 3528 1418 mercedem.
3561 1341 3686 1418 llasc
3715 1361 3816 1417 de-

2228 1460 2489 1516 bitoribus
2528 1459 2690 1522 meis,
2724 1457 2914 1528 quibus
2943 1456 3184 1522 dimitto,
3229 1465 3286 1510 ut
3323 1455 3620 1510 dimittatur
3644 1453 3776 1509 mihi
3797 1495 3813 1520 ,

2231 1568 2372 1609 nunc
2401 1567 2566 1633 pauca
2594 1549 2926 1614 suffecerint.

2301 1644 2527 1705 CAPUT
2567 1643 2653 1699 lll.
2684 1672 2754 1701 -,-
2781 1643 2834 1699 3.
2869 1639 2938 1711 In
2973 1641 3189 1712 gratiam
3229 1656 3343 1708 cum
3368 1639 3439 1692 eis
3465 1638 3629 1712 redire
3656 1639 3816 1708 cupit,

2232 1743 2287 1794 in
2329 1753 2542 1809 quorum
2589 1739 2718 1807 forte
2759 1734 3087 1802 offensionem
3109 1733 3341 1789 incurrit.
3384 1731 3642 1800 Deinceps
3689 1731 3822 1787 allo.-

2233 1829 2430 1901 quendi
2460 1836 2586 1896 sunt
2614 1827 2888 1899 paululum
2919 1825 3080 1880 etiam
3117 1824 3193 1892 illi
3220 1824 3412 1894 quibus
3440 1822 3650 1878 debitor
3675 1837 3820 1877 sum.

2233 1922 2366 1979 Nam
2394 1921 2531 1977 sicut
2557 1921 2631 1974 ait
2655 1918 2961 1990 Apostolus,
2996 1915 3188 1976 (ἐναίρει
3214 1925 3260 1969 et
3283 1913 3542 1979 Barbaris,
3575 1913 3823 1984 sapienti-

2235 2014 2326 2068 bus
2354 2020 2400 2068 et
2419 2011 2766 2082 insipientibus
2785 2009 3110 2067 debitorsum
3139 2006 3312 2079 (Rom.
3336 2021 3374 2072 t,
3407 2007 3518 2072 i4).
3551 2005 3680 2060 Nam
3705 2005 3825 2065 talis

2235 2105 2447 2163 debitor
2473 2103 2632 2160 etiam
2657 2118 2757 2174 ego
2781 2117 2879 2173 pro
2907 2115 3146 2156 mearum
3177 2100 3369 2154 virium
3405 2099 3691 2169 exiguitate
3709 2097 3825 2152 dis-

2239 2197 2672 2270 pensationisqne
2693 2193 3046 2266 portiuncula.
3079 2207 3188 2247 non
3218 2189 3559 2264 quibusdam,
3589 2189 3683 2244 sed
3709 2203 3830 2254 om:

2240 2291 2396 2347 nibus
2425 2305 2563 2346 sum.
2595 2287 2790 2343 Verum
2831 2301 2972 2340 nunc
3008 2285 3077 2339 de
3109 2283 3194 2339 his
3233 2282 3425 2339 debitis
3451 2281 3659 2351 loquor,
3706 2295 3830 2350 quae

2240 2382 2370 2439 mihi
2400 2380 2627 2445 dimitti,
2660 2394 2766 2433 non
2806 2394 2835 2430 a
2864 2391 2950 2432 me
2991 2375 3131 2446 exigi
3157 2373 3336 2445 cupio.
3364 2372 3546 2442 Neque
3577 2371 3719 2426 enim
3749 2369 3832 2424 sic

2244 2483 2453 2544 tumore
2480 2487 2633 2536 vana:
2658 2469 2850 2546 mentis
2877 2466 3121 2530 extollor,
3167 2473 3225 2519 ut
3254 2462 3475 2518 audeam
3506 2461 3684 2516 dicere
3703 2502 3718 2526 ,
3761 2475 3830 2514 ex

2245 2581 2349 2638 quo
2379 2564 2536 2634 hujus
2564 2561 2801 2617 muneris
2828 2558 3091 2625 sarcinam
3123 2566 3297 2626 porto,
3326 2553 3525 2608 nullum
3556 2552 3832 2607 hominem

2245 2675 2277 2715 a
2307 2672 2393 2714 me
2420 2669 2703 2727 perperam
2725 2652 2936 2706 lassum.
2966 2649 3078 2710 lloc
3102 2646 3320 2703 cuilibet
3340 2643 3540 2699 homini
3566 2651 3673 2697 tam
3695 2642 3837 2696 mul-

2248 2752 2316 2806 tis
2345 2759 2399 2805 ct
2429 2757 2534 2804 tam
2575 2744 2815 2800 molestis
2841 2741 3046 2797 actibus
3081 2746 3342 2808 occupato
3379 2744 3539 2806 atque
3564 2733 3833 2801 distento,

2249 2859 2316 2898 ne
2342 2841 2514 2897 dicam
2540 2835 2889 2907 impossibile,
2921 2841 3065 2888 certe
3093 2829 3310 2889 difﬁcile
3341 2838 3422 2884 est
3447 2845 3459 2882 :
3493 2835 3690 2902 quanto
3715 2841 3835 2880 ma-

2247 2935 2329 3005 gis
2357 2932 2516 2997 mihi,
2561 2930 2652 3000 qui
2697 2928 2823 2984 novi
2854 2926 3214 2981 inﬁrmitatem
3260 2938 3469 2990 meam,
3511 2937 3670 2992 quam
3712 2935 3837 2975 cum

2251 3025 2385 3102 meis
2413 3032 2466 3078 et
2486 3038 2582 3094 pro
2604 3036 2690 3076 me
2720 3019 2907 3075 vestris
2931 3016 3260 3074 orationibus
3285 3014 3475 3068 diebus
3503 3027 3566 3067 ac
3592 3011 3839 3066 noctibus

2251 3118 2419 3188 oﬁ'ero
2458 3114 2749 3171 sanandam
2795 3112 3020 3166 Domino
3064 3109 3176 3163 Deo
3225 3105 3446 3161 nostro?
3498 3105 3839 3166 Diversarum

2253 3224 2382 3280 ergo
2403 3221 2650 3262 curarum
2679 3205 2900 3260 aestibus
2927 3217 2991 3256 ac
3025 3198 3423 3266 difﬁcultatibus
3452 3197 3804 3252 conturbatus
3822 3236 3838 3261 ,

2253 3303 2297 3355 si
2323 3315 2480 3371 quem
2509 3299 2644 3353 forte
2671 3312 2776 3351 nou
2799 3304 2859 3350 ut
2884 3293 3138 3364 poscebat
3163 3289 3359 3356 audivi,
3391 3288 3436 3343 si
3456 3303 3615 3358 quem
3639 3287 3843 3341 tristius

2255 3411 2410 3466 quam
2450 3406 2584 3463 opus
2621 3399 2737 3446 erat
2771 3388 2984 3459 aspexi,
3027 3385 3070 3441 si
3114 3385 3164 3439 in
3201 3398 3359 3454 quem
3391 3381 3613 3437 verbum
3657 3379 3844 3434 durius

2255 3500 2414 3556 quam
2448 3483 2730 3554 oportebat
2752 3479 2936 3548 emisi,
2977 3476 3024 3531 si
3052 3473 3396 3547 quemgcordc
3425 3470 3846 3528 contribulatum

2255 3588 2312 3634 et
2352 3577 2469 3647 opis
2503 3574 2736 3644 indigum
2777 3569 3127 3640 responsione
3162 3568 3448 3634 incongrua
3488 3562 3845 3626 conturbavi,

2256 3669 2303 3725 si
2327 3683 2484 3739 quem
2521 3678 2808 3736 pauperem
2835 3661 2966 3716 mihi
2997 3659 3130 3714 forte
3157 3658 3210 3712 in
3233 3656 3372 3710 aliud
3405 3655 3610 3708 intento
3640 3653 3848 3722 impor-

2260 3758 2438 3816 tunius
2463 3757 2750 3812 instantem
2777 3752 2860 3808 vel
2887 3748 3225 3821 prmtermisi,
3248 3746 3330 3802 vel
3353 3745 3550 3810 distuli,
3577 3744 3658 3798 vel
3685 3743 3852 3797 etiam

2259 3861 2391 3909 nutu
2418 3863 2610 3920 aSpero
2639 3843 2986 3907 contristavi;
3037 3841 3083 3896 si
3127 3839 3213 3894 cui
3257 3838 3325 3893 de
3371 3852 3456 3891 me
3495 3835 3612 3889 falsi
3647 3833 3853 3904 aliquid

2261 3952 2512 4012 tanquam
2543 3936 2744 3992 homini
2770 3934 2836 3989 de
2857 3933 3073 3987 homine
3111 3929 3401 3999 suspicanti
3424 3927 3570 3997 justo
3603 3924 3856 3979 acerbius

2261 4033 2565 4106 indignatus
2593 4041 2731 4093 sum,
2755 4026 2796 4080 si
2820 4023 2939 4095 quis
2961 4023 3013 4076 in
3043 4037 3136 4076 sua
3161 4017 3484 4075 conscientia
3509 4032 3611 4071 non
3635 4015 3858 4086 agnovit

2262 4124 2404 4196 quod
2442 4122 2511 4178 de
2552 4121 2642 4176 illo
2680 4117 2984 4178 humanitus
3023 4113 3322 4182 suspicatus
3347 4125 3503 4175 sum;
3536 4122 3631 4162 vos
3659 4106 3860 4176 quibus

2265 4231 2365 4289 pro
2385 4215 2469 4270 his
2490 4223 2650 4284 atque
2676 4207 2977 4280 hujusmodi
3002 4204 3222 4260 oﬁ‘ensis
3248 4217 3370 4258 esse
3399 4216 3484 4256 me
3513 4203 3678 4254 l'atcor
3699 4198 3858 4252 debi-

2266 4287 2436 4364 torem
2461 4347 2474 4372 ,
2504 4302 2663 4364 simul
2703 4316 2789 4356 me
2815 4309 3048 4363 vestrum
3079 4295 3279 4351 credite
3307 4293 3615 4354 dilectorem
3651 4292 3691 4343 ‘.
3721 4287 3861 4342 Nam

2267 4401 2470 4471 pullos,
2507 4412 2642 4469 quos
2671 4394 2844 4460 fovet,
2875 4406 3019 4462 εωρο
3049 4390 3100 4444 in
3140 4387 3432 4458 angustiis,
3477 4383 3572 4440 sed
3607 4399 3710 4438 non
3743 4391 3863 4436 toto

2269 4491 2420 4562 pedis
2447 4487 2683 4558 pondere
2707 4485 2878 4540 caleat
2907 4492 2960 4537 et
2996 4488 3184 4547 mater,
3217 4493 3316 4533 nec
3341 4476 3464 4532 ideo
3501 4473 3698 4530 desinit
3735 4488 3870 4527 esse

2269 4591 2458 4657 mater.
2488 4578 2764 4640 Dimittite,
2789 4584 2845 4629 ut
2863 4573 3161 4629 dimittatur
3180 4569 3350 4624 vobis.
3374 4567 3634 4622 Dimittite
3655 4565 3861 4617 amanti

2271 4654 2368 4731 vos
2397 4673 2573 4730 debila
2603 4667 2947 4733 difﬁcultatis,
2978 4665 3068 4736 qui
3113 4679 3210 4718 nec
3253 4671 3438 4716 contra
3475 4657 3720 4712 inimicos
3757 4654 3864 4710 dc-

2271 4771 2381 4826 bita
2411 4779 2596 4823 tenere
2621 4763 2828 4821 debetis
2856 4756 3206 4815 crudelitatis.
3240 4754 3318 4808 Ad
3347 4765 3641 4814 summam,
3670 4763 3867 4802 omnes

2273 4863 2519 4926 obsecro,
2548 4853 2942 4932 commendato,
2971 4866 3088 4916 vos,
3122 4848 3349 4904 Domino
3373 4859 3554 4901 curam
3583 4857 3680 4913 pro
3708 4840 3866 4894 vobis

2275 4966 2485 5009 meam:
2520 4949 2642 5003 hinc
2671 4945 2813 5002 enim
2849 4944 2991 5014 juste
3025 4950 3217 5010 expeto
3249 4951 3345 5008 pro
3389 4951 3473 4990 me
3513 4942 3773 4995 vestram;
3808 4940 3868 4985 ut

2275 5041 2528 5114 quidquid
2556 5053 2795 5094 mearum
2827 5047 2909 5090 est
2937 5035 2988 5088 in
3019 5031 3343 5102 praeteritum
3369 5025 3722 5086 oll‘ensionnm
3750 5038 3870 5092 pro-

2277 5134 2438 5206 pitius
2464 5133 2721 5206 ignoscat,
2752 5143 2858 5181 non
2885 5140 3106 5181 severus
3126 5129 3399 5192 agnoscat.
3424 5117 3577 5186 Quod
3608 5114 3737 5169 mihi
3762 5114 3866 5167 de-

2279 5213 2461 5294 inceps
2487 5221 2738 5291 temporis
2759 5218 2857 5272 sub
2877 5217 2975 5271 hac
3001 5214 3206 5270 sarcina
3231 5213 3353 5276 crit,
3385 5210 3486 5265 iter
3511 5215 3754 5277 agentem
3778 5220 3869 5258 re-

2276 5324 2394 5387 gat,
2425 5323 2480 5372 et
2519 5312 2630 5367 suis
2653 5309 2822 5374 oculis
2848 5308 3149 5377 placentem
3175 5301 3429 5372 vobisque
3459 5300 3640 5360 utilem
3670 5295 3867 5358 faciat;

2279 5416 2339 5462 ut
2366 5421 2470 5460 non
2501 5404 2776 5458 horrorem
2815 5413 2879 5453 ac
2906 5413 3118 5469 paruam
3158 5410 3330 5450 meam
3349 5433 3365 5458 ,
3409 5391 3503 5447 sed
3531 5389 3780 5462 gaudium
3812 5396 3868 5444 et

2279 5510 2531 5564 coronam
2559 5507 2732 5562 meam
2761 5507 2855 5556 vos
2890 5491 3003 5560 ejus
3029 5495 3347 5564 conspectus
3372 5483 3627 5542 inveniat.

2347 5657 2362 5688 ¹
2399 5655 2471 5704 sic
2500 5657 2606 5706 Mss.
2643 5658 2697 5700 At
2730 5650 2864 5709 editi,
2890 5646 3163 5698 debitorem.
