4062 6368
324 372 464 433 1895

323 503 448 542 mus
475 487 659 542 Deum.
693 483 827 552 Quid
854 485 1035 540 enim?
1062 485 1284 556 Propter
1303 486 1582 556 praeminet
1605 486 1892 542 dilecturus

321 595 383 634 es
415 579 621 634 Deum?
645 578 812 646 Quale
841 578 1113 648 praemium
1145 588 1226 634 est
1253 579 1395 649 quod
1441 581 1533 635 tibi
1575 581 1794 636 daturus
1819 593 1902 662 est

325 669 507 724 Deus?
534 668 798 738 Quidquid
839 669 929 723 tibi
970 668 1110 724 aliud
1152 669 1391 735 dederit,
1432 670 1608 726 minus
1634 680 1898 741 estquam

323 762 458 828 ipse.
505 760 646 814 Colis
685 776 790 814 non
829 748 1114 830 gratis,'ut
1152 761 1347 831 aliquid
1387 763 1454 817 ab
1494 762 1608 832 ipso
1647 765 1897 834 accipias.

319 851 500 906 Gratis
537 851 683 916 cole,
706 860 761 905 ct
790 851 961 920 ipsum
999 851 1248 921 accipies.
1285 850 1357 907 Se
1394 852 1534 906 enim
1579 863 1760 908 servat
1807 855 1898 910 tibi

321 943 496 1008 Deus,
529 961 636 1013 quo.
672 945 884 1000 fruaris.
929 946 997 1001 Et
1024 946 1069 1002 si
1096 961 1243 1000 amas
1270 963 1388 1016 quae
1431 947 1587 1013 fecit,
1620 949 1788 1018 qualis
1818 959 1900 1004 est

321 1037 411 1090 ille
439 1038 526 1106 qui
559 1039 714 1092 fecit?
736 1038 793 1093 Si
826 1038 1048 1108 pulcher
1086 1049 1171 1095 est
1209 1040 1468 1104 mundus,
1497 1042 1666 1111 qualis
1703 1051 1784 1096 est
1808 1058 1896 1096 ar-

320 1126 449 1180 tifex
481 1129 699 1182 mundi?
725 1129 906 1189 Evelle
934 1145 1059 1199 ergo
1087 1145 1182 1185 cor
1209 1140 1353 1184 tuum
1383 1131 1451 1185 ab
1474 1147 1656 1188 amore
1689 1143 1896 1188 creatu-

317 1232 395 1272 r.e
417 1257 430 1278 ,
462 1229 522 1274 ut
566 1219 824 1274 inluereas
854 1221 1121 1286 Creatori,
1153 1232 1208 1278 et
1231 1221 1376 1278 dicas
1412 1223 1552 1293 quod
1593 1225 1644 1280 in
1685 1225 1897 1280 Psaluio

316 1309 578 1378 scriptum
612 1320 720 1371 est,
754 1310 886 1365 Mihi
913 1323 1080 1367 autem
1122 1314 1381 1368 adhwrere
1421 1315 1560 1379 Deo,
1593 1317 1775 1370 bonum
1801 1329 1892 1372 est.

390 1398 618 1456 CAPUT
663 1401 724 1454 Υ.
757 1432 828 1442 -
856 1402 908 1458 6.
955 1403 1246 1461 Creaturaiu
1276 1407 1470 1460 deserto
1501 1408 1732 1464 Creatore
1771 1411 1894 1464 diii-

312 1508 462 1560 θεῖε,
486 1494 773 1549 adulterare
799 1505 889 1550 est.
918 1495 972 1551 Si
999 1508 1172 1552 autem
1195 1498 1398 1555 deseris
1417 1514 1536 1555 eum
1563 1503 1649 1571 qui
1675 1512 1724 1556 te
1752 1503 1891 1571 fecit,

316 1592 373 1638 et
403 1598 552 1636 amas
579 1585 663 1637 illa
693 1601 811 1654 qua:
843 1586 999 1651 fecit,
1031 1588 1244 1643 deserto
1269 1591 1359 1644 illo
1381 1593 1470 1662 qui
1498 1601 1548 1647 ιε
1572 1592 1714 1659 fecit,
1746 1595 1896 1650 adul-

316 1682 402 1726 ter
429 1689 509 1728 es.
541 1674 628 1728 Sic
655 1676 847 1731 clamat
892 1677 1126 1747 Epistola
1160 1680 1373 1746 Jacobi,
1401 1683 1670 1739 adulteros
1709 1687 1892 1755 appel-

314 1765 435 1820 hns
453 1808 468 1827 ,
498 1767 743 1822 Adulleii.
778 1769 845 1827 Et
885 1771 1024 1827 unde
1062 1773 1325 1839 adulteri?
1349 1775 1554 1844 Quaeris
1580 1778 1757 1833 unde?
1786 1779 1894 1833 Ne-

312 1859 487 1923 scitis,
511 1859 714 1928 inquit,
746 1862 864 1930 quia
902 1864 1123 1922 amicitia
1169 1866 1324 1936 hujus
1366 1871 1541 1922 mundi
1577 1871 1781 1924 inimica
1822 1884 1894 1926 est

313 1949 415 2002 Dei
431 1952 457 2003 ?
483 1950 794 2022 Quicumque
811 1971 931 2024 ergo
947 1957 1156 2011 voluerit
1176 1959 1367 2012 amicus
1390 1977 1493 2013 esse
1510 1962 1682 2014 siccati
1703 1963 1854 2034 hujus
1872 2005 1888 2028 ,

313 2041 551 2096 inimicus
590 2043 685 2097 Dei
703 2047 1018 2110 constituitur
1043 2049 1254 2118 (Jacobi
1284 2066 1353 2113 tv,
1385 2052 1481 2105 λιιι
1506 2053 1585 2121 5).
1604 2053 1893 2123 Expressit

311 2134 442 2202 quid
471 2135 624 2200 dixit,
656 2136 907 2192 Adulteri.
935 2139 1142 2204 Anima,
1169 2141 1381 2196 deserto
1411 2143 1681 2210 Creatore,
1709 2161 1892 2202 amans

311 2234 615 2280 creaturam
644 2227 879 2283 adultera
911 2239 1012 2284 est.
1046 2231 1192 2285 Illius
1215 2234 1357 2286 enim
1398 2249 1582 2288 amore
1627 2237 1756 2289 nihil
1797 2252 1893 2289 ea-

309 2315 482 2379 stius,
513 2318 643 2372 nihil
693 2319 1075 2376 delcctabilius.
1127 2322 1220 2378 Illo
1247 2323 1488 2390 deserto,
1537 2326 1638 2381 hoc
1691 2329 1892 2398 ample—
1947 2340 1960 2354 °

309 2408 540 2472 ctcndo,
571 2407 800 2465 efﬁceris
840 2410 1128 2466 immunda.
1181 2414 1226 2468 0
1266 2414 1472 2480 anima,
1507 2425 1564 2470 ut
1605 2418 1744 2472 illius
1771 2435 1886 2475 am-

310 2501 558 2568 plexibus
585 2501 740 2572 digna
769 2503 842 2557 sis
862 2545 877 2568 ,
902 2503 1109 2559 dimitte
1135 2506 1230 2558 ista
1251 2547 1266 2571 ,
1295 2515 1347 2560 et
1377 2507 1450 2560 illi
1479 2507 1678 2563 iiilimre
1699 2512 1884 2580 gratis.

310 2591 442 2645 Nam
474 2592 598 2647 inde
624 2593 756 2647 dixit
780 2595 1021 2650 Psalmus
1045 2614 1057 2649 ε
1085 2595 1218 2650 Mihi
1242 2607 1407 2653 autem
1443 2600 1700 2654 adhwrere
1746 2601 1886 2669 Deo,

309 2682 498 2735 bonum
523 2693 614 2738 est.
653 2685 821 2741 Versu
867 2687 1042 2757 priore
1092 2689 1170 2744 sic
1213 2689 1343 2744 dixit
1368 2708 1392 2742 :.
1408 2689 1681 2746 Perdidisti
1721 2709 1890 2749 omnes

307 2775 393 2844 qui
416 2776 734 2844 fornicamur
759 2777 846 2831 abs
871 2788 918 2832 te
953 2778 1122 2850 (Psal.
1151 2795 1297 2847 Lxxit
1315 2822 1329 2843 .
1357 2781 1431 2836 ‘28
1449 2825 1463 2846 ,
1493 2782 1607 2854 27).
1637 2783 1704 2837 Ει
1740 2786 1888 2854 quasi

307 2867 617 2934 ostenderet
651 2884 769 2938 quin
815 2871 884 2924 sit
923 2871 1199 2928 foruicatio
1221 2913 1236 2939 ,
1269 2873 1530 2944 subjecit:
1562 2875 1694 2928 Mihi
1720 2885 1888 2930 autem

306 2959 568 3012 adhcrere
593 2957 730 3024 Deo,
757 2960 938 3016 bonum
958 2972 1050 3016 est.
1078 2963 1217 3018 Nihil
1237 2965 1380 3019 aliud
1407 2966 1546 3031 volo,
1574 2966 1666 3022 sed
1694 2968 1884 3036 ipsum.

308 3048 602 3104 Adhierere
631 3049 738 3118 illi,
767 3051 867 3106 hoc
895 3061 978 3108 est
1011 3054 1208 3109 bonum
1238 3071 1410 3111 meum
1431 3100 1446 3125 ,
1481 3058 1580 3113 hoc
1603 3059 1886 3128 gratuitum

307 3141 505 3195 bonum
533 3157 729 3197 meum.
765 3143 886 3199 Ideo
913 3155 965 3200 et
984 3147 1151 3215 gratia
1180 3147 1392 3214 dicitur,
1416 3152 1537 3220 quia
1565 3153 1731 3222 gratis
1756 3168 1886 3207 con-

306 3240 432 3290 stat.
455 3232 588 3287 Cum
613 3249 738 3304 ergo
765 3236 992 3305 cmperis
1013 3237 1178 3292 Deum
1201 3253 1379 3295 amare
1400 3243 1563 3311 gratis
1582 3285 1598 3309 ,
1629 3246 1887 3301 securitas

305 3325 576 3393 estzquia
617 3335 672 3380 et
720 3327 949 3382 amicum
993 3329 1158 3398 gratis
1202 3345 1385 3399 amas,
1412 3343 1466 3388 et
1511 3335 1579 3388 ad
1623 3336 1723 3391 hoc
1763 3352 1884 3393 eum

304 3430 490 3480 amas,
525 3427 580 3470 ut
623 3427 798 3474 tecum
841 3430 986 3476 ainct
1035 3422 1221 3476 Deum.
1249 3423 1518 3480 Attendite
1546 3427 1687 3482 enim
1719 3429 1885 3498 ipsam

307 3508 600 3573 amicitiam
627 3512 896 3581 vulgarem
915 3554 932 3578 ,
964 3513 1104 3568 unde
1142 3515 1426 3584 coepimus,
1454 3532 1551 3587 per
1578 3533 1735 3587 quam
1759 3531 1912 3589 gra-'

307 3599 411 3652 dus
437 3598 695 3666 fecimus;
729 3604 988 3664 attendite
1015 3605 1181 3662 illam.
1215 3609 1372 3664 Amat
1390 3613 1612 3665 maritus
1639 3626 1884 3682 uxorem,

307 3700 364 3746 et
394 3707 528 3754 uxor
556 3693 802 3756 maritum
832 3697 985 3752 :sine
1009 3697 1173 3754 dubio
1214 3708 1270 3754 et
1311 3700 1398 3754 ille
1427 3701 1599 3765 illam,
1629 3712 1684 3757 et
1707 3702 1794 3757 illa
1826 3704 1888 3758 il-

308 3782 420 3836 lum
441 3784 651 3840 salvum
678 3787 807 3840 vult.
842 3786 965 3842 Vult
994 3789 1139 3843 illum
1175 3789 1370 3846 habere
1397 3791 1744 3860 incolumem,
1769 3795 1886 3848 vult

306 3875 456 3928 illum
501 3875 698 3933 habere
739 3877 968 3935 felicem.
1008 3881 1090 3936 Ad
1127 3881 1227 3938 hoc
1249 3893 1420 3948 amat,
1459 3886 1580 3956 quia
1621 3886 1732 3956 ipsa
1775 3888 1888 3943 vult

308 3966 592 4032 incolumis
622 3984 743 4025 esse
768 3979 822 4026 et
847 3970 968 4029 felix
997 3987 1010 4025 :
1037 3974 1178 4042 quod
1217 3974 1317 4032 sibi
1345 3976 1488 4042 vult,
1520 3977 1620 4032 hoc
1646 3978 1721 4032 illi
1752 3979 1883 4033 viilt.

307 4059 471 4110 Amat
519 4058 953 4130 lilios:quisnam
1000 4063 1144 4127 vult,
1177 4065 1275 4120 nisi
1314 4066 1489 4122 salvos
1528 4068 1724 4124 habere
1754 4069 1888 4125 filios

308 4148 476 4202 suos?
495 4151 650 4205 Amat
665 4152 894 4207 amicum
912 4171 925 4208 :
939 4156 1055 4224 quis
1072 4155 1172 4210 nisi
1199 4157 1517 4214 incolumem
1534 4159 1730 4216 habere
1745 4162 1888 4216 vult?

305 4239 448 4297 adeo
466 4249 555 4308 ut,
584 4243 629 4298 si
657 4243 792 4300 forte
825 4247 1096 4318 contingat
1120 4249 1194 4303 illi
1235 4250 1452 4321 aliquid,
1481 4254 1886 4322 contremiscat,

307 4332 674 4400 contristetur,
705 4337 1070 4403 conturbatur,
1113 4349 1323 4405 currat,
1350 4342 1603 4399 accedat:
1626 4359 1746 4399 cm
1793 4359 1888 4400 ac-

306 4425 563 4489 cesserit,
595 4426 813 4498 plangit.
843 4428 976 4497 Quid
1007 4445 1136 4501 ergo
1164 4433 1316 4487 vult?
1343 4433 1556 4489 Salvum
1583 4437 1802 4491 habere.
1831 4436 1890 4492 Si

307 4529 444 4583 ergo
472 4517 650 4572 omnis
671 4518 759 4587 qui
788 4529 950 4584 ainal,
969 4521 1173 4576 salvum
1196 4523 1307 4577 vult
1329 4523 1526 4580 habere
1551 4526 1692 4596 quod
1713 4537 1887 4594 amat;

308 4605 358 4661 si
383 4607 644 4678 intelligat
671 4626 788 4679 quae
814 4612 882 4664 sit
906 4627 1028 4666 vera
1053 4613 1227 4680 salus,
1258 4614 1442 4684 incipit
1470 4617 1614 4672 illam
1637 4632 1818 4673 amare
1837 4618 1890 4673 in

310 4711 372 4752 se
393 4739 410 4760 ,
442 4707 495 4752 et
524 4699 690 4768 ipsam
720 4702 928 4772 cogitur
949 4719 1126 4758 veram
1155 4720 1335 4760 amare
1359 4716 1413 4762 et
1443 4709 1492 4761 in
1519 4710 1712 4764 amico.

385 4788 612 4846 CAPUT
643 4790 856 4848 Vl.——7.
880 4794 1034 4849 Salus
1050 4797 1161 4850 vita:
1180 4796 1333 4867 hujus
1351 4815 1502 4868 quam
1521 4815 1666 4854 vana.
1691 4801 1746 4857 Si
1767 4817 1894 4857 ocu—

312 4881 380 4937 iis
404 4883 614 4938 carneis
636 4887 830 4955 quieris
859 4887 1044 4954 Deum,
1065 4889 1182 4945 vide
1213 4901 1317 4946 tres
1349 4907 1540 4961 pueros
1574 4893 1641 4948 de
1680 4895 1797 4965 igne
1828 4897 1890 4949 li-

312 4973 528 5028 beratos
540 4974 698 5046 (Dan.
715 4977 816 5046 ιιι).
835 4976 888 5032 Si
907 4979 1010 5034 fide
1025 4982 1218 5048 quieris
1241 4983 1550 5050 Deuin,vide
1565 4985 1893 5042 Machabwos

313 5067 368 5120 in
390 5067 507 5136 igne
517 5079 800 5124 coronatos
818 5071 881 5141 (ll
905 5070 1140 5128 Machab.
1160 5074 1442 5142 vu).Salus
1456 5092 1584 5146 ergo
1601 5077 1689 5131 illa
1711 5093 1892 5132 ainan-

314 5156 383 5210 da
417 5167 498 5212 est
521 5199 538 5225 ,
582 5160 680 5214 ista
725 5161 939 5215 utenda.
970 5162 1093 5216 Haec
1130 5163 1270 5218 enim
1313 5165 1378 5220 ad
1408 5181 1560 5222 usum
1596 5169 1892 5224 necessaria

315 5260 406 5306 est
453 5269 468 5305 :
513 5268 636 5308 nam
665 5254 947 5309 transitura
976 5264 1075 5310 cst.
1117 5256 1232 5310 Non
1260 5259 1400 5312 enim
1437 5275 1560 5314 vera
1599 5262 1744 5316 salus
1769 5271 1851 5317 est
1873 5304 1890 5328 ,

315 5339 546 5409 fratres,
594 5359 749 5412 quam
794 5343 978 5400 dicunt
1024 5345 1234 5402 medici.
1282 5347 1621 5418 IEgrotamus
1662 5352 1892 5421 quodam

315 5431 481 5487 modo
514 5452 527 5487 :
557 5449 678 5488 nam
725 5435 983 5505 :cgritudo
1010 5447 1257 5508 perpetua
1284 5450 1365 5493 est
1394 5441 1444 5493 in
1485 5441 1580 5505 ista
1612 5442 1894 5514 fragilitate

314 5525 514 5580 carnis.
546 5525 750 5580 Putatis
771 5528 912 5584 enim
955 5537 1077 5584 tunc
1116 5530 1383 5585 hominem
1411 5542 1698 5602 a-grotare,
1727 5550 1892 5605 quan-

314 5615 388 5670 do
414 5615 731 5680 frcbricitat;
758 5626 813 5672 et
840 5634 1025 5673 sanum
1067 5635 1220 5687 esse,
1248 5623 1457 5694 quando
1477 5626 1676 5680 esurit?
1719 5627 1892 5684 Sanus

314 5717 428 5768 est,
455 5707 669 5764 dicitur.
705 5709 794 5766 Vis
820 5711 998 5768 videre
1027 5724 1278 5783 quantum
1320 5719 1512 5772 malum
1537 5728 1619 5774 est
1645 5720 1890 5776 esurire?

316 5797 535 5854 Dimitte
563 5799 711 5857 illum
736 5803 849 5860 sine
875 5805 1259 5864 medicamento
1287 5819 1486 5878 septeni
1513 5809 1693 5868 diebus
1711 5853 1725 5876 ,
1751 5814 1889 5870 occi-

1645 367 1872 428 SERMO
1909 363 2289 430 CCCLXXXV.

3446 403 3470 456 i
3481 402 3582 462 694

2009 491 2174 546 ditur.
2200 491 2304 549 Sed
2334 496 2452 566 quia
2480 502 2630 570 ponis
2663 505 2897 574 quotidie
2927 509 3400 583 medicamentum,
3430 521 3578 576 vivit.

2006 580 2438 641 Medicamentum
2453 602 2626 646 autem
2646 594 2818 663 famis,
2837 599 2986 656 cibus
3001 611 3080 656 est
3096 619 3109 666 ;
3131 605 3577 668 medicamentum

2005 672 2155 744 sitis,
2185 686 2338 746 potus
2363 690 2481 745 est;
2511 684 2950 744 medicamentum
2973 691 3295 752 lassitudinis
3314 740 3327 763 ,
3355 713 3577 759 somnus

2005 775 2118 830 est;
2147 768 2587 828 medicamentum
2634 778 2912 847 sessionis,
2941 783 3296 843 deambulatio
3320 802 3430 856 est;
3463 810 3577 850 me-

2003 854 2358 913 dicamentum
2389 861 2828 925 deambulationis
2848 913 2862 935 ,
2892 875 3060 930 sessio
3081 887 3193 943 est;
3221 882 3576 940 medicamen-

2006 955 2116 1001 tum
2190 950 2547 1022 fatigationis,
2625 959 2874 1016 dormitio
2941 974 3059 1032 est;
3127 970 3571 1031 medicamentum

2002 1040 2365 1114 dormitionis,
2410 1049 2642 1119 vigilatio
2667 1063 2767 1108 est.
2818 1055 2882 1109 Et
2927 1057 3047 1113 vide
3094 1076 3250 1130 quam
3311 1065 3575 1122 imbecille

2003 1134 2072 1186 sit
2133 1149 2324 1204 corpus
2381 1137 2668 1196 humanum
2746 1161 2759 1196 :
2819 1145 2920 1203 hoc
2981 1149 3150 1218 ipsum
3217 1154 3570 1226 adjutoriiiin,

2001 1223 2142 1292 quod
2195 1225 2336 1293 dixi,
2381 1230 2469 1298 qui
2519 1235 2771 1301 assumit,
2817 1237 2862 1292 si
2904 1238 2954 1292 in
3004 1255 3069 1294 eo
3120 1249 3568 1313 perseveraverit,

2001 1315 2198 1371 deficit.
2292 1321 2587 1380 Esuriendo
2660 1329 2764 1383 cibi
2843 1333 3118 1400 quazrebas
3195 1337 3569 1407 adjutorium:

2001 1421 2125 1462 ecce
2165 1409 2316 1465 adest
2370 1413 2688 1483 adjutorium
2732 1420 2868 1486 cibi;
2913 1425 3232 1493 manducas,
3301 1431 3569 1495 reticcris;

1999 1496 2044 1550 si
2109 1500 2226 1567 plus
2286 1501 2472 1558 feceris
2491 1531 2510 1572 ,-
2585 1509 2702 1576 plus
2764 1511 2966 1566 deficis.
3032 1515 3364 1586 Adjutorium
3453 1522 3570 1577 sitis

1999 1592 2274 1657 quarrebas
2312 1605 2492 1663 potum
2547 1615 2561 1651 :
2616 1603 2838 1656 multum
2874 1604 3103 1660 bibendo
3155 1609 3434 1675 oﬂ'ocai'is,
3482 1616 3570 1682 qui

1999 1681 2226 1736 sitiendo
2253 1687 2540 1754 urgebaris.
2573 1690 2797 1746 Lassasti
2838 1697 3188 1765 ambulando,
3223 1703 3412 1758 sedere
3447 1706 3525 1759 vis
3554 1723 3568 1759 :

1998 1772 2126 1827 sede
2155 1787 2446 1844 perpetuo,
2475 1781 2595 1836 vide
2635 1783 2679 1836 si
2724 1799 2827 1838 non
2861 1786 3100 1843 lassabis.
3132 1791 3396 1863 Quidquid
3441 1812 3570 1866 ergo

1997 1869 2370 1934 assumpserit,
2406 1880 2461 1924 ut
2484 1871 2624 1926 aliud
2651 1875 2848 1943 pellat,
2882 1879 2932 1933 in
2961 1894 3026 1935 eo
3055 1882 3167 1951 ipso
3193 1884 3236 1938 si
3261 1900 3568 1955 persevcra-

1998 1955 2160 2019 verit,
2192 1957 2366 2012 deficit
2395 1962 2491 2030 (τι).

2067 2046 2290 2103 CAPUT
2317 2049 2422 2104 \‘ll.
2451 2082 2518 2092 --
2545 2054 2596 2108 8.
2644 2055 2773 2110 Vera
2802 2060 2938 2114 salus
2967 2063 3068 2116 vita
3099 2074 3305 2120 (eterna.
3350 2070 3558 2126 Amicus

1996 2136 2064 2188 ad
2116 2139 2326 2192 salutem
2381 2152 2618 2197 wternam
2661 2147 2962 2218 diligendus.
3028 2155 3263 2212 Charitas
3323 2165 3564 2240 perfecta.

1997 2231 2176 2295 Qualis
2197 2242 2276 2286 cst
2305 2250 2430 2304 ergo
2461 2235 2556 2288 ista
2599 2239 2742 2294 salus
2761 2281 2776 2304 ,
2805 2241 2994 2299 fratres
3015 2290 3027 2307 ,
3057 2231 3378 2318 transitura,
3409 2256 3566 2324 fragi—

1997 2320 2061 2375 lis
2081 2365 2094 2386 ,
2129 2323 2356 2391 peritura
2377 2366 2392 2391 ,
2422 2329 2590 2380 vana?
2631 2330 2768 2386 Vere
2788 2337 3052 2402 quomodo
3079 2339 3277 2396 dictum
3299 2353 3409 2410 est,
3443 2347 3567 2413 Qua:

1996 2414 2127 2467 enim
2161 2426 2233 2469 est
2271 2419 2371 2470 rita
2409 2424 2610 2476 vestra?
2659 2423 2825 2493 νίψον
2858 2438 2962 2491 est,
3000 2428 3068 2481 ad
3110 2433 3358 2486 modicum
3389 2452 3567 2505 parcns

1998 2504 2196 2577 (Jacobi
2239 2526 2324 2572 iv,
2359 2512 2467 2582 15).
2515 2514 2613 2579 Qui
2641 2532 2767 2586 ergo
2806 2518 2854 2571 iii
2895 2520 2998 2573 vita
3046 2522 3144 2576 ista
3172 2534 3306 2577 autat
3347 2504 3568 2582 animum

1993 2611 2136 2648 suum
2158 2639 2170 2659 ,
2205 2600 2374 2666 perdet
2407 2618 2534 2656 eam.
2568 2604 2670 2671 Qui
2693 2617 2856 2660 autem
2895 2608 2950 2663 in
2977 2608 3076 2666 hoc
3102 2615 3296 2667 sarculo
3322 2617 3438 2670 odio
3476 2619 3568 2671 ha-

1993 2684 2151 2738 buerit
2181 2689 2398 2742 animum
2427 2708 2569 2745 suam
2590 2735 2605 2759 ,
2638 2695 2689 2748 in
2727 2697 2879 2751 vitam
2916 2710 3153 2755 azlernum
3197 2707 3410 2759 custodit
3455 2725 3566 2762 eum

1995 2773 2169 2848 (Joan.
2200 2795 2272 2832 xii
2291 2822 2304 2845 ,
2332 2780 2443 2852 25).
2476 2785 2603 2849 Qua:
2631 2794 2713 2840 est
2754 2788 2856 2843 vita
2884 2793 3120 2846 acterna?
3147 2794 3277 2848 Vera
3305 2797 3465 2852 salus.
3502 2801 3567 2853 Et

1993 2868 2037 2921 si
2057 2868 2282 2923 amicum
2315 2880 2458 2926 tuum
2488 2875 2699 2942 videris,
2749 2895 2905 2948 quem
2934 2881 3148 2937 amabas
3177 2885 3225 2938 in
3251 2884 3350 2941 hoc
3371 2890 3567 2945 Sicculo

1991 2967 2050 3012 ut
2075 2959 2252 3014 salvus
2279 2972 2453 3028 esset,
2482 2966 2600 3034 quia
2633 2976 2685 3020 tu
2717 2967 2824 3037 jam
2852 2971 3008 3026 talem
3040 2975 3263 3029 salutem
3294 2977 3566 3037 desideras

1991 3065 2108 3119 qua:
2154 3061 2348 3106 acterna
2393 3063 2506 3120 est,
2553 3058 2616 3110 ad
2669 3060 2834 3129 ipsam
2879 3064 3104 3119 salutem
3133 3067 3304 3138 diligis
3337 3073 3564 3128 amicum

1995 3148 2175 3205 tuum;
2210 3152 2262 3196 et
2284 3150 2448 3197 totum
2480 3147 2732 3218 quidquid
2762 3151 2840 3205 vis
2868 3153 3039 3207 auiico
3070 3163 3159 3210 tuo
3187 3169 3437 3227 priestare
3456 3202 3470 3226 ,
3499 3163 3567 3218 ad

1992 3231 2094 3286 hoc
2138 3232 2218 3289 vis
2263 3247 2546 3304 prmstare,
2576 3247 2640 3293 .ut
2676 3241 2817 3294 illam
2871 3253 3042 3299 tecum
3102 3257 3277 3303 teneat
3319 3252 3563 3308 salutem.

1992 3316 2154 3379 Amas
2189 3327 2330 3381 enim
2356 3328 2646 3398 justitiam,
2695 3333 2775 3388 vis
2804 3335 2948 3390 illum
2988 3353 3106 3394 esse
3144 3340 3344 3410 justum
3377 3359 3389 3396 :
3418 3360 3566 3400 amas

1990 3419 2090 3473 sub
2119 3420 2228 3475 Deo
2253 3437 2372 3477 esse
2391 3465 2405 3486 ,
2437 3425 2515 3478 vis
2540 3435 2592 3480 et
2612 3426 2756 3481 illum
2782 3443 2899 3482 esse
2924 3430 3025 3484 sub
3051 3432 3159 3486 Deo
3188 3451 3200 3486 :
3231 3449 3375 3489 amas
3403 3437 3566 3492 vitam

1991 3519 2278 3579 intentam,
2312 3515 2418 3570 illic
2455 3531 2575 3571 eum
2603 3518 2679 3572 vis
2720 3527 2890 3574 tecum
2939 3537 3161 3593 regnare
3199 3525 3252 3578 in
3282 3537 3562 3583 internum.

1990 3600 2263 3658 Inimicum
2329 3616 2475 3662 tuum
2533 3609 2680 3665 vides
2737 3612 2884 3667 illum
2952 3615 2969 3646 ⁸
3026 3618 3269 3688 persequi
3309 3627 3393 3684 te,
3460 3621 3592 3695 ini-g

1991 3693 2161 3762 quitas
2209 3706 2292 3750 est
2342 3713 2460 3769 qua:
2491 3709 2541 3754 te
2593 3705 2942 3773 persequitur.
2975 3707 3030 3760 In
3079 3708 3171 3762 illo
3218 3711 3372 3766 irasci
3401 3712 3565 3769 debes

1991 3782 2387 3852 misericordia,
2415 3788 2573 3845 febrit
2599 3792 2649 3846 in
2681 3794 2877 3851 anima.
2901 3795 3178 3863 Quomodo
3209 3815 3334 3872 ergo
3359 3804 3564 3858 amicus

1991 3873 2148 3946 hujus
2199 3878 2376 3932 saeculi
2438 3882 2726 3938 secundum
2784 3886 3035 3942 saeculum
3097 3904 3282 3946 amans
3337 3893 3568 3949 animam

1991 3975 2176 4025 suam,
2207 3960 2407 4018 febrem
2433 3966 2546 4020 vult
2574 3968 2840 4036 expellere
2861 3970 2927 4025 de
2956 3972 3126 4026 amico
3147 3989 3270 4038 suo,
3301 3991 3455 4044 quem
3497 3977 3569 4031 si-

1992 4051 2188 4106 militer
2223 4063 2364 4108 amat
2391 4065 2447 4109 ut
2472 4071 2564 4122 se,
2593 4068 2809 4128 propter
2848 4070 3161 4130 pricsentem
3193 4064 3415 4118 salutem
3447 4082 3466 4130 :_
3491 4067 3567 4119 sic

1994 4147 2046 4194 tu
2092 4155 2478 4213 quemcumque
2519 4145 2726 4216 diligis,
2761 4158 2975 4218 propter
3011 4152 3170 4205 vitam
3197 4161 3452 4207 aeternam
3482 4156 3567 4208 di-

1993 4229 2124 4300 lige;
2168 4245 2286 4286 cum
2325 4233 2589 4290 inveneris
2632 4237 2799 4303 iram,
2847 4239 3258 4310 indignationem
3284 4287 3299 4312 ,
3345 4245 3565 4313 odium,

1993 4320 2361 4391 iniquitatem,
2391 4325 2467 4379 sic
2506 4328 2716 4383 coneris
2757 4330 3024 4398 expellere
3070 4333 3314 4389 morbum
3359 4337 3558 4401 animi,

1994 4417 2261 4486 quomodo
2300 4421 2503 4476 amicus
2545 4422 2724 4475 seaculi
2772 4423 3015 4478 morbum
3044 4429 3284 4496 corporis
3318 4427 3426 4482 :ad
3469 4429 3567 4484 hoc

1995 4508 2135 4563 cnim
2166 4523 2311 4565 amas
2332 4553 2346 4578 ,
2379 4519 2437 4566 ut
2466 4511 2626 4567 facias
2645 4513 2785 4584 quod
2805 4523 2860 4570 et
2881 4524 2932 4569 tu
2957 4531 3016 4570 es
3047 4536 3059 4571 :
3089 4527 3142 4571 et
3167 4518 3267 4572 erit
3291 4519 3341 4573 in
3372 4528 3421 4572 te
3448 4536 3563 4590 pcr-

1996 4598 2132 4656 fecta
2170 4601 2418 4658 charitas.
2451 4604 2561 4659 Hoc
2591 4605 2634 4660 si
2661 4607 2958 4674 inveneris,
2992 4607 3056 4662 ad
3100 4607 3200 4664 hoc
3232 4624 3350 4663 ama
3376 4610 3564 4680 conju-

1996 4710 2112 4762 gem
2139 4737 2153 4760 ,
2182 4695 2247 4749 ad
2277 4695 2375 4750 hoc
2412 4712 2530 4750 ama
2561 4697 2722 4752 filium
2741 4742 2754 4763 ,
2783 4700 2847 4753 ad
2890 4700 2993 4754 hoc
3035 4716 3150 4754 ama
3173 4701 3522 4773 propinquum
3550 4746 3565 4771 ,

1997 4787 2226 4841 vicinum
2249 4830 2261 4850 ,
2290 4788 2523 4858 ignotum
2545 4831 2558 4853 ,
2593 4791 2860 4845 inimicum
2882 4835 2896 4856 ,
2940 4801 2994 4847 ct
3023 4794 3122 4847 erit
3150 4794 3201 4848 in
3243 4807 3294 4850 te
3334 4795 3566 4866 perfecta

1998 4877 2248 4932 Charitas.
2280 4879 2407 4946 Quae
2427 4881 2470 4935 si
2498 4883 2655 4936 fuerit
2683 4882 2734 4936 in
2757 4892 2826 4947 te,
2863 4885 3031 4938 vincis
3053 4885 3305 4940 mundum
3325 4929 3340 4954 ,
3374 4895 3427 4940 ct
3457 4888 3567 4956 pcl-

1998 4968 2122 5024 litur
2163 4969 2304 5027 foras
2350 4972 2595 5042 princeps
2632 4973 2836 5028 mundi.
2881 4974 3118 5029 Audistis
3159 4976 3298 5030 enim
3339 4976 3476 5046 quod
3500 4977 3570 5030 ait

1998 5059 2272 5125 Dominus,
2305 5063 2546 5136 Princeps
2571 5064 2723 5135 hujus
2743 5065 2917 5119 mundi
2941 5067 3120 5120 missus
3151 5077 3222 5121 est
3246 5071 3383 5138 foras
3407 5067 3565 5141 (Ibid.

1997 5153 2085 5225 3i)
2122 5171 2136 5207 :
2168 5155 2288 5224 quia
2317 5157 2429 5224 ipse
2458 5171 2706 5227 passurus
2729 5165 2842 5211 erat
2862 5199 2876 5221 ,
2901 5165 2955 5212 et
2979 5173 3072 5226 per
3097 5159 3393 5227 passionem
3422 5174 3570 5212 suam

1997 5244 2229 5300 facturus
2266 5245 2317 5298 iii
2360 5246 2659 5300 hominibus
2687 5247 3042 5302 dilectiOnem.
3089 5248 3337 5318 Majorem
3364 5251 3458 5302 hac
3486 5249 3569 5302 di-

1997 5336 2253 5390 lectionem
2274 5353 2416 5390 neuio
2442 5337 2614 5404 habet,
2637 5353 2785 5405 quam
2807 5346 2861 5390 ut
2885 5338 3103 5390 animum
3128 5355 3268 5392 suam
3293 5349 3446 5408 ponat
3476 5356 3568 5408 pro

1997 5427 2168 5482 amicis
2212 5428 2315 5482 suis
2342 5425 2451 5498 (Id.
2495 5443 2599 5492 xv,
2647 5427 2756 5498 15).
2789 5427 2858 5482 Ut
2899 5443 3026 5498 ergo
3068 5439 3367 5493 amaretur,
3419 5427 3563 5496 prior

1997 5519 2192 5573 amavit
2217 5534 2230 5571 :
2260 5527 2318 5573 ut
2345 5519 2396 5572 in
2426 5518 2639 5575 nomine
2662 5517 2777 5588 ejus
2804 5533 2962 5573 nemo
2991 5517 3124 5573 mori
3150 5518 3380 5581 timeret,
3415 5519 3557 5586 prior

2057 5702 2077 5731 ¹
2104 5698 2230 5759 Apud
2255 5704 2328 5745 Er.
2369 5699 2515 5760 Lugd.
2533 5705 2650 5747 ven.
2690 5705 2742 5747 et
2773 5703 2881 5748 Lov.
2914 5697 3080 5756 abest,
3104 5694 3344 5758 iltuiu;et
3366 5693 3557 5754 melius,

1994 5769 2046 5810 ut
2069 5761 2276 5809 videtur.
2343 5766 2398 5808 tt.

2056 5823 2126 5875 Ca)
2162 5819 2276 5870 \‘itie
2295 5827 2452 5870 Enarr.
2479 5822 2525 5869 in
2551 5821 2666 5871 t‘sal.
2700 5822 2782 5871 r22
2828 5835 2908 5870 un.
2941 5821 2987 5870 ll
3019 5827 3069 5869 ct
3091 5818 3164 5867 12.
