4062 6368
527 361 664 420 i695

525 493 623 548 pro
647 474 893 532 omnibus
933 481 1172 528 mortuus
1192 479 1292 528 est.
1325 471 1402 526 Ad
1431 470 1532 526 hoe
1581 485 1705 540 ergo
1733 480 1788 525 ut
1817 470 2102 525 aediﬁcaret

523 573 577 628 in
600 572 850 628 cordibus
875 568 1146 623 hominum
1175 567 1488 621 charitatem
1509 607 1524 632 ,
1554 565 1698 619 misit
1723 564 1992 620 diabolum
2025 561 2103 616 fo-

523 679 631 718 ras.
663 664 779 731 Quo
805 662 985 716 foras?
1013 661 1088 716 De
1115 659 1368 716 cordibus
1409 659 1702 714 hominum.
1725 657 2000 728 Cupiditas
2025 656 2104 711 in-

524 764 608 808 tro
639 754 784 808 illum
810 752 1000 817 mittit,
1031 751 1265 806 charitas
1295 749 1438 805 foras
1458 765 1580 806 eum
1611 748 1792 807 mittit.

591 841 817 898 CAPUT
861 841 992 897 Vlll.
1019 873 1090 882 —
1113 843 1168 896 9.
1210 841 1496 896 Conclusio.
1524 839 1632 896 Nos
1673 854 1802 896 vero
1822 881 1836 905 ,
1876 839 2067 893 fratres
2087 880 2101 902 ,

522 941 682 995 supra
704 926 932 996 scriptos
973 925 1248 982 charitatis
1279 923 1472 996 gradus
1504 939 1624 980 cum
1669 923 1856 994 grandi
1886 923 2105 993 diligen-

521 1017 590 1071 tia
616 1018 909 1088 cogitantes
928 1059 944 1084 ,
983 1033 1090 1072 non
1119 1015 1404 1071 reddamus
1431 1015 1652 1071 Domino
1677 1028 1776 1084 pro
1799 1013 1955 1068 bonis
1993 1028 2106 1067 ma-

521 1110 592 1163 la.
627 1109 692 1165 Et
720 1109 842 1180 quia
889 1109 979 1164 ille
1007 1107 1231 1164 veniens
1271 1107 1505 1178 alligavit
1527 1098 1720 1161 fortem
1741 1147 1756 1172 ,
1790 1104 1840 1159 id
1879 1113 1962 1160 est
1989 1103 2104 1157 dia-

521 1199 700 1255 bolum
722 1241 736 1266 ,
768 1207 824 1256 et
859 1215 958 1256 nos
1001 1213 1190 1254 omnes
1210 1199 1300 1268 qui
1329 1211 1456 1252 vasa
1485 1196 1602 1267 ejus
1639 1195 1834 1250 fuimus
1858 1195 1924 1250 de
1953 1202 2106 1264 pote-

520 1299 656 1346 state
685 1292 825 1346 illius
859 1291 1104 1356 abstulit,
1149 1305 1246 1360 per
1268 1289 1492 1360 gratiam
1532 1288 1698 1358 ipsius
1726 1286 1963 1343 evacuati
1987 1300 2106 1340 om-

521 1383 678 1438 nibus
715 1383 903 1448 malis,
935 1383 1244 1439 studeamus
1279 1382 1474 1452 repleri
1500 1379 1891 1438 abundantibus
1917 1377 2101 1444 bonis,

521 1475 772 1530 timentes
802 1473 932 1529 illud
955 1473 1097 1544 quod
1131 1474 1246 1543 ipse
1271 1472 1525 1528 Dominus
1554 1471 1687 1528 dixit
1717 1470 1792 1544 (τι)
1821 1488 1834 1524 :
1864 1469 1991 1525 Cum
2009 1471 2104 1524 im-

519 1565 740 1620 mundus
771 1565 978 1634 spiritus
1007 1565 1180 1620 exierit
1227 1565 1289 1619 ab
1336 1564 1567 1628 homine,
1597 1562 1822 1618 ambulat
1849 1579 1944 1642 per
1995 1561 2107 1615 loca

518 1656 696 1722 arida,
739 1672 967 1726 quaerens
1004 1656 1252 1727 requiem,
1297 1664 1344 1711 et
1371 1672 1472 1710 non
1497 1655 1716 1720 invenit;
1749 1663 1860 1724 post
1886 1653 1994 1708 hate
2027 1667 2108 1705 re-

518 1761 691 1803 versus
725 1747 980 1802 inveniens
1019 1748 1224 1802 domum
1243 1789 1258 1812 ,
1289 1748 1424 1802 unde
1441 1747 1590 1812 exiit,
1620 1763 1862 1814 uacuam,
1893 1744 2107 1798 adduxit

520 1854 688 1892 secum
715 1847 904 1910 septem
931 1839 1138 1910 spiritus
1163 1839 1426 1908 nequiores
1450 1853 1504 1892 se
1527 1853 1545 1891 :
1571 1848 1617 1892 et
1643 1837 1778 1906 facta
1799 1843 1915 1890 sunt
1939 1835 2104 1889 homi-

520 1929 600 1982 nis
627 1929 766 1983 illius
791 1929 1066 2000 posteriora
1105 1930 1280 2000 pejora
1319 1928 1569 1998 prioribus
1598 1926 1746 2000 (Luc.
1778 1941 1868 1994 x1,
1893 1922 2103 1995 21-26).

521 2020 600 2076 Ne
627 2035 754 2090 ergo
780 2029 834 2076 et
865 2036 964 2077 nos
994 2021 1096 2077 tale
1136 2020 1334 2091 aliquid
1379 2020 1676 2090 patiamur,
1709 2027 1961 2088 quantum
1984 2031 2108 2087 pos-

520 2127 706 2169 sumus
748 2112 1118 2180 elaboremus,
1180 2113 1232 2167 in
1289 2113 1422 2168 locis
1463 2111 1714 2166 vitiorum
1763 2109 1985 2164 virtutes
2023 2109 2107 2162 in-

519 2203 714 2262 ducere
730 2199 825 2273 ,°ut
845 2205 1110 2276 possimus
1129 2203 1196 2259 ad
1221 2203 1310 2258 Dei
1333 2201 1750 2258 misericordiam
1773 2200 2068 2271 pervenire.

885 2313 1115 2370 SERMO
1152 2311 1548 2369 CCCLXXXVI
1587 2314 1606 2336 ⁶
1645 2309 1746 2382 (b).

896 2426 977 2483 De
997 2429 1260 2482 dilectione
1283 2426 1598 2482 inimicorum
1627 2426 1720 2498 (c).

593 2540 644 2594 l.
677 2538 911 2594 Charitas
947 2539 1098 2594 etiam
1124 2539 1192 2594 ad
1232 2539 1467 2593 inimicas
1505 2538 1705 2592 extendi
1753 2538 1918 2594 debet.
1981 2537 2109 2592 Pre-

519 2647 598 2685 crs
652 2631 714 2684 ab
769 2631 878 2702 ipso
905 2630 1084 2701 judice
1120 2629 1320 2686 Christo
1374 2630 1593 2696 traditas.
1637 2628 2006 2685 Dimittendum
2051 2639 2108 2683 ut

518 2722 800 2776 dimittatur
825 2721 987 2776 nobis.
1033 2722 1257 2777 Securus
1295 2721 1434 2791 apud
1453 2721 1647 2785 Deum,
1675 2721 1757 2775 cui
1780 2721 1982 2792 roganti
2014 2737 2106 2776 ne-

518 2821 666 2882 gatur
693 2812 836 2866 venia
856 2829 887 2864 a
913 2816 1088 2883 fratre.
1123 2810 1388 2866 Orandum
1411 2827 1505 2884 pro
1531 2828 1630 2866 non
1655 2819 1864 2882 rogante
1888 2811 2103 2866 veniam.

519 2895 810 2962 intendite,
857 2895 1050 2952 fratres
1102 2895 1237 2962 mei,
1295 2895 1363 2950 ad
1417 2895 1763 2960 charitatem,
1816 2910 1976 2966 quam
2029 2896 2108 2951 sic

447 2981 452 2990 “
517 2989 696 3044 laudat
719 2988 991 3059 Scriptura
1017 2989 1228 3052 divina.
1251 2997 1310 3043 ut
1331 2989 1458 3044 nihil
1485 2989 1534 3045 ei
1564 2998 1824 3060 eoatquet.
1849 2989 1981 3044 Cum
2003 3003 2106 3046 nos

519 3088 735 3133 moneat
789 3079 957 3144 Deus,
1005 3087 1064 3134 ut
1092 3095 1190 3134 nos
1216 3079 1441 3134 invicem
1485 3077 1798 3150 diligamus,
1846 3078 2104 3150 numquid

518 3170 622 3223 hoc
649 3177 849 3223 tantum
888 3177 1096 3236 monet,
1125 3177 1186 3224 ut
1215 3169 1402 3240 diligas
1429 3169 1734 3241 diligentem
1757 3169 1842 3226 te?
1871 3169 1998 3226 Haec
2025 3180 2109 3226 est

518 3269 697 3314 mutua
719 3261 931 3317 dilectio
949 3303 964 3326 ,
989 3261 1090 3316 hoe
1117 3277 1220 3316 non
1247 3261 1442 3317 suflieit
1465 3261 1577 3316 Deo
1611 3279 1624 3316 :
1651 3262 1935 3333 pervenire
1961 3262 2104 3317 enim

517 3351 685 3406 voluit
710 3367 876 3422 usque
901 3352 966 3406 ad
999 3352 1246 3408 inimicos
1271 3352 1598 3424 diligendos,
1631 3351 1815 3409 dicens
1847 3369 1862 3408 :
1894 3351 2106 3424 Diligite

516 3441 744 3496 inimicos
763 3451 948 3497 vestros
967 3485 982 3509 ,
1010 3443 1284 3514 benefacite
1304 3445 1374 3499 eis
1393 3443 1480 3514 qui
1507 3443 1718 3498 oderunt
1744 3460 1829 3498 vos
1847 3483 1864 3510 ,
1893 3453 1939 3499 et
1967 3453 2108 3498 orate

517 3549 610 3602 pro
640 3533 712 3588 eis
742 3535 828 3605 qui
852 3549 938 3588 vos
965 3543 1372 3604 persequuntur;
1409 3541 1464 3588 ut
1496 3534 1606 3588 sitis
1627 3533 1722 3602 filii
1751 3532 1924 3588 Patris
1956 3534 2106 3588 vestri

517 3625 604 3694 qui
629 3625 681 3679 in
707 3625 844 3680 caelis
866 3635 972 3693 est,
1000 3626 1086 3697 qui
1114 3627 1274 3680 solem
1303 3642 1449 3680 suum
1477 3627 1602 3680 oriri
1627 3625 1750 3697 facit
1776 3641 1930 3695 super
1949 3624 2105 3680 bonos

516 3724 565 3768 et
588 3713 783 3781 malos,
814 3715 898 3785 qui
931 3715 1060 3785 pluit
1097 3733 1249 3786 super
1267 3717 1435 3788 justos
1451 3725 1498 3770 et
1525 3715 1740 3785 injustas
1778 3714 1988 3786 (Matth.
2033 3730 2066 3770 ν
2086 3757 2100 3782 ,

518 3805 588 3860 ιι
607 3805 780 3876 ει45).
803 3805 940 3872 Quid
966 3805 1320 3877 dicis?diligis
1345 3805 1619 3861 inimicum
1650 3805 1830 3860 tuum?
1857 3806 2104 3876 Respon-

517 3897 668 3952 debis
696 3895 832 3952 forte
863 3914 876 3950 :
903 3897 1006 3952 Per
1031 3895 1394 3952 infirmitatem
1431 3912 1536 3972 non
1565 3911 1802 3967 possum.
1843 3895 1949 3952 Sed
1979 3912 2105 3968 pro-

517 3987 617 4041 tice
637 4026 652 4053 ,
678 3995 734 4042 et
758 4001 858 4058 age
896 3997 953 4041 ut
990 3987 1164 4059 possis
1192 4005 1204 4041 :
1238 3987 1468 4042 maxime
1495 3987 1617 4057 quia
1659 3995 1906 4041 oraturus
1934 4001 1995 4042 es
2013 3986 2104 4058 ju-

516 4076 720 4144 dicem,
763 4093 920 4148 quem
973 4078 1154 4133 fallere
1192 4092 1351 4133 nemo
1378 4086 1578 4148 potest,
1635 4077 1724 4148 qui
1772 4087 1988 4134 acturus
2022 4086 2106 4134 est

515 4181 728 4222 causam
752 4177 918 4223 tuam.
948 4167 1228 4238 lnterpella
1254 4184 1382 4240 ergo
1409 4169 1550 4225 hunc
1572 4169 1806 4239 judicent
1825 4210 1842 4238 ,
1873 4170 1962 4226 ubi
1987 4171 2107 4228 nul—

519 4257 602 4314 lus
633 4259 938 4314 tabellarius
980 4259 1292 4326 conturbat,
1347 4259 1523 4316 nullus
1550 4259 1794 4318 ofﬁcialis
1839 4271 2102 4328 removet,

514 4337 693 4406 nullus
735 4349 930 4424 emitur
957 4349 1246 4406 advocatus
1272 4351 1361 4421 qui
1397 4351 1565 4422 possit
1590 4366 1685 4421 pro
1723 4359 1777 4407 te
1805 4366 1990 4422 preces
2018 4353 2103 4410 el-

520 4423 766 4504 fnndere,
795 4447 888 4494 aut
911 4439 1082 4514 verba
1097 4437 1274 4502 dicere
1295 4457 1414 4511 quae
1442 4455 1545 4496 non
1568 4440 1798 4498 didicisti
1832 4459 1844 4496 :
1875 4443 1968 4500 sed
1991 4443 2104 4514 ipse

519 4529 686 4585 Filius
714 4531 808 4588 Dei
832 4529 1267 4608 unicuszequalis
1297 4531 1471 4600 Patri,
1507 4534 1700 4590 sedens
1733 4534 1800 4591 ad
1826 4535 2104 4592 dexteram

517 4621 727 4688 Patris,
763 4623 904 4680 illius
948 4621 1226 4691 assessor',
1246 4633 1367 4680 tuus
1396 4625 1594 4698 judex,
1634 4626 1816 4682 docuit
1847 4636 1898 4684 te
1937 4642 2102 4698 pauca

517 4714 680 4770 verba
700 4757 715 4782 ,
743 4731 862 4786 qua:
908 4709 1080 4788 quivis
1111 4717 1272 4773 idiota
1303 4727 1480 4789 potest
1509 4729 1692 4776 tenere
1727 4729 1785 4776 et
1808 4719 1986 4776 dicere
2006 4762 2020 4786 ,
2049 4730 2105 4777 et

519 4805 572 4860 in
593 4805 671 4861 eis
694 4807 969 4862 constituit
1009 4807 1104 4863 tibi
1133 4823 1348 4865 causam
1379 4819 1522 4865 tuam
1545 4828 1558 4876 ;
1581 4810 1764 4866 docuit
1793 4820 1844 4866 te
1874 4809 1962 4880 jus
1989 4826 2104 4870 cu:-

519 4895 652 4952 leste
683 4898 698 4928 ¹
727 4897 994 4968 quomodo
1021 4900 1275 4970 preceris.
1321 4901 1426 4957 Sed
1465 4902 1684 4957 forsitan
1715 4901 2099 4972 respondebis:

517 4987 623 5044 Per
650 5003 806 5056 quem
852 4991 1010 5059 peto?
1040 5006 1134 5060 per
1159 5007 1274 5058 me,
1308 5007 1374 5046 an
1424 5007 1519 5062 per
1555 4991 1755 5046 alium?
1779 4991 1881 5059 Qui
1927 5002 1976 5048 te
2002 4993 2101 5048 do-

521 5077 843 5146 'cuit'orare,
873 5079 990 5152 ipse
1029 5095 1128 5152 pro
1155 5090 1207 5138 te
1251 5081 1443 5156 allegat
1472 5097 1717 5152 precem,
1749 5083 1873 5153 quia
1900 5091 1952 5138 tu
1981 5099 2103 5140 reus

521 5173 661 5238 eras.
687 5170 904 5240 Gaude,
936 5163 1178 5244 qui'alllc
1201 5169 1462 5246 erit'tunc
1479 5169 1642 5248 judex
1683 5185 1839 5252 tuus,
1871 5177 1960 5248 qui
1987 5193 2098 5234 mo-

530 5257 595 5316 do
618 5261 901 5319 advocatus
921 5272 1041 5318 tuus
1061 5275 1160 5321 est.
1189 5261 1313 5322 Ideo
1335 5259 1610 5337 ergo'quia
1625 5261 1871 5332 oraturus
1902 5283 1982 5334 es,
2014 5263 2103 5324 ae-

582 5373 599 5442 ξ
625 5375 1036 5442 Forte,_docuit_te
1047 5376 1364 5442 jurisperitus
1385 5377 1609 5430 caelestis.

584 5391 599 5406 -
627 5391 783 5436 vorte,
806 5391 968 5427 aocuu
990 5391 1036 5428 te
1047 5391 1364 5487 {urrsperuus
1385 5391 1609 5430 cretesus.
1797 5403 1799 5408 ι

584 5437 599 5453 ⁶
627 5438 914 5489 Emendatus
931 5438 989 5487 ad
1025 5453 1052 5490 c
1077 5476 1088 5488 .
1125 5445 1177 5488 et
1208 5439 1266 5488 ad
1336 5449 1435 5490 Am.
1460 5445 1533 5490 Er.
1561 5447 1662 5490 Par.
1689 5447 1799 5492 Lov.

581 5497 653 5561 (ᾳ)
687 5498 804 5561 vide
823 5501 1038 5561 Append.
1059 5513 1208 5551 serat.
1237 5501 1312 5561 16,
1337 5515 1386 5551 ιι.
1413 5501 1460 5550 4.

575 5558 648 5680 Eb;
683 5560 824 5620 Alias,
841 5558 905 5611 de
927 5569 1164 5624 Tempore
1193 5563 1298 5612 l70.

597 5634 622 5669 c
679 5628 746 5670 De
770 5622 861 5673 hoc
903 5637 1131 5673 sermone
1173 5623 1298 5672 duhil

597 5622 644 5676 c)
679 5628 746 5670 De
770 5622 861 5673 hoc
903 5622 1131 5673 sermone
1173 5623 1454 5674 dubitarunt
1497 5627 1836 5676 I.ovanieuses.
1878 5625 2100 5676 verliuns

511 5685 836 5790 pronuntiavit
873 5683 992 5733 nihil
1015 5685 1199 5734 habere
1240 5688 1505 5748 Augustini.
1543 5695 1712 5737 Contra
1738 5689 1999 5748 vimlingus
2021 5703 2099 5738 so-

533 5757 611 5790 um
637 5746 796 5790 excipi
820 5745 968 5790 voluit
991 5747 1244 5790 exordium
1269 5756 1320 5790 nt.
1342 5747 1717 5790 nmmlnsinnnm-
1739 5749 1983 5790 rnlimmm
2011 5760 2099 5790 Λιι-

533 5757 611 5791 nm
628 5746 796 5814 excipi
820 5745 968 5814 voluit
991 5747 1244 5798 exordium
1269 5745 1718 5812 et'couclusioncm,
1739 5745 1985 5814 reliquum
2009 5760 2099 5801 au-

512 5807 692 5867 gustiui
717 5819 828 5858 esse
848 5808 1100 5860 afﬁrmans.
1477 5837 1480 5840 λ
1707 5807 1740 5836 ’⁸

1723 356 1779 412 S.
1814 352 2178 412 AUGUSTINI
2220 351 2516 409 EPISCOPI

3661 362 3682 417 Ι
3695 361 3798 419 690

2219 475 2367 521 turus
2390 481 2448 521 es
2475 475 2852 522 causamunam
2891 469 3070 538 paucis
3111 469 3305 536 verbis,
3329 479 3582 528 venturus
3621 476 3687 532 ad
3711 477 3797 532 illa

2211 556 2370 610 verba
2389 572 2402 609 :
2423 557 2629 611 Dimitte
2648 559 2788 613 nobis
2803 559 2969 614 debita
2985 570 3174 628 nostra,
3195 562 3320 616 sicut
3339 571 3384 616 et
3397 579 3487 617 nos
3499 565 3800 634 dimittimus

2211 648 2513 702 debitoribus
2538 651 2721 704 nostris
2741 649 2949 722 (Matth.
2969 667 3044 720 v1,
3065 652 3175 724 12).
3195 653 3330 708 Dicit
3347 655 3488 709 enim
3505 656 3595 712 tibi
3615 658 3760 714 Deus
3783 677 3798 717 τ

2211 739 2347 806 Quid
2377 741 2506 795 mihi
2531 741 2627 798 das
2648 785 2662 808 ,
2689 753 2746 798 ut
2765 759 2863 814 ego
2886 744 3152 800 dimittam
3183 746 3275 802 tibi
3300 747 3474 802 debita
3505 750 3628 804 tua?
3652 750 3800 819 Qua-

2211 829 2263 884 le
2305 847 2497 887 munus
2537 832 2725 900 oll‘ers,
2775 835 2938 904 quale
2959 836 3276 892 sacriﬁcium
3307 839 3651 896 conscientia:
3693 850 3801 898 tua:

2209 920 2440 991 imponis
2464 923 2722 980 altaribus
2750 925 2920 981 meis?
2952 925 3216 984 Continuo
3245 929 3427 985 docuit
3465 939 3518 986 te
3541 932 3668 1002 quid
3701 947 3798 1003 pe-

2209 1023 2292 1068 tas
2311 1017 2510 1086 etquid
2543 1017 2756 1072 oﬂ‘eras.
2783 1018 2928 1074 Petis
2949 1059 2965 1085 ,
2995 1019 3202 1074 Dimitte
3227 1021 3368 1076 nobis
3393 1022 3560 1077 debita
3581 1011 3757 1080 nostra
3782 1039 3801 1080 :

2209 1115 2264 1162 et
2289 1115 2342 1162 tu
2377 1106 2536 1164 offers
2555 1151 2570 1176 ,
2599 1109 2765 1180 quid?
2791 1109 2936 1166 Sicut
2969 1121 3018 1166 et
3051 1129 3144 1167 nos
3169 1113 3467 1170 dimittimus
3493 1115 3800 1170 debitoribus

2207 1201 2410 1253 nostris.
2441 1199 2657 1254 Debitor
2683 1215 2742 1255 es
2763 1201 2814 1256 ei
2843 1202 2931 1271 qui
2962 1201 3070 1256 falli
3099 1217 3204 1258 non
3229 1213 3406 1274 potest
3433 1222 3448 1258 :
3477 1204 3644 1261 habes
3661 1214 3718 1262 et
3740 1215 3797 1260 tu
3843 1199 3850 1264 ἓ

2209 1290 2525 1347 debitorem.
2559 1293 2695 1348 Dicit
2723 1293 2814 1348 tibi
2847 1293 2988 1349 Deus
3021 1293 3136 1350 :Tu
3163 1294 3373 1351 debitor
3396 1311 3548 1352 meus
3567 1311 3662 1366 es,
3707 1297 3798 1352 ille
3849 1288 3860 1366 ἦ

2209 1379 2415 1436 debitor
2445 1391 2596 1447 tuus;
2643 1384 2744 1439 hoc
2789 1383 2924 1439 facio
2953 1397 3052 1454 ego
3099 1385 3192 1440 tibi
3219 1385 3446 1442 debitori
3471 1401 3623 1454 meo,
3651 1389 3795 1459 quod
3866 1421 3882 1443 δ

2211 1485 2266 1530 ιιι
2294 1474 2482 1530 ieceris
2505 1475 2734 1530 debitori
2763 1487 2874 1531 tuo.
2897 1476 3022 1533 Inde
3047 1477 3210 1534 oll‘ers
3233 1479 3362 1534 mihi
3395 1495 3618 1548 munus,
3647 1480 3795 1538 unde

2208 1566 2510 1637 peperceris
2549 1566 2774 1622 debitori
2801 1575 2912 1623 tuo.
2951 1569 3125 1640 Rogas
3159 1585 3248 1625 me
3269 1585 3366 1640 pro
3389 1571 3756 1627 misericordia
3776 1613 3796 1634 .

2209 1667 2264 1712 tu
2295 1657 2401 1713 noli
2431 1673 2549 1713 esse
2571 1659 2722 1729 piger
2749 1658 2802 1713 in
2828 1659 3210 1716 misericordia.
3240 1661 3469 1717 Attende
3483 1662 3624 1732 quod
3647 1663 3800 1718 Scri-

2207 1755 2362 1816 ptura
2409 1747 2567 1815 dicit,
2615 1747 3022 1804 Misericordia»:
3065 1751 3182 1806 volo
3207 1753 3368 1822 magis
3409 1769 3562 1823 quam
3597 1755 3800 1824 sacriﬁ-

2209 1837 2340 1890 cium
2369 1836 2522 1908 (Osee
2547 1854 2604 1894 vr
2625 1881 2639 1904 ,
2673 1839 2751 1912 6).
2783 1840 2900 1897 Noli
2925 1841 3119 1898 offerre
3145 1843 3466 1898 sacrificium
3483 1845 3600 1901 sine
3631 1847 3798 1902 mise-

2209 1928 2469 1996 ricordia;
2499 1931 2618 2001 quia
2649 1946 2756 1987 non
2785 1933 3127 1988 remittuntur
3149 1935 3244 1990 tibi
3283 1947 3498 2006 peccata
3529 1946 3618 1992 tua
3643 1979 3658 2004 ,
3691 1937 3798 1994 nisi

2209 2019 2402 2076 oll‘eras
2421 2036 2542 2077 cum
2571 2024 2956 2080 misericordia.
2985 2026 3090 2082 Sed
3122 2027 3258 2084 forte
3277 2028 3410 2084 dicis
3435 2047 3447 2084 :
3475 2030 3592 2086 Non
3621 2031 3798 2088 habeo

2207 2121 2446 2182 peccata.
2493 2114 2843 2182 Quantnmvis
2885 2127 3071 2174 cantus
3116 2119 3219 2187 sis,
3267 2119 3462 2190 frater,
3507 2131 3684 2178 tamen
3741 2125 3799 2180 in

2208 2216 2371 2259 carne
2397 2205 2580 2260 vivens
2607 2207 2658 2261 in
2691 2207 2916 2274 sreculo,
2941 2211 3053 2280 agis
3083 2211 3223 2267 inter
3249 2227 3529 2282 pressuras
3555 2225 3608 2272 et
3628 2231 3802 2286 angu-

2210 2297 2375 2360 stias,
2417 2307 2472 2353 et
2515 2297 2656 2353 inter
2699 2299 3110 2357 innumerabilia
3157 2311 3483 2360 leutamenta
3525 2309 3800 2376 versaris;

2210 2400 2314 2440 non
2344 2387 2544 2456 poteris
2570 2403 2690 2444 esse
2731 2391 2848 2446 sine
2886 2400 3125 2460 peccato.
3155 2392 3312 2450 Certe
3335 2394 3464 2450 dicit
3489 2395 3582 2452 tibi
3615 2397 3757 2454 Deus
3783 2416 3798 2452 :

2211 2476 2440 2534 Securus
2501 2489 2618 2535 esto
2663 2479 2730 2536 de
2791 2491 3010 2552 peccato
3032 2525 3047 2550 ,
3113 2483 3222 2540 noli
3267 2483 3536 2542 dimittere
3579 2487 3627 2543 si
3689 2501 3802 2543 non

2211 2569 2376 2626 habes
2403 2571 2542 2642 quod
2569 2587 2669 2643 ego
2697 2573 2790 2628 tibi
2817 2573 3078 2630 dimittam
3099 2615 3115 2639 ,
3143 2575 3238 2631 sed
3269 2577 3440 2648 magis
3465 2577 3617 2648 exige
3641 2579 3687 2633 si
3717 2579 3804 2634 ni-

2209 2660 2285 2716 hil
2309 2661 2474 2718 debes
2515 2680 2528 2716 :
2573 2664 2618 2718 si
2657 2673 2835 2720 autem
2883 2664 3091 2721 debitor
3111 2681 3200 2735 es,
3229 2671 3396 2739 magis
3423 2670 3696 2740 gratulare
3745 2679 3803 2727 te

2211 2751 2412 2809 habere
2439 2753 2756 2824 debitorem,
2789 2756 2842 2811 in
2873 2772 2978 2827 quo
3003 2757 3168 2815 facias
3189 2761 3329 2830 quod
3359 2761 3448 2816 ﬁat
3472 2761 3528 2816 in
3557 2771 3630 2818 te.
3659 2763 3800 2819 Audi

2209 2859 2326 2910 me,
2355 2853 2408 2898 et
2434 2843 2640 2902 discute
2679 2856 2730 2902 te
2748 2889 2764 2914 ,
2795 2848 2916 2918 quia
2941 2848 3026 2903 vel
3059 2849 3126 2904 de
3151 2851 3228 2921 (α)
3257 2851 3440 2921 paucis
3468 2853 3678 2922 probis,
3705 2855 3802 2924 qui

2209 2944 2434 3004 possunt
2459 2937 2476 2968 ⁸
2507 2937 2768 2993 veraciter
2805 2953 2961 2994 orare
2989 2941 3286 2996 orationem
3313 2941 3665 3011 dominicam,
3699 2959 3800 3000 ve-

2209 3026 2406 3081 raciter
2447 3025 2628 3083 dicere
2649 3069 2664 3096 ,
2715 3029 2936 3084 Domine
2961 3071 2976 3098 ,
3003 3029 3213 3087 dimitte
3240 3032 3403 3100 mihi,
3445 3033 3584 3089 sicut
3619 3043 3802 3106 etpego

2207 3117 2438 3175 dimitto.
2465 3119 2579 3175 Non
2608 3120 2866 3177 fallaciter
2883 3164 2898 3188 ,
2931 3137 3038 3178 non
3061 3123 3209 3188 ﬁcte,
3240 3139 3304 3180 ex
3335 3125 3498 3182 corde
3517 3141 3646 3182 vero
3673 3125 3758 3183 fac
3781 3171 3800 3195 ,

2209 3219 2268 3265 ut
2295 3218 2350 3266 et
2375 3211 2428 3266 in
2457 3219 2507 3269 te
2531 3226 2720 3268 verum
2748 3213 2858 3268 ﬁat.
2886 3213 2940 3270 Si
2963 3215 3105 3269 enim
3135 3217 3222 3286 qui
3255 3224 3306 3272 te
3333 3218 3470 3273 lmsit
3489 3260 3505 3287 ,
3535 3219 3624 3290 qui
3656 3219 3710 3274 in
3747 3229 3800 3275 te

2210 3303 2483 3380 peccavit,
2523 3304 2716 3374 petita
2759 3312 2814 3360 te
2855 3306 3098 3374 veniam,
3125 3315 3180 3363 et
3207 3308 3471 3379 ignoscis;
3503 3310 3612 3380 jam
3645 3319 3801 3382 potes

2210 3409 2430 3450 securus
2473 3394 2687 3464 dicere,
2719 3395 2928 3452 Dimitte
2969 3399 3114 3454 nobis
3158 3399 3324 3454 debita
3352 3411 3526 3455 nostra
3544 3445 3558 3468 ,
3589 3403 3720 3456 sicut
3752 3413 3800 3457 et

2209 3503 2300 3541 nos
2344 3487 2641 3544 dimittimus
2669 3490 2972 3547 debitoribus
3007 3493 3213 3548 nostris.
3243 3493 3374 3548 Nam
3403 3495 3448 3549 si
3479 3495 3684 3551 resistis
3709 3511 3802 3552 ro-

2208 3579 2373 3648 ganti,
2401 3581 2759 3637 contemncris
2783 3591 2836 3637 et
2857 3591 2912 3637 tu
2933 3597 3053 3638 cum
3074 3585 3367 3654 rogaveris.
3387 3585 3636 3642 Clausisti
3661 3601 3798 3642 con-

2211 3680 2290 3728 tra
2339 3673 2636 3743 pulsantem
2657 3716 2672 3734 .
2719 3675 2960 3731 clausum
2995 3677 3240 3733 invenies
3260 3721 3275 3747 ,
3315 3695 3437 3735 cum
3477 3681 3794 3750 pulsa-veris.

2209 3760 2340 3816 Nam
2369 3763 2414 3817 si
2436 3765 2710 3834 aperueris
2735 3765 2938 3822 viscera
2965 3765 3310 3840 indulgentiae
3331 3772 3616 3841 roganti-te
3631 3813 3645 3839 ,
3667 3773 3798 3843 ape-
3821 3814 3824 3816 η

2207 3853 2314 3910 rict
2333 3863 2388 3910 et
2407 3855 2688 3924 tibi‘Deus,
2720 3873 2842 3912 cum
2865 3861 3136 3930 rogaveris
3159 3872 3302 3918 eum.
3333 3863 3488 3920 Modo
3507 3866 3648 3921 enim
3677 3867 3800 3924 ilius

2207 3945 2480 4019 alloquor,
2509 3950 2600 4020 qui
2629 3959 2818 4021 petunt
2843 3954 3053 4008 veniam
3079 3971 3108 4009 a
3139 3945 3388 4013 fratribus
3415 3959 3524 4014 suis
3549 3959 3798 4017 christia-

2207 4039 2322 4107 nis,
2365 4049 2422 4096 et
2465 4056 2571 4097 non
2599 4043 2888 4115 accipiunt.
2916 4047 3052 4102 Ecce
3079 4056 3134 4103 tu
3161 4049 3204 4103 si
3229 4053 3562 4106 concesseris
3580 4095 3594 4120 ,
3627 4068 3790 4109 secu-

2206 4146 2300 4187 rus
2327 4133 2525 4190 orabis.
2573 4133 2664 4191 Ille
2689 4151 2852 4205 vero,
2898 4137 2942 4192 si
2969 4147 3022 4194 te
3063 4143 3357 4210 rogaverit,
3381 4151 3434 4197 et
3453 4143 3496 4198 si
3526 4159 3632 4198 non
3663 4159 3796 4200 con-

2207 4226 2468 4292 cesseris,
2500 4227 2768 4298 quomodo
2811 4244 3032 4286 securus
3059 4233 3166 4288 eris
3195 4233 3252 4286 '?
3290 4235 3539 4306 Quisquis
3563 4237 3706 4292 enim
3736 4253 3798 4294 es

2205 4316 2296 4386 qui
2321 4319 2582 4386 peccasti,
2615 4327 2672 4375 et
2715 4321 2924 4376 veniam
2969 4337 3077 4378 non
3109 4325 3379 4393 meruisti,
3429 4328 3536 4383 noli
3563 4329 3755 4386 timere
3779 4373 3795 4396 ,

2209 4408 2488 4480 interpella
2525 4411 2694 4467 Deum
2717 4413 2885 4484 ipsius
2927 4425 2980 4471 et
3005 4425 3154 4472 tuum
3191 4435 3204 4472 :
3234 4418 3412 4475 debita
3449 4423 3593 4477 enim
3628 4433 3794 4480 sunt:

2207 4499 2465 4570 numquid
2491 4503 2689 4571 poterit
2711 4504 2890 4562 debita
2917 4507 3132 4579 exigere
3161 4523 3346 4566 servus
3367 4553 3380 4577 ,
3411 4529 3532 4584 quae
3552 4513 3796 4573 donave-

2206 4591 2278 4645 rit
2303 4590 2550 4650 dominus
2575 4594 2694 4668 (b)?
2735 4596 2792 4654 Si
2819 4597 2958 4656 forte
2985 4616 3088 4657 non
3121 4611 3173 4658 te
3215 4605 3483 4675 rogaverit
3527 4608 3618 4678 qui
3661 4609 3714 4663 in
3743 4617 3798 4664 te

2189 4685 2474 4753 peccavit,
2513 4685 2560 4742 si
2583 4705 2586 4710 ·
2607 4688 2818 4744 veniam
2851 4705 2957 4746 non
3003 4685 3350 4762 deprecatur;
3385 4697 3428 4751 si
3459 4700 3794 4770 peccaverit,

2208 4775 2425 4847 insuper
2451 4779 2624 4836 adhuc
2649 4791 2704 4837 et
2746 4781 3022 4850 irascitur,
3055 4793 3108 4840 tu
3137 4787 3265 4856 quid
3302 4787 3504 4845 facies?
3529 4791 3754 4848 dimittis
3777 4835 3794 4860 ,

2207 4881 2274 4920 an
2301 4883 2407 4924 non
2430 4867 2688 4926 dimittis?
2711 4872 2848 4929 Ecce
2873 4889 2979 4930 non
3003 4875 3272 4932 dimisisti.
3295 4879 3510 4948 Quare?
3527 4882 3661 4949 Quia
3685 4899 3794 4941 non

2207 4959 2430 5028 rogavit.
2487 4960 2546 5015 Si
2583 4971 2864 5032 propterea
2904 4980 3010 5020 non
3059 4966 3337 5036 dimisisti,
3377 4971 3500 5041 quia
3543 4987 3650 5028 nou
3699 4989 3794 5029 ro-

2205 5051 2383 5120 gavit,
2439 5051 2548 5107 noli
2601 5053 2830 5111 titubare
2867 5055 2920 5110 in
2975 5057 3243 5114 dominica
3297 5063 3580 5132 oratione,
3637 5079 3798 5121 secu-

2205 5155 2302 5196 rus
2337 5141 2482 5198 illam
2520 5142 2639 5208 die,
2683 5159 2786 5199 non
2827 5145 2920 5202 tibi
2961 5157 3147 5217 pectus
3181 5153 3484 5221 percutias,
3519 5155 3642 5225 quia
3687 5173 3797 5214 non

2199 5232 2418 5301 roganti
2465 5248 2572 5288 non
2617 5235 2886 5292 dimisisti.
2930 5237 3073 5311 Ergo
3116 5241 3208 5298 ille
3253 5245 3340 5313 qui
3400 5259 3504 5302 non
3555 5251 3797 5318 rogavit,

2207 5327 2463 5382 remansit
2501 5343 2515 5380 :
2557 5329 2822 5400 exigitur,
2863 5319 3081 5402 prorsus
3119 5335 3348 5407 exigitur
3395 5339 3464 5393 ab
3499 5340 3589 5396 illo
3632 5358 3646 5396 :
3699 5357 3799 5396 ve-

2431 5501 2544 5580 quia
2556 5503 2635 5580 sel
2651 5505 2714 5578 de
2731 5506 2912 5580 paucis
2923 5509 3136 5580 prodest,
3156 5509 3239 5575 qui
3253 5511 3450 5574 possint.
3475 5513 3623 5580 Lugd.
3651 5523 3800 5580 νεα..

2209 5564 2418 5641 quierat
2439 5564 2704 5641 rte-paucis
2721 5564 2934 5641 prodest;
2959 5571 3042 5633 qui
3063 5564 3274 5634 possunt.
3319 5583 3449 5639 Lov.,
3491 5564 3606 5641 quia
3637 5564 3822 5634 veliti-

2209 5637 2377 5700 paucss
2393 5627 2583 5700 prodis,
2602 5629 2686 5691 qui
2708 5627 2928 5694 possunt.
2970 5627 3036 5682 'M.
3063 5627 3074 5634 ’
3437 5627 3449 5639 ’
3471 5681 3480 5690 .

2273 5689 2293 5720 ²
2317 5689 2472 5748 Forte,
2490 5689 2598 5741 erit.

2273 5751 2346 5812 (ιι)
2381 5759 2533 5812 Forte,
2556 5752 2599 5804 si
2621 5759 2670 5806 ltt
2692 5767 2741 5806 es
2765 5757 2842 5804 de.

2274 5811 2346 5875 (lt)
2381 5815 2494 5865 \ide
2517 5811 2666 5866 Serm.
2693 5817 2802 5880 2U,
2831 5832 2908 5868 un.
2936 5818 2966 5868 5
2991 5825 3040 5870 el
3067 5819 3114 5870 4.
