4062 6368
292 344 428 405 1697

290 468 596 515 ruuiumen
637 457 690 512 in
729 463 780 511 te
818 455 887 511 sit
926 453 1162 526 perfecta
1200 452 1454 517 Charitas,
1497 465 1621 521 roga
1652 464 1747 521 pro
1779 462 1886 503 non

288 559 548 620 rogante;
579 549 703 619 quia
730 561 886 619 rogas
909 562 1004 617 pro
1029 546 1253 600 multum
1280 543 1637 615 periclitante.

354 644 410 696 2.
451 644 641 697 Christi
673 641 957 711 exentplum
995 639 1188 694 orantis
1225 653 1316 710 pro
1358 633 1711 691 insultantibus
1736 643 1782 688 et
1811 637 1891 686 in-

289 735 673 803 trrﬁcientibus.
727 731 1032 802 Exeruplum
1070 730 1340 801 Stephani.
1385 728 1480 783 llic
1525 727 1634 797 jam
1674 724 1890 779 attende

289 829 599 898 Magistrum
635 837 691 882 et
740 826 1022 882 Dominum
1064 833 1244 890 tuum,
1277 836 1382 876 non
1415 821 1466 874 iu
1512 818 1762 874 cathedra
1807 831 1890 872 se-

287 923 531 989 dentem,
569 919 664 976 sed
712 921 764 974 in
807 920 950 989 ligno
989 916 1331 988 pendentem,
1361 911 1759 981 circumspectis
1789 925 1889 964 un-

288 1015 447 1084 dique
510 1013 678 1069 turbis
743 1012 1075 1067 inimicorum
1149 1018 1202 1063 et
1281 1007 1544 1062 dicentem
1614 1022 1628 1058 :
1696 1002 1888 1067 Pater,

288 1109 493 1175 ignosce
531 1107 635 1159 illis
660 1147 674 1169 ,
702 1104 823 1174 quia
857 1103 1078 1156 nesciunt
1115 1099 1240 1170 quid
1273 1099 1464 1169 faciunt
1505 1095 1668 1168 (Luc.
1714 1109 1850 1148 XXIII
1873 1134 1888 1158 ,

290 1197 355 1249 5i
387 1197 425 1264 ).
476 1193 615 1250 Vide
662 1194 1012 1263 magistrum,
1059 1190 1183 1244 audi
1229 1189 1572 1243 imitatorem.
1627 1184 1891 1255 Numquid

291 1297 415 1341 tunc
465 1287 721 1341 Dominus
765 1285 1009 1340 Christus
1057 1297 1156 1352 pro
1206 1280 1518 1352 rogantibus
1571 1279 1795 1349 rogavit,
1839 1286 1893 1331 et

290 1394 395 1432 non
461 1380 638 1449 potius
690 1393 787 1449 pro
845 1376 1226 1433 insultantibus
1280 1384 1334 1429 et
1391 1370 1892 1429 interﬁcientibus?

288 1471 561 1542 Numquid
588 1471 822 1528 deseruit
846 1471 1084 1526 medicus
1106 1455 1340 1546 cilicium
1372 1483 1550 1531 suum,
1584 1466 1706 1537 quia
1733 1465 1892 1534 phre-

291 1564 503 1618 neticus
540 1563 794 1618 saeviebat
823 1563 846 1616 ?
876 1563 969 1617 Die
1003 1563 1177 1627 enim,
1208 1559 1424 1632 Ignosce
1457 1558 1581 1625 illis,
1623 1558 1741 1627 quia
1782 1572 1894 1610 nes-

291 1657 431 1710 riunt
451 1657 577 1726 quid
597 1657 814 1727 faciunt.
855 1655 1182 1712 Salvatorem
1209 1652 1485 1719 occidunt,
1513 1651 1635 1722 quia
1664 1649 1892 1704 salutem

294 1765 399 1802 non
449 1757 715 1819 quaerunt.
748 1748 793 1803 E
831 1757 1018 1803 contra
1047 1756 1102 1802 et
1148 1755 1201 1802 tu
1240 1745 1464 1801 forsitan
1505 1743 1744 1798 dicturus
1791 1755 1890 1795 es:

295 1840 362 1894 Et
405 1839 624 1910 quando
665 1855 765 1912 ego
795 1839 896 1895 hoc
938 1853 1156 1910 possum
1191 1837 1332 1909 quod
1374 1836 1630 1891 Dominus
1672 1831 1893 1905 potuit?

295 1933 473 2000 Quare
494 1931 599 1988 hoc
621 1931 755 1986 dicis
783 1932 807 1986 ?
833 1930 1062 1986 Attende
1082 1929 1173 1985 ubi
1208 1928 1309 1983 hoc
1334 1927 1458 1982 facit
1490 1942 1504 1991 ;
1533 1925 1746 1980 attende
1769 1923 1892 1994 quia

296 2025 348 2078 in
379 2039 545 2080 cruce
585 2024 688 2080 hoc
708 2025 866 2090 fecit,
907 2039 1013 2080 non
1043 2024 1098 2078 in
1142 2023 1300 2079 ccelo.
1331 2022 1558 2090 Semper
1583 2020 1725 2076 enim
1753 2019 1892 2074 Deus

297 2115 350 2170 in
379 2116 524 2171 caelo
565 2131 685 2172 cum
717 2117 876 2171 Patre
910 2133 923 2170 :
957 2116 1008 2170 in
1035 2129 1196 2170 cruce
1235 2122 1413 2169 autem
1461 2127 1560 2182 pro,
1607 2120 1658 2166 te
1708 2109 1890 2177 homo,

297 2208 383 2262 ubi
410 2224 472 2263 se
497 2207 811 2263 imitandum
842 2207 1069 2278 pra‘buit
1096 2206 1366 2262 omnibus.
1396 2205 1504 2260 Pro
1536 2213 1588 2259 te
1623 2203 1766 2258 enim
1795 2203 1894 2256 mi-

296 2301 365 2353 sit
396 2301 572 2369 ipsam
598 2315 808 2367 vocem,
840 2308 899 2354 ut
934 2300 1003 2355 ab
1035 2299 1286 2354 omnibus
1315 2298 1608 2353 audiretur.
1640 2295 1773 2350 Nam
1799 2310 1894 2365 po-

295 2391 397 2446 tuit
435 2407 536 2462 pro
587 2392 693 2446 illis
731 2407 885 2448 orare
911 2391 964 2446 in
1002 2390 1235 2457 silentio,
1277 2389 1372 2445 sed
1405 2399 1458 2444 tu
1513 2404 1620 2444 non
1667 2387 1896 2444 haberes

295 2484 627 2553 exemplum.
659 2483 764 2539 Sed
806 2484 852 2538 si
891 2483 1116 2538 multum
1144 2489 1228 2538 est
1263 2481 1330 2537 ad
1359 2490 1412 2537 te
1462 2479 1744 2546 Dominus,
1786 2493 1892 2533 non

296 2575 367 2628 sit
391 2575 460 2629 ad
494 2583 547 2630 te
594 2575 821 2630 multum
850 2589 1058 2630 servus.
1080 2573 1195 2629 Neu
1222 2582 1376 2644 potes
1393 2572 1588 2627 imitari
1613 2570 1894 2626 Dominum

299 2676 483 2733 tuum,
529 2681 651 2722 cum
694 2666 953 2737 penderet
987 2667 1040 2721 iu
1083 2681 1241 2721 cruce
1267 2665 1291 2720 ?
1321 2664 1650 2735 Stephanum
1681 2678 1894 2718 servum

297 2759 437 2829 ejus,
471 2773 594 2813 eum
634 2758 980 2830 Iapidaretur,
1008 2757 1243 2814 attende.
1273 2757 1509 2812 Primum
1539 2757 1614 2810 ait
1646 2763 1894 2824 tanquam

297 2867 488 2906 servus
527 2852 594 2905 ad
643 2851 958 2916 Dominum,
998 2849 1216 2905 Domine
1240 2847 1400 2916 Jesu,
1445 2847 1619 2918 accipe
1659 2846 1896 2917 spiritum

309 2959 477 2996 ηιειιυι
509 2960 528 3007 ;
579 2951 632 2997 et
662 2952 780 3014 post
819 2941 934 2997 bzec
960 2956 1100 3012 genu
1131 2940 1268 2995 ﬂexo
1306 2939 1400 3005 ait,
1435 2937 1670 3004 Domine,
1702 2953 1765 2992 ne
1787 2946 1896 2991 sta-

303 3045 418 3088 tuas
439 3035 544 3088 illis
570 3034 664 3088 hoc
702 3042 961 3105 peccatum
987 3033 1140 3102 (Act.
1179 3047 1285 3097 vn,
1330 3031 1485 3100 Βᾶθι
1500 3027 1604 3099 59)
1637 3046 1649 3084 :
1678 3035 1733 3083 et
1773 3041 1896 3082 cum

302 3126 404 3182 hoc
439 3126 686 3190 dixisset,
714 3125 1038 3181 obdormivit
1062 3125 1114 3179 in
1145 3123 1328 3194 requie
1351 3119 1673 3176 dilectionis.
1702 3119 1895 3174 Pacem

300 3220 707 3289 pinguissimam
753 3218 985 3284 invenit,
1010 3217 1132 3288 quia
1179 3231 1362 3285 pacem
1403 3213 1633 3277 inimicis
1674 3211 1894 3282 optavit.

299 3310 575 3382 Numquid
603 3320 656 3366 et
688 3311 801 3382 ipse
825 3320 951 3366 tunc
982 3326 1077 3381 pro
1103 3309 1412 3380 rogantibus
1436 3307 1671 3378 rogavit,
1710 3315 1765 3360 et
1791 3322 1896 3360 nou

301 3422 398 3476 pro
424 3407 791 3471 saevientibus,
826 3422 922 3476 pro
948 3404 1304 3475 Iapidantibus
1329 3412 1385 3459 et
1417 3399 1898 3457 interlicieutibus?

304 3498 482 3555 Ilabes
512 3499 842 3569 exemplum,
869 3497 1036 3565 disce,
1079 3496 1200 3551 vide
1239 3495 1507 3567 quomodo
1545 3509 1645 3566 pro
1669 3508 1728 3550 se
1753 3502 1899 3550 stans

302 3591 496 3657 oravit,
529 3600 586 3646 et
615 3605 712 3661 pro
739 3590 844 3645 illis
859 3605 1000 3662 genu
1034 3589 1204 3644 ﬂexit.
1237 3589 1513 3654 Putamus,
1539 3587 1744 3652 fratres,
1777 3587 1899 3656 quia

304 3683 423 3753 plus
449 3697 547 3738 eos
569 3683 780 3754 diligit,
808 3697 967 3752 quam
1002 3696 1062 3737 se
1090 3681 1263 3751 ipsum
1306 3681 1329 3734 ?
1370 3680 1476 3735 Pro
1514 3693 1574 3734 se
1598 3693 1727 3734 vero
1753 3687 1900 3732 stans

306 3784 560 3846 tanquam
587 3776 787 3846 justus,
810 3774 964 3831 facile
993 3773 1397 3830 exaudiebatur.
1429 3773 1558 3828 Nam
1587 3789 1686 3844 pro
1707 3772 1902 3842 iniquis

303 3883 442 3938 genu
481 3868 747 3938 ﬁgendum
784 3876 921 3924 erat.
948 3867 1193 3923 Ostendit
1215 3882 1344 3937 ergo
1371 3866 1709 3922 dilectionem
1733 3879 1902 3936 usque

305 3959 372 4014 ad
395 3960 645 4016 inimicos
671 3960 878 4016 veniam
903 3969 1153 4031 rogantes
1174 3960 1213 4012 ¹.
1245 3959 1408 4031 Ergo,
1442 3958 1652 4026 fratres,
1688 3966 1904 4029 propter

307 4055 654 4109 securitatem
679 4053 964 4110 dominica:
990 4053 1251 4109 orationis
1271 4094 1286 4118 ,
1318 4053 1624 4124 rogantibus
1647 4067 1713 4107 ex
1740 4050 1903 4106 corde

307 4146 576 4212 dimittite,
605 4157 660 4203 et
691 4156 750 4202 ut
779 4147 1034 4203 Dominus
1052 4147 1204 4202 vobis
1231 4155 1406 4202 vestra
1432 4152 1647 4216 peccata
1672 4143 1905 4199 dimittat

306 4239 362 4294 in
391 4238 494 4296 hoc
519 4240 732 4296 mortali
759 4254 984 4310 corpore
1011 4248 1067 4296 et
1102 4237 1282 4294 futuro
1296 4252 1462 4309 usque
1480 4237 1532 4292 in
1549 4236 1765 4303 saecula,
1795 4243 1899 4290 etc.

679 4349 910 4406 SERMO
947 4348 1362 4406 CCCLXXXVII
1401 4352 1420 4372 '
1450 4347 1551 4419 (a).

700 4440 778 4496 De
805 4442 1119 4512 correptione
1153 4441 1371 4511 proximi
1411 4437 1511 4511 (ὁ).

381 4539 434 4589 1.
486 4531 809 4605 Corripiendi
860 4549 985 4587 cura
1042 4532 1385 4586 sacerdotibus
1425 4530 1680 4601 imposita.
1723 4529 1904 4585 Sermo

315 4623 409 4679 Dei
435 4625 765 4679 aduersarius
786 4633 974 4678 noster.
1008 4623 1336 4694 Frequenter
1361 4622 1415 4676 in
1442 4621 1729 4692 Scripturis
1751 4635 1905 4676 sanc-

314 4715 382 4770 tis
429 4716 636 4770 audivit
675 4714 923 4770 Charitas
969 4725 1178 4782 restra,
1225 4714 1415 4768 fratres
1454 4711 1816 4776 dilectissimi,
1851 4712 1904 4768 in

313 4821 419 4876 quo
450 4808 559 4862 sint
596 4807 908 4863 sacerdotes
936 4806 1172 4878 periculo
1200 4805 1495 4871 constituti,
1543 4804 1588 4859 si
1637 4803 1906 4858 uoluerint

314 4899 540 4970 implere
580 4899 710 4955 illud
752 4899 894 4971 quod
940 4907 1270 4954 contestatur
1307 4896 1628 4967 Apostolus,
1672 4894 1906 4950 Praedico

315 4991 537 5057 uerbum,
572 4992 706 5046 insta
733 5000 1035 5061 opportune,
1086 4991 1374 5060 importune
1402 5006 1421 5055 ;
1458 5005 1633 5058 argue,
1675 4987 1903 5057 increpa,

316 5083 519 5137 obsecra
543 5100 658 5137 cum
683 5083 820 5138 omni
845 5083 1084 5155 patientia
1109 5091 1155 5136 et
1184 5081 1412 5134 doctrina
1456 5081 1474 5149 (
1497 5080 1537 5134 ll
1566 5079 1695 5132 Tim.
1723 5094 1793 5145 tv,
1820 5077 1900 5148 2).

320 5172 387 5229 Et
425 5175 549 5246 quia
600 5185 704 5230 tam
746 5190 906 5245 grave
931 5173 1139 5246 pondus
1184 5173 1425 5229 imminet
1462 5171 1757 5228 cervicibus
1803 5186 1902 5227 no-

321 5267 468 5334 stris,
505 5266 698 5338 quibus
742 5266 967 5334 dicitur,
998 5265 1060 5323 Si
1097 5281 1199 5320 non
1221 5264 1594 5320 annuntiaveris
1616 5263 1905 5332 iniquoinio

380 5379 398 5409 ί
418 5383 579 5437 Forte,
603 5389 698 5426 non
722 5382 958 5439 rogantes.

380 5440 398 5457 '
421 5433 712 5490 Emendatus
754 5433 814 5488 ad
847 5439 970 5489 duos
994 5437 1057 5488 cI.
1105 5437 1164 5488 ad
1195 5450 1272 5501 gr.
1317 5448 1408 5488 rm.
1428 5449 1476 5485 v.
1515 5442 1568 5486 et
1609 5433 1668 5484 ad
1703 5441 1804 5483 Am.
1827 5439 1902 5482 Er°

320 5506 425 5552 Par.
446 5508 557 5550 Lov.

381 5563 457 5629 (ᾳ)
491 5561 633 5621 Alias,
655 5563 688 5629 5
709 5564 837 5614 inter
858 5561 1085 5629 ttomilias
1105 5561 1184 5612 50.
1395 5623 1406 5629 Α
1762 5618 1774 5629 ,
1840 5620 1849 5629 ,

379 5618 455 5691 (ιτ)
488 5618 753 5691 Augustino
781 5637 876 5674 nec
906 5625 1162 5691 exordium
1204 5623 1464 5691 convenit,
1505 5633 1598 5670 nec
1621 5618 1903 5691 _couclusio.

323 5683 412 5735 nes
430 5683 638 5737 inter'se
661 5689 919 5736 invenuste
940 5686 1207 5746 cohaareut,
1227 5693 1278 5736 et
1300 5687 1496 5735 nimiutn
1520 5683 1746 5744 neglecta
1765 5683 1905 5731 estin

323 5747 460 5796 dictis
483 5750 803 5810 perspicuitas
835 5758 887 5798 et
909 5747 1174 5810 elegantia.
1197 5745 1433 5812 Congesta
1464 5745 1543 5795 hic
1567 5754 1788 5809 putamus
1815 5757 1904 5794 All-

326 5812 503 5871 gustini
524 5819 606 5861 aut
623 5813 792 5874 verba,
810 5819 892 5861 aut
914 5823 1107 5862 sensus.

1607 332 1836 390 SERMO
1875 323 2308 389 CCCLXXXVII.

3441 345 3575 406 “398

1993 449 2231 517 quitatem
2271 467 2436 518 suam,
2467 455 2757 526 sanguinem
2783 460 2892 530 eju‘s
2919 460 2981 514 de
3011 475 3162 515 manu
3202 470 3288 515 tua
3325 466 3574 534 requiram

1983 539 2015 610 -(
2044 539 2228 594 Ezeclt.
2257 557 2333 608 III,
2364 543 2465 616 IS)
2491 563 2505 610 ;
2540 561 2758 605 necesse
2785 552 2940 607 nobis
2979 564 3062 609 est
3089 571 3451 629 quoscumque
3478 577 3576 615 ne-

1995 630 2254 702 gligentes
2274 643 2364 689 aut
2388 647 2594 693 secrete
2617 649 2708 694 aut
2733 643 2944 710 publice
2973 646 3250 717 castigare.
3279 648 3384 705 Sed
3411 667 3577 721 quana

1982 721 2064 777 'do
2103 725 2440 795 corripimus,
2483 728 2573 784 ille
2611 746 2769 799 quem
2819 735 3160 804 corripimus,
3188 738 3232 792 si
3271 741 3443 796 malus
3472 753 3575 809 est,

1993 816 2216 871 attendit
2257 834 2285 873 a
2316 834 2422 889 quo
2447 822 2765 892 corripiatur
2796 842 2810 892 ;
2854 835 2908 881 et
2945 827 3147 886 facilius
3180 833 3233 887 in
3273 846 3578 908 correptore

1993 920 2092 961 suo
2121 921 2277 977 quam
2309 909 2364 963 in
2400 925 2460 965 se
2502 912 2733 970 libenter
2770 920 3008 988 agnoscit
3045 923 3184 991 quod
3217 927 3466 998 corrigat.
3514 931 3576 985 Et

1993 999 2038 1054 si
2069 1011 2191 1056 vera
2229 1002 2521 1071 invenerit,
2554 1017 2673 1076 qua:
2709 1017 2763 1063 et
2793 1011 2904 1081 ipse
2942 1012 3081 1068 dicat
3124 1015 3176 1070 in
3223 1033 3345 1073 eum
3398 1035 3428 1075 a
3471 1038 3577 1092 quo

1983 1093 2313 1163 ‘corripitur,
2345 1097 2560 1166 gaudet.
2602 1099 2823 1168 Quando
2865 1105 3054 1161 melius
3095 1110 3350 1177 gauderet
3389 1112 3456 1169 dc
3483 1129 3577 1171 sua

1995 1186 2222 1242 sanitate
2271 1199 2564 1256 correctus,
2591 1209 2752 1263 quam
2791 1195 2856 1251 de
2889 1198 3064 1254 alieno
3111 1202 3362 1274 languore
3391 1222 3578 1265 corre-

1994 1287 2117 1347 ptus
2137 1279 2159 1333 ?
2179 1280 2317 1336 Ecce
2346 1291 2470 1352 puta
2495 1300 2676 1340 verum
2706 1302 2824 1343 esse
2853 1291 2995 1359 quod
3022 1292 3184 1358 dicis;
3215 1295 3458 1355 invenisti
3485 1302 3578 1356 ali-

1987 1369 2120 1439 ‘quid
2161 1371 2212 1426 in
2258 1371 2475 1430 homine
2515 1391 2545 1430 a
2592 1392 2696 1447 quo
2732 1383 3090 1450 reprehensus
3131 1401 3231 1442 es:
3269 1398 3442 1446 tamen
3487 1409 3579 1462 per

1996 1462 2142 1517 illum
2185 1465 2277 1519 tibi
2307 1467 2501 1521 veritas
2549 1462 2909 1540 loquebatur;
2957 1491 3051 1544 per
3092 1478 3312 1545 malum,
3340 1495 3434 1551 per
3477 1483 3578 1538 ini-

1994 1570 2157 1625 quum
2195 1557 2285 1611 tibi
2313 1559 2506 1614 veritas
2536 1561 2862 1630 loQuebatur.
2901 1566 3107 1634 Quaeris
3134 1569 3259 1639 quid
3287 1573 3579 1642 reprehen-

1995 1646 2090 1701 das
2116 1648 2166 1702 in
2208 1649 2425 1706 homine
2476 1670 2489 1705 :
2541 1654 2715 1710 iuveni
2755 1658 2930 1726 potius
2972 1661 3098 1730 quid
3136 1665 3496 1733 reprehendas
3526 1670 3578 1725 in

1994 1739 2236 1794 veritate.
2287 1741 2429 1796 VeIis
2459 1744 2624 1810 nolis,
2655 1746 2742 1801 illa
2773 1756 2854 1803 est
2880 1750 3180 1808 adversaria
3211 1763 3295 1810 tua
3314 1797 3328 1821 ,
3379 1758 3431 1813 in
3476 1776 3579 1830 qua

1993 1841 2103 1885 non
2137 1832 2340 1887 iuvenis
2365 1835 2506 1904 quod
2543 1851 2780 1893 accuses.
2821 1840 2967 1895 Illam
3009 1842 3091 1898 fac
3134 1846 3381 1916 amicam,
3411 1850 3454 1905 si
3485 1867 3580 1922 po-

1997 1930 2096 1978 tes.
2128 1923 2479 1981 Adversarius
2525 1937 2651 1982 tuus
2688 1943 2865 1985 sermo
2896 1932 2991 1988 Dei
3029 1943 3113 1990 est
3144 1953 3158 1990 :
3188 1937 3423 2006 proferat
3456 1957 3578 1997 cum

1994 2023 2262 2083 peccator,
2300 2017 2532 2088 proferat
2551 2033 2671 2074 eum
2697 2021 2871 2091 justus
2900 2040 2914 2089 ;
2944 2039 3122 2081 sermo
3148 2027 3239 2083 Dei
3274 2039 3376 2096 est,
3413 2032 3582 2088 incul-

1994 2105 2186 2175 pabilis
2208 2116 2308 2161 est.
2338 2106 2456 2177 Ipse
2480 2118 2563 2164 est
2586 2109 2923 2169 adversarius
2955 2125 3076 2169 tuus
3109 2134 3122 2170 :
3155 2120 3418 2176 concorda
3456 2139 3580 2178 cum

1995 2212 2082 2265 co,
2112 2213 2234 2253 cum
2254 2214 2314 2255 es
2337 2213 2457 2256 cum
2486 2201 2576 2258 illo
2593 2203 2645 2256 in
2671 2205 2775 2258 via.
2801 2205 2896 2260 Via
2918 2207 3020 2262 vita
3051 2208 3151 2264 ista
3177 2219 3278 2266 est.
3311 2212 3580 2270 Adversa-

1995 2291 2107 2346 rius
2145 2292 2384 2347 omnium
2429 2294 2728 2365 iniquorum
2768 2312 2946 2353 sermo
2985 2301 3076 2355 Dei
3108 2313 3208 2357 est.
3252 2305 3446 2362 Parum
3488 2306 3581 2363 tibi

1995 2395 2079 2441 est
2112 2387 2254 2456 quod
2283 2402 2403 2442 cum
2428 2397 2570 2443 esset
2597 2404 2820 2446 manens
2849 2392 2902 2447 in
2937 2408 3030 2448 sua
3067 2393 3368 2452 beatissima
3402 2409 3456 2454 et
3490 2416 3578 2456 se-

1996 2480 2293 2535 cretissima
2337 2481 2485 2548 sede,
2514 2482 2658 2537 venit
2686 2483 2752 2538 ad
2777 2493 2865 2550 te,
2913 2495 2970 2541 ut
3013 2497 3156 2543 esset
3197 2497 3371 2546 tecum
3399 2492 3449 2547 in
3477 2494 3580 2559 via,

1997 2578 2052 2624 et
2089 2578 2264 2625 tecum
2290 2571 2458 2626 voluit
2482 2573 2724 2628 comitari
2755 2574 2778 2627 ?
2807 2582 2864 2630 ut
2887 2589 3007 2630 eum
3037 2579 3300 2648 ambulas,
3326 2591 3380 2637 et
3409 2583 3458 2637 in
3488 2600 3584 2655 po-

1997 2669 2190 2718 testate
2232 2661 2429 2731 habes,
2477 2679 2770 2734 componas
2822 2682 3036 2722 causam
3088 2678 3252 2737 tuam,
3306 2683 3359 2728 et
3398 2675 3580 2744 dicas,

1997 2754 2221 2822 Quando
2251 2755 2495 2810 finiturus
2524 2771 2583 2814 es
2611 2757 2793 2827 viam?
2818 2768 2872 2813 et
2901 2771 3021 2814 eum
3053 2760 3256 2818 finieris
3285 2765 3445 2832 viam,
3477 2781 3582 2822 nou

1997 2850 2100 2904 erlt
2127 2863 2246 2904 cum
2278 2863 2382 2919 quo
2410 2863 2624 2904 causam
2655 2859 2796 2905 tuam
2825 2866 3148 2923 componere
3168 2855 3341 2924 possis
3366 2875 3378 2910 :
3409 2867 3466 2912 et
3489 2858 3583 2912 ad-

1997 2941 2266 2996 versarius
2301 2940 2472 2996 tradet
2500 2948 2554 2996 te
2571 2941 2757 3011 judici,
2787 2942 2950 3012 iudex
2979 2950 3156 3000 autem
3185 2947 3449 3015 ministro,
3478 2950 3581 3003 mi-

1997 3033 2167 3088 nister
2193 3041 2368 3088 autem
2391 3033 2443 3087 in
2471 3047 2765 3089 carcerem.
2792 3034 2909 3090 Non
2932 3036 3080 3092 exies
3101 3037 3243 3106 inde,
3275 3039 3444 3095 donec
3465 3040 3579 3096 red-

1999 3122 2197 3179 dideris
2227 3123 2573 3179 novissimum
2602 3125 2950 3195 quadrantem
2984 3129 3002 3200 (
3026 3126 3213 3183 Matth.
3237 3145 3289 3196 v,
3320 3130 3414 3198 25,
3441 3132 3511 3188 26
3537 3132 3581 3206 ).

2000 3215 2094 3272 Est
2126 3223 2297 3272 tecum
2324 3217 2545 3274 verbum
2588 3215 2703 3286 Dei,
2733 3219 2883 3289 quasi
2905 3220 3243 3278 adversarius
3265 3223 3315 3278 in
3341 3225 3422 3280 via
3448 3243 3460 3279 :
3495 3225 3589 3280 ha-

2001 3308 2095 3364 bes
2125 3309 2176 3363 in
2207 3317 2492 3380 potestate,
2520 3325 2802 3382 compone.
2832 3313 2969 3382 Quid
2993 3329 3021 3367 a
3047 3322 3096 3369 te
3122 3316 3310 3385 quairit
3337 3316 3589 3372 adversa-

2000 3400 2113 3455 rius
2143 3399 2263 3468 iste,
2307 3410 2364 3456 ut
2388 3403 2684 3459 concordes
2721 3419 2843 3459 cum
2873 3405 2962 3460 illo
2991 3405 3014 3458 ?
3050 3405 3198 3475 quid,
3227 3407 3328 3461 nisi
3361 3406 3587 3464 salutem

2001 3501 2145 3548 tuam
2176 3494 2199 3546 ?
2225 3494 2476 3550 Ambulat
2512 3511 2632 3552 cum
2667 3497 2985 3554 adversariis
3022 3500 3165 3567 suis,
3197 3508 3250 3554 et
3276 3499 3403 3555 dicit
3426 3502 3503 3557 eis
3534 3513 3591 3558 ut

2001 3586 2329 3642 concordent
2375 3602 2495 3642 cum
2536 3589 2646 3642 illo.
2689 3589 2807 3644 Fiat
2846 3607 2859 3642 :
2892 3589 3126 3647 nondum
3173 3593 3316 3647 ﬁnita
3358 3602 3440 3648 est
3482 3595 3588 3648 via.

2001 3677 2152 3745 Quod
2181 3677 2295 3733 heri
2327 3694 2431 3734 non
2456 3688 2540 3734 est
2566 3679 2782 3747 factum,
2813 3682 2905 3737 fiat
2941 3682 3117 3740 hodie.
3155 3684 3404 3741 Nondum
3445 3686 3590 3742 finita

2002 3781 2086 3827 est
2111 3773 2193 3827 via
2219 3791 2231 3826 :
2257 3772 2384 3842 quid
2411 3774 2732 3844 exspectatis
2758 3789 3031 3847 quousque
3058 3776 3270 3833 finiatur
3296 3779 3320 3832 ?
3359 3778 3492 3833 Cum
3534 3780 3594 3832 Ii-

2003 3866 2113 3921 nita
2145 3865 2337 3933 fuerit,
2369 3881 2474 3921 non
2495 3867 2597 3922 erit
2629 3867 2729 3922 alia
2760 3868 2850 3923 ubi
2883 3884 3004 3924 cum
3034 3867 3342 3926 adversario
3370 3885 3594 3926 concor-

2004 3958 2160 4013 detis.
2189 3956 2357 4012 Judex
2396 3967 2581 4026 restat,
2624 3959 2868 4015 minister
2910 3967 2961 4015 et
3004 3974 3204 4015 carcer.
3258 3961 3434 4017 Multis
3477 3960 3594 4016 haec

2005 4049 2087 4104 via
2116 4068 2129 4104 :
2153 4065 2274 4104 cum
2301 4049 2401 4104 sibi
2428 4049 2609 4119 plures
2635 4051 3009 4120 promitterent
3034 4053 3084 4106 in
3114 4062 3174 4107 ea
3196 4067 3384 4118 annos,
3415 4051 3593 4108 subito

2005 4142 2152 4196 finita
2202 4151 2304 4197 est.
2353 4139 2460 4196 Sed
2502 4155 2630 4196 ecce
2667 4141 2751 4195 fac
2775 4141 2896 4212 quia
2927 4141 3080 4212 longa
3111 4142 3212 4198 erit
3261 4142 3341 4198 via
3377 4153 3496 4210 tua,
3539 4154 3596 4200 et

2005 4247 2219 4303 semper
2259 4241 2433 4287 tecum
2463 4230 2802 4287 adversarius
2831 4240 2952 4287 tuus
2997 4233 3274 4289 ambulet:
3313 4250 3418 4288 non
3465 4250 3593 4290 eru-

2007 4323 2201 4392 bescis,
2231 4333 2378 4380 tanto
2404 4331 2643 4395 tempore
2661 4338 2782 4380 cum
2813 4324 2903 4380 tali
2928 4325 3234 4382 adversario
3265 4327 3461 4384 habere
3483 4327 3594 4384 dis-

2007 4417 2290 4473 cordiam?
2318 4417 2510 4474 Sermo
2553 4417 2668 4486 Dei,
2713 4428 2969 4490 quantum
3014 4419 3174 4475 estin
3216 4421 3350 4492 ipso,
3393 4423 3596 4478 amicus

2009 4519 2130 4563 tuus
2157 4519 2242 4564 est
2280 4522 2296 4562 :
2337 4509 2702 4565 adversarium
2739 4520 2792 4565 ιιι
2821 4511 2912 4567 tibi
2943 4526 3062 4567 eum
3109 4511 3256 4568 facis.
3299 4513 3418 4582 Ipse
3453 4516 3595 4569 enim

2009 4599 2104 4656 tibi
2136 4600 2276 4656 bene
2303 4601 2432 4670 vult,
2467 4611 2521 4657 tu
2567 4603 2659 4659 tibi
2701 4618 2732 4659 e
2779 4604 3048 4659 contrario
3099 4605 3256 4660 male.
3299 4605 3389 4662 Ille
3423 4607 3593 4678 jubet,

2007 4691 2126 4748 Non
2155 4691 2392 4758 fureris;
2441 4704 2494 4748 tu
2533 4693 2767 4750 furoris:
2803 4695 2893 4750 ille
2913 4695 3084 4764 jubet,
3126 4696 3238 4751 Non
3285 4699 3594 4766 adulteros;

2010 4793 2065 4841 tu
2091 4785 2358 4841 adulteras
2388 4803 2402 4840 :
2433 4784 2520 4841 ille
2542 4785 2726 4855 jubet,
2758 4786 3020 4842 Fraudem
3064 4803 3166 4843 non
3196 4789 3358 4845 facias
3390 4807 3405 4858 ;
3437 4801 3488 4846 tu
3517 4793 3596 4847 fa-

2008 4879 2087 4934 cis
2127 4888 2313 4933 :vetat
2357 4888 2407 4933 tc
2433 4877 2615 4947 jnrarc
2647 4895 2662 4943 ;
2711 4889 2764 4932 tu
2795 4877 2984 4934 falsum
3010 4877 3157 4950 juras
3188 4899 3202 4935 :
3243 4882 3372 4939 facis
3410 4895 3596 4942 contra

2008 4970 2187 5026 omnia
2216 4986 2334 5040 qua:
2361 4970 2487 5026 dicit
2517 4986 2531 5035 ;
2567 4979 2620 5024 tu
2654 4968 2746 5023 tibi
2790 4986 3090 5027 sermonem
3119 4973 3211 5029 Dei
3247 4974 3374 5030 facis
3422 4976 3598 5031 inimi-

2009 5077 2151 5116 cum.
2182 5059 2292 5117 Nec
2330 5063 2556 5128 mirum,
2605 5062 2820 5130 quando
2847 5071 2900 5117 ιιι
2947 5065 3036 5120 tibi
3087 5066 3198 5136 ipse
3233 5066 3478 5124 inimicus
3514 5086 3592 5125 es.

2014 5152 2114 5220 Qui
2139 5153 2278 5206 enim
2306 5153 2471 5222 diligit
2503 5153 2836 5222 iniquitatem,
2877 5155 2983 5208 odit
3004 5158 3225 5210 animam
3249 5174 3392 5212 suam
3423 5158 3592 5232 (Psal.

2009 5259 2064 5309 Χ,
2116 5242 2191 5314 6).
2235 5243 2289 5297 Si
2327 5259 2454 5315 ergo
2495 5244 2764 5316 diligendo
2805 5246 3134 5316 iniquitatem
3169 5249 3326 5306 odisti
3363 5254 3592 5307 animam

2011 5347 2174 5398 tuam,
2221 5334 2434 5390 miraris
2457 5335 2577 5406 quia
2619 5334 2775 5391 odisti
2823 5352 3124 5393 sermonem
3160 5339 3272 5409 Dei,
3319 5343 3407 5412 qui
3457 5331 3595 5399 be..e

2007 5429 2121 5484 vult
2145 5427 2337 5483 animae
2359 5435 2463 5483 tua:
2491 5429 2515 5482 ?
3241 5489 3244 5492 _

2077 5523 2132 5577 2.
2181 5521 2443 5592 Correptio
2485 5521 2717 5592 proximo
2760 5538 2859 5576 non
2890 5538 2953 5576 ea:
2976 5522 3091 5576 odio
3120 5523 3421 5579 adhibenda.
3455 5527 3596 5598 Ergo

2011 5614 2336 5679 taeebimus,
2377 5623 2430 5668 et
2475 5613 2744 5668 neminem
2781 5613 2999 5667 omnino
3036 5614 3386 5684 corripiemus
3412 5616 3433 5655 ‘l
3461 5618 3594 5672 Cor-

2008 5705 2263 5776 ripiamus
2290 5706 2465 5774 plane,
2497 5706 2588 5760 sed
2623 5706 2767 5775 prius
2808 5721 2926 5760 nos.
2973 5707 3274 5764 Proximum
3307 5709 3388 5764 vis
3426 5713 3596 5764 corri-

2008 5813 2139 5870 pere
2173 5815 2186 5851 :
2213 5796 2339 5852 nihil
2368 5805 2450 5853 est
2481 5796 2572 5850 tibi
2613 5805 2661 5851 te
2702 5796 2817 5867 ipso
2847 5798 3211 5871 propinquius.
3244 5799 3378 5868 Quid
3407 5799 3449 5855 is
3481 5801 3595 5856 Ion-
