4026 6362
524 317 659 380 11³99

524 640 632 677 sum
657 620 878 686 (Matth.
911 635 1039 685 xm,
1067 617 1192 688 39).
1218 616 1274 672 Si
1303 630 1430 686 ergo
1456 625 1507 670 te
1533 616 1704 684 ipsum
1747 629 1850 668 non
1895 613 2092 683 diligis,

525 714 821 783 proximum
861 708 1126 780 quomodo
1161 707 1385 778 diligis?
1424 706 1677 776 Regulam
1711 705 2010 760 dilectionis
2048 705 2100 760 in
2161 763 2166 766 _

524 803 822 872 proximum
857 817 922 854 ex
958 809 1009 856 te
1046 799 1316 868 accepisti.
1343 797 1508 868 Diligo
1542 812 1686 862 eum,
1717 796 1944 866 inquies.
1976 795 2100 850 Ideo

524 898 660 960 dico,
688 898 831 965 prius
863 904 914 950 te
948 894 1127 964 dilige,
1157 902 1212 948 et
1236 892 1322 947 die
1350 892 1462 946 libi.
1482 891 1537 946 Si
1576 899 1748 945 autem
1777 905 1900 944 vere
1925 904 1988 943 ex
2015 887 2100 942 di-

522 987 749 1042 lectione
786 986 939 1051 dicis,
971 984 1305 1040 manifestum
1333 991 1415 1038 est
1438 981 1576 1052 quod
1608 981 1747 1035 intus
1771 981 1878 1050 egit
1903 977 2100 1049 aliquid

519 1079 738 1134 verbum
775 1078 912 1149 quod
952 1077 1208 1148 procedit.
1238 1074 1344 1131 Sed
1375 1074 1663 1129 timendum
1703 1081 1786 1128 est
1819 1088 1887 1127 ne
1917 1080 1968 1126 te
1994 1087 2098 1125 non

518 1171 736 1241 diligas,
776 1180 831 1224 et
861 1170 993 1224 velis
1023 1169 1183 1222 alium
1219 1168 1508 1237 corripere,
1540 1175 1594 1220 et
1636 1164 1795 1219 facias
1843 1164 1942 1219 hoc
1977 1179 2098 1220 cum

518 1261 662 1315 odio.
705 1260 760 1315 Si
799 1270 973 1314 autem
1005 1259 1162 1314 odisti
1207 1259 1444 1324 fratrem,
1477 1257 1674 1312 leviora
1717 1256 1901 1325 objicis
1941 1268 2096 1326 quam

518 1351 664 1405 facis.
692 1350 790 1416 Qui
820 1351 922 1404 odit
941 1351 1146 1420 fratrem
1174 1365 1342 1415 suum,
1375 1349 1622 1403 homicida
1654 1359 1725 1402 est
1757 1347 1986 1420 (lloan.
2021 1365 2094 1414 ιιι,

519 1443 645 1512 15).
679 1441 933 1507 Audistis,
958 1439 1114 1494 hodie
1160 1440 1294 1494 lecta
1334 1450 1416 1494 est
1460 1440 1692 1510 Epistola
1729 1439 1967 1495 Joannis.
2013 1441 2098 1495 Ait

516 1531 811 1600 Scriptura,
844 1545 910 1585 ne
949 1537 1348 1602 contemnerent
1395 1529 1636 1584 homines
1677 1544 1794 1599 qua:
1829 1529 1970 1584 intus
2000 1529 2094 1583 ha-

518 1621 643 1676 bent
683 1623 733 1675 in
777 1621 961 1685 corde,
987 1630 1040 1675 et
1082 1621 1170 1675 illa
1201 1628 1513 1677 accusarent
1551 1636 1670 1691 qua:
1712 1619 1842 1674 fiunt
1870 1637 1960 1689 per
1979 1637 2099 1676 cor-

522 1728 641 1781 pus,
658 1712 766 1781 jam
788 1711 873 1780 qui
890 1711 994 1766 odit
1008 1715 1215 1782 fratrem
1229 1728 1394 1776 suum,
1413 1711 1563 1779 dixit,
1583 1712 1834 1766 homicida
1849 1722 1938 1766 est.
1955 1711 2098 1768 Non-

515 1803 639 1855 dum
668 1817 857 1856 manus
886 1811 1087 1856 armata
1122 1810 1224 1867 est,
1258 1801 1492 1856 nondum
1519 1803 1721 1857 faucem
1756 1803 1835 1873 (a)
1865 1803 2090 1869 obsedit,

515 1894 749 1949 nondum
777 1893 994 1949 insidias
1018 1894 1354 1964 preparavit,
1397 1893 1630 1949 nondum
1662 1909 1866 1950 venena
1895 1895 2093 1964 quzesi-

512 1989 602 2050 vit,
648 1995 701 2041 et
736 2002 855 2040 reus
884 1986 934 2040 in
971 1986 1140 2040 oculis
1169 1985 1258 2039 Dei
1286 1993 1543 2055 concepto
1571 1985 1694 2039 odio
1715 1985 1826 2055 jam
1859 1993 2091 2042 tenetur.

511 2079 697 2134 Adhuc
729 2079 857 2134 vivit
901 2094 1056 2149 quem
1093 2079 1282 2149 quaerit
1315 2077 1578 2145 occidere,
1619 2087 1673 2133 et
1695 2079 1951 2134 occidisse
1973 2079 2084 2148 jam

507 2168 792 2238 judicatnr.
835 2168 890 2223 Si
922 2183 1048 2238 ergo
1073 2184 1193 2222 cum
1221 2167 1344 2222 odio
1386 2168 1630 2238 corripis,
1666 2168 1834 2223 audes
1860 2169 2090 2239 aliquem

510 2256 770 2312 homicida
823 2259 1092 2328 corripere
1119 2257 1244 2312 ?An
1270 2259 1389 2328 quia
1421 2273 1524 2312 non
1549 2267 1598 2313 te
1628 2267 1808 2314 tenent
1827 2259 2088 2328 homines,

509 2361 562 2404 ct
601 2350 800 2405 ducunt
843 2360 894 2404 te
929 2349 996 2404 ad
1031 2349 1288 2418 judicem,
1337 2350 1456 2404 ideo
1492 2350 1542 2404 in
1571 2350 1739 2404 oculis
1776 2351 1967 2405 summi
1997 2351 2088 2407 Dei

508 2453 564 2498 ct
607 2443 798 2514 judicis
852 2459 957 2496 non
1003 2443 1247 2512 agnoscis
1288 2442 1487 2497 crimen
1531 2451 1676 2496 tuum
1709 2443 1733 2496 ?
1766 2441 1820 2498 Si
1871 2458 1974 2496 non
2011 2443 2091 2500 vis

508 2551 795 2606 agnoscere
846 2535 1045 2590 crimen
1102 2542 1284 2596 tuum,
1340 2549 1596 2605 agnosces
1647 2549 1857 2604 poenam
1923 2543 2086 2590 tuam.

507 2626 623 2682 Non
660 2627 800 2682 enim
828 2627 916 2681 ille
953 2627 1120 2697 parcit
1148 2626 1446 2682 homicidis.
1476 2627 1580 2682 Sed
1611 2629 1822 2698 corrigo
1867 2644 1974 2695 me,
2003 2630 2088 2683 in-

507 2719 645 2789 quis,
677 2733 795 2772 cum
825 2733 941 2772 sum
971 2718 1022 2772 in
1057 2718 1161 2772 via.
1191 2718 1405 2788 Corrige
1431 2733 1560 2788 ergo
1583 2728 1651 2785 te,
1681 2728 1738 2774 et
1781 2728 1907 2775 tunc
1942 2728 2091 2790 pote~

509 2809 584 2864 ris
615 2808 832 2864 fratrem
863 2809 1152 2878 corripere.
1183 2809 1401 2863 Leviora
1438 2809 1644 2880 objicis,
1676 2811 1914 2881 graviora
1944 2826 2089 2866 com-

508 2901 694 2955 mittis.
728 2899 998 2954 Festucam
1026 2900 1158 2952 vides
1191 2900 1242 2953 iu
1266 2901 1408 2954 oculo
1439 2901 1613 2970 fratris
1649 2903 1742 2970 tui,
1779 2905 1966 2956 trabem
1991 2919 2086 2956 au-

505 3002 606 3047 tem
629 2994 681 3046 in
711 2995 856 3048 oculo
883 3004 966 3048 tuo
991 3011 1091 3048 non
1125 2996 1258 3049 vides
1289 2993 1515 3066 (Matth.
1544 3012 1634 3063 vn,
1659 2995 1754 3069 5).
1796 2997 1908 3052 lloc
1945 2998 2086 3053 enim

505 3082 639 3136 dixit
680 3082 935 3138 Dominus
973 3093 1189 3154 propter
1219 3085 1460 3140 homines
1485 3085 1576 3156 qui
1615 3101 1734 3140 cum
1763 3085 1887 3141 odio
1913 3088 2086 3142 corri-

506 3174 677 3244 piunt.
720 3174 1037 3231 lrascentem
1071 3177 1316 3246 corripis,
1354 3185 1412 3232 et
1446 3185 1504 3231 tu
1545 3177 1670 3232 odio
1707 3178 2087 3234 contabescis?

505 3267 762 3338 Appeade
803 3268 854 3323 in
882 3277 1078 3326 statera
1116 3269 1558 3326 considerationis
1602 3272 1736 3326 iram
1781 3281 1836 3328 et
1880 3273 2082 3328 odium.

503 3360 639 3428 Quid
681 3371 762 3416 est
787 3361 861 3417 ira
887 3362 911 3416 7
936 3361 1135 3418 Fervor
1158 3363 1370 3432 quidam
1392 3362 1577 3419 animi.
1611 3365 1692 3419 Ad
1716 3380 1949 3436 praesens
1976 3366 2087 3422 dis-

504 3451 664 3522 plicet
686 3453 798 3507 tibi.
829 3452 944 3508 1am
966 3453 1017 3508 in
1049 3462 1099 3509 te
1129 3455 1204 3510 ira
1231 3455 1328 3509 ista
1354 3455 1643 3511 inveterata
1673 3465 1774 3520 est,
1815 3457 1934 3513 ideo
1963 3457 2086 3514 fecit

504 3544 704 3598 odium.
733 3543 812 3598 lra
844 3543 1041 3601 festuca
1082 3556 1185 3613 est,
1215 3548 1390 3602 trabes
1420 3547 1593 3602 futura
1625 3549 1934 3606 crescendo.
1965 3551 2083 3606 Sic-

508 3645 564 3689 ut
616 3636 760 3690 enim
792 3636 994 3692 festuca
1025 3639 1220 3693 crescit
1248 3639 1300 3693 in
1331 3639 1552 3705 trabem,
1583 3641 1658 3696 sic
1689 3641 1765 3694 ira
1794 3642 2084 3697 inveterata

506 3726 564 3781 fit
593 3727 793 3782 odium.
821 3727 936 3784 Jam
967 3736 1024 3783 tu
1043 3728 1220 3796 odisti,
1252 3737 1303 3784 et
1337 3731 1559 3799 corripis
1588 3732 1900 3786 irascentem
1932 3751 1944 3786 :
1974 3734 2083 3802 jam

507 3819 557 3872 iu
605 3819 694 3873 illo
721 3821 918 3874 festuca
956 3819 1219 3890 displicet,
1259 3820 1312 3874 in
1357 3829 1408 3875 te
1453 3821 1627 3876 adhuc
1673 3823 1848 3878 trabes
1895 3824 2081 3892 placet.

507 3910 683 3964 Vultis
705 3911 844 3966 scire
869 3920 1122 3981 quantum
1149 3909 1357 3966 intersit
1385 3913 1409 3964 ?
1432 3911 1585 3982 Stepe
1611 3913 1906 3968 invenimus
1929 3914 2083 3968 irasci

507 4010 684 4072 patres
722 4003 846 4060 filiis
887 4021 899 4058 :
931 4014 1130 4074 patrem
1166 4004 1344 4060 odisse
1383 4005 1547 4061 filium
1577 4005 1790 4062 difficile
1830 4009 2083 4063 invenies.

505 4091 640 4148 Filio
681 4109 839 4164 quem
882 4094 1069 4166 diligit,
1117 4096 1268 4152 irasci
1300 4106 1475 4166 potest
1517 4107 1667 4168 pater
1710 4115 1721 4150 :
1758 4098 2006 4152 Irascitur
2030 4107 2084 4152 et

504 4194 667 4254 amat,
700 4194 873 4256 potest
899 4185 1002 4242 dici
1031 4204 1046 4254 ;
1073 4188 1197 4242 Odit
1217 4197 1270 4242 et
1290 4198 1450 4252 amat,
1480 4205 1582 4243 non
1621 4197 1794 4259 potest
1822 4189 1946 4243 dici.
1975 4190 2086 4245 [loc

505 4276 610 4330 dixi
636 4285 852 4347 propter
892 4278 1135 4334 homines
1161 4280 1249 4348 qui
1282 4283 1484 4335 minora
1515 4281 1566 4336 in
1594 4281 1710 4334 aliis
1753 4282 1996 4351 pmiiunt,
2031 4282 2084 4336 in

505 4383 565 4423 se
591 4369 789 4436 majora
816 4384 921 4422 non
955 4370 1198 4438 puniunt.
1579 4420 1581 4422 .

576 4457 628 4514 3.
655 4458 941 4513 Conclusio.
965 4459 1090 4514 Haec
1115 4475 1269 4530 ergo,
1311 4460 1502 4516 fratres
1548 4461 1845 4516 charissimi
1877 4504 1892 4528 ,
1941 4463 2084 4518 salu-

507 4550 673 4606 briter
697 4551 1012 4621 cogitantes,
1041 4549 1294 4606 faciamus
1317 4550 1577 4606 amicitias
1615 4565 1737 4606 cum
1779 4551 2084 4608 adversario

506 4650 709 4708 nostro,
737 4642 861 4697 dum
891 4657 1078 4697 sumus
1102 4641 1156 4696 in
1181 4641 1264 4696 via
1292 4655 1414 4696 cum
1441 4640 1561 4708 illo;
1588 4641 1691 4698 hoc
1715 4651 1820 4709 est,
1852 4657 2082 4699 consen-

507 4733 701 4789 tiamus
723 4735 885 4790 verbo
906 4733 1020 4799 Dei,
1035 4733 1159 4789 dum
1181 4733 1355 4789 adhuc
1376 4748 1556 4788 sumus
1580 4734 1635 4788 in
1671 4733 1771 4790 hac
1790 4735 1896 4791 vita
1921 4753 1934 4791 :
1958 4734 2083 4806 quia

507 4834 689 4896 postea
716 4842 837 4882 cum
862 4827 930 4882 de
959 4826 1059 4884 hoc
1083 4828 1280 4884 saeculo
1309 4827 1678 4884 transierimus
1697 4869 1714 4893 ,
1750 4829 1892 4885 nulla
1932 4843 2077 4884 eom-

507 4918 701 4987 positio
728 4918 811 4973 vel
833 4918 1005 4989 aliqua
1033 4919 1322 4975 satisfactio
1350 4919 1662 4976 remanebit.
1693 4919 1862 4976 Judex
1892 4929 2078 4989 restat,

507 5017 560 5063 et
588 5009 850 5076 minister,
881 5019 935 5065 et
958 5024 1162 5065 carcer.
1207 5009 1278 5066 Ut
1306 5025 1432 5082 ergo
1480 5011 1597 5068 haec
1627 5015 1826 5078 omnia,
1857 5011 2082 5069 Domino

508 5100 816 5168 auxiliante,
847 5101 1112 5172 possimus
1136 5101 1378 5171 implere,
1433 5101 1711 5175 diligamus
1768 5110 1881 5159 toto
1920 5099 2080 5159 corde

507 5207 612 5247 non
639 5192 810 5247 solum
839 5192 1040 5248 amicos
1063 5232 1078 5258 ,
1107 5192 1201 5248 sed
1231 5194 1388 5248 etiam
1434 5194 1675 5251 inimicos
1704 5213 1716 5249 :
1749 5196 1881 5251 utin
1927 5197 2080 5253 nobis

507 5283 790 5354 impleatur
819 5282 944 5338 illud
971 5283 1108 5354 quod
1158 5285 1411 5355 scriptum
1440 5295 1539 5352 est,
1573 5286 1756 5342 Omnis
1794 5288 1876 5342 lex
1899 5288 1949 5342 in
1980 5304 2080 5342 uno

506 5389 735 5428 sermone
760 5371 1027 5442 impleatur
1050 5373 1101 5428 in
1130 5375 1286 5442 vobis,
1317 5374 1513 5446 Diliges
1553 5377 1839 5446 proximum
1896 5387 2034 5430 tuum
2063 5419 2078 5442 ,

505 5474 747 5534 tanquam
773 5473 819 5518 te
837 5464 1004 5532 ipsum
1032 5463 1050 5533 (
1075 5462 1244 5518 Galat.
1276 5479 1333 5532 ν,
1385 5465 1450 5519 14
1475 5465 1492 5533 )
1519 5480 1534 5528 ;
1575 5473 1628 5519 et
1653 5465 1777 5520 illud
1801 5509 1815 5532 ,
1847 5466 2080 5522 Charitas

507 5555 668 5624 operit
692 5553 1060 5608 multitudinea
1089 5565 1406 5622 peccatorum
1437 5555 1487 5624 (Ι
1522 5554 1660 5610 Petr.
1692 5573 1765 5624 tv,
1794 5558 1886 5628 8).
1911 5557 2078 5624 Quam

569 5729 642 5790 (a)
667 5729 712 5778 td
737 5737 830 5790 est,
851 5731 1005 5780 locum
1022 5731 1203 5781 insidiis
1222 5740 1556 5794 Opportunum.

1755 313 1812 369 S.
1856 311 2217 370 AUGUSTlNl
2261 309 2564 373 EPISCOPI

521 453 585 508 ge
625 437 750 492 ?Te
773 435 936 491 habes
982 442 1105 489 ante
1160 441 1228 488 te.
1274 423 1409 500 Quid
1448 431 1588 485 enim
1638 430 1887 484 Dominus
1913 431 1984 484 ait
2010 446 2104 500 per

523 530 849 600 Seripluram
879 529 902 581 ἰν
937 526 1128 597 Diliges
1170 526 1453 595 proximum
1481 535 1619 577 tuum
1661 533 1898 592 tanquam
1937 533 1983 575 te
2022 523 2104 592 ip-

3653 313 3788 391 tino

2212 447 2323 486 rem
2354 433 2466 501 ipse
2495 435 2582 505 qui
2614 445 2696 492 est
2724 452 2846 494 vera
2868 439 3127 507 eharitas,
3152 442 3304 499 nobis
3331 458 3582 515 prmStare
3599 449 3786 520 digne-

2214 529 2318 588 tur,
2348 524 2435 591 qui
2463 539 2582 580 cum
2613 526 2766 583 Patre
2787 537 2842 584 et
2864 528 3065 600 Spiritu
3111 543 3294 589 sancto
3332 535 3460 592 vivit
3504 548 3559 594 et
3599 551 3789 611 regnat

2207 611 2346 668 Deus
2375 614 2429 670 in
2457 615 2672 682 saecula,
2695 627 2802 673 etc.

2574 729 2800 786 SERMO
2834 731 3276 790 CCCLXXXVIII
3307 737 3406 810 (a).

2549 819 2627 875 De
2653 823 2897 893 faciendis
2922 826 3266 898 eleemosynis,
3297 845 3312 883 t
3339 831 3438 900 (b).

2275 922 2326 982 l.
2359 928 2432 984 De
2457 931 2578 984 solis
2615 932 2939 1004 eleemosynis
2979 938 3162 992 utentia
3191 939 3250 1006 ﬁt
3278 940 3330 993 in
3361 940 3538 995 ultimo
3557 945 3785 1014 judicio.

2205 1020 2384 1076 Lectio
2412 1024 2531 1088 ista,
2579 1023 2789 1091 fratres,
2821 1043 2978 1097 quam
3023 1030 3182 1086 modo
3219 1033 3514 1090 audivimus
3541 1039 3608 1093 de
3656 1054 3788 1093 san-

2203 1124 2288 1168 cto
2327 1115 2644 1186 Evangelio,
2689 1118 2755 1172 ad
2797 1119 3164 1193 eleemosynas
3205 1122 3470 1180 faciendas
3515 1143 3611 1183 nos
3663 1129 3808 1184 hora.

2205 1215 2388 1261 tatur:
2427 1218 2482 1263 et
2523 1209 2601 1264 sic
2640 1209 2902 1279 hortatur,
2947 1221 3005 1268 ut
3047 1215 3098 1268 in
3144 1214 3342 1285 judicio
3391 1235 3488 1272 suo
3527 1220 3786 1276 Dominus

2205 1298 2299 1353 has
2324 1301 2468 1355 solas
2513 1303 2671 1357 factas
2699 1305 2921 1373 imputet
2966 1305 3205 1374 dextris,
3260 1309 3355 1362 has
3384 1311 3525 1366 solas
3569 1328 3676 1366 non
3704 1302 3805 1367 fa»l

2201 1401 2312 1447 etas
2343 1393 2564 1463 imputet
2606 1395 2832 1452 sinistris
2862 1395 3077 1468 (Matth.
3132 1401 3259 1466 xxv,
3301 1393 3390 1467 51,
3429 1403 3522 1475 46)
3551 1404 3643 1476 (c).
3667 1405 3783 1460 Non

2201 1499 2307 1555 quo
2353 1496 2543 1540 cmtera
2593 1487 2726 1542 facta
2773 1487 3043 1545 hominum
3090 1491 3172 1546 vel
3217 1493 3354 1547 bona
3382 1496 3464 1549 vel
3508 1496 3642 1549 mala
3676 1513 3784 1552 non

2201 1578 2415 1632 veniant
2476 1579 2527 1633 in
2588 1579 2887 1649 judicium;
2950 1582 3204 1652 scriptum
3253 1594 3334 1639 est
3385 1586 3560 1650 enim,
3602 1589 3784 1643 omnia

2202 1677 2420 1724 ventura
2471 1671 2538 1724 ad
2585 1670 2840 1740 judicium
2883 1670 3090 1742 (Eccle.
3145 1690 3238 1740 xu,
3295 1675 3449 1746 ll):
3495 1687 3546 1733 et
3602 1688 3784 1734 tamen

2200 1774 2308 1813 non
2332 1760 2492 1830 elegit
2519 1761 2770 1817 Dominus
2795 1772 2981 1818 noster
3013 1763 3168 1819 Jesus
3213 1764 3475 1833 Christus,
3525 1784 3785 1839 praenunA

2201 1849 2337 1904 tians
2387 1851 2542 1906 nobis
2585 1851 2842 1921 judicium
2897 1867 3051 1908 suum
3103 1865 3416 1922 venturum;
3467 1873 3572 1912 non
3618 1859 3783 1929 elegit

2201 1941 2344 1998 unde
2365 1957 2464 1997 nos
2484 1942 2817 2012 admoneret,
2842 1945 2943 2000 nisi
2997 1947 3140 2001 solas
3183 1947 3569 2020 eleemosynas.
3614 1951 3785 2006 Num-

2127 2083 2134 2094 .
2199 2032 2323 2106 quid
2353 2034 2554 2091 dextris
2597 2051 2703 2091 non
2731 2037 2832 2092 erit
2856 2037 3136 2092 dicendum
3168 2039 3335 2106 :Quia
3362 2051 3505 2096 caste
3534 2044 3740 2098 vixistis
3765 2086 3782 2110 ,

2197 2127 2320 2197 quia
2356 2141 2445 2183 res
2487 2127 2687 2182 alienas
2737 2144 2841 2184 non
2893 2131 3140 2200 rapuistis
3167 2169 3182 2199 ,
3225 2135 3346 2202 quia
3401 2134 3555 2189 fidem
3603 2152 3782 2192 meam

2198 2235 2365 2290 usque
2412 2220 2480 2275 ad
2526 2223 2838 2292 sanguinem
2902 2223 3130 2278 confessi
3201 2226 3355 2281 estis?
3402 2226 3591 2282 Omnia
3635 2231 3781 2285 enim

2195 2309 2332 2365 facta
2364 2311 2462 2365 ista
2493 2311 2632 2366 bona
2668 2328 2886 2368 necesse
2906 2322 2992 2369 est
3020 2313 3270 2373 honorari
3302 2317 3354 2370 in
3397 2317 3598 2387 judicio
3651 2320 3782 2376 Jesu

2197 2400 2415 2456 Christi.
2445 2401 2649 2457 Rursus
2678 2405 2872 2473 putatis
2893 2421 2997 2460 non
3026 2419 3146 2461 esse
3180 2406 3463 2463 dicendum
3497 2411 3729 2466 sinistris
3765 2427 3780 2466 :

2195 2491 2326 2559 Quia
2353 2492 2522 2549 fuistis
2566 2496 2850 2565 impudici,
2883 2497 3006 2568 quia
3055 2497 3295 2554 fornicati
3325 2502 3452 2557 estis
3477 2545 3492 2568 ,
3533 2505 3659 2573 quia
3692 2521 3782 2560 res

2195 2585 2396 2640 alienas
2425 2588 2705 2656 rapuistis,
2739 2591 2858 2658 quia
2885 2591 3132 2660 superbia
3165 2601 3338 2647 vestra
3386 2603 3443 2648 et
3470 2597 3623 2651 malis
3656 2614 3780 2652 meo

2193 2677 2339 2732 ribus
2370 2694 2560 2732 nomen
2606 2695 2780 2734 meum
2826 2681 3444 2753 blasphemarilecistis,
3489 2696 3544 2742 et
3581 2697 3779 2745 cmtcra

2193 2783 2418 2838 quaeque
2474 2773 2775 2826 enumerat?
2821 2772 2982 2828 Tacet
3036 2784 3212 2829 tamen
3269 2777 3523 2834 Dominus
3570 2791 3778 2850 noster,

2193 2862 2558 2930 pra'nuntians
2610 2865 2762 2919 nobis
2804 2864 3061 2934 judicium
3122 2881 3313 2936 suum,
3363 2871 3539 2926 omnia
3579 2884 3780 2929 caetera

2191 2962 2336 3007 recta
2355 2953 2486 3009 facta
2512 2954 2799 3023 iustorum,
2816 2965 2870 3011 ct
2891 2957 3031 3012 solas
3047 2958 3415 3031 eleemosynas
3432 2977 3549 3016 com
3559 2977 3776 3018 memo-

2191 3044 2573 3117 raredignatus
2593 3055 2692 3102 est.
2733 3048 2918 3103 Tacuit
2969 3050 3146 3104 omnia
3193 3052 3329 3106 mala
3383 3052 3520 3109 facta
3560 3055 3779 3126 iniquo.

2197 3151 2336 3204 rum,
2359 3145 2412 3192 et
2437 3138 2603 3193 solam
2634 3139 2964 3194 sterilitatem
3006 3141 3364 3213 eleemosyna:
3391 3143 3775 3215 increpandam

2192 3243 2311 3285 esse
2332 3229 2609 3298 judicavit,
2631 3229 2844 3285 nonnisi
2881 3229 2948 3286 ad
2974 3245 3072 3287 nos
3106 3233 3540 3289 commonendos.
3597 3235 3779 3303 Quare

2194 3322 2336 3378 hoc?
2361 3321 2496 3391 Quia
2749 3323 2972 3380 crimina
3012 3325 3370 3396 elecmosynis
3413 3327 3775 3383 redimuntur.

2192 3412 2476 3468 ldeoillam
2499 3412 2734 3468 laudavit
2778 3414 3195 3481 fecunditatem,
3239 3415 3398 3471 istam
3440 3418 3674 3488 culpavit
3721 3427 3780 3474 et

2189 3504 2464 3560 damnavit
2490 3503 2813 3560 ariditatem.

2263 3595 2316 3649 2.
2351 3593 2701 3666 Eleemosynce
2749 3611 2843 3667 pro
2889 3596 3202 3667 gravioribus
3247 3599 3460 3668 peccatis
3500 3616 3600 3654 non
3651 3618 3780 3671 pro-

2190 3695 2326 3749 sunt,
2357 3686 2453 3741 nisi
2479 3702 2640 3740 mores
2666 3697 2940 3742 mutentur.
2965 3686 3128 3742 Nemo
3169 3689 3248 3742 hic
3275 3690 3383 3743 sine
3411 3701 3632 3761 peccato.
3661 3692 3777 3748 Sed

2190 3776 2328 3846 quod
2349 3777 2574 3832 audistis
2593 3817 2608 3842 ,
2637 3777 2813 3832 omnia
2845 3777 3141 3834 malefacta
3167 3780 3520 3852 eleemosynis
3556 3783 3776 3848 redimi,

2190 3869 2356 3924 nolite
2380 3869 2458 3924 sic
2479 3869 2793 3939 intelligere,
2823 3877 2881 3924 ut
2903 3869 3200 3940 intelligunt
3240 3871 3452 3941 quidam
3510 3877 3774 3942 perversi.

2191 3960 2560 4032 Eleemosyna:
2579 3961 2722 4016 enim
2749 3972 2974 4031 possunt
3010 3962 3104 4018 tibi
3140 3964 3394 4033 prodesse
3437 3966 3503 4021 ad
3544 3967 3776 4025 delenda

2189 4060 2404 4120 peccata
2445 4052 2734 4121 praeterita,
2765 4055 2808 4108 si
2853 4069 3033 4110 mores
3078 4057 3384 4112 mutaveris.
3413 4057 3669 4113 Siautem
3720 4061 3776 4114 in

2190 4141 2392 4196 eisdem
2423 4143 2573 4197 malis
2601 4157 2936 4212 perseveras,
2955 4145 3310 4216 eleemosyuis
3359 4147 3464 4201 tuis
3498 4163 3606 4203 non
3647 4163 3754 4204 cor

2188 4232 2393 4301 rumpis
2414 4232 2668 4303 judicem.
2699 4235 2811 4305 Ego
2831 4234 2951 4290 dico
2980 4244 3199 4305 propter
3228 4236 3313 4290 illa
3340 4238 3543 4293 scelera
3585 4248 3638 4293 et
3665 4241 3766 4294 cri-

2189 4322 2354 4390 mina,
2378 4337 2496 4393 quze
2520 4339 2705 4380 omnes
2727 4325 2888 4380 modo
2901 4325 3070 4382 vitare
3088 4326 3285 4382 debent
3306 4368 3320 4392 ,
3363 4329 3452 4398 qui
3500 4330 3780 4399 accipiunt

2189 4427 2384 4483 corpus
2408 4413 2606 4468 Christi
2635 4425 2689 4470 et
2712 4416 3044 4486 sanguinem.
3092 4417 3355 4472 Cancrum
3413 4435 3515 4473 non
3565 4437 3649 4475 me
3693 4422 3778 4476 la-

2189 4511 2287 4569 tet,
2323 4504 2484 4558 vitam
2512 4505 2664 4561 istaut
2708 4505 2987 4561 mortalem
3025 4514 3080 4561 et
3125 4507 3178 4561 in
3221 4522 3382 4564 carne
3436 4512 3777 4580 corruptibili

2189 4595 2553 4662 constitutam,
2579 4595 2695 4651 sine
2721 4597 2954 4666 peccatis
2998 4610 3120 4652 esse
3145 4614 3251 4654 non
3299 4614 3456 4670 posse
3482 4618 3496 4654 :
3527 4602 3621 4658 sed
3678 4605 3779 4660 illa

2189 4684 2494 4755 quotidiana
2519 4695 2574 4742 et
2599 4687 2734 4742 levia
2777 4687 2974 4743 habent
3021 4688 3185 4744 etiam
3209 4704 3306 4746 sua
3349 4691 3556 4747 lavacra
3585 4696 3778 4763 quoti-

2189 4775 2366 4834 diana.
2394 4777 2507 4833 Hoc
2526 4777 2764 4848 estquod
2792 4786 2975 4848 pectus
2999 4779 3272 4837 tundimus
3293 4823 3307 4846 ,
3355 4789 3410 4837 e:
3436 4782 3661 4838 dicimus
3719 4787 3778 4842 in

2189 4871 2429 4927 oratione
2456 4871 2681 4926 Domino
2713 4871 2822 4926 Deo
2850 4879 3052 4938 nostra,
3082 4871 3294 4928 Dimitte
3321 4875 3462 4930 nobis
3491 4875 3655 4930 debita
3677 4895 3779 4933 ηο·

2189 4973 2314 5030 stra,
2341 4964 2467 5017 sicut
2495 4973 2540 5017 et
2571 4979 2661 5018 nos
2687 4963 2984 5019 dimittimus
3011 4965 3316 5022 debitoribus
3342 4967 3525 5022 nostris
3545 4961 3773 5038 (Matth.

2251 5125 2270 5145 ⁶
2293 5123 2577 5173 Emendatus
2598 5123 2658 5173 ad
2695 5125 2817 5173 duos
2846 5123 2906 5173 cl.
2941 5123 2998 5173 ad
3021 5138 3095 5186 gr.
3120 5137 3162 5172 r.
3197 5137 3288 5172 rm.
3316 5136 3361 5173 ν.
3391 5130 3443 5173 et
3463 5123 3522 5173 ad
3549 5132 3650 5173 Am.
3691 5131 3774 5178 ΕΓ.

2189 5193 2291 5235 Par.
2310 5193 2418 5234 Lor.

2250 5248 2322 5308 (a)
2347 5244 2489 5305 Alias,
2519 5246 2572 5296 l9
2595 5248 2722 5296 inter
2746 5245 2968 5296 Homilies

2255 5249 2302 5308 [α
2347 5249 2489 5305 Alias,
2519 5249 2572 5296 l9
2595 5249 2722 5296 inter
2746 5249 2968 5296 Homilies

2255 5249 2322 5371 (b3
2356 5309 2537 5357 Dubius
2559 5308 2665 5371 fuit?
2683 5309 3071 5371 Lovaniensibus,
3091 5306 3283 5371 verlino
3306 5309 3499 5369 sturius
3520 5310 3652 5356 visus
3664 5319 3773 5371 est,

2188 5367 2422 5432 vindingo
2455 5377 2618 5418 autem
2656 5367 2970 5432 interpolatus
2994 5377 3046 5418 et
3086 5369 3298 5432 vitiatus.
3336 5367 3494 5432 Verba
3535 5368 3777 5419 nonnulla

2187 5429 2447 5493 improprie
2489 5439 2736 5492 usurpata,
2779 5429 2929 5493 veluti
2967 5443 3076 5478 cum
3118 5429 3288 5493 dicitur
3313 5444 3360 5478 n.
3396 5431 3452 5489 ‘3,
3484 5449 3506 5476 ι
3531 5432 3778 5491 extinguo

2197 5511 2217 5538 α
2235 5491 2393 5541 omnia
2419 5491 2642 5552 peccata,
2669 5507 2691 5535 »
2721 5505 2808 5553 pro
2829 5492 3015 5554 redimo
3049 5498 3099 5541 et
3133 5491 3333 5551 aboleo;
3377 5504 3615 5554 moxque,
3648 5508 3669 5554 ᾳ
3698 5499 3778 5540 ta-

2195 5574 2216 5601 ι
2241 5567 2355 5624 mea
2379 5554 2666 5624 exstinguis,
2691 5569 2713 5597 ν
2744 5553 2950 5624 prqfinis
2973 5561 3166 5613 peccata
3182 5585 3196 5608 ,
3221 5564 3310 5601 seu
3326 5553 3528 5624 peccare
3549 5553 3771 5624 desinis:

2189 5624 2241 5665 et
2273 5614 2701 5665 universim'stilus
2745 5614 2920 5675 indicat
2957 5626 3232 5663 sermonem
3256 5627 3350 5663 non
3381 5616 3509 5662 0mm
3535 5627 3598 5664 ex
3623 5622 3776 5675 parte

2189 5691 2304 5726 esse
2329 5675 2736 5738 Augustinianum.
2753 5674 3022 5738 simillimus
3042 5688 3158 5726 vero
3179 5683 3253 5724 est
3273 5678 3414 5726 trium
3437 5674 3772 5738 superiorum.

2257 5739 2324 5801 (ι’)
2361 5736 2472 5787 κί’(ιρ
2497 5750 2644 5787 serm.
2668 5738 2746 5799 60,
2771 5752 2818 5785 n.
2840 5736 2887 5786 9.
