4062 6368
312 341 442 397 1701

311 477 386 525 vi,
419 459 526 529 ιε).
557 457 673 514 Non
702 458 842 515 enim
872 457 987 513 sine
1011 471 1170 513 causa
1210 457 1312 512 hoc
1350 454 1598 518 dicimus,
1628 463 1718 509 aut
1771 462 1901 502 vero

307 553 426 621 ipse
452 549 686 606 cmlestis
713 549 963 620 magister
983 549 1202 604 doceret
1226 549 1380 604 istam
1432 549 1725 604 orationem
1750 590 1764 614 ,
1798 547 1897 602 nisi

306 659 411 698 nos
435 652 744 713 peccatores
773 657 891 699 esse
911 641 1248 713 praevideret.
1280 640 1428 696 Vidit
1456 641 1598 695 enim
1644 655 1763 710 quae
1807 651 1901 695 ca-

307 749 439 790 vere
468 734 778 800 debeamus,
805 744 857 789 ct
883 733 1148 804 viditqute
1176 749 1368 789 cavere
1395 731 1613 787 difﬁcile
1643 732 1731 787 sit.
1763 731 1896 786 Om-

307 828 403 882 nia
437 817 614 882 autem
659 840 851 882 cavere
894 825 1224 896 impossibile
1269 839 1388 880 esse
1436 823 1752 895 judicavit‘,
1810 823 1902 893 qui

309 920 472 974 istam
500 919 797 974 orationem
824 917 1183 990 quotidianam
1211 958 1226 982 ,
1281 932 1388 971 non
1440 916 1704 986 quoslibet
1741 911 1900 969 Chri-

309 1012 542 1078 stianos,
570 1009 666 1066 sed
692 1011 838 1080 ipsos
878 1010 1075 1066 arietes
1111 1010 1393 1081 Apos‘tolos
1419 1009 1616 1081 decuit.
1648 1007 1749 1063 Ubi
1799 1023 1895 1086 au-

310 1106 421 1158 tem
451 1102 688 1173 Apbstoli
711 1113 893 1173 pectus
909 1099 1163 1169 tundunt,
1187 1112 1240 1158 et
1266 1101 1467 1163 dicunt,
1500 1088 1709 1155 Dimitte
1757 1100 1898 1154 nobis

309 1194 482 1247 debita
507 1205 695 1260 nostra,
719 1193 821 1249 hoc
870 1203 972 1260 est,
1024 1202 1247 1264 peccata
1297 1205 1514 1259 nostra,
1542 1192 1698 1247 audet
1726 1193 1900 1262 aliqua

311 1284 523 1338 ovicula
567 1285 845 1354 superbire
895 1283 963 1339 de
1010 1284 1254 1354 iustitia?
1284 1283 1471 1338 Videte
1520 1283 1691 1353 qualis
1742 1283 1904 1338 fuerit

310 1375 551 1430 Joannes
571 1375 845 1444 apostolus
878 1393 892 1428 :
925 1391 1083 1444 supra
1117 1384 1301 1445 pectus
1349 1374 1553 1429 Domini
1599 1374 1902 1429 discumbe-

307 1465 426 1532 bat,
455 1467 524 1522 de
542 1469 649 1522 alto
678 1467 924 1522 illofon’te
946 1466 1221 1537 sapientia:
1269 1472 1472 1522 secreta
1511 1467 1743 1522 bibebat.
1770 1455 1902 1524 lude

310 1561 457 1614 enim
487 1559 620 1614 bibit
643 1559 782 1630 quod
827 1560 879 1614 in
914 1560 1200 1630 Evangelio
1239 1559 1521 1626 eructavit,
1554 1558 1620 1612 lu
1651 1559 1901 1629 principio

309 1664 421 1708 erat
460 1654 693 1718 Verbum,
723 1664 772 1708 et
808 1653 1021 1707 Verbum
1045 1663 1151 1708 erat
1180 1651 1320 1724 apud
1349 1650 1540 1715 Deum,
1573 1662 1617 1706 et
1634 1651 1772 1706 Deus
1796 1662 1904 1706 erat

320 1745 544 1802 Verbum
590 1746 782 1820 (Joan.
809 1761 850 1813 ι,
881 1745 970 1818 i).
1028 1747 1095 1801 Et
1141 1747 1355 1802 assidue
1397 1750 1621 1802 testatur
1663 1746 1904 1815 Evange-

310 1840 464 1906 lium,
496 1839 635 1909 quod
667 1838 921 1892 Dominus
949 1838 1212 1908 pra‘cipne
1254 1838 1428 1908 ipsum
1478 1824 1731 1908 diligebat
1774 1835 1896 1906 (Id.

312 1948 429 1995 χιιι,
453 1931 527 1986 23
554 1940 601 1984 et
622 1946 740 1996 χιιι,
768 1928 883 1998 20).
916 1930 981 1984 Ει
1027 1939 1202 1984 tamen
1232 1930 1334 1996 ait,
1384 1928 1445 1985 Si
1480 1923 1755 1984 dixerimus
1782 1929 1902 1997 quia

311 2034 577 2096 peccatum
622 2034 723 2077 nan
766 2019 1003 2077 habemus
1023 2063 1038 2085 ,
1088 2029 1180 2076 nos
1207 2023 1343 2094 ipsos
1372 2021 1671 2091 decipimus,
1699 2031 1746 2076 et
1775 2022 1901 2076 veri-

310 2129 389 2173 tas
417 2120 467 2172 in
508 2119 649 2172 nobis
679 2135 781 2173 non
811 2127 882 2172 est
939 2117 988 2188 (Ι
1013 2114 1170 2171 Joau.
1207 2116 1345 2185 1,8}.
1397 2115 1506 2171 Nec
1550 2122 1727 2171 tamen
1776 2116 1897 2190 quia

309 2211 412 2266 ista
434 2210 704 2277 dicuntur,
727 2209 888 2264 debet
914 2210 1190 2280 quisquam
1215 2224 1434 2265 securus
1457 2224 1580 2270 esse
1607 2209 1894 2279 homicida,

309 2303 356 2356 si
389 2311 608 2372 propter
633 2301 972 2370 quotidianas
999 2301 1376 2360 fornicatiOnes
1410 2314 1463 2360 et
1484 2305 1758 2360 latrocinia
1801 2319 1895 2361 sua

307 2393 521 2445 venerit
543 2390 742 2457 dicere,
771 2391 980 2451 Dimitte
999 2391 1140 2451 uobis
1167 2396 1330 2452 debita
1360 2405 1552 2450 nostra.
1576 2394 1726 2462 Quod
1758 2397 1899 2451 enim

310 2483 459 2540 Deus
487 2485 671 2544 statuit
699 2489 935 2560 quotidie
958 2489 1063 2545 dici
1108 2498 1322 2560 propter
1369 2489 1503 2544 levia
1533 2497 1781 2559 peccata,
1813 2489 1901 2544 illc

310 2589 468 2649 putat
493 2581 559 2635 ad
587 2579 674 2636 illa
703 2581 882 2652 gravia
909 2581 1008 2637 sibi
1032 2596 1189 2650 posse
1218 2580 1499 2650 opitulari,
1522 2595 1550 2634 a
1574 2581 1766 2650 quibus
1791 2597 1899 2636 non

311 2671 428 2725 Vult
447 2670 744 2736 discedere,
772 2671 866 2726 sed
895 2673 947 2726 in
975 2670 1060 2727 his
1096 2672 1242 2742 cupit
1269 2680 1528 2742 perpetuo
1558 2687 1894 2742 permanere.

312 2761 530 2816 Tundat
553 2772 606 2817 et
631 2763 699 2818 de
729 2762 809 2818 his
838 2771 1044 2832 pectus,
1078 2762 1232 2818 faciat
1257 2771 1310 2818 et
1339 2778 1436 2833 pro
1480 2763 1563 2817 his
1599 2763 1899 2834 elecmosy-

312 2867 434 2918 nas,
460 2852 554 2908 sed
583 2853 689 2907 vita
719 2861 918 2908 mutata
953 2876 966 2907 :
997 2854 1121 2909 inde
1158 2853 1394 2921 recedat,
1434 2864 1490 2909 et
1530 2855 1632 2910 huc
1657 2855 1898 2910 accedat.

309 2945 370 3001 Si
404 2956 580 3001 autem
607 2947 802 3002 dixerit
822 2949 874 3003 in
897 2947 1078 3005 animo
1105 2964 1224 3016 suo,
1255 2949 1312 3006 Si
1349 2949 1654 3020 quotidiana
1710 2950 1900 3006 faciam

312 3037 617 3105 latrocinia,
636 3047 692 3094 et
713 3039 758 3095 si
783 3040 1106 3110 quotidianis
1136 3039 1563 3110 corruptionibus
1588 3040 1902 3098 adulterinis

310 3145 404 3186 me
430 3132 806 3198 contaminem,
836 3145 892 3187 et
917 3133 963 3187 si
989 3133 1269 3204 sortilegOs
1300 3149 1538 3204 quaeram
1562 3175 1577 3200 ,
1623 3134 1781 3192 idolis
1812 3150 1901 3213 sa-

309 3221 582 3286 criﬁcem,
611 3221 1021 3279 mathematicos
1047 3225 1341 3292 consulam,
1381 3234 1484 3281 eta
1509 3226 1598 3281 tali
1634 3227 1740 3282 vita
1781 3242 1902 3283 om-

309 3314 446 3368 nino
472 3329 580 3368 non
606 3314 850 3370 recedam
877 3357 892 3382 ,
923 3314 1123 3371 faciens
1163 3325 1340 3372 tamen
1378 3318 1710 3388 quotidianus
1752 3319 1900 3375 cice-

310 3419 569 3477 mosynas
592 3405 877 3476 exstinguo
893 3408 1070 3462 omnia
1099 3416 1314 3478 peccata
1344 3427 1358 3460 :
1391 3418 1566 3465 tamen
1583 3411 1900 3482 exstinguis,

311 3496 411 3552 sed
436 3512 560 3552 cum
586 3498 960 3568 exstingueris.
993 3499 1082 3554 Sic
1134 3499 1276 3554 enim
1327 3500 1418 3554 tibi
1455 3501 1556 3556 erit
1604 3501 1706 3556 ista
1749 3516 1902 3557 com-

310 3588 542 3644 mutatio
563 3597 650 3645 tua
682 3589 848 3655 mala,
882 3597 940 3644 ut
968 3606 1073 3645 non
1096 3591 1237 3646 desit
1273 3592 1362 3662 qui
1406 3591 1474 3647 de
1527 3602 1579 3648 te
1622 3593 1787 3656 dicat.
1831 3595 1901 3650 Et

309 3680 485 3734 adhuc
510 3680 771 3751 pusillum,
794 3691 840 3735 et
860 3683 1075 3736 non-erit
1104 3696 1368 3752 peccator;
1419 3692 1464 3737 et
1493 3699 1687 3753 quaeres
1735 3687 1902 3741 locum

311 3773 444 3841 ejus,
474 3781 520 3825 et
549 3787 650 3826 non
669 3773 908 3828 invenies.
954 3771 1066 3827 Vidi
1094 3775 1307 3845 impium
1337 3793 1489 3843 super
1514 3777 1690 3832 cedros
1720 3777 1902 3834 Libani

312 3863 634 3917 exaltarimt
678 3863 909 3931 transivi,
938 3874 984 3919 et
1013 3881 1122 3918 ecce
1153 3883 1255 3920 non
1284 3875 1431 3931 erat;
1471 3876 1518 3922 et
1563 3869 1801 3938 qutvsivi,
1853 3880 1902 3923 et

311 3972 419 4008 non
447 3964 520 4009 est
547 3956 774 4011 iuventus
803 3955 942 4010 locus
967 3957 1076 4026 ejus
1104 3957 1120 4027 (
1143 3956 1286 4012 Psul.
1307 3975 1495 4024 xxxvr,
1522 3960 1589 4014 lO
1608 4000 1621 4024 ,
1651 3961 1741 4026 55,
1767 3959 1897 4030 56).

313 4047 552 4102 Pereunt
589 4063 715 4120 ergo
763 4057 980 4119 peccata
1019 4057 1127 4116 tua,
1157 4049 1250 4105 sed
1293 4059 1487 4106 tecum.
1537 4052 1653 4106 Non
1677 4054 1830 4121 enim
1849 4055 1900 4109 in

311 4138 561 4208 gehenna
584 4154 809 4209 peccare
836 4140 1179 4211 permittcris,
1205 4148 1298 4195 aut
1319 4157 1441 4196 cum
1470 4152 1520 4198 te
1549 4144 1773 4212 C(Ichl‘il
1795 4153 1905 4200 tor-

311 4245 485 4300 quere
505 4230 907 4301 ignisazternus,
937 4231 1004 4286 de
1047 4231 1303 4288 satiandis
1350 4232 1658 4289 libidinibus
1699 4236 1902 4305 cogita-

313 4322 423 4378 bis.
457 4323 687 4379 Pereunt
703 4339 830 4395 ergo
853 4332 1089 4394 peccata,
1123 4324 1218 4380 sed
1270 4332 1467 4380 tecum.
1507 4324 1563 4381 Si
1613 4335 1792 4382 autem
1825 4330 1904 4382 vi-

313 4423 430 4467 tam
457 4414 769 4481 mutaveris,
799 4414 887 4469 illa
916 4422 1161 4485 pereunt,
1195 4424 1250 4470 tu
1276 4415 1582 4485 invenieris,
1614 4426 1670 4472 et
1697 4417 1906 4473 dicetur

313 4506 385 4561 de
419 4516 470 4560 te
503 4524 518 4560 :
549 4505 786 4562 Mortuus
807 4517 948 4576 erat,
978 4517 1025 4562 et
1071 4508 1284 4574 revixit;
1330 4510 1569 4580 perierat,
1603 4520 1651 4566 et
1676 4512 1906 4568 inventus

312 4607 394 4652 est
423 4597 581 4667 (Luc.
616 4614 711 4666 xv,
735 4598 854 4670 24).

704 4709 938 4766 SERMO
973 4709 1370 4766 CCCLXXXIX
1398 4715 1413 4734 ‘
1438 4711 1536 4786 (a).

649 4824 728 4879 De
751 4827 997 4897 faciendis
1026 4828 1376 4901 eleemosynis,
1403 4845 1459 4884 ιιι
1487 4827 1586 4901 (b),

393 4939 446 4992 l.
494 4937 654 4994 Panis
717 4940 926 4995 caelestis
971 4951 1018 4996 et
1081 4943 1230 5012 panis
1302 4954 1548 4998 terrenus.
1627 4942 1908 4998 Consilium

316 5029 479 5082 dandi
558 5046 743 5100 panem
818 5040 1070 5086 terrenum
1105 5074 1121 5101 ,
1185 5043 1242 5087 ut
1319 5035 1530 5089 ctelestis
1593 5034 1907 5105 impetratur.

317 5120 591 5175 Admonet
654 5136 752 5177 nos
823 5121 1080 5178 Dominus
1143 5121 1213 5179 de
1268 5124 1498 5179 lectione
1562 5125 1906 5194 evangelica,

316 5221 377 5264 ut
438 5211 719 5280 loquamur
772 5213 923 5268 vobis
967 5211 1034 5268 de
1077 5212 1416 5283 impetrando
1476 5228 1615 5285 pane
1682 5214 1906 5270 caelesti.

314 5302 426 5358 iste
465 5303 611 5359 enim
665 5305 815 5374 panis
863 5312 1108 5362 terrenus
1157 5316 1313 5362 terra:
1359 5308 1692 5363 necessarius
1724 5347 1740 5373 ,
1785 5308 1909 5378 quia

385 5440 404 5470 ⁸
433 5445 591 5498 l-‘orte,
616 5440 865 5493 iudicavit.

383 5504 400 5518 ’
431 5504 721 5553 timcndatus
735 5505 793 5552 ad
817 5517 883 5553 m.
909 5517 950 5552 r.
975 5519 1022 5554 v.
1045 5513 1097 5556 et
1117 5505 1177 5555 ad

404 5562 459 5624 (ε)
494 5563 637 5624 Alias,
658 5565 787 5615 inter
809 5567 1157 5617 sinuoudianos
1178 5567 1258 5618 40.

409 5622 458 5686 b)
492 5622 663 5693 Sermo
681 5628 844 5688 probae
867 5636 1004 5678 uota;
1019 5635 1070 5678 et
1111 5630 1377 5693 Augustino
1397 5627 1576 5691 dignus
1601 5641 1614 5677 :
1639 5628 1728 5679 sed
1745 5637 1913 5693 poste-

315 5686 422 5733 rior
441 5698 552 5753 pars
573 5686 748 5753 eadem
771 5697 846 5738 est
867 5703 978 5738 cum
993 5686 1261 5753 posteridre
1284 5698 1424 5753 parte
1445 5686 1686 5740 sermonis
1701 5686 1794 5751 60;
1819 5693 1908 5742 nisi

312 5751 456 5817 quod
475 5749 536 5796 ibi
560 5751 735 5817 omissa
758 5759 834 5800 est
860 5759 958 5800 tota
983 5749 1188 5802 narratio
1223 5749 1506 5805 de'homiuc
1543 5754 1626 5816 qui
1665 5754 1729 5805 de
1752 5749 1910 5817 pretio

313 5806 458 5858 {dati
481 5813 777 5873 pauperibus
796 5821 1038 5874 eregtuat.

1630 327 1860 384 SERth
1899 315 2313 386 coctum.

3457 350 3595 408 ﬁni

2012 465 2134 504 caro
2167 462 2342 505 nostra
2369 460 2504 507 terra
2524 465 2621 509 cst.
2652 456 2789 514 Fieri
2817 464 3124 520 autemnon
3162 471 3338 536 potest.
3379 472 3435 524 ut
3487 487 3583 540 pa-

2012 559 2131 599 nem
2160 550 2312 598 suum
2345 561 2468 601 caro
2499 559 2676 604 nostra
2710 552 2946 619 haberet,
2971 565 3024 611 et
3055 572 3242 626 panem
3290 575 3441 616 suum
3475 565 3591 618 ani-

2012 649 2097 688 ma
2123 652 2225 690 non
2257 635 2496 693 haberet.
2530 638 2738 697 Etenim
2770 655 2823 699 et
2847 648 3022 702 anima
3055 660 3235 705 nostra
3273 652 3325 707 in
3364 655 3594 724 quadam

2011 738 2244 798 egestate
2272 730 2322 784 in
2351 730 2451 786 hoc
2478 735 2673 789 atecqu
2696 747 2815 807 eget
2841 753 2976 810 pane
3009 745 3125 810 s‘uo,
3160 745 3294 800 sicut
3315 762 3441 802 caro
3470 764 3592 804 suo.

2009 816 2140 876 Nam
2171 823 2255 891 qui
2275 827 2377 879 non
2405 836 2521 896 eget
2547 827 2705 896 pane,
2736 821 2875 886 Deus
2921 839 3020 887 est.
3073 835 3214 906 Ergo
3246 837 3394 895 solus
3439 842 3593 910 panis

2011 929 2114 967 non
2143 925 2261 985 eget
2289 917 2588 986 pane.lpsc
2621 922 2870 976 e‘stcnim
2921 927 3070 994 panis
3118 929 3308 984 anima:
3358 942 3589 1001 nostra),

2009 1007 2097 1074 qui
2123 1021 2256 1075 pauc
2286 1008 2453 1061 altero
2481 1025 2582 1062 non
2611 1021 2749 1080 eget,
2774 1007 2866 1067 sed
2914 1014 3013 1069 sibi
3044 1017 3316 1074 sufficiens
3349 1021 3512 1076 nutrit
3538 1030 3590 1079 et

2004 1095 2127 1150 nos.
2160 1096 2464 1154 Manifestus
2485 1111 2576 1184 cst
2603 1101 2780 1173 itaque
2815 1106 2968 1174 panis
3008 1109 3261 1176 cmlcstis,
3289 1128 3394 1182 quo
3419 1115 3590 1182 pasci-

2010 1195 2094 1242 tur
2121 1191 2296 1242 anima
2328 1197 2528 1246 nostra.
2556 1192 2659 1248 Sed
2690 1195 2955 1266 quomodo
2982 1197 3046 1252 ad
3078 1215 3198 1254 eum
3227 1204 3586 1271 perveniatur,

2010 1287 2067 1332 ut
2090 1294 2154 1334 eo
2183 1282 2508 1351 saginemur,
2537 1285 2676 1340 unde
2700 1287 2856 1341 tnodo
2891 1289 2976 1343 vix
3027 1291 3196 1346 micas
3249 1293 3548 1365 colligimus
3569 1340 3586 1366 ,

2008 1383 2075 1423 nc
2105 1370 2153 1424 in
2188 1370 2285 1425 ista
2314 1371 2557 1429 famelica
2589 1391 2770 1431 eremo
2797 1395 3113 1447 pereamus;
3146 1384 3412 1453 quomodo
3459 1402 3586 1458 ergo

2004 1459 2350 1530 "perveniatur
2378 1465 2442 1519 ad
2469 1467 2705 1536 saginam
2727 1469 2883 1537 hujus
2905 1472 3074 1541 panis,
3107 1473 3173 1529 de
3189 1490 3306 1546 quo
3333 1476 3589 1536 Dominus

2008 1553 2100 1618 ait,
2135 1548 2331 1608 Panem
2354 1556 2486 1608 hunc
2510 1559 2596 1627 qui
2625 1561 3021 1626 ntanducaverit,
3052 1581 3152 1618 non
3175 1566 3360 1621 esuriet
3377 1584 3397 1632 ;
3423 1578 3468 1622 et
3486 1586 3585 1641 po-

2008 1656 2114 1698 tum
2143 1663 2287 1716 quem
2313 1657 2404 1719 ego
2431 1649 2614 1703 dedero
2641 1651 2726 1721 qui
2751 1651 2948 1717 biberit,
2965 1671 3065 1708 non
3102 1656 3232 1710 sitiet
3268 1657 3321 1711 in
3347 1667 3590 1713 aeternum

2008 1735 2199 1806 (Joan.
2226 1755 2298 1805 vt,
2331 1739 2444 1809 fit),
2469 1741 2703 1811 saginam
2732 1743 3014 1814 quamdam
3039 1746 3353 1816 promittens
3409 1758 3462 1807 et
3503 1764 3590 1808 sa-

2008 1829 2242 1884 tietatem
2293 1832 2409 1886 sine
2439 1832 2654 1887 fastidio
2689 1852 2700 1888 :
2735 1836 3002 1905 quomodo
3044 1853 3176 1913 ergo
3212 1843 3588 1912 perveniamus

2005 1922 2072 1977 ad
2128 1923 2264 1979 hanc
2313 1925 2614 1984 satietatem
2647 1928 2832 2002 panis,
2869 1933 3027 2004 longe
3056 1934 3124 1990 ab
3170 1950 3234 1991 ea
3263 1937 3506 1993 satietate
3535 1938 3585 1993 in

2007 2015 2105 2071 hac
2131 2016 2271 2076 fame
2291 2019 2467 2093 positi,
2497 2024 2724 2080 consilio
2754 2040 2889 2096 opus
2921 2036 3024 2083 est.
3057 2027 3207 2094 Quod
3243 2031 3520 2085 consilium
3543 2032 3586 2087 si

2006 2111 2418 2183 neglexerimus,
2449 2113 2513 2170 ad
2531 2130 2721 2185 panem
2755 2117 2900 2172 illum
2930 2118 3046 2173 sine
3092 2133 3251 2174 causa
3290 2120 3586 2190 pulsamus.

2007 2203 2118 2259 lmo
2143 2221 2270 2262 vero
2295 2207 2572 2262 consilium
2602 2208 2702 2263 hoc
2728 2209 2868 2279 quod
2890 2209 3106 2264 daturus
3139 2212 3378 2275 sum,vel
3411 2213 3588 2283 potius

2006 2295 2146 2365 quod
2193 2307 2706 2353 commemoraturus
2731 2318 2743 2353 :
2773 2315 2877 2353 non
2899 2300 3041 2354 cnim
3069 2316 3099 2354 a
3130 2317 3214 2356 me
3237 2302 3408 2356 dicam
3445 2302 3588 2373 quod

2005 2390 2276 2445 vobiscum
2291 2391 2449 2446 didici
2467 2408 2480 2444 :
2497 2392 2774 2446 consilium
2787 2407 2914 2464 ergo
2929 2391 3029 2447 hoc
3042 2393 3183 2464 quod
3199 2393 3434 2449 dicturus
3445 2410 3586 2462 sum,

2006 2498 2111 2537 non
2140 2482 2259 2537 dico
2285 2484 2525 2554 quisquis
2545 2485 2928 2554 contempserit
2954 2524 2970 2550 ,
3009 2485 3125 2540 sine
3168 2501 3327 2540 causa
3376 2485 3585 2556 pulsat;

2006 2574 2100 2628 sed
2152 2574 2392 2645 quisquis
2420 2575 2823 2644 contempserit,
2855 2575 3073 2629 omnino
3104 2590 3206 2629 non
3236 2576 3429 2646 pulsat.
3481 2577 3591 2632 lloc

2006 2666 2148 2721 enim
2199 2665 2481 2720 consilium
2503 2666 2652 2735 sequi
2699 2675 2753 2720 et
2815 2682 3014 2737 agere,
3069 2667 3170 2722 hoc
3217 2676 3299 2722 est
3353 2668 3586 2738 pulsare.

2006 2757 2142 2826 Quid
2165 2759 2306 2814 enim
2334 2759 2550 2827 putatis,
2583 2757 2926 2822 fratresmci,
2959 2759 3078 2828 quia
3121 2775 3245 2814 vere
3273 2762 3424 2829 quasi
3467 2775 3592 2815 eor-

2006 2849 2259 2920 poraliter
2285 2848 2444 2905 habet
2471 2851 2614 2928 Deus
2636 2850 2918 2920 quamdam
2945 2850 3163 2921 januam
3185 2849 3394 2914 duram,
3428 2868 3588 2922 quam

2006 2941 2218 2996 claudat
2237 2950 2422 2996 contra
2452 2942 2696 2998 homines
2715 2984 2729 3007 ,
2762 2951 2818 2998 et
2844 2943 2961 2998 ideo
2983 2943 3136 2997 nobis
3161 2942 3328 3009 dixit,
3355 2943 3585 3010 Pulsote,

2008 3043 2065 3090 ut
2099 3037 2373 3090 veniamus
2412 3045 2466 3091 et
2493 3035 2777 3090 tundamus
2812 3036 3030 3102 ostium,
3063 3050 3338 3106 quousque
3368 3036 3584 3106 pulsan-

2006 3129 2076 3185 do
2105 3131 2378 3200 perveniat
2402 3130 2468 3183 ad
2490 3143 2648 3184 aures
2682 3127 3078 3199 patrisfamilias
3124 3145 3176 3183 ιιι
3223 3138 3428 3184 secreto
3457 3143 3590 3199 quo-

2007 3222 2128 3278 dam
2158 3223 2277 3278 loco
2301 3222 2596 3284 constituti,
2627 3221 2880 3291 etjubeat
2909 3220 3063 3275 nobis
3083 3221 3298 3289 aperiri,
3331 3220 3586 3288 dicendo,

2007 3316 2136 3384 Quis
2155 3324 2239 3370 est
2262 3315 2348 3385 qui
2373 3315 2580 3383 pulsat?
2611 3315 2730 3384 quis
2750 3323 2832 3368 est
2857 3313 2946 3383 qui
2974 3313 3194 3368 auribus
3220 3312 3353 3366 meis
3373 3312 3587 3368 tzedium

2007 3407 2170 3463 facit?
2189 3409 2316 3463 Date
2347 3407 2417 3461 illi
2440 3406 2581 3477 quod
2607 3407 2756 3476 petit,
2778 3405 2993 3462 recedat
3031 3405 3189 3460 hinc?
3224 3405 3340 3460 Non
3386 3405 3458 3460 ita
3483 3416 3588 3462 est.

2009 3500 2386 3555 Verumtamen
2410 3506 2494 3553 est
2519 3497 2718 3567 aliquid
2749 3497 2944 3551 simile.
2975 3496 3126 3551 Certe
3153 3496 3366 3566 quando
3410 3497 3592 3567 pulsas

2006 3591 2072 3646 ad
2104 3592 2354 3660 aliquem,
2389 3591 2633 3644 manibus
2660 3589 2792 3659 agis.
2826 3589 2914 3642 Est
2961 3586 3101 3657 quod
3126 3601 3251 3658 agas
3298 3589 3544 3645 manibus
3571 3631 3589 3656 ,

2007 3682 2220 3753 quando
2255 3683 2434 3751 pulsas
2453 3679 2518 3735 ad
2567 3681 2870 3734 Dominum.
2909 3680 3133 3734 Prorsus
3179 3681 3426 3736 manibus
3450 3697 3548 3753 age
3571 3723 3588 3748 ,

2008 3775 2254 3828 manibus
2281 3772 2448 3842 pulsa.
2480 3772 2534 3826 Si
2553 3771 2652 3826 hoc
2682 3785 2787 3825 non
2832 3770 3025 3842 egeris,
3052 3785 3156 3824 non
3203 3769 3323 3826 dico
3343 3813 3359 3840 ,
3393 3771 3592 3828 frustra

2009 3865 2224 3935 pulsas;
2258 3864 2350 3918 sed
2394 3862 2536 3929 dico,
2567 3877 2669 3916 non
2716 3863 2917 3933 pulsas.
2959 3860 3080 3916 Ideo
3119 3877 3224 3916 non
3273 3866 3587 3932 merebcris,

2010 3958 2130 4014 ideo
2159 3975 2261 4013 non
2283 3959 2512 4028 accipies
2534 3998 2550 4023 ,
2600 3957 2722 4028 quia
2759 3973 2864 4012 non
2907 3957 3106 4027 pulsas.
3139 3959 3417 4025 Quomodo
3447 4001 3462 4025 ,
3510 3960 3592 4014 in-

2008 4051 2142 4120 quit,
2173 4051 2251 4104 vis
2279 4058 2332 4104 ut
2351 4051 2556 4119 pulsem
2578 4050 2600 4103 ?
2626 4064 2752 4104 ecce
2803 4049 3042 4118 quotidie
3085 4063 3234 4119 rogo.
3264 4049 3406 4104 Bene
3438 4049 3587 4104 facis.

2009 4144 2141 4198 Nam
2164 4141 2340 4198 ethoc
2369 4143 2566 4196 dictum
2584 4149 2691 4203 est,
2717 4139 2908 4205 Petite,
2935 4150 2983 4192 et
3011 4138 3212 4192 dubitur
3235 4140 3410 4205 vobis;
3446 4156 3588 4210 qua:-

2009 4237 2123 4302 rite,
2143 4245 2188 4290 et
2206 4235 2500 4300 invenietis;
2532 4234 2746 4302 pulsate,
2783 4242 2830 4287 et
2878 4233 3133 4304 aperietur
3179 4232 3313 4288 vobis
3361 4231 3587 4306 (Matth.

2011 4343 2102 4392 vn,
2138 4328 2214 4398 7).
2237 4326 2424 4382 Omnia
2455 4325 2594 4380 dicta
2617 4333 2760 4390 sunt,
2794 4324 2924 4379 Pete
2946 4366 2962 4391 ,
3008 4338 3209 4394 quaere,
3242 4313 3412 4394 pulsh.
3447 4323 3594 4379 Petis

2011 4420 2234 4486 orando,
2286 4419 2482 4489 qu:eris
2531 4417 2870 4488 disputando,
2923 4417 3101 4488 pulsas
3139 4416 3427 4487 eroganda.
3476 4417 3592 4472 Non

2013 4529 2142 4585 ergo
2162 4514 2400 4584 quiescat
2427 4527 2635 4567 manus.
2662 4510 2975 4581 Apostolus,
2999 4526 3118 4566 cum
3145 4510 3213 4565 dc
3237 4510 3593 4584 eleetnosynis

2013 4608 2223 4677 plebem
2244 4614 2486 4660 moneret
2514 4623 2526 4658 :
2555 4603 2869 4670 Consilium,
2895 4602 3095 4672 inquit,
3141 4602 3190 4654 in
3236 4602 3329 4655 hoc
3355 4602 3420 4656 do
3451 4619 3469 4657 :
3497 4604 3596 4658 hoc

2013 4702 2147 4756 enim
2189 4701 2326 4755 vobis
2374 4700 2618 4770 prodest,
2657 4699 2744 4768 qui
2771 4713 2871 4752 non
2897 4696 3060 4750 solum
3086 4710 3284 4765 sapere,
3311 4695 3400 4748 sed
3445 4696 3596 4750 etiam

2014 4793 2139 4847 velle
2155 4792 2374 4863 coepistis
2401 4792 2463 4845 ab
2480 4807 2613 4844 anno
2633 4789 2801 4860 priore
2849 4786 2930 4856 (ll
2953 4785 3072 4842 Cor.
3102 4801 3192 4840 vut
3209 4827 3223 4851 ,
3258 4786 3366 4857 10).
3403 4787 3470 4842 Et
3496 4788 3597 4842 Da-

2013 4885 2120 4941 nicl
2143 4885 2252 4956 regi
2281 4883 2774 4940 Nabuchodonosor
2802 4881 2878 4936 sic
2907 4879 3043 4935 dixit
3075 4898 3088 4935 :
3118 4881 3399 4937 Consilium
3425 4896 3593 4932 meum

2015 4979 2186 5049 accipe
2218 5019 2232 5044 ,
2281 4993 2373 5031 rea:
2399 5019 2414 5041 ,
2470 4987 2516 5030 et
2567 4982 2771 5045 peccata
2850 4982 2940 5028 tua
3012 4975 3337 5047 eleemosynis
3403 4973 3596 5028 redime

2016 5068 2193 5143 (Dan.
2227 5085 2298 5132 tv,
2328 5067 2398 5122 24
2417 5069 2458 5137 ).

2085 5161 2138 5214 2.
2173 5158 2256 5212 Ne
2283 5174 2336 5212 se
2359 5157 2564 5211 extollat
2591 5156 2677 5228 qui
2701 5154 2788 5209 dat
2816 5157 3046 5226 pauperi.
3076 5156 3282 5227 Pauper
3305 5158 3597 5229 accipiendo

2016 5251 2129 5322 plus
2154 5250 2292 5304 diviti
2313 5257 2538 5318 praestat,
2557 5263 2706 5314 quam
2735 5247 2821 5301 ille
2839 5247 2936 5318 ipsi
2955 5248 3228 5318 eroganda.
3249 5248 3303 5304 Si
3330 5264 3455 5319 ergo
3471 5264 3597 5304 cou-

2015 5343 2191 5399 silium
2221 5341 2471 5411 estquod
2517 5340 2808 5411 accipimus
2831 5381 2845 5405 ,
2893 5340 3107 5410 quando
3149 5341 3302 5397 nobis
3339 5342 3554 5411 jubctur
3576 5383 3592 5408 ,

2015 5435 2099 5490 vel
2124 5433 2336 5504 quando
2374 5449 2654 5488 monemur
2681 5442 2736 5488 ut
2759 5432 2954 5503 aliquid
2985 5447 3051 5488 ex
3077 5447 3142 5488 co
3171 5433 3311 5503 quod
3340 5433 3595 5490 habemus

2017 5524 2373 5597 indigentibus
2415 5523 2781 5595 praebeamus,
2832 5539 2936 5578 non
2981 5524 3347 5593 superbiamns
3385 5525 3596 5594 quando

2015 5621 2223 5676 damus.
2245 5619 2302 5674 Si
2323 5620 2464 5675 enim
2491 5619 2769 5674 consilium
2796 5629 2876 5675 cst
2898 5619 3038 5690 quod
3061 5617 3330 5686 accepisti,
3358 5617 3446 5672 tibi
3475 5632 3592 5687 pro-

2014 5715 2135 5770 dest
2157 5714 2273 5786 plus
2300 5729 2456 5784 quam
2481 5713 2552 5767 illi
2579 5714 2662 5768 cui
2692 5713 2904 5768 dedisti.
2938 5713 3053 5768 Non
3077 5728 3206 5783 ergo
3235 5727 3333 5769 nos
3370 5711 3596 5768 extolla-

2020 5823 2136 5865 mus
2165 5821 2324 5878 super
2367 5793 2528 5878 opera
2573 5815 2750 5862 nostra
2777 5846 2792 5872 ,
2823 5815 2874 5863 et
2903 5807 3050 5878 quasi
3097 5805 3399 5877 placeamus
3445 5803 3595 5859 nobis
