4062 6368
523 447 663 521 quod
703 439 954 500 beneficia
999 441 1308 506 praestamus
1333 426 1524 497 quibus
1552 422 1757 478 damus.
1797 418 2086 474 Consilium

526 511 615 611 qui
636 539 746 594 vult
777 533 1014 602 accipere
1037 567 1053 593 ,
1080 527 1178 579 hoc
1206 521 1316 577 vult
1339 520 1580 589 accipere
1602 514 1741 587 quod
1763 513 1862 611 sibi
1890 511 2093 611 prosit;

527 599 580 687 ἐι
605 628 879 685 consilium
890 599 989 692 iqui
1010 619 1100 673 dat
1123 657 1139 679 ,
1166 613 1412 670 consulit.
1438 612 1493 666 Si
1514 608 1743 665 consulit
1765 647 1780 670 ,
1802 599 1852 659 ei
1882 602 2098 673 prodest

527 719 611 777 cui
631 717 875 775 consulit.
900 710 1106 780 Accipit
1124 708 1343 778 quisque
1362 713 1467 760 ate
1491 702 1712 773 supplex
1735 709 1952 769 pauper;
1977 695 2100 766 quia

529 815 572 868 si
603 825 651 867 te
680 807 906 878 superbe
931 804 1058 858 dare
1085 815 1190 856 non
1215 798 1388 862 decet,
1417 803 1615 867 quanto
1641 790 1806 860 magis
1835 789 1981 844 illum
2012 801 2100 840 su-

530 903 693 974 perbe
719 875 823 954 non
845 897 1033 952 deceat
1055 891 1295 962 accipere
1318 886 1332 942 ἰ
1364 884 1570 955 Accipit
1590 881 1880 944 humiliter,
1911 875 2104 946 accipit

530 993 727 1066 gratias
751 1003 934 1060 agens.
959 987 1038 1041 Tu
1067 994 1246 1040 tamen
1273 979 1408 1036 scito
1427 986 1482 1033 et
1505 974 1865 1062 reminiscere,
1889 985 1996 1024 non
2017 981 2104 1066 se.

532 1058 643 1141 lum
670 1058 804 1154 quid
820 1081 946 1148 des,
973 1078 1066 1134 sed
1091 1077 1250 1132 etiam
1272 1070 1398 1144 quid
1427 1067 1675 1137 accipias.
1707 1058 1762 1120 Si
1787 1062 1935 1154 enim,
1960 1058 2102 1154 acci-

534 1179 647 1250 piat
679 1151 777 1230 iste
802 1187 1000 1244 pauper
1033 1169 1330 1224 libertatem
1350 1157 1705 1250 respondendi
1733 1153 1941 1250 tibirzsi
1960 1151 2106 1250 forte

537 1231 762 1323 senserit
784 1231 834 1318 te
855 1231 1243 1330 superbientem
1269 1266 1428 1324 super
1446 1231 1535 1316 se,
1566 1257 1620 1304 et
1644 1242 1786 1301 dicat
1813 1242 1924 1306 tibi,
1959 1231 2108 1297 Unde

537 1349 823 1426 superbis?
853 1329 990 1405 unde
1035 1346 1304 1403 extolleris
1328 1383 1344 1410 ,
1374 1341 1496 1412 quia
1542 1336 1750 1426 dedisti
1773 1332 1943 1389 mihi?
1973 1329 2109 1399 Quid

539 1425 668 1502 mihi
691 1441 921 1499 dedisti?
952 1440 1170 1495 Panem.
1194 1435 1344 1488 llunc
1365 1444 1554 1502 panem
1575 1428 1621 1483 si
1652 1427 1703 1480 in
1726 1425 1884 1480 domo
1910 1432 1997 1476 tua
2017 1435 2112 1488 po-

540 1554 697 1594 nercs
723 1545 776 1592 et
796 1543 1165 1590 contemneres
1189 1568 1202 1592 ,
1231 1528 1332 1581 iret
1352 1525 1404 1578 in
1427 1520 1713 1591 mruginem
1741 1558 1755 1583 ,
1783 1532 1852 1572 ex
1881 1513 2112 1583 aerugine

541 1623 595 1684 in
624 1625 952 1699 putrediuem
983 1663 995 1686 ,
1017 1637 1080 1675 ex
1107 1609 1388 1688 putredine
1415 1612 1467 1667 in
1493 1620 1692 1665 terram
1717 1649 1732 1673 ,
1765 1615 1903 1660 terra
1927 1616 2112 1657 rever-

541 1693 744 1775 teretur
769 1716 822 1771 in
850 1724 1069 1769 terram.
1095 1703 1162 1763 Et
1186 1714 1241 1762 tu
1266 1702 1476 1775 quidem
1499 1707 1755 1771 porrecta:
1783 1693 1958 1749 manui
1983 1703 2114 1744 mea:

541 1820 602 1866 ut
641 1801 904 1878 acciperet
928 1846 942 1872 ,
974 1799 1252 1874 porrexisti
1282 1809 1495 1850 manum
1535 1796 1680 1845 tuam
1710 1798 1768 1842 ut
1794 1784 1968 1840 dares.
2000 1781 2114 1835 Me-

543 1912 724 1961 mento
749 1877 890 1956 undc
919 1896 1074 1951 fuerit
1097 1891 1231 1946 facta
1261 1900 1447 1943 manus
1475 1893 1584 1948 tua,
1615 1890 1669 1936 et
1699 1877 1836 1933 unde
1863 1878 1915 1930 in
1943 1886 2115 1961 meam

544 1959 832 2064 apposuisti
858 2006 872 2044 :
905 1995 1122 2048 terram,
1155 1980 1220 2036 de
1247 1989 1404 2044 terra,
1439 1976 1495 2030 in
1526 1983 1741 2040 terram.
1771 1964 1971 2022 Deinde
1991 1959 2116 2034 quid

544 2060 679 2140 facio
715 2081 783 2137 de
820 2095 953 2150 pane
980 2075 1112 2132 tuo?
1141 2071 1374 2128 Comedo
1397 2109 1413 2136 ,
1444 2065 1741 2122 molestiam
1785 2060 1937 2114 famis
1965 2069 2115 2111 corn-

545 2190 706 2248 pesco
738 2194 751 2229 :
782 2147 1097 2228 beneficium
1141 2165 1383 2234 accipio;
1428 2176 1535 2216 non
1565 2172 1682 2213 sum
1712 2155 1966 2248 ingratus.
2008 2147 2118 2203 Ve-

545 2236 844 2322 rumtamen
875 2271 931 2316 tu
975 2259 1146 2330 cogita
1175 2253 1301 2326 quid
1343 2259 1397 2308 te
1439 2248 1698 2306 Dominus
1737 2245 1850 2314 ipse
1878 2236 2121 2297 Salvator

547 2352 933 2412 commonuerit
964 2368 977 2403 :
1010 2349 1130 2419 quia
1158 2357 1303 2401 omne
1337 2339 1471 2414 quod
1508 2343 1560 2393 in
1602 2355 1658 2392 os
1693 2336 1844 2390 intrat
1867 2375 1881 2400 ,
1909 2333 1961 2386 in
1998 2343 2120 2419 vcn—

550 2455 675 2501 trem
713 2444 848 2498 cadit
873 2485 888 2512 ,
915 2450 960 2496 et
988 2417 1041 2494 in
1081 2452 1326 2494 secessum
1351 2432 1586 2489 emittitur
1625 2425 1836 2500 (Matth.
1869 2439 1938 2478 xv
1962 2463 1977 2490 ,
1998 2417 2119 2512 7177).

549 2539 859 2606 Rursusque
905 2531 1175 2603 apostolus
1203 2527 1396 2583 Paulus
1438 2521 1563 2594 quid
1594 2519 1688 2574 tibi
1717 2515 1909 2572 dixerit
1940 2531 1954 2567 :
1989 2511 2124 2566 Esca

548 2630 707 2686 ventri
729 2670 744 2694 ,
776 2637 823 2682 et
853 2633 1018 2681 venter
1049 2623 1213 2688 escis;
1243 2619 1380 2674 Deus
1406 2625 1570 2670 autem
1598 2621 1642 2668 et
1670 2612 1802 2665 hunc
1827 2617 1872 2664 et
1897 2623 1981 2662 eas
2006 2621 2122 2659 eva-

550 2721 717 2775 cuabit
767 2718 809 2790 (ι
839 2717 954 2773 Cor.
999 2731 1049 2769 vi
1074 2754 1089 2780 ,
1123 2713 1235 2784 15).
1267 2709 1426 2766 Panis
1455 2721 1582 2776 ergo
1605 2745 1621 2772 ,
1652 2712 1711 2759 ut
1753 2701 1868 2757 dixi
1894 2741 1908 2765 ,
1943 2708 2080 2754 terra
2106 2737 2122 2762 ,

551 2815 618 2870 de
644 2823 781 2868 terra
805 2853 819 2878 ,
854 2811 906 2865 in
935 2817 1131 2864 terram
1156 2821 1170 2873 ;
1201 2814 1259 2859 ut
1297 2801 1540 2856 fulciatur
1565 2806 1706 2852 terra
1729 2835 1745 2860 ,
1772 2801 1826 2848 et
1858 2791 2126 2848 reficiatur

551 2913 712 2959 terra.
742 2901 878 2969 Quid
907 2897 1098 2955 dedisti
1136 2895 1338 2966 cogitas
1360 2932 1376 2958 ,
1409 2889 1532 2961 quid
1576 2894 1891 2958 accepturus
1934 2896 1993 2937 es
2018 2894 2125 2934 non

552 2995 771 3064 cogitas.
801 2990 933 3046 Vide
970 3003 1098 3059 ergo
1125 3002 1191 3040 ne
1221 2985 1338 3054 plus
1365 2982 1457 3036 tibi
1489 2985 1735 3050 praestem
1774 2971 2125 3064 accipiendo,

553 3060 710 3157 quam
739 3095 791 3140 tu
814 3080 942 3138 mihi
970 3078 1163 3135 dando.
1194 3076 1251 3131 Si
1276 3072 1416 3131 enim
1446 3086 1548 3126 non
1576 3076 1716 3125 esset
1741 3067 1827 3137 qui
1855 3079 1886 3119 a
1917 3072 1967 3119 te
1989 3060 2129 3118 acci-

555 3155 726 3250 peret,
757 3191 864 3230 non
884 3184 1131 3243 erogares
1161 3177 1376 3232 terram,
1407 3174 1462 3220 et
1488 3178 1591 3217 non
1619 3160 1887 3228 acciperes
1911 3155 2125 3212 etelum.

556 3247 716 3326 l’ulso
740 3267 805 3322 ad
837 3265 1054 3336 januam
1085 3270 1249 3325 tuam,
1279 3267 1335 3323 et
1356 3254 1507 3311 audis
1531 3267 1638 3315 me,
1665 3250 1820 3321 jubcs
1843 3247 2128 3336 mihipor-

557 3362 654 3432 rigi
693 3333 1025 3414 unde'fames
1047 3367 1163 3408 mea
1190 3355 1512 3406 sustentetur
1533 3386 1548 3410 ,
1582 3351 1636 3397 et
1672 3341 1740 3396 ab
1765 3339 1864 3394 hac
1888 3333 2132 3392 molestia

558 3427 717 3522 quam
757 3447 886 3503 mihi
927 3445 1154 3516 ingerit,
1183 3445 1570 3511 compescatur.
1614 3433 1756 3488 Bene
1800 3429 1986 3485 fecisti.
2019 3427 2134 3481 Au-

561 3543 676 3599 dire
715 3556 799 3595 mc
828 3538 1123 3610 pulsantem
1152 3532 1261 3588 noli
1286 3573 1300 3597 ,
1343 3525 1388 3585 Si
1425 3527 1609 3582 audes.
1636 3524 1691 3579 Si
1718 3530 1997 3591 rogaturus
2027 3530 2134 3571 non

563 3651 622 3692 cs
646 3677 661 3700 ,
692 3642 972 3688 contemne
998 3636 1292 3698 rogantem.
1325 3622 1620 3678 Contemne
1649 3630 1735 3672 me
1757 3656 1772 3680 ,
1800 3613 1843 3668 si
1879 3611 2010 3667 nihil
2038 3623 2134 3680 pe-

563 3727 631 3779 tis
667 3724 734 3778 ab
760 3737 825 3778 eo
863 3721 953 3792 qui
982 3719 1106 3775 fecit
1125 3726 1177 3772 et
1205 3729 1290 3772 me
1315 3720 1371 3769 et
1397 3720 1468 3766 te.
1495 3709 1550 3765 Si
1590 3715 1766 3762 autem
1791 3704 2052 3775 petiturus
2076 3714 2136 3755 es

563 3815 693 3871 illttd
721 3813 861 3885 quod
887 3809 1015 3867 mihi
1041 3809 1174 3874 das;
1207 3807 1328 3877 quia
1357 3819 1445 3860 me
1466 3798 1725 3858 exaudisti
1750 3838 1765 3864 ,
1795 3795 1888 3851 tibi
1915 3801 2138 3864 priestas

565 3916 626 3963 ut
660 3904 981 3962 exaudiaris.
1025 3903 1138 3972 Age
1162 3900 1236 3955 illi
1259 3897 1455 3969 gratias
1479 3936 1494 3962 ,
1523 3892 1614 3964 qui
1657 3907 1768 3946 rem
1798 3898 1902 3944 tam
1938 3886 2139 3958 pretio-

566 4015 680 4056 sam
710 4007 814 4053 tam
842 3996 932 4052 vili
960 3995 1130 4066 pretio
1157 4003 1208 4047 te
1238 3990 1364 4046 facit
1399 4002 1599 4044 emere.
1627 3985 1731 4039 Das
1756 3982 1899 4054 quod
1922 3982 1972 4035 in
2001 3989 2140 4035 tem-

567 4105 695 4162 pore
714 4098 850 4160 pent
873 4103 886 4140 :
911 4085 1108 4156 accipis
1127 4081 1268 4154 quod
1290 4088 1468 4135 manet
1493 4079 1544 4131 in
1572 4083 1848 4130 aeternum.
1874 4073 1979 4126 Das
1997 4069 2140 4141 quod

567 4184 612 4239 si
641 4196 746 4238 non
774 4181 929 4236 dares
953 4219 968 4245 ,
1000 4186 1120 4247 post
1143 4172 1413 4246 paululum
1445 4169 1731 4241 projicercs
1763 4183 1776 4220 :
1810 4163 2008 4233 accipis
2036 4177 2141 4232 quo

567 4277 622 4333 in
667 4285 924 4358 tegemum
952 4268 1255 4342 perfruaris.
1299 4266 1404 4321 Das
1445 4263 1586 4318 unde
1614 4267 1938 4316 sustentetur
1974 4255 2143 4310 fames

569 4352 846 4426 hominum
879 4384 892 4420 :
924 4365 1120 4435 accipis
1159 4361 1302 4417 unde
1327 4360 1401 4414 sis
1448 4358 1624 4414 socius
1649 4355 1992 4425 Angelorum.
2040 4352 2145 4406 Das

569 4459 712 4516 unde
736 4474 841 4514 non
867 4456 1068 4512 esuriat
1091 4454 1252 4508 homo
1289 4459 1410 4521 post
1433 4447 1702 4520 paululum
1731 4445 1924 4500 famem
1953 4444 2145 4498 iterum

572 4565 826 4624 passurus
850 4567 862 4603 :
886 4545 1084 4617 accipis
1109 4543 1249 4599 unde
1277 4542 1468 4597 famem
1491 4553 1757 4608 nunquam
1786 4537 2036 4605 sitimque
2057 4549 2146 4603 pa-

573 4641 741 4696 tiaris.
768 4639 900 4694 Cum
927 4651 1055 4709 ergo
1075 4635 1226 4690 vides
1244 4633 1368 4704 quid
1391 4632 1504 4698 des,
1529 4639 1584 4686 et
1611 4628 1737 4700 quid
1765 4627 2015 4697 accipias,
2040 4624 2147 4679 noli

573 4730 722 4796 dare,
747 4730 789 4783 si
812 4728 995 4783 audes.
1017 4725 1308 4782 Videamus
1328 4721 1666 4794 quismajore
1686 4719 1880 4775 damno
1909 4715 2146 4781 feriatur,

575 4835 694 4891 ego,
717 4819 803 4876 cui
827 4834 930 4874 non
949 4817 1045 4873 das
1066 4827 1291 4880 terram;
1315 4823 1404 4869 aut
1435 4823 1515 4878 tu,
1539 4813 1627 4882 qui
1658 4826 1761 4866 non
1785 4807 2063 4880 pervenies
2083 4804 2150 4860 ad

575 4925 699 4968 eum
726 4911 814 4982 qui
846 4909 969 4966 fecit
993 4908 1187 4971 coelum
1216 4916 1271 4962 et
1300 4917 1513 4961 terram.

648 5012 703 5069 '5.
737 5012 1012 5067 Consilium
1037 5008 1223 5065 Christi
1247 5008 1308 5063 de
1335 5007 1600 5079 erogandi:
1627 5005 1830 5070 divitiis,
1855 5021 1916 5058 ne
1942 5004 2021 5056 hic
2038 5017 2152 5073 per-

553 5116 717 5180 Ieant.
754 5105 808 5160 Si
845 5118 971 5174 ergo
997 5103 1272 5157 consilium
1299 5101 1588 5170 accipimus
1610 5139 1626 5165 ,
1655 5097 1909 5152 faciamus
1936 5104 2153 5164 prepter

579 5212 716 5261 nos;
747 5204 801 5252 et
824 5209 981 5250 nemo
1022 5194 1163 5248 dicat
1196 5191 1317 5262 quia
1347 5200 1562 5260 praestat
1601 5189 1837 5258 pauperi.
1870 5186 1982 5241 Sibi
2013 5186 2154 5241 enim

582 5290 699 5359 plus
729 5296 983 5358 prmstat,
1027 5299 1184 5356 quam
1229 5282 1468 5353 pauperi.
1501 5280 1556 5336 Si
1599 5296 1780 5334 verum
1821 5280 2114 5349 cogitemus
2138 5319 2153 5341 ,

585 5381 777 5436 fratres
801 5380 942 5444 mei,
974 5387 1028 5434 et
1053 5376 1342 5432 secundum
1375 5374 1532 5428 verba
1561 5373 1768 5426 Domini
1798 5371 1962 5425 nostri
1986 5371 2158 5440 sapia~

583 5487 740 5536 mus;
773 5470 926 5525 aliter
953 5469 1089 5524 enim
1116 5468 1159 5522 si
1187 5465 1515 5534 sapucrimus
1540 5506 1553 5522 ,
1585 5463 1816 5532 perimus
1848 5480 1859 5515 :
1893 5463 1934 5515 si
1966 5477 2068 5514 non
2093 5478 2156 5515 ex

585 5570 770 5616 nostro
798 5560 1040 5624 consilio,
1069 5557 1162 5613 sed
1200 5572 1265 5610 ex
1295 5556 1456 5624 ipsius
1481 5555 1737 5619 vivamus,
1769 5563 1893 5608 tunc
1919 5567 2044 5606 vcrc
2082 5553 2160 5606 vi~

586 5651 778 5704 vimus.
809 5649 865 5704 Si
904 5648 1160 5703 habemus
1198 5645 1391 5715 aliquid
1419 5643 1558 5714 quod
1587 5644 1906 5713 pauperibus
1933 5643 2121 5698 demus
2143 5686 2158 5709 ,

589 5743 634 5797 si
662 5757 768 5799 non
795 5741 1094 5798 dederimus
1120 5782 1135 5810 ,
1169 5738 1253 5795 hic
1277 5738 1588 5794 dimittimus
1613 5754 1627 5804 ;
1655 5749 1744 5794 aut
1780 5737 1914 5794 forte
1941 5751 2062 5791 cum
2089 5737 2165 5791 ri-

1752 308 1812 364 S.
1852 297 2214 362 AUGUSTINI
2254 291 2552 354 EPISCOPI

3670 287 3775 346 70-3

2198 412 2371 466 vimus
2393 448 2407 471 ,
2439 408 2522 461 hic
2542 404 2853 460 amittimus.
2881 402 3050 471 Quam
3081 403 3229 459 mulli
3258 404 3399 460 enim
3439 406 3612 462 subito
3635 408 3774 462 bona

2199 501 2375 555 omnia
2401 497 2741 567 perdiderunt
2763 535 2777 561 ,
2811 511 2930 565 qure
2956 494 3344 553 studiosissime
3370 499 3730 554 recondebam
3753 501 3778 553 ’ρ

2201 590 2318 647 Uno
2362 591 2559 659 impetu
2586 581 2762 642 hostili
2805 585 3040 641 universi
3071 585 3300 642 thesauri
3339 587 3560 643 divitum
3599 590 3776 659 perie-

2201 686 2345 736 runt.
2372 679 2540 736 Nemo
2565 679 2702 733 dixit
2739 677 2878 731 hosti
2907 695 2921 730 :
2953 676 3100 732 Filiis
3124 679 3259 732 meis
3282 694 3464 734 servo.
3507 680 3662 736 Certe
3697 681 3782 734 vi-

2204 763 2342 827 detis
2367 771 2488 841 quia
2513 771 2528 802 ¹
2558 769 2603 824 si
2628 778 2709 824 est
2738 768 2791 823 in
2821 767 2926 823 illis
2951 758 3124 838 aliqua
3161 767 3310 824 fides.
3343 761 3417 824 De
3445 769 3677 836 iiaenim
3706 772 3784 826 lo-

2205 861 2472 931 quendum
2501 868 2583 916 est
2604 901 2618 925 ,
2650 854 2739 930 qui
2765 856 3040 914 christiani
3079 858 3180 913 hoc
3219 861 3354 928 passi
3383 871 3520 913 sunt.
3557 860 3687 915 Nam
3715 852 3784 918 de

2207 951 2570 1021 ignorantibus
2594 951 2762 1005 Deum
2791 949 2934 1003 nulla
2963 949 3162 1004 mentio
3189 958 3291 1004 est.
3319 949 3397 1004 llli
3421 950 3561 1004 enim
3602 951 3654 1004 in
3686 952 3787 1007 hac

2207 1043 2314 1096 'vita
2333 1041 2474 1112 quod
2497 1055 2591 1111 pro
2616 1054 2807 1111 magno
2834 1039 3098 1095 habebant
3123 1039 3464 1108 perdiderunt
3488 1083 3502 1107 ,
3533 1041 3687 1096 aliam
3710 1043 3787 1096 vi-

2210 1141 2317 1186 tam
2337 1145 2443 1185 non
2474 1137 2840 1201 speraverant.
2866 1126 3124 1185 Tenebrae
3150 1129 3278 1185 foris
3300 1171 3314 1196 ,
3348 1131 3580 1186 tenebrae
3605 1131 3747 1186 intus
3771 1148 3785 1186 :

2212 1233 2494 1294 paupertas
2535 1222 2588 1276 in
2617 1235 2736 1276 arca
2762 1263 2777 1289 ,
2806 1221 2977 1291 major
3005 1225 3214 1291 egestas
3255 1221 3310 1276 in
3337 1222 3680 1277 conscientia.
3715 1213 3790 1278 De

2212 1306 2295 1369 bis
2316 1328 2441 1384 ergo
2464 1356 2480 1379 ,
2510 1320 2569 1368 ut
2591 1304 2699 1368 dixi
2725 1353 2739 1379 ,
2771 1327 2981 1383 quoquo
3003 1312 3162 1367 modo
3189 1327 3292 1367 non
3318 1322 3402 1367 est
3425 1313 3788 1383 loquendum;

2214 1404 2308 1459 sed
2333 1404 2400 1460 de
2426 1405 2489 1459 iis
2513 1403 2708 1474 potius,
2733 1404 2784 1458 in
2810 1404 2998 1473 quibus
3019 1413 3100 1458 est
3123 1403 3252 1458 lides
3271 1403 3444 1474 aliqua
3474 1403 3789 1459 christiana.

2215 1495 2338 1550 Ideo
2365 1495 2472 1550 dixi
2497 1535 2513 1562 ,
2543 1495 2716 1564 aliqua
2741 1536 2756 1561 ,
2791 1509 2896 1548 non
2925 1494 3139 1549 robusta
3166 1535 3179 1557 ,
3211 1509 3316 1549 non
3354 1495 3550 1565 plena;
3583 1496 3705 1565 quia
3745 1496 3795 1551 si

2215 1584 2430 1640 robusta
2469 1592 2522 1639 et
2549 1583 2699 1654 plena
2741 1593 2922 1650 esset,
2953 1575 3234 1638 consilium
3263 1583 3470 1638 Domini
3504 1599 3611 1638 non
3638 1589 3793 1654 spre-

2215 1676 2434 1730 vissent.
2463 1672 2618 1729 Certe
2659 1685 2831 1730 tamen
2857 1711 2873 1740 ,
2905 1673 3206 1728 cbarissimi
3231 1715 3246 1740 ,
3277 1690 3399 1729 cum
3433 1674 3676 1731 viderent
3697 1675 3798 1730 do-

2217 1781 2335 1822 mos
2358 1782 2483 1822 suas
2509 1767 2694 1821 inanes
2721 1807 2736 1834 ,
2767 1775 2860 1820 aut
2883 1765 3018 1820 forte
3041 1781 3141 1821 nec
3163 1766 3330 1837 ipsam
3360 1766 3664 1822 inanitatem
3693 1767 3797 1822 do-

2219 1871 2430 1911 morum
2453 1870 2669 1910 suarum
2695 1855 2876 1911 videre
2904 1855 3148 1925 permissi
3187 1865 3311 1910 sunt
3333 1897 3349 1922 ,
3382 1869 3502 1910 cum
3546 1857 3669 1912 inde
3701 1867 3797 1912 ca-

2222 1951 2348 2021 ptivi
2375 1949 2519 2005 ducti
2557 1955 2681 2004 sunt
2702 1989 2717 2013 ,
2750 1962 2871 2003 cum
2897 1948 2975 2002 eis
3000 1947 3392 2003 discedentibus
3417 1947 3630 2003 ﬂamma
3678 1958 3801 2004 suc-

2220 2039 2382 2096 cessit
2405 2058 2418 2094 :
2440 2054 2562 2095 cum
2581 2053 2708 2110 ergo
2737 2052 2796 2093 se
2821 2037 3154 2093 attenderem
3180 2038 3386 2105 inanes,
3417 2037 3683 2108 quomodo
3703 2053 3801 2094 eos

2221 2133 2487 2203 paenituit,
2509 2132 2628 2203 quia
2655 2146 2763 2187 non
2790 2129 3065 2186 audierant
3087 2130 3294 2186 Domini
3315 2131 3634 2186 consilium?
3662 2130 3803 2198 Quid

2223 2227 2367 2281 enim
2400 2224 2655 2279 Dominus
2683 2232 2867 2278 noster
2901 2221 3057 2278 Jesus
3094 2221 3335 2277 Christus
3359 2262 3374 2286 ,
3406 2220 3596 2277 fratres
3619 2262 3633 2286 ,
3667 2219 3805 2276 dixit

2223 2316 2372 2372 diviti
2393 2315 2468 2370 illi
2489 2314 2745 2385 quaerenti
2766 2312 3043 2369 consilium
3071 2312 3140 2368 de
3162 2311 3486 2383 capessenda
3508 2313 3612 2368 vita
3642 2317 3802 2366 teter-

2223 2411 2325 2468 na?
2350 2409 2483 2479 Quid
2507 2409 2558 2465 ei
2581 2407 2743 2464 dixit?
2773 2407 2912 2462 Dixit
2935 2405 3007 2472 ei,
3032 2406 3202 2462 Perde
3227 2405 3368 2475 quod
3389 2405 3586 2460 babes?
3613 2405 3802 2469 Plane,

2224 2502 2432 2558 etiamsi
2462 2500 2564 2555 hoc
2585 2499 2805 2565 diceret,
2837 2497 3007 2553 Perde
3028 2497 3358 2568 temporalia,
3387 2497 3590 2552 diceret
3617 2507 3678 2551 ut
3713 2510 3807 2551 ae-

2225 2593 2404 2663 quiras
2441 2599 2640 2646 :eterna
2658 2591 2700 2644 ³.
2726 2590 2842 2645 Non
2863 2589 2914 2645 ei
2940 2597 3119 2644 tamen
3147 2587 3317 2653 dixit,
3349 2587 3519 2643 Perde
3541 2587 3682 2658 quod
3711 2588 3809 2642 ha-

2225 2684 2340 2750 bes.
2359 2683 2586 2738 Videbat
2604 2682 2746 2738 enim
2767 2682 2910 2736 illum
2929 2689 3218 2735 amatorem
3235 2694 3413 2735 rerum
3433 2695 3667 2735 suarum.
3686 2679 3806 2735 Non

2227 2775 2321 2841 ait,
2350 2771 2519 2829 Perde
2543 2789 2557 2839 ;
2589 2772 2683 2828 sed
2708 2773 2800 2838 ait,
2828 2772 2992 2842 Migra
3019 2771 3106 2826 ubi
3128 2785 3234 2825 non
3264 2769 3474 2841 perdas.
3505 2771 3667 2826 Amas
3689 2771 3809 2827 tlte-

2227 2879 2415 2922 sauros
2436 2863 2586 2920 tuos?
2605 2877 2753 2918 amas
2772 2863 3048 2934 pecuniam
3071 2862 3248 2917 tuam?
3267 2876 3416 2916 amas
3435 2861 3642 2916 divitias
3664 2863 3812 2916 tuas?

2229 2972 2378 3013 amas
2401 2955 2596 3027 prtedia
2623 2957 2754 3010 tua?
2780 2954 3051 3025 Quidquid
3075 2969 3244 3020 amas,
3277 2954 3329 3009 in
3356 2963 3496 3010 terra
3519 2954 3703 3011 habes.
3735 2946 3815 3010 lbi

2231 3051 2397 3106 habes
2424 3048 2563 3120 quod
2583 3062 2752 3114 amas,
2775 3048 2862 3102 ubi
2885 3047 3073 3116 perdas
3097 3055 3152 3101 et
3174 3061 3376 3116 pereas.
3405 3045 3693 3102 Consilium
3714 3047 3814 3114 do,

2231 3140 2399 3211 migra
2419 3139 2474 3194 in
2489 3139 2703 3194 ctelum.
2730 3137 2826 3191 llic
2841 3137 2886 3191 si
2901 3135 3087 3200 habes,
3110 3136 3300 3206 perdes
3318 3135 3460 3206 quod
3485 3136 3666 3201 babes,
3691 3149 3820 3206 pcr-

2233 3231 2336 3286 ibis
2361 3245 2481 3286 cum
2522 3243 2588 3283 eo
2608 3227 2746 3298 quod
2769 3226 2966 3297 perdis.
2993 3227 3066 3281 lbi
3088 3238 3263 3282 autem
3287 3227 3332 3281 si
3353 3226 3538 3294 babes,
3563 3241 3666 3281 non
3688 3227 3820 3282 ami-

2233 3321 2370 3388 sisti,
2387 3319 2481 3376 sed
2497 3318 2737 3389 sequeris
2751 3333 2856 3390 quo
2872 3317 3063 3372 misisti
3084 3316 3298 3386 (Matth.
3327 3332 3435 3382 xix,
3455 3317 3652 3389 16-21).
3674 3317 3790 3372 Con
3803 3348 3822 3357 -

2235 3413 2410 3468 silium
2438 3425 2562 3482 ergo
2590 3410 2660 3466 do
2683 3450 2699 3475 ,
2730 3420 2835 3466 etc.
2865 3408 3052 3481 (a).....
3081 3409 3258 3478 Quare
3284 3409 3702 3479 contempsimus
3724 3423 3826 3477 pa-

2239 3512 2371 3558 trem
2418 3511 2724 3557 monentem
2748 3541 2763 3568 ,
2813 3510 2868 3556 et
2894 3499 3102 3554 hostem
3144 3500 3408 3555 sensimus
3437 3498 3823 3554 invadenteur?

2239 3595 2454 3668 [Multos
2491 3609 2620 3666 ergo
2643 3594 2890 3665 poenitet.
2917 3592 3047 3648 Nam
3073 3592 3287 3663 quidam
3313 3591 3479 3663 (quod
3509 3606 3694 3647 revera
3731 3590 3828 3645 di-

2239 3690 2376 3746 citur
2398 3687 2675 3759 accidisse)
2704 3686 2866 3742 homo
2894 3701 2998 3741 non
3031 3685 3181 3740 dives
3203 3727 3219 3750 ,
3247 3683 3342 3740 sed
3368 3691 3544 3740 tamen
3569 3682 3726 3739 etiam
3753 3682 3830 3738 de

2240 3782 2386 3837 tenui
2412 3779 2662 3835 facultate
2689 3778 2898 3849 pinguis
2923 3775 3078 3847 adipe
3103 3775 3398 3842 cbaritatis,
3421 3791 3543 3831 cum
3565 3774 3825 3841 solidum,

2241 3881 2300 3926 ut
2323 3869 2537 3937 assolet,
2566 3868 2894 3924 vendidisset
2913 3867 3013 3938 (b),
3037 3874 3250 3922 centum
3277 3866 3433 3922 folles
3455 3882 3520 3922 ex
3547 3867 3717 3937 pretio
3737 3879 3832 3920 so-

2243 3961 2336 4018 lidi
2375 3959 2696 4031 pauperibus
2713 3958 2872 4029 jussit
2899 3957 3110 4029 erogari
3133 3956 3226 4030 (ο).
3261 3957 3479 4013 Factum
3510 3968 3608 4014 est.
3636 3957 3713 4013 lbi
3736 3959 3834 4015 illc

2309 4095 2484 4206 ξ)εῇ
2505 4096 2642 4204 53m.
2665 4095 2827 4155 deest,
2866 4091 3010 4158 quia;
3033 4105 3179 4157 quam
3201 4105 3368 4144 vocem
3391 4100 3631 4156 prmterea
3654 4106 3838 4144 sensus

2244 4170 2460 4219 repellit.
2525 4170 2616 4219 M._
2667 4217 2678 4219 _
2776 4217 2788 4219 _
2938 4215 2951 4219 _
3240 4213 3286 4219 __
3371 4215 3381 4219 _
3524 4199 3538 4219 _.

2310 4213 2331 4251 δ
2347 4221 2482 4269 sirm.
2508 4220 2578 4268 sic
2604 4217 2756 4266 habet
2776 4217 2906 4267 hunc
2938 4215 3131 4266 locum:
3163 4213 3286 4275 Quid
3305 4215 3451 4276 enim,
3499 4213 3667 4266 dixit?
3695 4214 3838 4266 Dixit

2247 4279 2312 4340 ei,
2338 4277 2492 4343 Perde
2515 4277 2640 4343 quod
2664 4277 2806 4343 Itabes
2827 4276 2850 4328 ?
2869 4277 3104 4335 Placeret,
3122 4276 3166 4328 si
3187 4278 3273 4327 hoc
3298 4277 3496 4339 diceret,
3525 4276 3680 4328 Perde
3707 4284 3835 4327 tem-

2248 4338 2455 4405 poralia,
2479 4338 2538 4405 ut
2553 4338 2781 4403 acquiras
2802 4345 3002 4389 (eterna.
3069 4345 3126 4388 It.

2313 4403 2386 4525 ξαζ
2416 4403 2598 4472 omissa
2620 4400 2796 4473 repete
2820 4413 2886 4449 ex
2908 4413 3139 4450 sermone
3153 4400 3234 4457 60,
3250 4411 3301 4448 n.
3326 4400 3377 4448 7.

2324 4461 2364 4525 7b
2419 4470 2590 4521 Quanti
2612 4461 2814 4511 solidum
2837 4474 3039 4525 aureum
3062 4461 3336 4525 vendiderit
3358 4473 3377 4508 r

2337 4459 2386 4521 ὁ)
2419 4463 2590 4521 Quanti
2612 4459 2814 4511 solidum
2837 4474 3039 4511 aureum
3062 4461 3336 4510 vendiderit
3358 4473 3455 4509 non
3488 4459 3732 4521 declarat;
3759 4461 3841 4509 in-

2249 4497 2406 4586 ιεὴῖέί
2420 4497 2592 4573 ἴιῖιῖἔῶ
2607 4497 2865 4584 5313.22;
2869 4497 3420 4586 Ἠοῖἵῆειῒὲιέὶῖᾱὲιῖξιῌῖ
3423 4497 3680 4571 ἰκῐῖἶὶΞέ
3684 4497 3845 4586 τήιὲΞᾷ

2251 4583 2473 4635 dosianas
2489 4618 2502 4643 ,
2525 4583 2622 4646 qua
2642 4590 2836 4646 cautum
2853 4591 2948 4641 est,
2981 4600 3003 4629 ιι
3036 4591 3104 4646 Ne
3125 4595 3335 4644 unquam
3358 4583 3484 4646 intra
3505 4591 3698 4644 septem
3730 4583 3844 4646 mil-

2259 4664 2282 4692 α
2305 4646 2366 4694 lia
2390 4643 2690 4695 nummorum
2712 4643 2893 4695 solidus
2914 4643 3223 4693 distrahatur.
3241 4659 3262 4687 ι
3285 4643 3587 4693 Cassiodorus
3608 4656 3696 4692 sex
3721 4643 3844 4693 olim

2253 4706 2464 4757 millibus
2481 4707 2728 4763 venditum
2744 4706 2889 4756 docet
2904 4705 2988 4755 lib.
3015 4706 3037 4753 1
3065 4706 3324 4763 variarum,
3352 4705 3495 4765 epist.
3520 4705 3576 4754 10
3599 4719 3610 4754 :
3637 4722 3658 4750 ι
3678 4713 3795 4765 sex,
3815 4723 3839 4751 ι

2253 4770 2426 4830 inquit,
2453 4786 2476 4815 ι
2487 4767 2639 4830 millia
2660 4767 2970 4830 denariorum
2992 4765 3196 4816 solidum
3219 4779 3332 4815 esse
3354 4764 3628 4815 veluerunt.
3652 4781 3676 4830 ιι
3705 4764 3842 4816 sinu.

2338 4783 2426 4830 uit,
2453 4786 2476 4815 ι
2491 4783 2639 4817 mima
2660 4783 2970 4816 denariorum
2992 4783 3196 4816 sonoum
3219 4783 3332 4815 esse
3354 4783 3628 4815 sonuerunt.
3652 4783 3676 4810 ι
3705 4783 3842 4816 sinu.

2305 4783 2386 4939 (ξε)
2422 4829 2578 4880 Folles
2617 4841 2775 4878 azreos
2795 4829 2939 4886 dicit,
2981 4841 3078 4876 non
3113 4833 3390 4888 argenteos.
3440 4829 3665 4889 Argentei
3709 4829 3846 4877 enim

2305 4891 2398 4939 les
2419 4898 2616 4939 centum
2651 4903 2763 4939 rars
2798 4888 2932 4939 solidi
2959 4889 3137 4939 exigua
3173 4901 3268 4938 non
3303 4896 3485 4938 essent.
3529 4895 3583 4938 Ut
3615 4889 3846 4938 denarios

2255 4888 2398 4940 folles
2419 4898 2616 4951 centum
2651 4903 2763 4951 pars
2798 4888 2932 4939 solidi
2959 4889 3137 4951 exigua
3173 4901 3268 4938 non
3303 4896 3485 4938 essent.
3509 4888 3583 4938 ’Ut
3605 4889 3848 4951 denarios

2259 4964 2381 5014 ergo
2397 4949 2726 5025 appellabant,
2753 4959 2854 5025 tum
2877 4949 3159 5025 argenteos,
3185 4956 3287 5025 tum
3299 4961 3460 5025 terens
3477 4964 3502 5025 ;r
3516 4951 3584 4998 sic
3597 4949 3740 5025 folles
3759 4951 3844 5025 alii

2257 5010 2479 5076 argentei
2501 5010 2735 5073 fuerunt,
2777 5012 2854 5061 alii
2889 5010 3023 5060 terei.
3049 5011 3245 5076 [tollium
3273 5010 3514 5060 :ereoruin
3557 5010 3720 5070 valor,
3759 5021 3852 5062 aut

2259 5072 2388 5122 idém
2411 5073 2501 5124 fuit
2523 5087 2578 5122 ac
2600 5072 2923 5130 nummorum,
2948 5084 3037 5121 seu
3059 5072 3386 5132 denariorum,
3409 5085 3612 5133 quorum
3636 5085 3725 5122 sex
3758 5086 3846 5121 se-

2258 5142 2459 5197 ptemve
2481 5133 2630 5184 millia
2652 5135 2701 5205 in
2724 5133 2876 5205 solido
2893 5135 3239 5205 censebantur,
3262 5140 3344 5182 aut
3365 5135 3621 5205 utriusque
3638 5135 3850 5205 generis

2260 5191 2356 5246 non
2379 5209 2609 5268 magnum
2640 5197 2900 5268 discrimen
2906 5231 2917 5242 .
2965 5191 3124 5268 Folles
3142 5201 3305 5268 autem
3315 5191 3556 5268 argentei
3596 5191 3851 5268 atlgustini

2262 5269 2367 5320 sevo
2389 5255 2502 5320 quid
2536 5257 2776 5315 valerent,
2802 5258 3024 5320 aestimari
3051 5263 3210 5320 potest
3232 5268 3296 5305 ex
3310 5255 3442 5320 tege
3463 5256 3635 5320 urged.
3660 5255 3847 5320 'lbeod.

2261 5315 2564 5381 desuariis,
2598 5331 2710 5381 qua:
2733 5319 2940 5381 porcina:
2966 5315 3172 5381 pretium
3197 5315 3495 5381 inusing'ul‘as
3528 5315 3674 5381 libras
3709 5319 3852 5381 senis

2262 5378 2456 5441 follibus
2477 5377 2645 5428 deﬁnit
2663 5413 2676 5436 ,
2717 5377 2770 5428 et
2797 5392 2871 5441 _e.\'
2910 5377 2976 5441 iis
3006 5391 3116 5441 qua
3139 5378 3187 5426 in
3229 5377 3312 5426 lib.
3337 5377 3398 5426 ﬁ
3417 5377 3481 5427 de
3503 5379 3700 5441 Civitate
3726 5379 3810 5425 Dei
3834 5413 3850 5434 ,

2263 5453 2369 5502 cap.
2404 5440 2478 5502 ,8,
2505 5448 2758 5488 narrantur
2780 5439 2845 5488 de
2887 5439 3126 5502 Florentio
3165 5439 3679 5502 sartorerﬂipponensi
3701 5473 3716 5494 ,
3763 5442 3849 5500 qui

2264 5499 2498 5610 grandem
2524 5503 2705 5562 piscem
2730 5503 2964 5550 trecentis
2987 5499 3182 5549 follibus
3199 5499 3689 5550 vendidisse’dieitur.
3718 5499 3853 5550 Utro-

2287 5576 2414 5610 naue
2431 5566 2563 5610 enim
2581 5575 2860 5610 congruere
2883 5564 3043 5610 omnia
3075 5569 3301 5610 possunt.
3330 5563 3368 5610 si
3390 5574 3475 5610 pro
3499 5561 3694 5610 follibus
3712 5573 3853 5610 asses

2287 5565 2414 5625 iique
2431 5561 2563 5625 enim
2581 5575 2860 5624 congruere
2883 5564 3043 5611 omnia
3075 5569 3301 5624 possunt,
3389 5574 3475 5623 pro
3499 5561 3694 5610 follibus
3712 5573 3855 5610 asses

2266 5621 2370 5672 sive
2389 5623 2528 5673 solidi
2553 5621 2802 5673 sumantur
2821 5629 3030 5672 moneta:
3050 5621 3228 5672 nostra:
3249 5621 3513 5672 Gallicanae.
3539 5630 3650 5671 Nam
3671 5630 3720 5671 et
3740 5636 3853 5682 por-

2266 5686 2388 5734 cinze
2412 5687 2460 5733 in
2483 5684 2698 5747 singulas
2712 5684 2858 5733 libras
2874 5683 3133 5733 solidorum
3147 5697 3235 5732 sex
3253 5684 3436 5744 justum
3455 5682 3600 5747 fuerit
3620 5686 3851 5747 pretium,

2277 5753 2329 5796 et
2350 5744 2582 5810 grandem
2603 5748 2784 5808 piscem
2807 5747 3040 5796 trecentis
3061 5747 3248 5796 assilms
3271 5747 3448 5797 nostris
3466 5745 3608 5797 vcndi
3622 5744 3749 5794 nihil
3774 5754 3853 5794 est
