4062 6368
300 337 442 397 1705

298 446 472 502 hostis
497 444 745 514 antiquus
768 484 783 507 ,
814 441 866 498 id
893 448 975 497 est
996 439 1236 495 diabolus
1260 479 1275 503 ,
1304 449 1359 492 ut
1397 439 1677 508 pmniterct
1703 454 1822 491 eum
1856 437 1871 467 ⁸

295 536 425 590 boni
446 534 626 604 operis
645 534 749 600 sui,
772 542 823 587 et
847 530 987 602 quod
1008 529 1305 586 obediendo
1328 539 1467 583 recte
1490 528 1709 589 fecerat,
1734 542 1877 579 mur-

296 628 562 681 murando
601 626 838 689 deleret,
871 624 1087 677 immisit
1112 621 1282 675 furem
1309 660 1325 686 ,
1354 631 1404 675 et
1430 620 1645 674 abstulit
1670 626 1833 671 totum
1859 657 1873 682 ,

295 719 442 772 unde
458 717 778 787 pauperibus
794 715 971 768 datum
992 722 1105 767 erat
1118 714 1386 781 exiguum.
1410 711 1759 779 Exspectabat
1774 710 1879 762 dia-

295 807 457 861 bolus
478 821 660 862 vocem
684 803 1116 873 blasphemantis,
1142 802 1341 855 invenit
1368 800 1630 853 laudantis
1655 816 1666 850 :
1690 812 1877 865 exspe-

294 898 479 952 ctabat
500 897 610 951 fieri
632 895 1020 958 titubationem,
1046 893 1245 947 invenit
1268 892 1741 945 conﬁrmationem.
1769 890 1879 944 lloc

296 988 514 1042 volebat
537 985 749 1056 quidem
775 994 828 1040 et
854 984 1116 1049 inimicus,
1142 994 1199 1037 ut
1224 983 1500 1052 paeniteret
1523 997 1667 1048 eum,
1693 992 1746 1035 et
1770 996 1877 1048 pa:-

296 1078 479 1132 nituit.
506 1076 608 1131 Sed
636 1076 810 1130 videte
838 1073 983 1145 quid.
1015 1074 1115 1135 Me,
1142 1073 1326 1142 inquit,
1360 1073 1633 1134 miserum,
1659 1071 1746 1140 qui
1773 1086 1875 1123 non

296 1176 469 1222 totum
488 1166 630 1222 dedi!
645 1166 755 1220 Hoc
770 1166 910 1220 enim
930 1164 1152 1234 perdidi,
1171 1161 1308 1232 quod
1328 1178 1429 1216 non
1448 1160 1587 1216 dedi.
1608 1161 1718 1214 Non
1736 1161 1876 1214 enim

298 1259 375 1313 ibi
404 1259 555 1328 posui
580 1299 594 1326 ,
626 1273 730 1327 quo
751 1256 834 1311 fur
859 1270 965 1312 non
986 1254 1229 1326 accedit].
1260 1255 1399 1324 Ergo
1422 1254 1466 1307 si
1492 1252 1769 1307 consilium
1796 1260 1877 1306 est

297 1346 443 1415 hoc,
478 1355 584 1401 etc.
616 1344 715 1419 (a).

762 1478 991 1533 SERMO
1018 1475 1236 1533 cccxc
1261 1476 1392 1547 ‘(b).

619 1590 696 1646 De
730 1590 977 1659 faciendis
1003 1589 1345 1661 elcemosyuis,
1378 1605 1431 1643 nt
1466 1587 1555 1660 (ι’).

371 1722 427 1776 1.
458 1719 810 1791 Eleemosyna:
828 1716 1032 1774 comites
1069 1720 1375 1785 ieiuniorum
1421 1720 1473 1771 in
1510 1718 1692 1773 sanctis
1734 1718 1869 1771 viris.

298 1811 581 1868 Consilium
608 1813 1161 1883 prwmiuendidivitias
1184 1812 1236 1865 in
1269 1813 1469 1865 cwlum.
1512 1811 1592 1865 Ad
1636 1812 1872 1866 eleemo-

300 1918 463 1973 syuas
489 1902 778 1969 faciendas,
800 1904 1064 1968 volumus,
1109 1912 1361 1973 quantum
1404 1903 1657 1956 Dominus
1694 1902 1873 1965 donat,

300 1994 577 2047 exhortari
607 1994 933 2048 Charitatem
960 2003 1210 2058 vestram,
1240 2008 1356 2061 quae
1379 1992 1552 2046 solent
1592 1993 1642 2046 in
1682 1992 1878 2046 sanctis

302 2084 551 2139 ﬁdelibus
573 2084 702 2138 viris
724 2098 843 2139 esse
863 2083 1435 2151 comitesjcjuniorum,
1461 2093 1517 2137 ut
1544 2099 1645 2137 non
1666 2082 1876 2137 habenti

301 2172 554 2239 addatur,
588 2172 729 2243 quod
760 2172 975 2227 habenti
1001 2173 1327 2227 detrahitur:
1364 2181 1437 2237 ut,
1468 2188 1589 2227 cum
1617 2173 1762 2227 lucro
1790 2183 1879 2226 tuo

300 2265 517 2321 fraudas
559 2266 792 2320 animam
821 2275 984 2331 tuam,
1018 2264 1119 2319 hoc
1148 2264 1409 2319 subducas
1447 2264 1616 2330 carni,
1656 2266 1796 2333 quod
1824 2266 1876 2318 in

299 2355 442 2410 coelo
470 2357 785 2411 constituas.
814 2352 990 2410 Habes
1052 2355 1193 2408 enim
1245 2354 1354 2408 illic
1402 2353 1652 2409 horreum
1709 2364 1875 2419 tuum,

301 2445 470 2499 habes
485 2446 763 2501 Custodem
790 2454 958 2499 tuum.
992 2444 1229 2514 Namque
1258 2444 1346 2499 ubi
1393 2454 1592 2513 ponant
1640 2444 1879 2500 homines

302 2536 572 2590 tutissime
623 2535 764 2605 quod
791 2544 969 2589 amant
1009 2535 1061 2588 in
1085 2544 1244 2599 terra,
1294 2534 1597 2589 conducunt
1639 2534 1735 2587 sibi
1764 2535 1878 2589 loca

303 2625 681 2690 munitissima,
708 2634 763 2679 et
790 2634 1041 2695 quantum
1071 2633 1292 2694 possunt
1337 2634 1583 2694 satagunt
1631 2625 1732 2679 sibi
1769 2640 1881 2680 ser-

304 2731 453 2781 vare,
475 2732 584 2787 quo
614 2716 756 2772 fures
785 2733 889 2772 non
921 2727 1139 2787 possunt
1166 2718 1438 2773 accedere.
1470 2719 1537 2773 Et
1560 2719 1637 2774 eis
1663 2718 1765 2773 hoc
1792 2735 1881 2775 vo-

304 2807 559 2874 lentibus,
596 2808 697 2863 hoc
727 2809 1061 2864 servantibus
1098 2810 1309 2879 quando
1351 2820 1525 2881 potest
1573 2812 1883 2881 contingere

305 2897 361 2951 in
389 2898 572 2953 terra?
604 2897 763 2954 Forte
778 2907 958 2965 custos
986 2900 1098 2968 ipse
1126 2901 1208 2953 fur
1229 2902 1349 2956 erit.
1384 2901 1493 2955 Hoc
1514 2901 1767 2955 Dominus
1788 2901 1879 2956 Je-

304 3004 400 3043 sns
427 2988 675 3045 Christus
710 2989 1011 3056 attendens,
1067 2991 1193 3061 quid
1239 2993 1403 3046 velint
1451 2992 1713 3059 homines,
1754 2994 1881 3062 qpid

303 3086 588 3143 conentur,
620 3094 741 3133 eum
773 3094 859 3133 res
883 3094 1007 3134 suas
1032 3090 1246 3135 servant
1268 3081 1317 3133 in
1364 3093 1521 3146 terra,
1566 3082 1713 3136 dedit
1750 3097 1881 3136 con-

304 3168 508 3223 silium.
540 3169 599 3223 ln
624 3168 760 3225 cmlo
783 3177 1013 3235 servate,
1046 3169 1176 3225 mihi
1202 3172 1589 3226 commendato.
1631 3172 1729 3239 Qui
1757 3188 1883 3242 ergo

301 3259 465 3329 jussit
491 3269 544 3315 te
570 3259 719 3327 dare,
751 3275 855 3314 non
887 3269 938 3315 te
983 3259 1147 3313 voluit
1186 3260 1428 3329 perdere,
1484 3261 1577 3315 sed
1628 3262 1879 3331 migrare.

304 3350 583 3405 Pus-cedat
607 3360 658 3405 te
684 3359 987 3405 secuturum
1017 3365 1104 3405 res
1136 3360 1241 3403 tua.
1271 3350 1421 3416 Quod
1453 3350 1577 3405 illnc
1606 3366 1712 3405 non
1745 3368 1881 3421 pra:-

304 3439 476 3494 mittis
500 3441 544 3505 ξ,
575 3440 663 3494 ubi
707 3440 795 3494 diu
822 3456 928 3495 non
956 3438 1082 3503 eris,
1115 3440 1200 3495 ubi
1234 3449 1351 3509 post
1382 3450 1431 3493 te
1463 3441 1581 3509 quis
1610 3441 1883 3510 possidere

303 3532 449 3601 quod
474 3532 693 3586 servasti
718 3532 905 3602 possit,
959 3533 1189 3601 ignoras.
1242 3532 1380 3587 Leva
1430 3532 1552 3586 hinc
1589 3548 1715 3602 ergo
1742 3534 1882 3603 quod

303 3622 505 3694 diligis,
528 3639 596 3678 ne
612 3622 699 3679 hic
720 3623 986 3693 diligendo
1007 3624 1231 3688 hszreas,
1261 3634 1314 3678 et
1342 3624 1590 3679 harrendo
1612 3625 1801 3694 perdas
1831 3635 1885 3680 et

306 3728 522 3782 pereas.
554 3715 807 3769 Dominus
834 3725 955 3768 tuus
977 3714 1091 3782 ipse
1119 3723 1200 3768 cst
1220 3724 1401 3768 custos
1423 3724 1542 3769 tuus
1568 3724 1623 3770 et
1648 3725 1878 3769 tuorum.

305 3801 365 3859 Si
396 3804 601 3859 amicus
628 3812 748 3857 tuus
779 3802 1053 3858 familiaris
1082 3804 1150 3859 de
1178 3803 1447 3859 frumento
1478 3805 1694 3859 forsitan
1748 3821 1879 3859 con-

304 3894 574 3950 servando
594 3895 857 3965 ignoranti
884 3895 1163 3949 consilium
1202 3895 1373 3963 daret,
1398 3906 1455 3950 ut
1501 3896 1569 3952 de
1616 3897 1883 3953 inferiori-

305 3988 409 4043 bus
436 3987 507 4043 ad
534 3989 809 4059 superiora
828 3989 1054 4055 levares,
1074 3990 1160 4044 ubi
1188 3991 1377 4046 melius
1398 4006 1676 4057 scrvares;
1707 4010 1884 4049 nonne

302 4079 588 4134 consilium
615 4080 730 4149 ejus
762 4080 1031 4149 acciperes
1058 4081 1164 4151 (d)?
1193 4082 1289 4136 Dat
1316 4098 1444 4153 ergo
1491 4083 1620 4137 illud
1657 4084 1747 4137 tibi
1781 4085 1887 4139 Do-

303 4170 487 4226 minus
518 4180 637 4227 tuus
669 4185 807 4226 :nec
858 4180 910 4227 te
950 4172 1065 4226 vult
1094 4174 1383 4243 corrumpi,
1434 4188 1532 4229 nec
1580 4184 1686 4229 tua.
1738 4175 1884 4230 Pone

302 4262 417 4327 hic,
439 4262 487 4317 si
509 4276 614 4317 non
637 4262 719 4317 vis
757 4262 1002 4332 perdere.
1034 4261 1128 4317 Vis
1169 4263 1312 4318 scire
1355 4264 1481 4333 quid
1523 4266 1743 4334 agatur?
1773 4266 1884 4336 Ego

303 4344 421 4399 scio
449 4346 591 4415 quod
620 4361 777 4401 nemo
801 4345 991 4400 melius
1018 4345 1087 4401 de
1114 4345 1307 4402 fabrica
1325 4347 1426 4402 ista
1447 4349 1728 4403 consilium
1753 4349 1881 4404 dare

302 4443 509 4505 potest,
539 4435 641 4490 nisi
670 4436 758 4506 qui
808 4435 930 4491 fecit
951 4450 1091 4490 eam.
1130 4436 1208 4491 Tu
1230 4437 1381 4501 dicis,
1436 4437 1537 4493 Uhi
1585 4441 1884 4507 reponam?

308 4527 636 4597 Respondet,
662 4528 716 4583 ln
755 4527 894 4583 coelo
924 4545 937 4580 :
970 4528 1048 4582 sic
1068 4528 1209 4583 enim
1241 4528 1333 4595 ait,
1365 4527 1723 4584 Thesaurizate
1748 4530 1882 4585 vobis

305 4619 569 4673 thesauros
592 4620 645 4673 in
664 4620 807 4685 caelo,
840 4619 923 4673 ubi
949 4619 1034 4689 fur
1053 4637 1153 4673 non
1197 4619 1397 4689 effodit,
1433 4637 1588 4689 neque
1610 4623 1742 4674 tinea
1766 4639 1879 4675 cor-

303 4709 543 4777 rumpit:
571 4707 657 4762 ubi
681 4709 811 4762 enim
854 4710 947 4763 erit
990 4710 1251 4764 thesaurus
1303 4721 1437 4774 tuus,
1487 4711 1556 4763 ibi
1588 4712 1679 4763 erit
1718 4723 1763 4765 et
1798 4729 1885 4766 cor

301 4842 519 4891 abmrdi.
542 4849 644 4901 Quo
664 4842 717 4891 fit
737 4850 793 4893 ut
813 4841 993 4893 follium
1014 4852 1066 4894 et
1083 4844 1342 4895 solidorum
1360 4847 1644 4895 nostratium
1667 4847 1881 4897 valorem

302 4904 801 4966 eumdemgcoujicere
825 4904 985 4963 liceat,
1011 4906 1090 4956 vel
1110 4906 1323 4956 alfinem.
1349 4915 1523 4957 verum
1548 4908 1651 4957 haec
1680 4908 1745 4956 de
1768 4909 1881 4958 folle

298 4963 865 5031 accipienda,_qttateuus
898 4974 1085 5016 eertum
1107 4970 1285 5017 nummi
1328 4982 1487 5030 genus
1508 4968 1756 5031 significat.
1784 4971 1884 5019 Fol-

301 5024 380 5075 liis
405 5024 538 5094 enim
557 5024 801 5094 aliiensunt
824 5029 872 5077 in
897 5041 953 5094 re
977 5030 1250 5090 pecuniaria
1272 5024 1495 5080 noiiones
1511 5067 1525 5089 ,
1552 5024 1663 5094 qua:
1695 5030 1755 5079 ad
1776 5044 1882 5081 rem

308 5100 395 5136 ιοο
418 5085 524 5135 loco
548 5099 645 5136 non
668 5087 860 5137 faciunt.
885 5085 1021 5137 sirm.

347 5150 634 5258 "ﬁﬂlnnisex
658 5149 825 5199 codice
847 5163 888 5198 r.
906 5184 921 5209 ,
945 5150 1041 5214 egit
1062 5157 1112 5200 ut
1136 5151 1383 5215 pwm‘teret
1413 5164 1537 5201 eum.
1574 5153 1734 5212 Abest,
1768 5152 1881 5217 egit,

360 5271 384 5302 ³
408 5276 549 5319 Forte
571 5270 734 5329 deest,
753 5268 833 5321 hic
855 5270 1053 5323 dimittis
1071 5273 1150 5323 ubi
1178 5273 1264 5323 diu
1285 5286 1379 5324 non
1399 5272 1512 5324 eris.

362 5332 381 5397 ξ
406 5332 709 5397 fj‘megialus
823 5346 944 5397 Liv.
981 5341 1031 5383 et
1053 5336 1112 5384 ad
1134 5337 1267 5397 Vign.

306 5452 324 5465 η
361 5393 440 5453 (a)
476 5390 674 5455 tteliqua
695 5393 850 5444 habes
874 5396 922 5443 in
952 5390 1283 5456 Sermonc‘GO,
1306 5411 1355 5445 ιι.
1381 5396 1412 5445 8
1431 5405 1483 5448 et
1499 5411 1627 5460 seq.,
1651 5412 1805 5461 usque
1822 5399 1881 5449 ad

294 5466 467 5502 unetn.

360 5514 436 5635 gb;
472 5514 614 5574 Alias,
641 5515 770 5565 inter
794 5516 1107 5587 yigtierianos
1132 5520 1204 5567 13.

386 5589 415 5625 ι’
472 5583 523 5625 In
575 5585 911 5635 manuscriptts
960 5581 1202 5635 assignant

386 5578 436 5637 c)
472 5583 523 5642 In
575 5578 911 5642 manuscriptis
960 5581 1228 5642 assignatur
1272 5581 1475 5629 Sahhato
1528 5588 1632 5641 post
1676 5582 1881 5629 Domini-

293 5649 405 5700 cam
442 5638 661 5700 quintam
683 5638 1085 5700 Quadragesimm‘.
1132 5642 1380 5691 Mendosus
1410 5650 1461 5690 et
1500 5638 1696 5690 mutilus
1717 5655 1881 5692 sermo

292 5698 387 5765 sed
410 5698 661 5765 .przeterea
694 5698 815 5765 nihil
828 5698 941 5765 fere
966 5701 1151 5765 habens
1174 5704 1538 5754 dissentancum
1565 5706 1844 5765 augustino.

361 5713 387 5746 [ι
438 5713 661 5747 irzeterea
694 5713 811 5747 ninn
835 5713 941 5749 tere
966 5713 1023 5748 na

361 5713 442 5822 (d5
476 5760 593 5808 \‘ide
616 5773 762 5809 serui.
789 5760 875 5821 60,
901 5776 948 5810 n.
975 5764 1023 5811 7.

541 5842 766 5908 Ssxcr.
806 5848 1083 5907 Aucusr.
1137 5847 1207 5907 V.

1640 328 1866 385 SERMO
1904 325 2165 391 CCQXCI.

3450 320 3555 376 706

1982 445 2121 489 tuum
2158 432 2366 507 (Matth.
2396 448 2467 497 vi,
2500 431 2568 486 20
2593 441 2637 485 et
2665 432 2777 501 2t).
2811 432 3004 500 Accipe
3041 428 3343 496 consilium,
3374 429 3553 485 oblata.

1982 527 2075 581 tibi
2103 524 2231 579 tanti
2260 525 2435 579 horrei
2481 525 2715 593 optione,
2768 524 2907 578 unde
2953 522 3048 577 tibi
3074 536 3179 577 non
3218 521 3393 577 mbula
3439 535 3552 577 sus-

1982 630 2145 685 pensa
2170 624 2328 669 estut
2354 623 2607 683 perpetuo
2639 612 2960 681 possideres.

2052 705 2106 758 2.
2136 705 2340 758 Divitiae
2366 704 2618 758 incretum
2645 704 2896 772 eroganda
2927 704 3172 758 leuantur.
3210 700 3549 773 Elecmosyna

1983 795 2126 863 fenus
2154 795 2292 861 apud
2320 794 2500 847 Deum.
2523 794 2738 861 Quaeres
2754 792 2978 848 fortasse
2998 793 3264 863 quomodo
3291 794 3415 848 illuc
3439 810 3552 848 rem

1984 892 2125 937 tuam
2157 884 2751 947 leves?Noliaestuare,
2810 893 2866 939 et
2911 886 3190 953 cogitando
3237 887 3410 940 scalas
3460 897 3553 940 aut

1983 975 2154 1043 aliqua
2186 975 2608 1029 machinamenta
2655 966 2914 1045 quaerere.
2947 974 3052 1030 Sed
3101 977 3366 1045 quomodo
3415 977 3555 1033 solet

1984 1065 2095 1119 ﬁeri
2122 1067 2323 1120 civibus
2345 1082 2565 1136 peregre
2601 1068 2918 1131 constitutis,
2953 1067 3035 1122 fac
3083 1067 3419 1137 trajectitium
3451 1067 3551 1140 (a).

1983 1155 2129 1208 Multi
2161 1170 2287 1209 sane
2316 1156 2419 1210 hoc
2447 1156 2666 1223 faciunt,
2697 1171 2816 1210 cum
2857 1157 3075 1211 idoneos
3104 1156 3396 1219 inveniunt,
3428 1158 3557 1212 dant

1983 1246 2220 1316 impigre.
2252 1247 2399 1302 Fecit
2423 1248 2675 1303 Dominus
2703 1258 2821 1302 tuus
2849 1247 3114 1314 Christus,
3145 1264 3352 1303 sursum
3380 1250 3550 1315 dives,

1982 1337 2069 1390 hic
2123 1352 2339 1407 panper.
2395 1339 2573 1392 Esurit
2630 1338 3130 1409 hicztrajectitium
3195 1354 3225 1393 a
3279 1349 3330 1393 te
3407 1340 3554 1406 petit,

1980 1444 2187 1499 (equum
2226 1430 2487 1484 restituet.
2537 1430 2672 1497 Quid
2720 1446 2847 1501 ergo
2890 1430 3119 1497 dubitas,
3175 1444 3342 1500 quare
3378 1430 3561 1485 diﬂ‘ers

1980 1518 2142 1575 dare?
2162 1529 2250 1575 aut
2280 1536 2383 1575 non
2415 1529 2498 1575 est
2543 1521 2765 1576 idoneus
2792 1520 3054 1577 reddere?
3098 1521 3171 1574 Da
3215 1520 3554 1589 pauperibus,

1980 1626 2084 1664 non
2110 1611 2319 1681 perdes,
2347 1612 2450 1665 noli
2480 1612 2668 1667 timere
2697 1630 2707 1664 :
2739 1612 2837 1681 ipsi
2865 1611 2981 1676 das,
3006 1626 3128 1666 cum
3163 1611 3250 1665 ιιιιὶ
3281 1626 3346 1666 ex
3392 1611 3555 1663 mini-

1981 1700 2083 1753 mis
2107 1701 2222 1769 ejus
2249 1701 2363 1753 das.
2393 1701 2529 1755 Audi
2553 1701 2919 1771 Evangelium.
2942 1699 3075 1755 Cum
3096 1701 3168 1754 illi
3191 1700 3256 1754 ad
3278 1700 3557 1754 dexteram

1983 1789 2136 1858 positi
2165 1798 2594 1858 expavescerent,
2622 1789 2946 1845 enumeratis
2969 1789 3279 1859 quibusdam
3311 1789 3554 1843 necessi-

1984 1879 2196 1945 tatibus,
2225 1880 2480 1946 dicentes,
2542 1880 2757 1947 Quando
2785 1889 2831 1933 te
2858 1880 3073 1933 vidimus
3101 1881 3151 1932 in
3179 1880 3256 1933 Itis
3285 1881 3309 1933 ?
3331 1893 3557 1948 respon-

1980 1969 2071 2024 det
2097 1970 2371 2034 Dominus,
2404 1969 2531 2023 Cum
2555 1970 2642 2023 uni
2663 1986 2725 2022 ea:
2751 1970 2969 2024 minimis
3019 1972 3141 2025 meis
3183 1971 3391 2041 fecistis,
3436 1970 3561 2023 milii

1984 2062 2168 2132 fecistis
2192 2060 2299 2129 (Id.
2330 2076 2451 2125 xxv,
2480 2060 2691 2131 57-40).
2710 2060 2841 2130 Ego,
2866 2060 3101 2130 inquam,
3123 2061 3324 2129 accepi,
3350 2060 3562 2130 quando

1982 2168 2180 2221 pauper
2204 2154 2406 2222 accepit
2436 2171 2449 2206 :
2474 2154 2527 2207 in
2558 2153 2649 2207 illo
2675 2154 2995 2219 esuriebam,
3022 2154 3070 2207 in
3091 2153 3182 2207 illo
3206 2152 3453 2207 satiabar.
3489 2152 3561 2206 Da

1981 2260 2200 2298 securus
2234 2262 2246 2297 :
2280 2244 2536 2299 Dominus
2589 2245 2800 2314 accipit,
2844 2245 3099 2298 Dominus
3126 2244 3276 2314 petit.
3328 2243 3443 2297 Non
3469 2243 3566 2298 ha-

1982 2334 2139 2389 beres
2162 2334 2300 2403 quod
2323 2335 2372 2389 ei
2398 2334 2574 2400 dares,
2621 2335 2725 2389 nisi
2749 2334 2895 2404 prius
2919 2334 2988 2389 ab
3028 2334 3121 2387 illo
3171 2334 3463 2401 acciperes.
3505 2332 3563 2387 Si

1985 2425 2226 2479 homines
2252 2425 2543 2492 fencrares,
2567 2440 2819 2497 gravares
2844 2444 2855 2478 :
2888 2440 2990 2480 non
3023 2434 3105 2479 est
3130 2425 3213 2479 hic
3232 2425 3351 2479 talis
3376 2425 3462 2495 qui
3492 2424 3566 2480 fe-

1983 2529 2114 2568 nore
2143 2523 2412 2583 gravetur.
2434 2515 2492 2570 Si
2517 2516 2596 2569 vis
2642 2514 2911 2569 fenerator
2936 2530 3076 2581 esse,
3124 2518 3263 2585 apud
3314 2529 3400 2569 me
3427 2524 3565 2578 esto,

1982 2605 2108 2661 dicit
2137 2604 2227 2660 tibi
2274 2607 2428 2671 Deus,
2477 2605 2604 2660 mihi
2647 2606 2713 2660 da
2741 2624 2756 2660 :
2784 2621 2883 2677 ego
2927 2620 3046 2660 cum
3090 2607 3266 2661 usuris
3316 2607 3566 2660 restituo.

1982 2695 2097 2750 Jam
2129 2710 2271 2749 nunc
2288 2696 2434 2766 erige
2464 2704 2548 2763 te;
2576 2696 2738 2751 dilata
2783 2696 3058 2750 avaritiam
3102 2705 3267 2749 tuam.
3312 2695 3415 2750 Pro
3461 2712 3567 2749 uno

1984 2788 2120 2843 forte
2170 2788 2361 2852 solido,
2395 2802 2499 2841 non
2547 2787 2755 2852 decem,
2784 2826 2787 2829 -
2817 2802 2923 2842 ιιοιι
2986 2796 3221 2854 centum,
3262 2802 3367 2841 non
3397 2788 3562 2851 mille,

1985 2892 2088 2932 non
2121 2885 2340 2941 terram,
2383 2876 2477 2931 sed
2502 2878 2694 2933 coelum
2734 2886 3044 2947 accepturus
3065 2891 3144 2932 es.
3189 2876 3245 2931 Si
3294 2876 3449 2931 dares
3494 2877 3563 2930 li-

1984 2969 2132 3023 bram
2156 2969 2428 3023 :eramenti
2458 2978 2512 3024 et
2536 2968 2809 3038 acciperes
2838 2970 3060 3039 argenti,
3113 2977 3205 3023 aut
3238 2969 3427 3024 libram
3473 2986 3565 3024 ar-

1984 3062 2125 3130 genti
2148 3072 2199 3115 et
2229 3062 2499 3130 acciperes
2526 3061 2661 3127 auri,
2691 3060 2898 3116 felicem
2947 3071 2999 3115 te
3034 3060 3310 3131 gauderes.
3340 3061 3567 3116 Mutabi-

1987 3162 2071 3206 tur
2100 3168 2283 3207 revera
2309 3152 2448 3224 quod
2472 3152 2592 3218 das;
2628 3169 2732 3207 non
2762 3168 2967 3218 aurum,
2997 3168 3100 3208 non
3129 3162 3430 3223 argentum,
3462 3154 3557 3209 sed

1986 3245 2090 3297 vita
2121 3253 2318 3298 :eterna
2348 3243 2440 3298 tibi
2490 3243 2595 3297 (iet.
2640 3243 2949 3310 Mntabitur,
2991 3245 3111 3312 quia
3160 3252 3215 3297 tu
3255 3244 3564 3300 mutaberis.

1984 3334 2084 3402 Qui
2112 3334 2274 3398 dedit,
2306 3334 2396 3387 fiet
2423 3335 2660 3404 angelus.
2710 3334 2860 3401 Quod
2884 3334 3050 3399 dedit,
3084 3336 3173 3390 liet
3200 3335 3354 3391 sedes
3402 3352 3567 3406 ange-

1988 3427 2105 3481 lica.
2132 3427 2446 3481 Remedium
2472 3444 2574 3481 non
2606 3436 2688 3482 est
2712 3428 2851 3497 quod
2897 3428 3087 3483 liberet
3132 3444 3159 3480 a
3217 3439 3408 3494 morte,
3464 3432 3565 3487 nisi

1986 3517 2346 3587 eleemosyna.
2378 3515 2599 3571 Difficile
2624 3526 2705 3571 est
2733 3518 2891 3570 vitam
2913 3518 3067 3571 istam
3089 3518 3285 3573 ducere
3302 3520 3415 3573 sine
3438 3536 3565 3591 pec-

1986 3606 2119 3659 catis
2162 3605 2377 3660 cuilibet
2404 3604 2696 3658 hominum.
2730 3606 2955 3675 Erogate
3002 3621 3150 3677 ergo,
3202 3606 3396 3663 fratres
3436 3612 3559 3673 mei,

1987 3698 2283 3752 distribuite
2308 3712 2395 3753 res
2425 3706 2625 3751 vestras
2659 3714 2672 3749 :
2702 3695 2859 3751 facite
2885 3696 3035 3751 vobis
3062 3699 3307 3753 sacculos
3336 3715 3441 3755 non
3470 3717 3562 3757 ve.

1990 3798 2335 3854 terascentes,
2360 3790 2667 3844 thesaurum
2704 3797 3006 3843 manentem
3051 3789 3104 3843 in
3159 3791 3317 3845 cmlo.
3367 3793 3565 3849 Audite

1988 3882 2253 3936 Psalmum
2285 3900 2297 3934 :
2326 3882 2623 3952 Quanquam
2650 3882 2702 3936 in
2728 3882 2947 3953 imagine
2974 3882 3201 3937 ambulat
3227 3885 3395 3950 homo,
3442 3901 3570 3938 vane

1987 3984 2154 4028 autem
2201 3975 2563 4037 conturbatur;
2603 3975 2928 4037 tltesaurizat,
2973 3984 3019 4029 et
3056 3976 3211 4029 nescit
3238 3977 3319 4029 cui
3360 3976 3568 4046 colligat

1989 4065 2163 4134 (Psal.
2189 4083 2404 4133 xxxvi",
2437 4068 2515 4136 7).
2548 4066 2674 4121 Date
2693 4076 2739 4120 et
2769 4066 2972 4120 dabitur
2990 4067 3127 4120 vobis
3161 4066 3308 4137 (Luc.
3334 4082 3407 4133 Vl,
3441 4068 3558 4133 58).

2451 4200 2681 4255 SERMO
2714 4197 2977 4254 CCCXCl'

2555 4313 2635 4366 Ad
2652 4314 2863 4383 juvenes

2064 4448 2111 4501 l.
2219 4447 2487 4519 tentatione
2510 4446 2649 4519 nulla
2674 4456 2795 4500 mtas
2824 4458 2985 4501 vacat.
3031 4446 3153 4501 Non
3198 4448 3428 4519 puerilis.
3484 4452 3565 4506 Ad

1988 4533 2084 4570 vos
2107 4516 2233 4569 mihi
2252 4532 2428 4588 sermo
2445 4525 2547 4578 est,
2580 4518 2871 4584 ojuvenes,
2904 4519 3001 4571 flos
3036 4516 3228 4578 mtatis,
3264 4520 3565 4588 periculum

1988 4588 2200 4642 mentis.
2253 4587 2484 4655 Tempus
2520 4588 2730 4657 quidem
2776 4602 2953 4652 omne,
2997 4596 3154 4656 atque
3200 4587 3373 4641 omnis
3413 4599 3564 4655 :elas,

1987 4673 2089 4726 qua
2114 4658 2472 4726 corruptibilis
2516 4672 2641 4711 caro
2669 4657 2753 4709 illa
2788 4668 3047 4725 portatur,
3090 4672 3279 4711 vacare
3330 4673 3357 4710 a
3395 4668 3567 4713 tenta—

1991 4727 2221 4781 lionibus
2276 4742 2378 4781 non
2424 4737 2614 4795 potest.
2666 4728 2731 4782 Et
2776 4729 2972 4780 tamdiu
3018 4728 3243 4795 quisque
3289 4729 3459 4784 bonus
3509 4731 3562 4785 in

1988 4813 2156 4867 agone
2188 4799 2433 4870 luctatur,
2466 4812 2531 4870 ne
2554 4799 2619 4849 ab
2644 4798 2949 4870 adversario
2976 4808 3279 4870 superetur,
3328 4800 3379 4852 in
3420 4802 3566 4870 peri-

1987 4870 2123 4922 culis
2142 4869 2269 4937 agit,
2299 4869 2549 4938 quamdiu
2578 4867 2837 4938 cumillo,
2856 4869 2989 4921 sicut
3009 4869 3059 4921 in
3082 4882 3308 4922 arenoso
3333 4867 3565 4938 quodam

1988 4939 2181 5004 stadio,
2210 4939 2287 4991 sic
2318 4938 2368 4989 in
2393 4937 2489 4991 ista
2520 4937 2839 4991 mortalitate
2859 4938 3151 4991 contendit.
3186 4939 3303 4993 Mox
3333 4937 3473 4993 enim
3507 4953 3567 4994 nt

1989 5007 2148 5061 homo
2174 5008 2368 5062 sicculo
2396 5008 2645 5068 nascitur,
2664 5018 2713 5060 et
2748 5009 2906 5060 vitam
2935 5008 3143 5077 plenam
3164 5010 3415 5072 miserim,
3446 5013 3557 5063 vel-

1990 5089 2045 5132 ut
2092 5079 2360 5151 propheta
2387 5077 2547 5131 futuri
2562 5077 2770 5151 laboris
2798 5077 2909 5151 sui,
2952 5080 3225 5151 prajconio
3255 5080 3568 5151 lacrymosa:

1990 5149 2134 5202 vocis
2163 5147 2480 5217 ingreditur;
2504 5147 2663 5201 etiam
2692 5147 2735 5200 si
2772 5147 3005 5201 nondum
3043 5149 3094 5203 in
3143 5150 3322 5202 animo
3363 5147 3480 5209 suo.
3514 5152 3567 5205 in

1987 5218 2166 5272 animo
2202 5229 2373 5271 tamen
2403 5227 2676 5287 parentum
2701 5232 2917 5272 suorum
2968 5220 3050 5273 vel
3080 5220 3441 5289 quorumlibet
3466 5220 3567 5274 hoc

2052 5395 2070 5411 ‘
2094 5391 2382 5442 Emendatus
2402 5391 2460 5440 ad
2484 5406 2530 5439 v.
2560 5398 2612 5441 et
2632 5390 2692 5439 ad
2718 5398 2814 5440 tm.
2850 5396 2925 5439 Er.
2952 5397 3051 5440 Par.
3074 5396 3184 5440 Lov.

2072 5454 2122 5514 a)
2156 5454 2270 5502 vide
2293 5466 2443 5503 serm.
2468 5453 2546 5513 42,
2570 5466 2619 5501 ιι.
2642 5452 2687 5501 2.

2076 5516 2124 5578 b)
2157 5514 2294 5573 Alias,
2317 5515 2382 5563 de
2405 5522 2642 5577 Tempore
2660 5514 2767 5565 246.

2051 5574 2121 5641 (ε)
2157 5585 2288 5641 nunc
2330 5574 2650 5626 bovanienses
2707 5578 2983 5641 ambiguum
3036 5574 3249 5633 habent,
3310 5577 3563 5641 suppositi.

1990 5636 2111 5691 nam
2132 5638 2356 5687 verlinus
2389 5647 2561 5687 censet
2597 5652 2652 5687 ac
2699 5636 2974 5699 \‘indingus.
3029 5643 3125 5699 Iste
3167 5649 3308 5697 porro
3350 5638 3411 5683 ab
3453 5636 3564 5684 stilo

1992 5702 2299 5749 Ambrosiam)
2320 5701 2433 5747 dicit
2460 5714 2551 5747 non
2575 5702 2839 5747 abhorrere
2858 5698 2984 5755 {sed
3022 5698 3235 5759 profecto
3258 5700 3319 5746 ab
3345 5705 3562 5757 munisti.

1994 5766 2136 5812 niano
2157 5764 2367 5825 priorum
2384 5774 2614 5809 annorum
2631 5762 2756 5809 haud
2780 5764 3010 5810 abhorret
3027 5762 3195 5821 magis.

2600 5844 3287 5925 {Cinqnantc—qualre.)
