2031 3184
165 164 177 191 ι
185 162 236 190 709

159 220 207 248 rit.
223 219 277 246 Nec
287 218 322 246 de
334 218 429 245 vestris
440 217 538 244 divitiis
556 224 612 245 mre
625 223 780 246 ornamenta
797 219 934 253 proferatis
946 228 952 246 :

158 255 222 290 quia
233 253 431 290 oditsuperbos
443 257 471 290 et
485 254 559 290 quasi
580 253 613 280 de
629 261 677 280 suo
690 262 719 280 se
730 253 832 290 jactare
842 256 954 289 cupien-

160 288 211 317 tes.
228 289 297 321 Quid
310 294 391 325 autem
405 288 479 325 habes
488 289 558 325 quod
571 297 621 315 nou
632 290 748 325 accepisti
757 289 781 323 (I
792 289 850 315 Cor.
863 288 898 322 tv,
908 290 955 325 7)?

164 325 223 360 Ipsa
238 332 303 358 ergo
317 324 397 350 donat
408 324 522 360 undeilli
538 325 650 357 placeas.
665 324 778 351 Tantum
793 324 872 358 dilige
883 333 953 358 «ratu,

158 365 187 387 et
199 359 317 387 servabit
331 363 374 390 te;
390 359 523 386 circumda
539 367 609 391 eam,
619 363 646 386 et
659 359 784 386 exaltabit
800 364 839 391 te;
854 360 953 387 honora

157 403 234 426 eam,
248 400 276 422 et
288 394 482 428 amplexabitur
497 399 522 421 te
537 403 543 421 :
561 399 588 421 ut
601 395 646 421 det
665 395 744 429 capiti
765 399 809 421 tuo
828 403 953 422 coronam

157 431 304 465 gratiarum
321 429 412 464 (Prov.
428 437 464 462 tv,
485 429 523 463 9).
547 429 623 456 Clara
642 434 677 456 est
701 434 725 456 ct
746 438 803 464 qua:
826 438 955 465 nunquam

158 470 295 491 marcescat
309 465 433 498 sapientia
443 486 450 497 ,
466 469 489 491 et
503 465 578 499 facile
591 465 715 491 invmitur
734 466 764 490 ab
779 465 819 492 Itis
837 466 880 500 qui
895 466 954 492 dili-

158 506 221 535 guut
243 500 315 527 illam
339 500 417 535 (Sap.
437 508 473 532 vt,
498 499 553 534 15).
575 500 719 534 Proponite
733 500 799 527 hanc
812 499 955 535 adjungere

158 536 244 567 vobis,
262 536 288 562 in
301 535 374 562 illam
386 535 526 570 suspirate,
540 536 564 562 in
576 536 647 562 illam
658 535 834 568 exardescilc,
845 536 870 562 in
883 536 952 563 illam

157 571 290 605 (tt-perite.
311 570 349 597 Te
371 570 456 606 ipsum
477 570 578 605 abnega
603 570 666 602 tibi;
686 578 719 597 ne
737 570 774 597 illi
793 576 819 598 te
837 570 955 606 abneges

158 607 221 632 dum
238 606 327 640 places
342 605 400 632 tibi.
419 605 478 632 Non
499 606 572 632 habet
592 606 786 632 amaritudinem
802 605 954 633 conversatio

157 642 228 668 illius
243 640 299 675 (Id.
314 649 371 672 vut,
388 640 441 675 lli).
456 640 483 668 Si
497 646 628 668 amatores
641 641 715 673 estis,
731 641 799 669 hanc
813 646 915 672 amate;
930 643 953 669 si

158 676 270 703 lornmSi
284 676 358 708 estis,
372 676 426 703 Deo
438 676 555 710 placete;
570 677 591 703 si
606 676 716 710 juvenes
732 677 806 708 estis,
820 677 954 704 diabolum

157 710 267 738 vincite.
284 711 376 741 Daniel
390 711 424 738 ab
437 711 531 746 angelo
544 712 585 738 vir
597 711 791 739 desideriorum
807 712 955 746 appellatus

156 752 200 773 est
215 746 298 781 (Dan.
313 754 340 777 Χ,
358 747 411 780 Η).
427 746 492 780 Quin
514 746 559 774 illa
576 746 634 781 ejus
650 752 727 774 erant
746 747 888 780 desideria,
904 748 954 775 nisi

156 782 288 816 quibusin
298 781 435 815 sapientim
443 782 664 816 pulchritudinem
678 782 802 809 ardenter
818 782 953 815 inhiabat;

156 816 220 851 quia
233 821 260 843 et
274 817 299 843 in
313 817 424 851 juvenili
435 822 512 844 aetate
522 817 633 844 calcavit
648 817 783 844 lasciviam
794 838 800 849 ,
817 822 843 844 et
863 826 953 852 regum

157 852 312 905 8:lpel'|);am
328 852 425 887 pressit
437 852 570 887 captivus,
587 857 613 880 et
628 860 674 880 ora
689 853 794 880 leonum
810 852 903 880 clausit
915 853 956 880 itt-

157 895 172 905 Ιι
186 894 248 905 nunc

157 888 181 914 cl
186 894 248 913 usus
258 888 266 912 1.

196 922 222 949 6.
238 921 353 949 Feminis
366 922 440 949 etiam
456 923 600 957 junioribus
614 922 681 950 dicta
692 923 850 950 conueniunt.
865 922 899 950 In
912 932 954 950 ec-

158 957 243 984 clesiis
265 966 315 984 non
336 966 363 984 se
381 963 512 984 ostentent.
528 958 582 985 Nec
603 966 650 985 vos
660 979 666 989 .
681 959 784 985 fcminre
797 958 954 986 adolescen-

159 993 222 1018 tulze
234 1013 241 1024 ,
263 994 379 1020 alienum
394 1001 408 1018 a
426 993 500 1020 vobis
514 993 681 1021 arbitremini
695 994 765 1021 hunc
780 1001 840 1020 esse
853 1002 955 1021 sermo-

160 1036 232 1054 netu.
249 1028 290 1055 Ad
307 1035 353 1055 vos
366 1028 437 1055 enim
448 1048 455 1059 ,
477 1036 528 1055 non
551 1034 637 1055 tamen
664 1033 692 1056 ut
713 1028 871 1056 confundam
885 1037 931 1056 vos
945 1050 953 1062 ,

161 1063 220 1090 lure
232 1062 304 1093 dico.
327 1063 374 1090 sed
399 1067 428 1090 ut
451 1063 520 1090 ﬁlias
541 1071 614 1091 meas
637 1064 807 1092 charissimas
829 1071 925 1091 moneo
946 1073 952 1091 :

156 1098 288 1132 juvenilia
309 1098 551 1132 desideria‘fugite.
576 1099 668 1133 Nuptae
689 1098 852 1132 Susannatn,
870 1099 955 1126 vidua)

160 1135 278 1164 Annam,
295 1134 411 1168 virgines
434 1133 539 1160 Marium
560 1134 683 1169 cogitate.
701 1133 756 1162 Nec
774 1134 800 1161 in
821 1134 954 1168 publicum

161 1173 302 1202 propterea
319 1169 475 1202 procedatis.
495 1175 522 1195 ut
537 1169 629 1196 ﬁoretn
645 1169 696 1196 feni
711 1170 791 1196 vestri
806 1169 890 1197 oculis
904 1170 954 1197 ho-

159 1204 261 1229 Initium
284 1209 418 1230 ostentare
438 1205 585 1238 cupientes,
605 1205 632 1231 in
654 1204 734 1231 domo
758 1204 818 1231 vita:
841 1210 953 1232 mortetn

158 1239 297 1272 qua'ratis.
315 1239 402 1265 Omnis
422 1240 492 1266 enim
508 1247 567 1266 caro
581 1241 680 1274 fenum,
694 1245 716 1266 et
730 1239 832 1266 claritas
847 1240 955 1268 houtiuis

159 1279 189 1299 ut
203 1275 277 1307 flores
294 1274 354 1307 frui.
369 1274 435 1307 Quid
452 1282 515 1309 ergo
531 1274 630 1302 facietis
644 1282 705 1302 cum
724 1274 814 1303 fetmm
835 1276 933 1303 aruerit
945 1296 953 1308 ,

160 1310 211 1345 llos
225 1309 373 1345 decidt-rit?
393 1310 507 1336 Verbum
531 1314 618 1336 autem
641 1310 761 1343 Domini,
781 1310 851 1345 quod
867 1315 956 1338 manet

161 1344 189 1370 in
202 1350 331 1370 n-tcrnum
348 1344 423 1380 (lsai.
438 1353 477 1376 χι,
491 1345 560 1378 6-8),
571 1346 676 1372 cineres
690 1350 794 1373 vestros
810 1353 861 1372 non
877 1346 955 1373 facile

162 1379 333 1406 inventurum
356 1381 461 1413 putatis,
483 1380 552 1414 quod
568 1387 638 1408 nunc
659 1381 772 1415 superba
787 1382 873 1409 :etatis
890 1381 954 1408 viri-

160 1415 243 1441 dilate
256 1416 445 1441 contemnitis?
458 1416 524 1441 Ecce
539 1416 631 1442 iterum
643 1415 703 1442 dico
713 1421 792 1450 atque
806 1420 951 1449 contestor,

160 1449 289 1482 juvenilia
312 1450 443 1476 desideria
466 1450 557 1485 fugite.
580 1450 606 1478 Si
630 1451 725 1478 auditis
739 1449 798 1483 hoc,
815 1451 837 1478 si
853 1452 955 1478 obtem-

162 1486 281 1518 peratis,
312 1486 333 1511 si
371 1490 493 1519 tauquam
518 1486 562 1511 liri
587 1486 694 1513 verbum
717 1494 777 1513 cum
802 1486 902 1513 honore
929 1491 956 1514 et

161 1521 258 1546 timore
272 1521 417 1554 suscipitis.
434 1528 486 1547 non
499 1521 584 1547 solun]
599 1521 701 1555 pulchri
715 1525 776 1548 ante
790 1523 881 1548 oculos
896 1522 953 1554 Dei,

160 1555 210 1581 sed
224 1556 303 1582 etiam
317 1556 374 1582 satti
388 1557 473 1582 eritis.
491 1555 519 1583 Si
537 1561 625 1583 autem
645 1556 678 1583 dc
700 1556 748 1583 hac
772 1555 955 1585 admonitione

162 1595 252 1616 nostra
272 1591 351 1617 etiam
366 1590 441 1624 jocos
462 1591 572 1617 fortasse
586 1592 729 1618 amatorios
741 1591 815 1618 vobis
832 1591 933 1621 faciatis
946 1601 953 1624 ;

159 1624 198 1651 de
220 1625 286 1659 ipsis
310 1625 474 1652 ferramentis
496 1626 589 1652 medici
606 1626 741 1653 mortifera
756 1627 832 1653 vobis
844 1628 954 1654 vulnera

160 1660 297 1696 indigetis.
320 1661 398 1687 lict-lc
418 1661 501 1687 Judrei
526 1663 569 1696 qui
599 1662 737 1688 Dominnnt
766 1662 956 1690 cruciﬁxurunt

159 1694 172 1729 (
187 1703 248 1722 cum
272 1696 404 1727 audimus,
428 1694 606 1723 horrescimus
619 1701 646 1724 et
659 1697 756 1731 ingenti
772 1698 956 1726 exsecratione

161 1731 368 1768 prosequimur),
382 1731 428 1757 sed
446 1737 531 1757 tamen
547 1732 583 1758 illi
594 1740 654 1768 eum
666 1732 757 1768 desua
773 1733 955 1768 luxuriacogi-

161 1770 259 1795 larcnl,
276 1765 461 1797 deliciosorwn
478 1775 599 1800 agrorum
616 1767 772 1794 solitudines
790 1765 954 1795 meditaban-

159 1805 205 1827 tur
215 1822 221 1832 ,
238 1801 357 1837 dicentes
375 1810 380 1826 :
400 1801 506 1837 Nullum
522 1808 621 1836 pt‘alutll
635 1802 667 1829 sit
681 1802 749 1836 quod
762 1811 813 1829 non
825 1809 954 1837 pertrans-

159 1841 203 1862 eat
217 1836 320 1872 inuria
343 1841 430 1863 nostra
443 1836 520 1872 (Sap.
535 1845 564 1870 tt,
580 1838 619 1871 8).
635 1837 774 1871 Quomodo
787 1836 851 1872 ergo
865 1846 956 1872 parce-

160 1877 202 1898 ret
216 1871 341 1908 Christo,
358 1872 378 1898 si
395 1871 454 1908 etuti
478 1872 622 1908 invenisset
647 1874 671 1899 in
695 1877 775 1907 terra,
789 1871 834 1908 qui
848 1871 955 1908 quidem

160 1915 215 1932 non
228 1907 344 1933 solitaria
360 1913 431 1940 prata
446 1907 579 1934 irritandis
595 1908 748 1934 libidinibus
762 1907 826 1939 suis,
841 1907 888 1935 sed
901 1909 955 1936 fre-

159 1941 350 1978 quentissimas
363 1942 489 1978 ecclesias
502 1942 581 1978 elegit
597 1943 730 1977 regnantis
746 1943 772 1970 in
785 1944 872 1971 ςαξιυῖ
888 1944 955 1971 Ecce

160 1977 241 2013 tertio
258 1981 398 2013 contestor
419 1982 447 2013 et
466 1977 693 2009 dico,’desideria
717 1978 840 2012 juvenilia
861 1978 953 2013 fugite.

160 2011 280 2047 Datiielis
301 2012 441 2039 desideriis
454 2016 575 2040 mstuate.
592 2013 667 2045 Filii,
682 2021 698 2040 a
710 2011 848 2047 iuventute
868 2011 955 2041 vestra

159 2046 251 2083 eligite
276 2047 436 2083 doctrinam,
459 2051 583 2083 eiusque
598 2048 630 2075 ad
645 2046 726 2075 canos
752 2049 891 2076 invenietis
910 2056 955 2076 sa-

160 2081 289 2115 pientiam
306 2081 399 2117 (Eccli.
413 2090 449 2115 Vl,
465 2082 521 2117 l8).

382 2127 496 2155 SERMO
514 2127 645 2156 cccxcu
658 2131 667 2140 -
681 2127 730 2164 ((ι).

429 2173 470 2200 Ad
479 2175 627 2209 conjugatos
639 2173 687 2210 (b).

195 2216 310 2246 CAPUT
329 2217 472 2246 PRIMUM.
493 2233 530 2238 —
548 2219 574 2246 1.
592 2218 686 2246 Mulier
698 2224 801 2247 curvata
814 2220 954 2255 symbolum

157 2263 258 2298 generis
270 2263 386 2290 Immani.
398 2264 554 2298 Apostolum
563 2264 711 2292 audivimus
722 2265 798 2292 nobis
810 2265 952 2300 dicentem,

157 2308 298 2344 Legatione
318 2311 448 2345 fungimur
462 2318 508 2345 pro
523 2310 622 2337 Christo
632 2331 639 2342 ,
663 2312 822 2338 exhortantes
840 2313 954 2339 reconti-

157 2354 219 2381 liari
231 2354 286 2382 Deo
302 2354 341 2390 (Il
355 2355 414 2382 Cor.
428 2363 455 2388 v,
470 2355 528 2391 20).
545 2355 602 2383 Non
617 2356 804 2384 exhortaretur
817 2361 845 2384 ut
857 2365 953 2385 recon-

157 2400 332 2434 ciliarcmur,
357 2401 407 2428 nisi
431 2401 530 2429 inimici
552 2402 704 2429 fuissemus.
726 2403 796 2438 Ergo
811 2407 867 2430 erat
883 2407 953 2431 totus

158 2446 276 2474 mundus
291 2447 413 2475 inimicus
430 2447 561 2475 Saluatori
572 2469 579 2481 ,
594 2449 696 2476 amicus
713 2449 869 2484 captivatori
882 2458 889 2476 :
902 2449 953 2477 hoc

158 2496 211 2527 est,
232 2492 358 2520 inimicus
373 2494 437 2527 Deo,
454 2495 555 2522 amicus
569 2494 684 2521 diabolo.
708 2494 741 2522 Et
762 2494 855 2523 totum
868 2503 952 2531 genus

190 2580 200 2590 ‘
212 2579 358 2605 Emendatus
375 2581 405 2606 ad
416 2581 477 2607 duos
487 2581 519 2607 cl.
531 2582 561 2607 ad
572 2588 610 2614 gr.
626 2582 667 2614 ph.
677 2588 723 2607 rm.
737 2589 760 2607 v.
774 2586 799 2608 et
808 2583 838 2607 ad
848 2587 899 2609 Am.
912 2587 949 2609 Er.

158 2614 211 2636 Par.
222 2614 278 2636 ων.

200 2642 226 2671 a)
244 2641 316 2671 Alias,
327 2641 358 2667 49
369 2642 433 2668 inter
441 2643 554 2668 Homilias
563 2643 603 2669 50.

201 2672 229 2706 ιι)Δ
242 2675 267 2696 In
285 2675 454 2706 manuscrtptis
471 2673 539 2699 libris
556 2674 709 2706 Homiliarum
720 2675 894 2706 quinquaginta
911 2676 949 2701 ln-

157 2704 282 2737 seribitur,
297 2712 309 2726 ι
319 2708 353 2728 De
362 2704 467 2737 muliere
477 2711 559 2730 curva.
572 2714 585 2728 ι
598 2709 623 2737 ιιι
631 2705 691 2737 Flori
702 2704 948 2737 autemicollectione,

158 2734 205 2769 adt
215 2737 322 2771 09r._vn,
331 2734 489 2771 appellatur}
498 2739 581 2760 Sermo
595 2736 626 2771 ad
636 2736 792 2771 coniugales:
805 2745 816 2759 ιι
829 2738 864 2771 sic
877 2734 949 2771 etiam

161 2764 187 2800 _in
198 2764 369 2800 vetustissimo
382 2766 626 2800 pts‘lﬁhlmarcouensi
647 2764 737 2800 et'alﬁs
748 2768 877 2800 nonnullis,
892 2770 949 2800 qui-

160 2794 206 2830 bus
215 2795 371 2830 inhoodicibus
381 2796 504 2830 incipitad
515 2798 600 2822 isthaac
611 2798 700 2827 verba,
713 2804 765 2830 cap.
778 2797 811 2830 2,,
820 2807 831 2821 ι
849 2794 947 2830 Audite,

162 2834 174 2849 ι
184 2826 334 2859 durissimi,
351 2835 363 2849 ι
378 2826 555 2859 nechabentur
566 2835 622 2859 qua:
642 2826 781 2859 praecedunt
797 2826 829 2853 de
841 2826 949 2855 mulieris

159 2862 239 2881 curvae
258 2858 392 2882 sanatione.
408 2861 441 2882 Ex
455 2858 551 2883 duobus
567 2858 652 2884 saltem
662 2859 815 2884 sermonibus
830 2865 894 2884 unus
901 2860 949 2885 iste

158 2887 278 2924 multatus
290 2892 345 2924 est_,
356 2890 425 2919 unus
442 2892 527 2924 partes
537 2890 648 2915 dubitare
661 2891 700 2915 vix
713 2889 770 2915 licet
785 2891 844 2921 quin
863 2897 949 2916 omnes

159 2921 301 2945 Del'tmeam
309 2919 339 2943 ad
350 2919 514 2950 Augustinum.

832 162 947 190 SERMO
964 162 1108 193 CCCXC".

1733 174 1801 201 l't'lil

1012 221 1168 256 humanum,
1186 228 1308 259 tanquam
1330 223 1378 251 ista
1402 226 1507 258 mulier,
1531 234 1668 255 curvatum
1692 234 1749 256 erat
1767 234 1801 265 ζα
1847 228 1850 231 ’

1011 271 1119 293 terram.
1134 267 1192 295 Jam
1208 268 1358 304 intelligens
1376 271 1481 304 quidam
1505 272 1626 301 inimicos
1646 274 1721 309 istos,
1746 277 1802 304 cla-

1010 318 1065 338 mat
1079 312 1206 340 atlversus
1221 321 1278 347 eos,
1293 320 1320 341 et
1332 315 1400 343 dicit
1410 316 1464 344 Deo
1479 327 1485 345 :
1500 317 1671 346 Curvaveruut
1689 322 1801 350 aninmm

1010 366 1090 384 meum
1104 358 1188 394 (Psal.
1206 368 1257 391 Lvi,
1279 361 1317 396 7).
1341 361 1467 391 Diabolus
1488 369 1515 391 et
1528 366 1613 400 angeli
1629 367 1687 402 ejus
1699 369 1802 397 animas

1010 403 1146 432 hominum
1168 412 1344 434 curvaveruut
1363 408 1395 435 ad
1413 414 1506 442 terras,
1522 411 1546 438 id
1561 417 1611 446 est,
1628 418 1656 440 ut
1670 421 1761 448 prona:
1776 416 1801 444 in

1009 457 1039 476 ea
1053 457 1113 485 qua:
1128 452 1282 486 temporalia
1297 459 1358 480 sunt
1370 459 1397 481 et
1408 459 1524 489 terrena,
1534 465 1646 492 superna
1661 468 1714 487 non
1726 469 1801 495 qum-

1010 500 1110 523 rerent.
1134 496 1199 524 Nam
1221 499 1310 534 utique
1334 499 1384 527 hoc
1405 501 1468 529 dicit
1488 502 1615 531 Dominus
1635 505 1668 533 de
1689 507 1802 535 muliere

1010 541 1059 569 ista
1073 562 1080 574 ,
1104 550 1184 578 quam
1204 544 1357 579 alligaverat
1377 552 1483 575 satanas
1503 557 1566 577 ecce
1587 550 1680 579 decem
1699 558 1726 580 et
1740 559 1801 582 octo

1008 589 1085 616 annis
1100 598 1106 615 :
1122 594 1149 617 et
1161 590 1215 624 jam
1229 593 1369 625 oportebat
1382 601 1441 621 eam
1455 595 1521 623 solvi
1533 604 1549 623 a
1565 597 1669 626 vinculo
1690 606 1757 633 suo,
1774 606 1801 628 et

1008 634 1074 661 solvi
1090 635 1116 662 in
1128 635 1172 663 die
1184 637 1297 664 sabbati.
1312 637 1547 669 Calumniabantur
1561 648 1650 671 autctn
1664 645 1775 680 erigenti
1790 667 1799 680 ,

1008 680 1064 715 qui,
1079 681 1129 708 nisi
1144 682 1217 709 curvi
1232 682 1307 718 (Luc.
1324 692 1381 717 xut.
1404 686 1522 722 “‘16)”!
1540 688 1758 725 Quandoquidem
1774 698 1802 720 et

1009 725 1065 761 ipsa
1077 734 1136 761 qua:
1149 727 1217 756 Deus
1233 736 1396 765 prmeepcrat
1416 741 1468 760 non
1491 734 1681 770 intelligentcs,
1695 742 1802 766 terreno

1008 770 1089 799 corde
1102 771 1282 802 intuebantur.
1293 775 1493 806 Sacratncntum
1503 780 1573 807 enitn
1586 781 1712 817 Baptismi
1725 784 1801 812 ‘car-
1814 785 1816 788 ’

1008 817 1104 845 naliter
1115 819 1294 853 celebrabant,
1309 823 1481 858 spiritualitcr
1492 834 1543 854 non
1553 828 1685 857 videbant.

1043 862 1157 910 CAPUT
1176 865 1208 892 ll.
1224 881 1260 887 -—
1273 866 1301 894 2.
1325 868 1481 898 Concubiuas
1494 867 1585 900 habere
1599 883 1649 902 nun
1663 877 1741 910 licet;
1755 886 1800 906 nec

1008 908 1140 936 maritatas
1152 919 1243 939 uxores
1258 912 1365 947 ducere;
1380 924 1425 942 nec
1437 925 1452 942 a
1466 918 1557 945 marito
1571 908 1799 956 repudiataeiAu-

1007 953 1072 988 dite,
1086 955 1246 989 charissimi,
1263 960 1380 987 metubra
1394 961 1492 990 Christi
1508 969 1535 991 et
1549 953 1641 994 matris
1655 968 1801 998 Catholica:

1008 999 1065 1050 lilii.
1078 1001 1156 1050 Quod
1171 1002 1231 1030 dico
1242 1007 1454 1040 competentibus
1464 1029 1472 1042 ,
1485 1010 1593 1037 audiant
1604 1012 1711 1047 ﬁdeles;
1727 1017 1799 1050 quod

1006 1045 1210 1098 dico-ﬁdelibus,
1216 1050 1324 1079 audiant
1336 1060 1529 1089 competentes;
1541 1058 1610 1092 quod
1623 1059 1683 1088 dico
1692 1045 1801 1098 compe-

1008 1093 1124 1142 teut-ibus
1136 1098 1163 1122 et
1176 1095 1312 1131 ﬁdelibus,
1333 1100 1442 1127 audiant
1465 1103 1641 1138 pmnitentcs;
1654 1108 1725 1142 quod
1738 1093 1801 1136 dico

1007 1136 1130 1166 ﬁdelibus
1151 1144 1178 1167 et
1199 1144 1411 1177 competentibus
1421 1150 1447 1173 et
1459 1136 1672 1183 paenitentibus,-
1691 1140 1802 1181 audiant

1007 1183 1204 1216 catcchumeni.
1215 1187 1324 1215 audiant
1338 1196 1431 1218 omnes
1447 1200 1454 1218 :
1471 1199 1564 1221 omnes
1580 1196 1689 1224 timeant
1700 1218 1708 1230 ,
1722 1206 1802 1227 nemo

1008 1234 1171 1258 contemnat.
1185 1231 1226 1260 Sit
1240 1234 1303 1261 mihi
1318 1234 1343 1262 in
1356 1238 1563 1266 consolationem
1576 1247 1665 1269 vester
1677 1244 1782 1272 auditus
1791 1267 1800 1277 ,

1007 1282 1041 1302 ne
1063 1276 1097 1303 sit
1120 1277 1195 1305 vobis
1214 1279 1240 1306 in
1261 1280 1440 1310 testimonium
1454 1283 1532 1312 dolor
1546 1294 1629 1314 meus.
1642 1276 1802 1324 Compcteu;

1009 1320 1077 1348 tibtts
1091 1322 1162 1356 dico,
1178 1323 1313 1353 Fornicari
1329 1327 1404 1355 vobis
1422 1337 1475 1357 non
1491 1331 1562 1358 licet.
1576 1320 1717 1361 Sufﬁciani
1726 1336 1802 1363 vobis

1007 1371 1053 1394 aut
1067 1375 1163 1395 uxores
1175 1374 1220 1396 aut
1235 1378 1283 1398 nec
1299 1379 1397 1401 uxores
1413 1382 1419 1400 :
1434 1376 1596 1404 concubinas
1611 1380 1686 1407 vobis
1701 1379 1801 1410 ltabere

1007 1419 1060 1439 non
1074 1413 1145 1441 licet.
1171 1415 1268 1443 Audiat
1293 1418 1372 1452 Deus,
1395 1420 1417 1447 si
1440 1428 1486 1448 vos
1509 1424 1581 1450 surdi
1596 1425 1677 1458 estis;
1692 1427 1802 1456 audiant

1008 1457 1101 1493 Angeli
1125 1460 1192 1495 ejus,
1215 1462 1237 1489 si
1258 1470 1306 1490 vos
1329 1466 1509 1494 contemnitis.
1535 1468 1703 1499 Conculriuas
1726 1474 1802 1502 vobis

1008 1503 1107 1531 habere
1123 1513 1174 1532 non
1191 1506 1261 1534 licet.
1277 1507 1310 1535 Et
1323 1509 1344 1536 si
1360 1518 1410 1537 non
1427 1510 1530 1539 habetis
1545 1522 1650 1548 uxores,
1671 1524 1722 1543 non
1739 1517 1802 1546 licet

1008 1549 1082 1577 vobis
1107 1549 1207 1579 habere
1227 1554 1406 1589 concubinas,
1422 1564 1487 1591 quas
1504 1564 1593 1592 postea
1607 1561 1756 1596 dimittatis,
1773 1569 1803 1591 ut

1007 1594 1110 1622 ducatis
1129 1605 1224 1625 uxores
1239 1599 1267 1631 ’ς
1287 1606 1387 1634 quanto
1401 1603 1485 1637 magis
1497 1604 1633 1633 danniatio
1648 1607 1721 1635 vobis
1735 1594 1800 1641 erit,

1007 1640 1030 1667 si
1052 1640 1151 1669 habere
1174 1643 1309 1672 volueritis
1324 1651 1350 1673 et
1364 1648 1526 1676 concubinas
1545 1656 1570 1677 et
1593 1660 1688 1680 uxores
1701 1653 1728 1680 ³⁸2
1743 1640 1801 1683 Non

1008 1686 1082 1714 vobis
1109 1688 1170 1716 licet
1193 1689 1291 1718 habere
1312 1700 1428 1727 uxores,
1449 1703 1559 1729 quarutn
1584 1699 1686 1732 priores
1713 1702 1801 1729 mariti

1008 1733 1099 1761 vivunt
1114 1743 1120 1761 :
1136 1743 1185 1762 nec
1199 1736 1283 1768 vobis,
1299 1738 1413 1771 feminae,
1428 1739 1527 1768 habere
1542 1743 1613 1771 viros
1627 1744 1690 1771 licet
1704 1766 1710 1778 ,
1734 1754 1801 1781 quo-

1008 1786 1066 1806 rum
1080 1780 1182 1814 priores
1195 1790 1290 1810 uxores
1304 1783 1403 1811 vivtmt.
1419 1785 1572 1815 Adulterina
1594 1796 1657 1817 sunt
1670 1791 1718 1818 ista
1734 1780 1800 1820 cou—

1005 1825 1087 1860 jugin,
1105 1834 1156 1853 non
1173 1827 1233 1862 jure
1255 1829 1320 1862 fori,
1344 1830 1391 1857 sed
1407 1830 1468 1866 jure
1481 1834 1540 1861 ορεῐὶ
1557 1833 1604 1871 (ιι).
1620 1835 1675 1864 Nec
1687 1845 1745 1865 eam
1761 1839 1800 1867 le-

1008 1872 1107 1900 minam
1126 1882 1186 1909 qua:
1211 1882 1259 1910 per
1277 1877 1416 1911 repudium
1437 1879 1559 1909 discessit
1580 1890 1596 1910 a
1620 1885 1725 1918 marito,
1740 1886 1802 1915 licet

1007 1918 1083 1945 Vobis
1096 1919 1195 1947 ducere
1216 1921 1275 1948 vivo
1295 1923 1401 1952 marito.
1423 1925 1511 1954 Solius
1524 1926 1707 1958 fornicationis
1720 1939 1800 1960 causa

1008 1963 1070 1991 licet
1093 1973 1203 1993 uxorem
1223 1966 1370 1996 adulteram
1394 1970 1551 2001 dimittere:
1568 1974 1615 2001 sed
1631 1975 1674 2002 illa
1695 1976 1801 2005 vivente

1007 2017 1060 2038 non
1076 2011 1139 2040 licet
1150 2012 1259 2040 alteram
1274 2014 1381 2043 dueere.
1397 2017 1431 2044 Et
1446 2018 1530 2049 vobis,
1545 2019 1661 2052 fcmimr,
1678 2030 1727 2049 nec
1741 2024 1801 2051 illos

1006 2057 1079 2085 viros
1104 2066 1118 2085 a
1141 2059 1238 2093 quibus
1260 2068 1308 2095 per
1334 2063 1473 2096 repudium
1498 2064 1676 2094 discesserunt
1701 2076 1800 2097 uxores

1006 2110 1098 2130 eorutn
1111 2123 1119 2137 ,
1140 2104 1248 2132 maritos
1268 2105 1365 2133 habere
1376 2108 1546 2142 conceditur;
1560 2118 1611 2138 non
1625 2106 1686 2140 licet
1701 2122 1707 2140 :
1722 2113 1800 2142 adul-

1008 2149 1072 2176 teria
1093 2154 1155 2177 sunt
1166 2170 1174 2184 ,
1200 2159 1252 2178 non
1273 2152 1404 2188 conjugia.
1419 2154 1603 2184 Contemnitur
1616 2159 1778 2193 Augustinus
1790 2182 1798 2194 ,

1007 2195 1131 2223 timeatur
1153 2196 1196 2224 vel
1217 2196 1349 2225 Christus.
1372 2199 1459 2228 Nolite
1474 2200 1571 2229 imitari
1593 2204 1696 2231 turbam
1715 2206 1800 2235 malo-

1006 2249 1064 2268 rum
1077 2261 1085 2275 ,
1111 2241 1255 2270 inﬁdelium
1266 2263 1274 2276 ,
1301 2244 1347 2271 ﬁlii
1373 2247 1425 2273 mei
1443 2256 1450 2274 :
1465 2247 1546 2275 nolite
1560 2249 1636 2284 sequi
1651 2251 1706 2278 vias
1720 2251 1798 2286 latas,

1006 2295 1118 2322 quarum
1132 2288 1193 2316 ﬁnis
1203 2289 1236 2316 ad
1248 2290 1383 2319 interitum
1394 2291 1475 2320 ducit.
1486 2293 1535 2327 Qui
1546 2294 1694 2330 baptizatus
1707 2297 1797 2331 fuerit.

1006 2339 1052 2361 aut
1075 2335 1265 2364 continentiam
1287 2336 1344 2365 Deo
1368 2344 1472 2371 voveat,
1499 2343 1543 2366 aut
1566 2348 1722 2375 permaneat
1737 2352 1797 2373 cum

1005 2388 1089 2409 uxore
1101 2389 1160 2414 sua,
1174 2387 1220 2410 aut
1234 2383 1255 2410 si
1270 2391 1322 2410 non
1339 2383 1428 2416 habet,
1443 2385 1521 2413 ducat
1533 2395 1653 2416 uxorem.

1040 2426 1154 2455 CAPUT
1174 2427 1217 2455 Ill.
1228 2443 1263 2448 --
1272 2428 1299 2456 5.
1320 2428 1472 2456 Ρωηίιεηιὶα
1481 2431 1512 2458 iis
1522 2433 1565 2465 qui
1577 2441 1593 2460 a
1602 2436 1725 2464 castitatis
1737 2447 1798 2473 pro-

1006 2474 1086 2508 posito
1111 2472 1177 2509 lapsi
1206 2478 1265 2500 sunt
1288 2474 1472 2509 amplectenda.
1506 2475 1613 2506 Publica
1639 2472 1795 2515 poenitentia.

1006 2520 1140 2548 Theodosii
1152 2520 1306 2556 paenitentia.
1327 2521 1423 2549 Audite
1435 2530 1488 2555 me,
1504 2523 1605 2558 ﬁdeles,
1621 2526 1646 2554 id
1658 2534 1698 2555 est
1712 2528 1797 2565 bapti-

1003 2569 1064 2596 zati.
1087 2568 1174 2601 Quare
1190 2566 1340 2594 moriemini
1350 2567 1405 2602 jam
1425 2570 1530 2597 renati?
1546 2571 1657 2606 Quando
1671 2574 1795 2610 baptizati

1003 2622 1051 2649 per
1065 2613 1121 2641 vias
1134 2617 1267 2641 tortuosa:
1280 2617 1308 2641 et
1321 2613 1437 2642 lubricas
1455 2619 1482 2643 et
1503 2615 1652 2646 immundus
1666 2619 1721 2654 itis,
1746 2630 1794 2650 ue—

1001 2659 1075 2688 scitis
1098 2659 1158 2695 quia
1181 2659 1294 2694 peritis?
1313 2659 1418 2694 Peritis,
1443 2660 1489 2688 ﬁlii
1514 2662 1578 2697 mei,
1600 2665 1710 2694 credite.
1734 2667 1794 2697 Non

1002 2707 1083 2736 vultis
1097 2707 1230 2735 credere?
1242 2707 1310 2742 Quid
1325 2708 1400 2736 vobis
1409 2708 1496 2736 facio?
1509 2709 1558 2743 Qui
1574 2710 1667 2739 ﬁdeles
1677 2713 1752 2747 estis,
1766 2720 1794 2743 et

1034 2766 1042 2781 ι
1055 2764 1194 2796 Legendum
1216 2764 1322 2794 videtur,
1331 2763 1429 2790 sabbati.

1033 2796 1089 2832 {sic
1100 2802 1186 2833 omnes
1261 2799 1291 2833 at
1307 2796 1382 2827 editi,
1394 2802 1453 2827 quas
1472 2800 1553 2829 postea
1570 2797 1666 2825 duratis
1687 2806 1791 2833 uxores;

1000 2827 1097 2855 omisso,
1108 2826 1232 2852 dimittatis
1242 2829 1276 2851 ut.

1033 2857 1119 2895 “aditi,
1141 2861 1164 2883 et
1183 2864 1271 2883 uxores
1290 2857 1423 2885 dimittatis.
1446 2859 1535 2891 Abest,
1553 2860 1686 2893 dimittatis,
1712 2868 1725 2887 λ
1740 2868 1789 2888 περ

1001 2892 1137 2920 nltscriptis.

1034 2920 1070 2950 tu)
1087 2924 1162 2945 serm.
1175 2919 1229 2949 355,
1240 2926 1265 2944 n.
1277 2920 1301 2945 5.
