  <div class='ocr_page' id='page_1' title='image "/cluster/home/n/w/nwhite01/storage/ocr_20150623/39/hvd.32044015471485/119.png"; bbox 0 0 4026 6362; ppageno 0'>
   <div class='ocr_carea' id='block_1_1' title="bbox 438 291 570 348">
    <p class='ocr_par' dir='ltr' id='par_1_1' title="bbox 438 291 570 348">
     <span class='ocr_line' id='line_1_1' title="bbox 438 291 570 348; baseline 0 0"><span class='ocrx_word' id='word_1_1' title='bbox 438 291 570 348; x_wconf 78' lang='grc' dir='ltr'><strong>ιιιι</strong></span> 
     </span>
    </p>
   </div>
   <div class='ocr_carea' id='block_1_2' title="bbox 431 405 2018 474">
    <p class='ocr_par' dir='ltr' id='par_1_2' title="bbox 431 405 2018 474">
     <span class='ocr_line' id='line_1_2' title="bbox 431 405 2018 474; baseline -0.001 -10"><span class='ocrx_word' id='word_1_2' title='bbox 431 407 630 464; x_wconf 84' lang='lat' dir='ltr'><strong>auditis</strong></span> <span class='ocrx_word' id='word_1_3' title='bbox 656 422 763 474; x_wconf 85' lang='lat' dir='ltr'><strong>me,</strong></span> <span class='ocrx_word' id='word_1_4' title='bbox 793 407 838 463; x_wconf 82' lang='lat' dir='ltr'><strong>si</strong></span> <span class='ocrx_word' id='word_1_5' title='bbox 879 407 1013 462; x_wconf 90' lang='lat' dir='ltr'><strong>forte</strong></span> <span class='ocrx_word' id='word_1_6' title='bbox 1044 406 1164 462; x_wconf 88' lang='lat' dir='ltr'><strong>talia</strong></span> <span class='ocrx_word' id='word_1_7' title='bbox 1190 405 1550 472; x_wconf 84' lang='lat' dir='ltr'><strong>connnisistis,</strong></span> <span class='ocrx_word' id='word_1_8' title='bbox 1594 407 1756 461; x_wconf 87' lang='lat' dir='ltr'><strong>nolite</strong></span> <span class='ocrx_word' id='word_1_9' title='bbox 1784 406 1979 462; x_wconf 88' lang='lat' dir='ltr'><strong>addere</strong></span> <span class='ocrx_word' id='word_1_10' title='bbox 2004 423 2018 470; x_wconf 91' lang='lat'><strong>;</strong></span> 
     </span>
    </p>
   </div>
   <div class='ocr_carea' id='block_1_3' title="bbox 431 497 2026 569">
    <p class='ocr_par' dir='ltr' id='par_1_3' title="bbox 431 497 2026 569">
     <span class='ocr_line' id='line_1_3' title="bbox 431 497 2026 569; baseline -0.001 -15"><span class='ocrx_word' id='word_1_11' title='bbox 431 509 490 554; x_wconf 87' lang='lat' dir='ltr'><strong>et</strong></span> <span class='ocrx_word' id='word_1_12' title='bbox 535 506 594 553; x_wconf 92' lang='lat' dir='ltr'><strong>ut</strong></span> <span class='ocrx_word' id='word_1_13' title='bbox 635 499 788 569; x_wconf 88' lang='lat' dir='ltr'><strong>vobis</strong></span> <span class='ocrx_word' id='word_1_14' title='bbox 819 498 958 552; x_wconf 91' lang='lat' dir='ltr'><strong>Deus</strong></span> <span class='ocrx_word' id='word_1_15' title='bbox 1001 497 1258 568; x_wconf 78' lang='lat' dir='ltr'><strong>ignoscat,</strong></span> <span class='ocrx_word' id='word_1_16' title='bbox 1305 509 1473 556; x_wconf 88' lang='lat' dir='ltr'><strong>orate.</strong></span> <span class='ocrx_word' id='word_1_17' title='bbox 1526 497 1582 553; x_wconf 90' lang='lat' dir='ltr'><strong>Si</strong></span> <span class='ocrx_word' id='word_1_18' title='bbox 1629 515 1733 553; x_wconf 90' lang='lat' dir='ltr'><strong>non</strong></span> <span class='ocrx_word' id='word_1_19' title='bbox 1781 499 2026 568; x_wconf 81' lang='lat' dir='ltr'><strong>potuistis</strong></span> 
     </span>
    </p>
   </div>
   <div class='ocr_carea' id='block_1_4' title="bbox 435 591 2024 662">
    <p class='ocr_par' dir='ltr' id='par_1_4' title="bbox 435 591 2024 662">
     <span class='ocr_line' id='line_1_4' title="bbox 435 591 2024 662; baseline -0.001 -16"><span class='ocrx_word' id='word_1_20' title='bbox 435 591 656 659; x_wconf 87' lang='lat' dir='ltr'><strong>habere,</strong></span> <span class='ocrx_word' id='word_1_21' title='bbox 681 592 767 647; x_wconf 88' lang='lat' dir='ltr'><strong>vel</strong></span> <span class='ocrx_word' id='word_1_22' title='bbox 795 591 1054 656; x_wconf 76' lang='lat' dir='ltr'><strong>noluistis,</strong></span> <span class='ocrx_word' id='word_1_23' title='bbox 1083 591 1388 660; x_wconf 75' lang='lat' dir='ltr'><strong>pudicitiam</strong></span> <span class='ocrx_word' id='word_1_24' title='bbox 1412 593 1744 662; x_wconf 86' lang='lat' dir='ltr'><strong>conjngalem</strong></span> <span class='ocrx_word' id='word_1_25' title='bbox 1776 608 1868 646; x_wconf 88' lang='lat' dir='ltr'><strong>seu</strong></span> <span class='ocrx_word' id='word_1_26' title='bbox 1895 607 2024 646; x_wconf 88' lang='lat' dir='ltr'><strong>con-</strong></span> 
     </span>
    </p>
   </div>
   <div class='ocr_carea' id='block_1_5' title="bbox 436 680 2024 753">
    <p class='ocr_par' dir='ltr' id='par_1_5' title="bbox 436 680 2024 753">
     <span class='ocr_line' id='line_1_5' title="bbox 436 680 2024 753; baseline -0.003 -15"><span class='ocrx_word' id='word_1_27' title='bbox 436 683 734 750; x_wconf 88' lang='lat' dir='ltr'><strong>tinentiam,</strong></span> <span class='ocrx_word' id='word_1_28' title='bbox 776 691 830 738; x_wconf 91' lang='lat' dir='ltr'><strong>et</strong></span> <span class='ocrx_word' id='word_1_29' title='bbox 856 680 1105 738; x_wconf 90' lang='lat' dir='ltr'><strong>deviastis</strong></span> <span class='ocrx_word' id='word_1_30' title='bbox 1133 698 1164 736; x_wconf 93' lang='lat' dir='ltr'><strong>a</strong></span> <span class='ocrx_word' id='word_1_31' title='bbox 1195 685 1466 753; x_wconf 89' lang='lat' dir='ltr'><strong>proposito</strong></span> <span class='ocrx_word' id='word_1_32' title='bbox 1497 684 1573 738; x_wconf 86' lang='lat' dir='ltr'><strong>vel</strong></span> <span class='ocrx_word' id='word_1_33' title='bbox 1603 683 1797 737; x_wconf 86' lang='lat' dir='ltr'><strong>vinculi</strong></span> <span class='ocrx_word' id='word_1_34' title='bbox 1833 683 2024 749; x_wconf 88' lang='lat' dir='ltr'><strong>conju-</strong></span> 
     </span>
    </p>
   </div>
   <div class='ocr_carea' id='block_1_6' title="bbox 433 773 2026 844">
    <p class='ocr_par' dir='ltr' id='par_1_6' title="bbox 433 773 2026 844">
     <span class='ocr_line' id='line_1_6' title="bbox 433 773 2026 844; baseline 0.001 -17"><span class='ocrx_word' id='word_1_35' title='bbox 433 775 564 844; x_wconf 66' lang='lat' dir='ltr'><strong>galis</strong></span> <span class='ocrx_word' id='word_1_36' title='bbox 591 775 674 830; x_wconf 87' lang='lat' dir='ltr'><strong>vel</strong></span> <span class='ocrx_word' id='word_1_37' title='bbox 717 774 922 829; x_wconf 75' lang='lat' dir='ltr'><strong>devotm</strong></span> <span class='ocrx_word' id='word_1_38' title='bbox 963 773 1304 829; x_wconf 79' lang='lat' dir='ltr'><strong>continenti-.c</strong></span> <span class='ocrx_word' id='word_1_39' title='bbox 1337 775 1375 842; x_wconf 84' lang='grc'><strong>¹,</strong></span> <span class='ocrx_word' id='word_1_40' title='bbox 1407 775 1476 830; x_wconf 89' lang='lat' dir='ltr'><strong>sil.</strong></span> <span class='ocrx_word' id='word_1_41' title='bbox 1520 775 1570 828; x_wconf 94' lang='lat' dir='ltr'><strong>in</strong></span> <span class='ocrx_word' id='word_1_42' title='bbox 1605 775 1750 828; x_wconf 89' lang='lat' dir='ltr'><strong>vobis</strong></span> <span class='ocrx_word' id='word_1_43' title='bbox 1781 775 1932 828; x_wconf 81' lang='lat' dir='ltr'><strong>dolor</strong></span> <span class='ocrx_word' id='word_1_44' title='bbox 1972 784 2026 828; x_wconf 86' lang='lat' dir='ltr'><strong>ct</strong></span> 
     </span>
    </p>
   </div>
   <div class='ocr_carea' id='block_1_7' title="bbox 437 865 2021 936">
    <p class='ocr_par' dir='ltr' id='par_1_7' title="bbox 437 865 2021 936">
     <span class='ocr_line' id='line_1_7' title="bbox 437 865 2021 936; baseline -0.001 -16"><span class='ocrx_word' id='word_1_45' title='bbox 437 865 708 920; x_wconf 86' lang='lat' dir='ltr'><strong>humilitas</strong></span> <span class='ocrx_word' id='word_1_46' title='bbox 754 867 1102 936; x_wconf 58' lang='lat' dir='ltr'><strong>pcnnilentim.</strong></span> <span class='ocrx_word' id='word_1_47' title='bbox 1148 865 1398 936; x_wconf 87' lang='lat' dir='ltr'><strong>Apertius</strong></span> <span class='ocrx_word' id='word_1_48' title='bbox 1443 865 1608 920; x_wconf 90' lang='lat' dir='ltr'><strong>dico:</strong></span> <span class='ocrx_word' id='word_1_49' title='bbox 1642 881 1798 920; x_wconf 92' lang='lat' dir='ltr'><strong>nemo</strong></span> <span class='ocrx_word' id='word_1_50' title='bbox 1843 865 2021 931; x_wconf 85' lang='lat' dir='ltr'><strong>dieat,</strong></span> 
     </span>
    </p>
   </div>
   <div class='ocr_carea' id='block_1_8' title="bbox 434 954 2026 1027">
    <p class='ocr_par' dir='ltr' id='par_1_8' title="bbox 434 954 2026 1027">
     <span class='ocr_line' id='line_1_8' title="bbox 434 954 2026 1027; baseline -0.001 -15"><span class='ocrx_word' id='word_1_51' title='bbox 434 954 550 1012; x_wconf 88' lang='lat' dir='ltr'><strong>Non</strong></span> <span class='ocrx_word' id='word_1_52' title='bbox 597 955 868 1012; x_wconf 77' lang='lat' dir='ltr'><strong>intellexi.</strong></span> <span class='ocrx_word' id='word_1_53' title='bbox 919 957 1018 1026; x_wconf 93' lang='lat' dir='ltr'><strong>Qui</strong></span> <span class='ocrx_word' id='word_1_54' title='bbox 1063 965 1180 1027; x_wconf 89' lang='lat' dir='ltr'><strong>post</strong></span> <span class='ocrx_word' id='word_1_55' title='bbox 1227 973 1417 1011; x_wconf 78' lang='lat' dir='ltr'><strong>uxores</strong></span> <span class='ocrx_word' id='word_1_56' title='bbox 1459 963 1664 1011; x_wconf 82' lang='lat' dir='ltr'><strong>vestras</strong></span> <span class='ocrx_word' id='word_1_57' title='bbox 1707 971 1802 1009; x_wconf 89' lang='lat' dir='ltr'><strong>vos</strong></span> <span class='ocrx_word' id='word_1_58' title='bbox 1842 957 2026 1010; x_wconf 85' lang='lat' dir='ltr'><strong>illicito</strong></span> 
     </span>
    </p>
   </div>
   <div class='ocr_carea' id='block_1_9' title="bbox 434 1047 2024 1117">
    <p class='ocr_par' dir='ltr' id='par_1_9' title="bbox 434 1047 2024 1117">
     <span class='ocr_line' id='line_1_9' title="bbox 434 1047 2024 1117; baseline -0.003 -15"><span class='ocrx_word' id='word_1_59' title='bbox 434 1047 716 1102; x_wconf 90' lang='lat' dir='ltr'><strong>concubitu</strong></span> <span class='ocrx_word' id='word_1_60' title='bbox 757 1049 1078 1112; x_wconf 88' lang='lat' dir='ltr'><strong>maculastis,</strong></span> <span class='ocrx_word' id='word_1_61' title='bbox 1112 1049 1155 1102; x_wconf 89' lang='lat' dir='ltr'><strong>si</strong></span> <span class='ocrx_word' id='word_1_62' title='bbox 1198 1057 1388 1117; x_wconf 65' lang='lat' dir='ltr'><strong>praeter</strong></span> <span class='ocrx_word' id='word_1_63' title='bbox 1431 1063 1625 1102; x_wconf 78' lang='lat' dir='ltr'><strong>uxores</strong></span> <span class='ocrx_word' id='word_1_64' title='bbox 1663 1055 1866 1102; x_wconf 89' lang='lat' dir='ltr'><strong>vestras</strong></span> <span class='ocrx_word' id='word_1_65' title='bbox 1903 1062 2024 1100; x_wconf 89' lang='lat' dir='ltr'><strong>cum</strong></span> 
     </span>
    </p>
   </div>
   <div class='ocr_carea' id='block_1_10' title="bbox 435 1133 2026 1210">
    <p class='ocr_par' dir='ltr' id='par_1_10' title="bbox 435 1133 2026 1210">
     <span class='ocr_line' id='line_1_10' title="bbox 435 1133 2026 1210; baseline -0.001 -18"><span class='ocrx_word' id='word_1_66' title='bbox 435 1139 612 1208; x_wconf 88' lang='lat' dir='ltr'><strong>aliqua</strong></span> <span class='ocrx_word' id='word_1_67' title='bbox 643 1139 1040 1205; x_wconf 87' lang='lat' dir='ltr'><strong>concubuistis;</strong></span> <span class='ocrx_word' id='word_1_68' title='bbox 1070 1139 1208 1210; x_wconf 80' lang='lat' dir='ltr'><strong>agite</strong></span> <span class='ocrx_word' id='word_1_69' title='bbox 1241 1140 1628 1208; x_wconf 75' lang='lat' dir='ltr'><strong>paenitentiam,</strong></span> <span class='ocrx_word' id='word_1_70' title='bbox 1653 1135 1826 1208; x_wconf 87' lang='lat' dir='ltr'><strong>qualis</strong></span> <span class='ocrx_word' id='word_1_71' title='bbox 1853 1133 2026 1207; x_wconf 85' lang='lat' dir='ltr'><strong>agitur</strong></span> 
     </span>
    </p>
   </div>
   <div class='ocr_carea' id='block_1_11' title="bbox 437 1227 2025 1300">
    <p class='ocr_par' dir='ltr' id='par_1_11' title="bbox 437 1227 2025 1300">
     <span class='ocr_line' id='line_1_11' title="bbox 437 1227 2025 1300; baseline -0.003 -16"><span class='ocrx_word' id='word_1_72' title='bbox 437 1230 490 1284; x_wconf 89' lang='lat' dir='ltr'><strong>in</strong></span> <span class='ocrx_word' id='word_1_73' title='bbox 533 1229 792 1296; x_wconf 90' lang='lat' dir='ltr'><strong>Ecclesia,</strong></span> <span class='ocrx_word' id='word_1_74' title='bbox 825 1239 881 1283; x_wconf 86' lang='lat' dir='ltr'><strong>ut</strong></span> <span class='ocrx_word' id='word_1_75' title='bbox 909 1239 1026 1285; x_wconf 92' lang='lat' dir='ltr'><strong>oret</strong></span> <span class='ocrx_word' id='word_1_76' title='bbox 1071 1247 1165 1300; x_wconf 87' lang='lat' dir='ltr'><strong>pro</strong></span> <span class='ocrx_word' id='word_1_77' title='bbox 1209 1229 1359 1284; x_wconf 84' lang='lat' dir='ltr'><strong>vobis</strong></span> <span class='ocrx_word' id='word_1_78' title='bbox 1407 1231 1660 1284; x_wconf 76' lang='lat' dir='ltr'><strong>Ecclesia.</strong></span> <span class='ocrx_word' id='word_1_79' title='bbox 1713 1227 1880 1282; x_wconf 85' lang='lat' dir='ltr'><strong>Nemo</strong></span> <span class='ocrx_word' id='word_1_80' title='bbox 1923 1229 2025 1282; x_wconf 86' lang='lat' dir='ltr'><strong>sibi</strong></span> 
     </span>
    </p>
   </div>
   <div class='ocr_carea' id='block_1_12' title="bbox 435 1321 2026 1393">
    <p class='ocr_par' dir='ltr' id='par_1_12' title="bbox 435 1321 2026 1393">
     <span class='ocr_line' id='line_1_12' title="bbox 435 1321 2026 1393; baseline -0.002 -16"><span class='ocrx_word' id='word_1_81' title='bbox 435 1323 598 1389; x_wconf 88' lang='lat' dir='ltr'><strong>dicat,</strong></span> <span class='ocrx_word' id='word_1_82' title='bbox 629 1323 846 1377; x_wconf 88' lang='lat' dir='ltr'><strong>Occttlte</strong></span> <span class='ocrx_word' id='word_1_83' title='bbox 873 1339 991 1393; x_wconf 87' lang='lat' dir='ltr'><strong>ago,</strong></span> <span class='ocrx_word' id='word_1_84' title='bbox 1039 1324 1178 1392; x_wconf 88' lang='lat' dir='ltr'><strong>apud</strong></span> <span class='ocrx_word' id='word_1_85' title='bbox 1213 1323 1376 1376; x_wconf 89' lang='lat' dir='ltr'><strong>Demn</strong></span> <span class='ocrx_word' id='word_1_86' title='bbox 1407 1337 1507 1392; x_wconf 90' lang='lat' dir='ltr'><strong>ago</strong></span> <span class='ocrx_word' id='word_1_87' title='bbox 1535 1340 1549 1376; x_wconf 90' lang='lat'>:</span> <span class='ocrx_word' id='word_1_88' title='bbox 1594 1321 1740 1377; x_wconf 85' lang='lat' dir='ltr'><strong>novit</strong></span> <span class='ocrx_word' id='word_1_89' title='bbox 1770 1323 1909 1376; x_wconf 87' lang='lat' dir='ltr'><strong>Deus</strong></span> <span class='ocrx_word' id='word_1_90' title='bbox 1936 1321 2026 1390; x_wconf 90' lang='lat' dir='ltr'><strong>qui</strong></span> 
     </span>
    </p>
   </div>
   <div class='ocr_carea' id='block_1_13' title="bbox 438 1411 2028 1486">
    <p class='ocr_par' dir='ltr' id='par_1_13' title="bbox 438 1411 2028 1486">
     <span class='ocr_line' id='line_1_13' title="bbox 438 1411 2028 1486; baseline -0.002 -17"><span class='ocrx_word' id='word_1_91' title='bbox 438 1415 565 1469; x_wconf 90' lang='lat' dir='ltr'><strong>mihi</strong></span> <span class='ocrx_word' id='word_1_92' title='bbox 613 1417 873 1486; x_wconf 80' lang='lat' dir='ltr'><strong>ignoscat,</strong></span> <span class='ocrx_word' id='word_1_93' title='bbox 919 1416 1038 1484; x_wconf 90' lang='lat' dir='ltr'><strong>quia</strong></span> <span class='ocrx_word' id='word_1_94' title='bbox 1083 1417 1134 1469; x_wconf 89' lang='lat' dir='ltr'><strong>in</strong></span> <span class='ocrx_word' id='word_1_95' title='bbox 1178 1414 1340 1470; x_wconf 89' lang='lat' dir='ltr'><strong>corde</strong></span> <span class='ocrx_word' id='word_1_96' title='bbox 1389 1429 1509 1469; x_wconf 90' lang='lat' dir='ltr'><strong>meo</strong></span> <span class='ocrx_word' id='word_1_97' title='bbox 1553 1429 1673 1484; x_wconf 86' lang='lat' dir='ltr'><strong>ago.</strong></span> <span class='ocrx_word' id='word_1_98' title='bbox 1725 1415 1863 1483; x_wconf 84' lang='lat' dir='ltr'><strong>Ergo</strong></span> <span class='ocrx_word' id='word_1_99' title='bbox 1910 1411 2028 1466; x_wconf 87' lang='lat' dir='ltr'><strong>sine</strong></span> 
     </span>
    </p>
   </div>
   <div class='ocr_carea' id='block_1_14' title="bbox 437 1505 2027 1572">
    <p class='ocr_par' dir='ltr' id='par_1_14' title="bbox 437 1505 2027 1572">
     <span class='ocr_line' id='line_1_14' title="bbox 437 1505 2027 1572; baseline -0.003 -12"><span class='ocrx_word' id='word_1_100' title='bbox 437 1521 593 1560; x_wconf 88' lang='lat' dir='ltr'><strong>causa</strong></span> <span class='ocrx_word' id='word_1_101' title='bbox 622 1506 822 1560; x_wconf 91' lang='lat' dir='ltr'><strong>dictum</strong></span> <span class='ocrx_word' id='word_1_102' title='bbox 851 1517 952 1572; x_wconf 90' lang='lat' dir='ltr'><strong>est,</strong></span> <span class='ocrx_word' id='word_1_103' title='bbox 999 1507 1125 1571; x_wconf 72' lang='lat' dir='ltr'><strong>Qua:</strong></span> <span class='ocrx_word' id='word_1_104' title='bbox 1155 1507 1399 1560; x_wconf 83' lang='lat' dir='ltr'><strong>solveritis</strong></span> <span class='ocrx_word' id='word_1_105' title='bbox 1424 1506 1475 1559; x_wconf 82' lang='lat' dir='ltr'><strong>in</strong></span> <span class='ocrx_word' id='word_1_106' title='bbox 1502 1515 1655 1571; x_wconf 77' lang='lat' dir='ltr'><strong>terra,</strong></span> <span class='ocrx_word' id='word_1_107' title='bbox 1685 1505 1849 1559; x_wconf 85' lang='lat' dir='ltr'><strong>soluta</strong></span> <span class='ocrx_word' id='word_1_108' title='bbox 1879 1513 2027 1557; x_wconf 77' lang='lat' dir='ltr'><strong>erant</strong></span> 
     </span>
    </p>
   </div>
   <div class='ocr_carea' id='block_1_15' title="bbox 436 1596 2024 1668">
    <p class='ocr_par' dir='ltr' id='par_1_15' title="bbox 436 1596 2024 1668">
     <span class='ocr_line' id='line_1_15' title="bbox 436 1596 2024 1668; baseline -0.001 -19"><span class='ocrx_word' id='word_1_109' title='bbox 436 1598 489 1650; x_wconf 83' lang='lat' dir='ltr'><strong>in</strong></span> <span class='ocrx_word' id='word_1_110' title='bbox 518 1596 644 1652; x_wconf 77' lang='lat' dir='ltr'><strong>caelo</strong></span> <span class='ocrx_word' id='word_1_111' title='bbox 671 1597 880 1668; x_wconf 79' lang='lat' dir='ltr'><strong>(Matth.</strong></span> <span class='ocrx_word' id='word_1_112' title='bbox 924 1613 1076 1664; x_wconf 81' lang='lat' dir='ltr'><strong>xvnt,</strong></span> <span class='ocrx_word' id='word_1_113' title='bbox 1109 1597 1242 1666; x_wconf 78' lang='lat'><strong>18)?</strong></span> <span class='ocrx_word' id='word_1_114' title='bbox 1274 1598 1412 1667; x_wconf 86' lang='lat' dir='ltr'><strong>Ergo</strong></span> <span class='ocrx_word' id='word_1_115' title='bbox 1440 1598 1556 1653; x_wconf 90' lang='lat' dir='ltr'><strong>sine</strong></span> <span class='ocrx_word' id='word_1_116' title='bbox 1582 1612 1739 1651; x_wconf 87' lang='lat' dir='ltr'><strong>causa</strong></span> <span class='ocrx_word' id='word_1_117' title='bbox 1763 1605 1886 1651; x_wconf 92' lang='lat' dir='ltr'><strong>sunt</strong></span> <span class='ocrx_word' id='word_1_118' title='bbox 1914 1597 2024 1650; x_wconf 85' lang='lat' dir='ltr'><strong>cla-</strong></span> 
     </span>
    </p>
   </div>
   <div class='ocr_carea' id='block_1_16' title="bbox 437 1687 2024 1756">
    <p class='ocr_par' dir='ltr' id='par_1_16' title="bbox 437 1687 2024 1756">
     <span class='ocr_line' id='line_1_16' title="bbox 437 1687 2024 1756; baseline -0.001 -17"><span class='ocrx_word' id='word_1_119' title='bbox 437 1704 530 1742; x_wconf 86' lang='lat' dir='ltr'><strong>ves</strong></span> <span class='ocrx_word' id='word_1_120' title='bbox 582 1689 719 1742; x_wconf 77' lang='lat' dir='ltr'><strong>datre</strong></span> <span class='ocrx_word' id='word_1_121' title='bbox 777 1689 1029 1744; x_wconf 78' lang='lat' dir='ltr'><strong>Ecclesia:</strong></span> <span class='ocrx_word' id='word_1_122' title='bbox 1079 1689 1214 1743; x_wconf 85' lang='lat' dir='ltr'><strong>Dei?</strong></span> <span class='ocrx_word' id='word_1_123' title='bbox 1263 1688 1576 1742; x_wconf 83' lang='lat' dir='ltr'><strong>frustratnus</strong></span> <span class='ocrx_word' id='word_1_124' title='bbox 1640 1687 2024 1756; x_wconf 75' lang='lat' dir='ltr'><strong>EVangolinm,</strong></span> 
     </span>
    </p>
   </div>
   <div class='ocr_carea' id='block_1_17' title="bbox 437 1775 2028 1846">
    <p class='ocr_par' dir='ltr' id='par_1_17' title="bbox 437 1775 2028 1846">
     <span class='ocr_line' id='line_1_17' title="bbox 437 1775 2028 1846; baseline 0 -14"><span class='ocrx_word' id='word_1_125' title='bbox 437 1778 754 1832; x_wconf 87' lang='lat' dir='ltr'><strong>frustramus</strong></span> <span class='ocrx_word' id='word_1_126' title='bbox 795 1779 955 1833; x_wconf 83' lang='lat' dir='ltr'><strong>verba</strong></span> <span class='ocrx_word' id='word_1_127' title='bbox 1001 1778 1241 1834; x_wconf 79' lang='lat' dir='ltr'><strong>Christi?</strong></span> <span class='ocrx_word' id='word_1_128' title='bbox 1291 1779 1653 1832; x_wconf 75' lang='lat' dir='ltr'><strong>Promittimm</strong></span> <span class='ocrx_word' id='word_1_129' title='bbox 1693 1777 1840 1830; x_wconf 80' lang='lat' dir='ltr'><strong>vobis</strong></span> <span class='ocrx_word' id='word_1_130' title='bbox 1884 1775 2028 1846; x_wconf 86' lang='lat' dir='ltr'><strong>quod</strong></span> 
     </span>
    </p>
   </div>
   <div class='ocr_carea' id='block_1_18' title="bbox 439 1867 2028 1940">
    <p class='ocr_par' dir='ltr' id='par_1_18' title="bbox 439 1867 2028 1940">
     <span class='ocr_line' id='line_1_18' title="bbox 439 1867 2028 1940; baseline -0.003 -18"><span class='ocrx_word' id='word_1_131' title='bbox 439 1871 528 1925; x_wconf 92' lang='lat' dir='ltr'><strong>ille</strong></span> <span class='ocrx_word' id='word_1_132' title='bbox 559 1869 752 1940; x_wconf 80' lang='lat' dir='ltr'><strong>negat?</strong></span> <span class='ocrx_word' id='word_1_133' title='bbox 777 1869 965 1924; x_wconf 86' lang='lat' dir='ltr'><strong>Nonne</strong></span> <span class='ocrx_word' id='word_1_134' title='bbox 999 1883 1094 1924; x_wconf 89' lang='lat' dir='ltr'><strong>vos</strong></span> <span class='ocrx_word' id='word_1_135' title='bbox 1120 1869 1458 1938; x_wconf 87' lang='lat' dir='ltr'><strong>decipimus?</strong></span> <span class='ocrx_word' id='word_1_136' title='bbox 1487 1869 1586 1922; x_wconf 87' lang='lat' dir='ltr'><strong>.lob</strong></span> <span class='ocrx_word' id='word_1_137' title='bbox 1631 1868 1778 1933; x_wconf 85' lang='lat' dir='ltr'><strong>dicit,</strong></span> <span class='ocrx_word' id='word_1_138' title='bbox 1832 1867 1893 1922; x_wconf 89' lang='lat' dir='ltr'><strong>Si</strong></span> <span class='ocrx_word' id='word_1_139' title='bbox 1913 1885 2028 1920; x_wconf 84' lang='lat' dir='ltr'><strong>eru-</strong></span> 
     </span>
    </p>
   </div>
   <div class='ocr_carea' id='block_1_19' title="bbox 437 1959 2025 2032">
    <p class='ocr_par' dir='ltr' id='par_1_19' title="bbox 437 1959 2025 2032">
     <span class='ocr_line' id='line_1_19' title="bbox 437 1959 2025 2032; baseline -0.001 -19"><span class='ocrx_word' id='word_1_140' title='bbox 437 1962 523 2014; x_wconf 82' lang='lat' dir='ltr'><strong>bui</strong></span> <span class='ocrx_word' id='word_1_141' title='bbox 541 1963 592 2016; x_wconf 81' lang='lat' dir='ltr'><strong>iu</strong></span> <span class='ocrx_word' id='word_1_142' title='bbox 613 1971 880 2032; x_wconf 83' lang='lat' dir='ltr'><strong>conspectu</strong></span> <span class='ocrx_word' id='word_1_143' title='bbox 902 1963 1076 2032; x_wconf 79' lang='lat' dir='ltr'><strong>populi</strong></span> <span class='ocrx_word' id='word_1_144' title='bbox 1093 1962 1326 2031; x_wconf 75' lang='lat' dir='ltr'><strong>confiteri</strong></span> <span class='ocrx_word' id='word_1_145' title='bbox 1347 1972 1550 2031; x_wconf 81' lang='lat' dir='ltr'><strong>peccata</strong></span> <span class='ocrx_word' id='word_1_146' title='bbox 1569 1977 1678 2014; x_wconf 85' lang='lat' dir='ltr'><strong>mea</strong></span> <span class='ocrx_word' id='word_1_147' title='bbox 1723 1959 1844 2031; x_wconf 83' lang='lat' dir='ltr'><strong>(Job</strong></span> <span class='ocrx_word' id='word_1_148' title='bbox 1871 1975 2025 2026; x_wconf 71' lang='lat' dir='ltr'><strong>XXXI,</strong></span> 
     </span>
    </p>
   </div>
   <div class='ocr_carea' id='block_1_20' title="bbox 436 2052 2028 2123">
    <p class='ocr_par' dir='ltr' id='par_1_20' title="bbox 436 2052 2028 2123">
     <span class='ocr_line' id='line_1_20' title="bbox 436 2052 2028 2123; baseline -0.001 -17"><span class='ocrx_word' id='word_1_149' title='bbox 436 2053 550 2122; x_wconf 77' lang='grc'><strong>33).</strong></span> <span class='ocrx_word' id='word_1_150' title='bbox 583 2052 728 2108; x_wconf 84' lang='lat' dir='ltr'><strong>Talis</strong></span> <span class='ocrx_word' id='word_1_151' title='bbox 767 2053 964 2123; x_wconf 88' lang='lat' dir='ltr'><strong>justus,</strong></span> <span class='ocrx_word' id='word_1_152' title='bbox 1017 2053 1251 2109; x_wconf 85' lang='lat' dir='ltr'><strong>thesauri</strong></span> <span class='ocrx_word' id='word_1_153' title='bbox 1289 2053 1457 2108; x_wconf 79' lang='lat' dir='ltr'><strong>divini</strong></span> <span class='ocrx_word' id='word_1_154' title='bbox 1507 2053 1784 2123; x_wconf 86' lang='lat' dir='ltr'><strong>obryzntn,</strong></span> <span class='ocrx_word' id='word_1_155' title='bbox 1819 2052 1908 2106; x_wconf 88' lang='lat' dir='ltr'><strong>tali</strong></span> <span class='ocrx_word' id='word_1_156' title='bbox 1939 2067 2028 2105; x_wconf 84' lang='lat' dir='ltr'><strong>ea-</strong></span> 
     </span>
    </p>
   </div>
   <div class='ocr_carea' id='block_1_21' title="bbox 435 2141 2028 2214">
    <p class='ocr_par' dir='ltr' id='par_1_21' title="bbox 435 2141 2028 2214">
     <span class='ocr_line' id='line_1_21' title="bbox 435 2141 2028 2214; baseline -0.002 -16"><span class='ocrx_word' id='word_1_157' title='bbox 435 2144 583 2198; x_wconf 85' lang='lat' dir='ltr'><strong>mino</strong></span> <span class='ocrx_word' id='word_1_158' title='bbox 611 2145 864 2214; x_wconf 87' lang='lat' dir='ltr'><strong>probatus</strong></span> <span class='ocrx_word' id='word_1_159' title='bbox 891 2145 988 2199; x_wconf 85' lang='lat' dir='ltr'><strong>ista</strong></span> <span class='ocrx_word' id='word_1_160' title='bbox 1027 2143 1193 2212; x_wconf 88' lang='lat' dir='ltr'><strong>dicit;</strong></span> <span class='ocrx_word' id='word_1_161' title='bbox 1227 2153 1281 2198; x_wconf 90' lang='lat' dir='ltr'><strong>et</strong></span> <span class='ocrx_word' id='word_1_162' title='bbox 1309 2144 1508 2199; x_wconf 83' lang='lat' dir='ltr'><strong>resistit</strong></span> <span class='ocrx_word' id='word_1_163' title='bbox 1535 2143 1662 2196; x_wconf 90' lang='lat' dir='ltr'><strong>mihi</strong></span> <span class='ocrx_word' id='word_1_164' title='bbox 1691 2144 1832 2197; x_wconf 84' lang='lat' dir='ltr'><strong>ﬁlius</strong></span> <span class='ocrx_word' id='word_1_165' title='bbox 1863 2141 2028 2212; x_wconf 80' lang='lat' dir='ltr'><strong>pesti-</strong></span> 
     </span>
    </p>
   </div>
   <div class='ocr_carea' id='block_1_22' title="bbox 437 2234 2026 2308">
    <p class='ocr_par' dir='ltr' id='par_1_22' title="bbox 437 2234 2026 2308">
     <span class='ocr_line' id='line_1_22' title="bbox 437 2234 2026 2308; baseline -0.002 -17"><span class='ocrx_word' id='word_1_166' title='bbox 437 2237 634 2301; x_wconf 67' lang='lat' dir='ltr'><strong>lentixe,</strong></span> <span class='ocrx_word' id='word_1_167' title='bbox 667 2246 722 2292; x_wconf 88' lang='lat' dir='ltr'><strong>et</strong></span> <span class='ocrx_word' id='word_1_168' title='bbox 746 2237 1014 2292; x_wconf 87' lang='lat' dir='ltr'><strong>erubescit</strong></span> <span class='ocrx_word' id='word_1_169' title='bbox 1052 2253 1187 2308; x_wconf 83' lang='lat' dir='ltr'><strong>genu</strong></span> <span class='ocrx_word' id='word_1_170' title='bbox 1221 2237 1380 2307; x_wconf 83' lang='lat' dir='ltr'><strong>figere</strong></span> <span class='ocrx_word' id='word_1_171' title='bbox 1407 2237 1505 2291; x_wconf 88' lang='lat' dir='ltr'><strong>sub</strong></span> <span class='ocrx_word' id='word_1_172' title='bbox 1535 2236 1903 2291; x_wconf 87' lang='lat' dir='ltr'><strong>benedictione</strong></span> <span class='ocrx_word' id='word_1_173' title='bbox 1936 2234 2026 2288; x_wconf 89' lang='lat' dir='ltr'><strong>Dei</strong></span> 
     </span>
    </p>
   </div>
   <div class='ocr_carea' id='block_1_23' title="bbox 437 2327 2030 2398">
    <p class='ocr_par' dir='ltr' id='par_1_23' title="bbox 437 2327 2030 2398">
     <span class='ocr_line' id='line_1_23' title="bbox 437 2327 2030 2398; baseline -0.001 -16"><span class='ocrx_word' id='word_1_174' title='bbox 437 2329 665 2398; x_wconf 80' lang='lat' dir='ltr'><strong>superba</strong></span> <span class='ocrx_word' id='word_1_175' title='bbox 695 2329 895 2394; x_wconf 77' lang='lat' dir='ltr'><strong>cervix,</strong></span> <span class='ocrx_word' id='word_1_176' title='bbox 943 2343 1095 2384; x_wconf 90' lang='lat' dir='ltr'><strong>mens</strong></span> <span class='ocrx_word' id='word_1_177' title='bbox 1127 2329 1406 2384; x_wconf 83' lang='lat' dir='ltr'><strong>tortuosa?</strong></span> <span class='ocrx_word' id='word_1_178' title='bbox 1437 2329 1720 2391; x_wconf 83' lang='lat' dir='ltr'><strong>Fortassis,</strong></span> <span class='ocrx_word' id='word_1_179' title='bbox 1755 2329 1863 2382; x_wconf 89' lang='lat' dir='ltr'><strong>imo</strong></span> <span class='ocrx_word' id='word_1_180' title='bbox 1887 2327 2030 2397; x_wconf 90' lang='lat' dir='ltr'><strong>quod</strong></span> 
     </span>
    </p>
   </div>
   <div class='ocr_carea' id='block_1_24' title="bbox 439 2419 2030 2492">
    <p class='ocr_par' dir='ltr' id='par_1_24' title="bbox 439 2419 2030 2492">
     <span class='ocr_line' id='line_1_24' title="bbox 439 2419 2030 2492; baseline 0 -18"><span class='ocrx_word' id='word_1_181' title='bbox 439 2433 550 2476; x_wconf 84' lang='lat' dir='ltr'><strong>non</strong></span> <span class='ocrx_word' id='word_1_182' title='bbox 590 2419 881 2484; x_wconf 84' lang='lat' dir='ltr'><strong>dubitatur,</strong></span> <span class='ocrx_word' id='word_1_183' title='bbox 915 2429 1195 2492; x_wconf 82' lang='lat' dir='ltr'><strong>propterea</strong></span> <span class='ocrx_word' id='word_1_184' title='bbox 1241 2421 1380 2477; x_wconf 88' lang='lat' dir='ltr'><strong>Deus</strong></span> <span class='ocrx_word' id='word_1_185' title='bbox 1406 2420 1573 2474; x_wconf 90' lang='lat' dir='ltr'><strong>voluit</strong></span> <span class='ocrx_word' id='word_1_186' title='bbox 1616 2429 1672 2474; x_wconf 93' lang='lat' dir='ltr'><strong>ut</strong></span> <span class='ocrx_word' id='word_1_187' title='bbox 1696 2419 2030 2474; x_wconf 85' lang='lat' dir='ltr'><strong>Theodosius</strong></span> 
     </span>
    </p>
   </div>
   <div class='ocr_carea' id='block_1_25' title="bbox 441 2511 2030 2584">
    <p class='ocr_par' dir='ltr' id='par_1_25' title="bbox 441 2511 2030 2584">
     <span class='ocr_line' id='line_1_25' title="bbox 441 2511 2030 2584; baseline 0 -18"><span class='ocrx_word' id='word_1_188' title='bbox 441 2513 734 2582; x_wconf 82' lang='lat' dir='ltr'><strong>imperator</strong></span> <span class='ocrx_word' id='word_1_189' title='bbox 757 2521 939 2584; x_wconf 79' lang='lat' dir='ltr'><strong>ageret</strong></span> <span class='ocrx_word' id='word_1_190' title='bbox 967 2513 1330 2583; x_wconf 68' lang='lat' dir='ltr'><strong>ptenitentiam</strong></span> <span class='ocrx_word' id='word_1_191' title='bbox 1361 2511 1626 2584; x_wconf 84' lang='lat' dir='ltr'><strong>publicam</strong></span> <span class='ocrx_word' id='word_1_192' title='bbox 1655 2513 1708 2566; x_wconf 92' lang='lat' dir='ltr'><strong>in</strong></span> <span class='ocrx_word' id='word_1_193' title='bbox 1740 2521 2030 2582; x_wconf 90' lang='lat' dir='ltr'><strong>conspectu</strong></span> 
     </span>
    </p>
   </div>
   <div class='ocr_carea' id='block_1_26' title="bbox 441 2605 2028 2677">
    <p class='ocr_par' dir='ltr' id='par_1_26' title="bbox 441 2605 2028 2677">
     <span class='ocr_line' id='line_1_26' title="bbox 441 2605 2028 2677; baseline -0.001 -18"><span class='ocrx_word' id='word_1_194' title='bbox 441 2605 642 2675; x_wconf 86' lang='lat' dir='ltr'><strong>populi,</strong></span> <span class='ocrx_word' id='word_1_195' title='bbox 669 2605 904 2660; x_wconf 77' lang='lat' dir='ltr'><strong>maxime</strong></span> <span class='ocrx_word' id='word_1_196' title='bbox 925 2607 1046 2677; x_wconf 87' lang='lat' dir='ltr'><strong>quia</strong></span> <span class='ocrx_word' id='word_1_197' title='bbox 1073 2614 1347 2677; x_wconf 86' lang='lat' dir='ltr'><strong>peccatum</strong></span> <span class='ocrx_word' id='word_1_198' title='bbox 1374 2605 1490 2675; x_wconf 89' lang='lat' dir='ltr'><strong>ejus</strong></span> <span class='ocrx_word' id='word_1_199' title='bbox 1517 2605 1676 2660; x_wconf 85' lang='lat' dir='ltr'><strong>celari</strong></span> <span class='ocrx_word' id='word_1_200' title='bbox 1705 2619 1810 2658; x_wconf 91' lang='lat' dir='ltr'><strong>non</strong></span> <span class='ocrx_word' id='word_1_201' title='bbox 1837 2605 2028 2675; x_wconf 88' lang='lat' dir='ltr'><strong>potuit;</strong></span> 
     </span>
    </p>
   </div>
   <div class='ocr_carea' id='block_1_27' title="bbox 440 2697 2031 2769">
    <p class='ocr_par' dir='ltr' id='par_1_27' title="bbox 440 2697 2031 2769">
     <span class='ocr_line' id='line_1_27' title="bbox 440 2697 2031 2769; baseline 0 -18"><span class='ocrx_word' id='word_1_202' title='bbox 440 2707 496 2751; x_wconf 88' lang='lat' dir='ltr'><strong>ct</strong></span> <span class='ocrx_word' id='word_1_203' title='bbox 539 2697 806 2753; x_wconf 82' lang='lat' dir='ltr'><strong>erubescit</strong></span> <span class='ocrx_word' id='word_1_204' title='bbox 849 2709 1087 2766; x_wconf 85' lang='lat' dir='ltr'><strong>senator,</strong></span> <span class='ocrx_word' id='word_1_205' title='bbox 1136 2699 1276 2769; x_wconf 91' lang='lat' dir='ltr'><strong>quod</strong></span> <span class='ocrx_word' id='word_1_206' title='bbox 1319 2715 1423 2754; x_wconf 88' lang='lat' dir='ltr'><strong>non</strong></span> <span class='ocrx_word' id='word_1_207' title='bbox 1463 2699 1676 2754; x_wconf 90' lang='lat' dir='ltr'><strong>erubuit</strong></span> <span class='ocrx_word' id='word_1_208' title='bbox 1704 2698 2031 2768; x_wconf 80' lang='lat' dir='ltr'><strong>imperator?</strong></span> 
     </span>
    </p>
   </div>
   <div class='ocr_carea' id='block_1_28' title="bbox 441 2787 2032 2861">
    <p class='ocr_par' dir='ltr' id='par_1_28' title="bbox 441 2787 2032 2861">
     <span class='ocr_line' id='line_1_28' title="bbox 441 2787 2032 2861; baseline 0 -17"><span class='ocrx_word' id='word_1_209' title='bbox 441 2787 741 2857; x_wconf 83' lang='lat' dir='ltr'><strong>Erubescit,</strong></span> <span class='ocrx_word' id='word_1_210' title='bbox 786 2806 884 2846; x_wconf 90' lang='lat' dir='ltr'><strong>nec</strong></span> <span class='ocrx_word' id='word_1_211' title='bbox 925 2800 1172 2857; x_wconf 86' lang='lat' dir='ltr'><strong>senator,</strong></span> <span class='ocrx_word' id='word_1_212' title='bbox 1218 2792 1312 2848; x_wconf 89' lang='lat' dir='ltr'><strong>sed</strong></span> <span class='ocrx_word' id='word_1_213' title='bbox 1357 2800 1558 2846; x_wconf 87' lang='lat' dir='ltr'><strong>tantum</strong></span> <span class='ocrx_word' id='word_1_214' title='bbox 1607 2789 1843 2856; x_wconf 88' lang='lat' dir='ltr'><strong>curialis,</strong></span> <span class='ocrx_word' id='word_1_215' title='bbox 1889 2789 2032 2861; x_wconf 91' lang='lat' dir='ltr'><strong>quod</strong></span> 
     </span>
    </p>
   </div>
   <div class='ocr_carea' id='block_1_29' title="bbox 437 2883 2032 2954">
    <p class='ocr_par' dir='ltr' id='par_1_29' title="bbox 437 2883 2032 2954">
     <span class='ocr_line' id='line_1_29' title="bbox 437 2883 2032 2954; baseline 0 -17"><span class='ocrx_word' id='word_1_216' title='bbox 437 2897 547 2937; x_wconf 82' lang='lat' dir='ltr'><strong>non</strong></span> <span class='ocrx_word' id='word_1_217' title='bbox 577 2883 786 2938; x_wconf 88' lang='lat' dir='ltr'><strong>erubuit</strong></span> <span class='ocrx_word' id='word_1_218' title='bbox 815 2885 1143 2954; x_wconf 81' lang='lat' dir='ltr'><strong>imperator?</strong></span> <span class='ocrx_word' id='word_1_219' title='bbox 1176 2885 1456 2940; x_wconf 83' lang='lat' dir='ltr'><strong>Erubescit</strong></span> <span class='ocrx_word' id='word_1_220' title='bbox 1501 2885 1742 2954; x_wconf 87' lang='lat' dir='ltr'><strong>plebeius</strong></span> <span class='ocrx_word' id='word_1_221' title='bbox 1783 2883 1895 2938; x_wconf 86' lang='lat' dir='ltr'><strong>sive</strong></span> <span class='ocrx_word' id='word_1_222' title='bbox 1939 2897 2032 2937; x_wconf 91' lang='lat' dir='ltr'><strong>ue-</strong></span> 
     </span>
    </p>
   </div>
   <div class='ocr_carea' id='block_1_30' title="bbox 440 2975 2031 3048">
    <p class='ocr_par' dir='ltr' id='par_1_30' title="bbox 440 2975 2031 3048">
     <span class='ocr_line' id='line_1_30' title="bbox 440 2975 2031 3048; baseline 0.002 -22"><span class='ocrx_word' id='word_1_223' title='bbox 440 2975 692 3044; x_wconf 86' lang='lat' dir='ltr'><strong>gotiator,</strong></span> <span class='ocrx_word' id='word_1_224' title='bbox 719 2975 859 3046; x_wconf 91' lang='lat' dir='ltr'><strong>quod</strong></span> <span class='ocrx_word' id='word_1_225' title='bbox 905 2993 1008 3032; x_wconf 91' lang='lat' dir='ltr'><strong>non</strong></span> <span class='ocrx_word' id='word_1_226' title='bbox 1039 2978 1252 3032; x_wconf 88' lang='lat' dir='ltr'><strong>erubuit</strong></span> <span class='ocrx_word' id='word_1_227' title='bbox 1292 2975 1625 3048; x_wconf 86' lang='lat' dir='ltr'><strong>imperator?</strong></span> <span class='ocrx_word' id='word_1_228' title='bbox 1655 2977 1782 3044; x_wconf 65' lang='lat' dir='ltr'><strong>Quae</strong></span> <span class='ocrx_word' id='word_1_229' title='bbox 1809 2977 1908 3032; x_wconf 79' lang='lat' dir='ltr'><strong>ista</strong></span> <span class='ocrx_word' id='word_1_230' title='bbox 1939 2990 2031 3030; x_wconf 93' lang='lat' dir='ltr'><strong>su-</strong></span> 
     </span>
    </p>
   </div>
   <div class='ocr_carea' id='block_1_31' title="bbox 445 3067 2032 3142">
    <p class='ocr_par' dir='ltr' id='par_1_31' title="bbox 445 3067 2032 3142">
     <span class='ocr_line' id='line_1_31' title="bbox 445 3067 2032 3142; baseline 0.004 -24"><span class='ocrx_word' id='word_1_231' title='bbox 445 3067 624 3137; x_wconf 83' lang='lat' dir='ltr'><strong>perbia</strong></span> <span class='ocrx_word' id='word_1_232' title='bbox 655 3069 775 3125; x_wconf 88' lang='lat' dir='ltr'><strong>est?</strong></span> <span class='ocrx_word' id='word_1_233' title='bbox 819 3070 1005 3128; x_wconf 85' lang='lat' dir='ltr'><strong>Nonne</strong></span> <span class='ocrx_word' id='word_1_234' title='bbox 1035 3071 1146 3126; x_wconf 89' lang='lat' dir='ltr'><strong>sola</strong></span> <span class='ocrx_word' id='word_1_235' title='bbox 1195 3071 1468 3127; x_wconf 78' lang='lat' dir='ltr'><strong>Sufﬁcerct</strong></span> <span class='ocrx_word' id='word_1_236' title='bbox 1495 3071 1774 3142; x_wconf 78' lang='lat' dir='ltr'><strong>gehennae,</strong></span> <span class='ocrx_word' id='word_1_237' title='bbox 1822 3069 2032 3124; x_wconf 89' lang='lat' dir='ltr'><strong>etiamsi</strong></span> 
     </span>
    </p>
   </div>
   <div class='ocr_carea' id='block_1_32' title="bbox 440 3159 1201 3218">
    <p class='ocr_par' dir='ltr' id='par_1_32' title="bbox 440 3159 1201 3218">
     <span class='ocr_line' id='line_1_32' title="bbox 440 3159 1201 3218; baseline 0.008 -6"><span class='ocrx_word' id='word_1_238' title='bbox 440 3159 760 3216; x_wconf 80' lang='lat' dir='ltr'><strong>adulterium</strong></span> <span class='ocrx_word' id='word_1_239' title='bbox 789 3163 989 3217; x_wconf 90' lang='lat' dir='ltr'><strong>nullum</strong></span> <span class='ocrx_word' id='word_1_240' title='bbox 1018 3163 1201 3218; x_wconf 84' lang='lat' dir='ltr'><strong>esset?</strong></span> 
     </span>
    </p>
   </div>
   <div class='ocr_carea' id='block_1_33' title="bbox 501 3251 2030 3327">
    <p class='ocr_par' dir='ltr' id='par_1_33' title="bbox 501 3251 2030 3327">
     <span class='ocr_line' id='line_1_33' title="bbox 501 3251 2030 3327; baseline 0.003 -21"><span class='ocrx_word' id='word_1_241' title='bbox 501 3251 742 3308; x_wconf 68' lang='lat' dir='ltr'><strong>‘CAPUT</strong></span> <span class='ocrx_word' id='word_1_242' title='bbox 780 3253 868 3308; x_wconf 83' lang='lat' dir='ltr'><strong>W.</strong></span> <span class='ocrx_word' id='word_1_243' title='bbox 891 3285 962 3294; x_wconf 90' lang='lat'><strong><em>—</em></strong></span> <span class='ocrx_word' id='word_1_244' title='bbox 981 3255 1031 3309; x_wconf 76' lang='lat' dir='ltr'><strong>tl.</strong></span> <span class='ocrx_word' id='word_1_245' title='bbox 1077 3253 1379 3310; x_wconf 64' lang='lat' dir='ltr'><strong>Christiana:</strong></span> <span class='ocrx_word' id='word_1_246' title='bbox 1405 3257 1638 3311; x_wconf 86' lang='lat' dir='ltr'><strong>mulieres</strong></span> <span class='ocrx_word' id='word_1_247' title='bbox 1664 3256 1914 3327; x_wconf 86' lang='lat' dir='ltr'><strong>quomodo</strong></span> <span class='ocrx_word' id='word_1_248' title='bbox 1943 3273 2030 3310; x_wconf 84' lang='lat' dir='ltr'><strong>ze-</strong></span> 
     </span>
    </p>
   </div>
   <div class='ocr_carea' id='block_1_34' title="bbox 434 3343 2034 3416">
    <p class='ocr_par' dir='ltr' id='par_1_34' title="bbox 434 3343 2034 3416">
     <span class='ocr_line' id='line_1_34' title="bbox 434 3343 2034 3416; baseline 0.005 -20"><span class='ocrx_word' id='word_1_249' title='bbox 434 3343 549 3398; x_wconf 83' lang='lat' dir='ltr'><strong>‘lare</strong></span> <span class='ocrx_word' id='word_1_250' title='bbox 569 3344 929 3402; x_wconf 56' lang='lat' dir='ltr'><strong>debeanﬁciros</strong></span> <span class='ocrx_word' id='word_1_251' title='bbox 958 3365 1094 3402; x_wconf 78' lang='lat' dir='ltr'><strong>suos.</strong></span> <span class='ocrx_word' id='word_1_252' title='bbox 1116 3347 1421 3414; x_wconf 79' lang='lat' dir='ltr'><strong>Postremo,</strong></span> <span class='ocrx_word' id='word_1_253' title='bbox 1453 3350 1641 3404; x_wconf 83' lang='lat' dir='ltr'><strong>fratres</strong></span> <span class='ocrx_word' id='word_1_254' title='bbox 1669 3349 1793 3416; x_wconf 90' lang='lat' dir='ltr'><strong>mei,</strong></span> <span class='ocrx_word' id='word_1_255' title='bbox 1813 3349 2034 3404; x_wconf 88' lang='lat' dir='ltr'><strong>audiunt</strong></span> 
     </span>
    </p>
   </div>
   <div class='ocr_carea' id='block_1_35' title="bbox 443 3437 2032 3512">
    <p class='ocr_par' dir='ltr' id='par_1_35' title="bbox 443 3437 2032 3512">
     <span class='ocr_line' id='line_1_35' title="bbox 443 3437 2032 3512; baseline 0.005 -24"><span class='ocrx_word' id='word_1_256' title='bbox 443 3451 530 3491; x_wconf 88' lang='lat' dir='ltr'><strong>me</strong></span> <span class='ocrx_word' id='word_1_257' title='bbox 559 3437 677 3503; x_wconf 85' lang='lat' dir='ltr'><strong>viri,</strong></span> <span class='ocrx_word' id='word_1_258' title='bbox 721 3439 941 3492; x_wconf 90' lang='lat' dir='ltr'><strong>audiunt</strong></span> <span class='ocrx_word' id='word_1_259' title='bbox 964 3455 1051 3494; x_wconf 91' lang='lat' dir='ltr'><strong>me</strong></span> <span class='ocrx_word' id='word_1_260' title='bbox 1079 3439 1311 3504; x_wconf 69' lang='lat' dir='ltr'><strong>feminte,</strong></span> <span class='ocrx_word' id='word_1_261' title='bbox 1340 3441 1464 3512; x_wconf 90' lang='lat' dir='ltr'><strong>quid</strong></span> <span class='ocrx_word' id='word_1_262' title='bbox 1493 3441 1560 3495; x_wconf 91' lang='lat' dir='ltr'><strong>ad</strong></span> <span class='ocrx_word' id='word_1_263' title='bbox 1591 3457 1677 3496; x_wconf 92' lang='lat' dir='ltr'><strong>me</strong></span> <span class='ocrx_word' id='word_1_264' title='bbox 1705 3441 2032 3496; x_wconf 85' lang='lat' dir='ltr'><strong>irascimini?</strong></span> 
     </span>
    </p>
   </div>
   <div class='ocr_carea' id='block_1_36' title="bbox 437 3525 2028 3602">
    <p class='ocr_par' dir='ltr' id='par_1_36' title="bbox 437 3525 2028 3602">
     <span class='ocr_line' id='line_1_36' title="bbox 437 3525 2028 3602; baseline 0.004 -22"><span class='ocrx_word' id='word_1_265' title='bbox 437 3525 657 3580; x_wconf 84' lang='lat' dir='ltr'><strong>Utinam</strong></span> <span class='ocrx_word' id='word_1_266' title='bbox 685 3527 892 3584; x_wconf 78' lang='lat' dir='ltr'><strong>faciatis</strong></span> <span class='ocrx_word' id='word_1_267' title='bbox 921 3530 1060 3600; x_wconf 89' lang='lat' dir='ltr'><strong>quod</strong></span> <span class='ocrx_word' id='word_1_268' title='bbox 1092 3531 1345 3602; x_wconf 88' lang='lat' dir='ltr'><strong>scriptum</strong></span> <span class='ocrx_word' id='word_1_269' title='bbox 1374 3545 1474 3596; x_wconf 91' lang='lat' dir='ltr'><strong>est,</strong></span> <span class='ocrx_word' id='word_1_270' title='bbox 1515 3531 1826 3598; x_wconf 84' lang='lat' dir='ltr'><strong>Irascimini,</strong></span> <span class='ocrx_word' id='word_1_271' title='bbox 1863 3545 1909 3587; x_wconf 86' lang='lat' dir='ltr'><strong>et</strong></span> <span class='ocrx_word' id='word_1_272' title='bbox 1941 3551 2028 3587; x_wconf 74' lang='grc' dir='ltr'><strong>ηοσ</strong></span> 
     </span>
    </p>
   </div>
   <div class='ocr_carea' id='block_1_37' title="bbox 437 3615 2032 3695">
    <p class='ocr_par' dir='ltr' id='par_1_37' title="bbox 437 3615 2032 3695">
     <span class='ocr_line' id='line_1_37' title="bbox 437 3615 2032 3695; baseline 0.008 -27"><span class='ocrx_word' id='word_1_273' title='bbox 437 3615 531 3670; x_wconf 77' lang='lat' dir='ltr'><strong>tite</strong></span> <span class='ocrx_word' id='word_1_274' title='bbox 555 3633 762 3685; x_wconf 79' lang='lat' dir='ltr'><strong>peccare</strong></span> <span class='ocrx_word' id='word_1_275' title='bbox 787 3617 956 3692; x_wconf 76' lang='lat' dir='ltr'><strong>(Psal.</strong></span> <span class='ocrx_word' id='word_1_276' title='bbox 1000 3636 1074 3688; x_wconf 74' lang='grc' dir='ltr'><strong>ιν,</strong></span> <span class='ocrx_word' id='word_1_277' title='bbox 1107 3623 1183 3691; x_wconf 84' lang='grc'><strong>5).</strong></span> <span class='ocrx_word' id='word_1_278' title='bbox 1211 3622 1422 3678; x_wconf 88' lang='lat' dir='ltr'><strong>Timere</strong></span> <span class='ocrx_word' id='word_1_279' title='bbox 1453 3621 1643 3688; x_wconf 86' lang='lat' dir='ltr'><strong>debeo,</strong></span> <span class='ocrx_word' id='word_1_280' title='bbox 1670 3639 1736 3678; x_wconf 89' lang='lat' dir='ltr'><strong>ne</strong></span> <span class='ocrx_word' id='word_1_281' title='bbox 1762 3625 2032 3695; x_wconf 82' lang='lat' dir='ltr'><strong>contingat</strong></span> 
     </span>
    </p>
   </div>
   <div class='ocr_carea' id='block_1_38' title="bbox 445 3707 2028 3784">
    <p class='ocr_par' dir='ltr' id='par_1_38' title="bbox 445 3707 2028 3784">
     <span class='ocr_line' id='line_1_38' title="bbox 445 3707 2028 3784; baseline 0.007 -23"><span class='ocrx_word' id='word_1_282' title='bbox 445 3707 574 3762; x_wconf 83' lang='lat' dir='ltr'><strong>mihi</strong></span> <span class='ocrx_word' id='word_1_283' title='bbox 619 3709 760 3780; x_wconf 89' lang='lat' dir='ltr'><strong>quod</strong></span> <span class='ocrx_word' id='word_1_284' title='bbox 803 3712 1026 3784; x_wconf 83' lang='lat' dir='ltr'><strong>contigit</strong></span> <span class='ocrx_word' id='word_1_285' title='bbox 1053 3713 1296 3784; x_wconf 86' lang='lat' dir='ltr'><strong>apostolo</strong></span> <span class='ocrx_word' id='word_1_286' title='bbox 1338 3715 1523 3780; x_wconf 84' lang='lat' dir='ltr'><strong>Paulo,</strong></span> <span class='ocrx_word' id='word_1_287' title='bbox 1555 3715 1696 3784; x_wconf 89' lang='lat' dir='ltr'><strong>quod</strong></span> <span class='ocrx_word' id='word_1_288' title='bbox 1723 3717 1882 3772; x_wconf 90' lang='lat' dir='ltr'><strong>modo</strong></span> <span class='ocrx_word' id='word_1_289' title='bbox 1909 3732 2028 3772; x_wconf 90' lang='lat' dir='ltr'><strong>cum</strong></span> 
     </span>
    </p>
   </div>
   <div class='ocr_carea' id='block_1_39' title="bbox 441 3799 2030 3878">
    <p class='ocr_par' dir='ltr' id='par_1_39' title="bbox 441 3799 2030 3878">
     <span class='ocr_line' id='line_1_39' title="bbox 441 3799 2030 3878; baseline 0.005 -25"><span class='ocrx_word' id='word_1_290' title='bbox 441 3799 727 3870; x_wconf 81' lang='lat' dir='ltr'><strong>legeretur,</strong></span> <span class='ocrx_word' id='word_1_291' title='bbox 775 3803 818 3857; x_wconf 92' lang='lat' dir='ltr'><strong>si</strong></span> <span class='ocrx_word' id='word_1_292' title='bbox 869 3803 1054 3858; x_wconf 79' lang='lat' dir='ltr'><strong>intenti</strong></span> <span class='ocrx_word' id='word_1_293' title='bbox 1102 3805 1293 3870; x_wconf 88' lang='lat' dir='ltr'><strong>fuistis,</strong></span> <span class='ocrx_word' id='word_1_294' title='bbox 1326 3806 1589 3861; x_wconf 87' lang='lat' dir='ltr'><strong>audistis:</strong></span> <span class='ocrx_word' id='word_1_295' title='bbox 1626 3807 1758 3878; x_wconf 77' lang='lat' dir='ltr'><strong>Ergo</strong></span> <span class='ocrx_word' id='word_1_296' title='bbox 1796 3807 2030 3862; x_wconf 80' lang='lat' dir='ltr'><strong>inimicus</strong></span> 
     </span>
    </p>
   </div>
   <div class='ocr_carea' id='block_1_40' title="bbox 433 3880 2032 3970">
    <p class='ocr_par' dir='ltr' id='par_1_40' title="bbox 433 3880 2032 3970">
     <span class='ocr_line' id='line_1_40' title="bbox 433 3880 2032 3970; baseline 0.007 -27"><span class='ocrx_word' id='word_1_297' title='bbox 433 3891 605 3958; x_wconf 69' lang='lat' dir='ltr'><strong>factus</strong></span> <span class='ocrx_word' id='word_1_298' title='bbox 629 3908 740 3945; x_wconf 80' lang='lat' dir='ltr'><strong>sum</strong></span> <span class='ocrx_word' id='word_1_299' title='bbox 760 3891 895 3948; x_wconf 83' lang='lat' dir='ltr'><strong>vobis</strong></span> <span class='ocrx_word' id='word_1_300' title='bbox 923 3909 1088 3948; x_wconf 79' lang='lat' dir='ltr'><strong>uerunt</strong></span> <span class='ocrx_word' id='word_1_301' title='bbox 1117 3897 1401 3965; x_wconf 73' lang='lat' dir='ltr'><strong>praedicans</strong></span> <span class='ocrx_word' id='word_1_302' title='bbox 1437 3880 1634 3966; x_wconf 81' lang='lat' dir='ltr'><strong>(Galat.</strong></span> <span class='ocrx_word' id='word_1_303' title='bbox 1679 3913 1752 3965; x_wconf 85' lang='lat' dir='ltr'><strong>tv,</strong></span> <span class='ocrx_word' id='word_1_304' title='bbox 1798 3899 1922 3970; x_wconf 75' lang='lat' dir='ltr'><strong>lli)?</strong></span> <span class='ocrx_word' id='word_1_305' title='bbox 1967 3901 2032 3954; x_wconf 85' lang='lat' dir='ltr'><strong>Et</strong></span> 
     </span>
    </p>
   </div>
   <div class='ocr_carea' id='block_1_41' title="bbox 440 3981 2024 4054">
    <p class='ocr_par' dir='ltr' id='par_1_41' title="bbox 440 3981 2024 4054">
     <span class='ocr_line' id='line_1_41' title="bbox 440 3981 2024 4054; baseline 0.006 -20"><span class='ocrx_word' id='word_1_306' title='bbox 440 3982 486 4035; x_wconf 89' lang='lat' dir='ltr'><strong>si</strong></span> <span class='ocrx_word' id='word_1_307' title='bbox 514 3981 583 4035; x_wconf 90' lang='lat' dir='ltr'><strong>ita</strong></span> <span class='ocrx_word' id='word_1_308' title='bbox 609 3989 712 4047; x_wconf 88' lang='lat' dir='ltr'><strong>est,</strong></span> <span class='ocrx_word' id='word_1_309' title='bbox 759 3985 866 4038; x_wconf 83' lang='lat' dir='ltr'><strong>fiat.</strong></span> <span class='ocrx_word' id='word_1_310' title='bbox 895 3983 952 4040; x_wconf 85' lang='lat' dir='ltr'><strong>Si</strong></span> <span class='ocrx_word' id='word_1_311' title='bbox 981 4001 1201 4042; x_wconf 83' lang='lat' dir='ltr'><strong>necesse</strong></span> <span class='ocrx_word' id='word_1_312' title='bbox 1229 3995 1312 4041; x_wconf 89' lang='lat' dir='ltr'><strong>est</strong></span> <span class='ocrx_word' id='word_1_313' title='bbox 1341 3995 1399 4040; x_wconf 92' lang='lat' dir='ltr'><strong>ut</strong></span> <span class='ocrx_word' id='word_1_314' title='bbox 1425 3987 1669 4041; x_wconf 91' lang='lat' dir='ltr'><strong>inimicus</strong></span> <span class='ocrx_word' id='word_1_315' title='bbox 1705 3988 1804 4042; x_wconf 90' lang='lat' dir='ltr'><strong>sim</strong></span> <span class='ocrx_word' id='word_1_316' title='bbox 1839 3989 1985 4044; x_wconf 87' lang='lat' dir='ltr'><strong>vobis</strong></span> <span class='ocrx_word' id='word_1_317' title='bbox 2009 4031 2024 4054; x_wconf 92' lang='lat'><strong>,</strong></span> 
     </span>
    </p>
   </div>
   <div class='ocr_carea' id='block_1_42' title="bbox 433 4075 2028 4149">
    <p class='ocr_par' dir='ltr' id='par_1_42' title="bbox 433 4075 2028 4149">
     <span class='ocr_line' id='line_1_42' title="bbox 433 4075 2028 4149; baseline 0.004 -19"><span class='ocrx_word' id='word_1_318' title='bbox 433 4075 631 4130; x_wconf 81' lang='lat' dir='ltr'><strong>melius</strong></span> <span class='ocrx_word' id='word_1_319' title='bbox 653 4077 803 4130; x_wconf 85' lang='lat' dir='ltr'><strong>vobis</strong></span> <span class='ocrx_word' id='word_1_320' title='bbox 828 4085 953 4147; x_wconf 91' lang='lat' dir='ltr'><strong>opto</strong></span> <span class='ocrx_word' id='word_1_321' title='bbox 980 4091 1122 4144; x_wconf 54' lang='lat' dir='ltr'><strong>esse,</strong></span> <span class='ocrx_word' id='word_1_322' title='bbox 1143 4093 1301 4149; x_wconf 90' lang='lat' dir='ltr'><strong>quam</strong></span> <span class='ocrx_word' id='word_1_323' title='bbox 1319 4078 1559 4148; x_wconf 69' lang='lat' dir='ltr'><strong>justitiaz.</strong></span> <span class='ocrx_word' id='word_1_324' title='bbox 1585 4077 1914 4135; x_wconf 79' lang='lat' dir='ltr'><strong>Commendo</strong></span> <span class='ocrx_word' id='word_1_325' title='bbox 1939 4097 2028 4136; x_wconf 88' lang='lat' dir='ltr'><strong>vos</strong></span> 
     </span>
    </p>
   </div>
   <div class='ocr_carea' id='block_1_43' title="bbox 352 4165 2026 4234">
    <p class='ocr_par' dir='ltr' id='par_1_43' title="bbox 352 4165 2026 4234">
     <span class='ocr_line' id='line_1_43' title="bbox 352 4165 2026 4234; baseline 0.002 -13"><span class='ocrx_word' id='word_1_326' title='bbox 352 4227 356 4232; x_wconf 92' lang='lat'><strong>_</strong></span> <span class='ocrx_word' id='word_1_327' title='bbox 439 4165 818 4223; x_wconf 89' lang='lat' dir='ltr'><strong>custodiendos</strong></span> <span class='ocrx_word' id='word_1_328' title='bbox 840 4169 999 4223; x_wconf 89' lang='lat' dir='ltr'><strong>etiam</strong></span> <span class='ocrx_word' id='word_1_329' title='bbox 1026 4170 1283 4226; x_wconf 74' lang='lat' dir='ltr'><strong>uxoribus</strong></span> <span class='ocrx_word' id='word_1_330' title='bbox 1309 4169 1522 4225; x_wconf 87' lang='lat' dir='ltr'><strong>vestris.</strong></span> <span class='ocrx_word' id='word_1_331' title='bbox 1557 4169 1702 4225; x_wconf 68' lang='lat' dir='ltr'><strong>Filia:</strong></span> <span class='ocrx_word' id='word_1_332' title='bbox 1728 4187 1860 4226; x_wconf 74' lang='lat' dir='ltr'><strong>mea:</strong></span> <span class='ocrx_word' id='word_1_333' title='bbox 1881 4181 2026 4234; x_wconf 91' lang='lat' dir='ltr'><strong>sunt,</strong></span> 
     </span>
    </p>
   </div>
   <div class='ocr_carea' id='block_1_44' title="bbox 429 4259 2030 4329">
    <p class='ocr_par' dir='ltr' id='par_1_44' title="bbox 429 4259 2030 4329">
     <span class='ocr_line' id='line_1_44' title="bbox 429 4259 2030 4329; baseline 0.005 -17"><span class='ocrx_word' id='word_1_334' title='bbox 429 4259 579 4314; x_wconf 82' lang='lat' dir='ltr'><strong>sicut</strong></span> <span class='ocrx_word' id='word_1_335' title='bbox 603 4269 656 4314; x_wconf 88' lang='lat' dir='ltr'><strong>et</strong></span> <span class='ocrx_word' id='word_1_336' title='bbox 683 4273 782 4315; x_wconf 87' lang='lat' dir='ltr'><strong>vos</strong></span> <span class='ocrx_word' id='word_1_337' title='bbox 812 4259 901 4314; x_wconf 86' lang='lat' dir='ltr'><strong>lilii</strong></span> <span class='ocrx_word' id='word_1_338' title='bbox 933 4261 1036 4315; x_wconf 86' lang='lat' dir='ltr'><strong>mei</strong></span> <span class='ocrx_word' id='word_1_339' title='bbox 1065 4263 1214 4317; x_wconf 89' lang='lat' dir='ltr'><strong>estis.</strong></span> <span class='ocrx_word' id='word_1_340' title='bbox 1259 4261 1494 4329; x_wconf 82' lang='lat' dir='ltr'><strong>Audiant</strong></span> <span class='ocrx_word' id='word_1_341' title='bbox 1519 4277 1604 4318; x_wconf 91' lang='lat' dir='ltr'><strong>me</strong></span> <span class='ocrx_word' id='word_1_342' title='bbox 1633 4281 1648 4318; x_wconf 92' lang='lat'>:</span> <span class='ocrx_word' id='word_1_343' title='bbox 1675 4264 1848 4318; x_wconf 85' lang='lat' dir='ltr'><strong>zelent</strong></span> <span class='ocrx_word' id='word_1_344' title='bbox 1885 4265 2030 4320; x_wconf 88' lang='lat' dir='ltr'><strong>viros</strong></span> 
     </span>
    </p>
   </div>
   <div class='ocr_carea' id='block_1_45' title="bbox 439 4351 2026 4425">
    <p class='ocr_par' dir='ltr' id='par_1_45' title="bbox 439 4351 2026 4425">
     <span class='ocr_line' id='line_1_45' title="bbox 439 4351 2026 4425; baseline 0.003 -19"><span class='ocrx_word' id='word_1_345' title='bbox 439 4367 602 4417; x_wconf 87' lang='lat' dir='ltr'><strong>suos;</strong></span> <span class='ocrx_word' id='word_1_346' title='bbox 644 4367 748 4406; x_wconf 91' lang='lat' dir='ltr'><strong>non</strong></span> <span class='ocrx_word' id='word_1_347' title='bbox 778 4351 879 4407; x_wconf 84' lang='lat' dir='ltr'><strong>sibi</strong></span> <span class='ocrx_word' id='word_1_348' title='bbox 919 4363 1135 4408; x_wconf 86' lang='lat' dir='ltr'><strong>servent</strong></span> <span class='ocrx_word' id='word_1_349' title='bbox 1163 4369 1349 4408; x_wconf 83' lang='lat' dir='ltr'><strong>vanam</strong></span> <span class='ocrx_word' id='word_1_350' title='bbox 1375 4355 1620 4424; x_wconf 79' lang='lat' dir='ltr'><strong>gloriam,</strong></span> <span class='ocrx_word' id='word_1_351' title='bbox 1665 4371 1768 4425; x_wconf 88' lang='lat' dir='ltr'><strong>qua</strong></span> <span class='ocrx_word' id='word_1_352' title='bbox 1796 4356 1970 4410; x_wconf 89' lang='lat' dir='ltr'><strong>solent</strong></span> <span class='ocrx_word' id='word_1_353' title='bbox 1998 4373 2026 4411; x_wconf 90' lang='lat' dir='ltr'><strong>a</strong></span> 
     </span>
    </p>
   </div>
   <div class='ocr_carea' id='block_1_46' title="bbox 441 4445 2026 4518">
    <p class='ocr_par' dir='ltr' id='par_1_46' title="bbox 441 4445 2026 4518">
     <span class='ocr_line' id='line_1_46' title="bbox 441 4445 2026 4518; baseline 0.004 -20"><span class='ocrx_word' id='word_1_354' title='bbox 441 4445 648 4498; x_wconf 89' lang='lat' dir='ltr'><strong>maritis</strong></span> <span class='ocrx_word' id='word_1_355' title='bbox 669 4445 949 4518; x_wconf 87' lang='lat' dir='ltr'><strong>impudicis</strong></span> <span class='ocrx_word' id='word_1_356' title='bbox 973 4456 1232 4500; x_wconf 77' lang='lat' dir='ltr'><strong>matrona:</strong></span> <span class='ocrx_word' id='word_1_357' title='bbox 1257 4447 1480 4514; x_wconf 87' lang='lat' dir='ltr'><strong>laudari,</strong></span> <span class='ocrx_word' id='word_1_358' title='bbox 1504 4447 1626 4518; x_wconf 88' lang='lat' dir='ltr'><strong>quia</strong></span> <span class='ocrx_word' id='word_1_359' title='bbox 1652 4448 2026 4518; x_wconf 88' lang='lat' dir='ltr'><strong>impudicitiam</strong></span> 
     </span>
    </p>
   </div>
   <div class='ocr_carea' id='block_1_47' title="bbox 439 4535 2028 4610">
    <p class='ocr_par' dir='ltr' id='par_1_47' title="bbox 439 4535 2028 4610">
     <span class='ocr_line' id='line_1_47' title="bbox 439 4535 2028 4610; baseline 0.006 -24"><span class='ocrx_word' id='word_1_360' title='bbox 439 4535 677 4591; x_wconf 86' lang='lat' dir='ltr'><strong>virorum</strong></span> <span class='ocrx_word' id='word_1_361' title='bbox 708 4552 924 4592; x_wconf 91' lang='lat' dir='ltr'><strong>suorum</strong></span> <span class='ocrx_word' id='word_1_362' title='bbox 955 4553 1109 4608; x_wconf 70' lang='lat' dir='ltr'><strong>tequo</strong></span> <span class='ocrx_word' id='word_1_363' title='bbox 1135 4538 1314 4593; x_wconf 87' lang='lat' dir='ltr'><strong>animo</strong></span> <span class='ocrx_word' id='word_1_364' title='bbox 1355 4537 1551 4594; x_wconf 73' lang='lat' dir='ltr'><strong>ierunt.</strong></span> <span class='ocrx_word' id='word_1_365' title='bbox 1585 4538 1717 4592; x_wconf 92' lang='lat' dir='ltr'><strong>Nolo</strong></span> <span class='ocrx_word' id='word_1_366' title='bbox 1749 4539 1902 4593; x_wconf 89' lang='lat' dir='ltr'><strong>talem</strong></span> <span class='ocrx_word' id='word_1_367' title='bbox 1929 4555 2028 4610; x_wconf 89' lang='lat' dir='ltr'><strong>pa—</strong></span> 
     </span>
    </p>
   </div>
   <div class='ocr_carea' id='block_1_48' title="bbox 435 4627 2028 4700">
    <p class='ocr_par' dir='ltr' id='par_1_48' title="bbox 435 4627 2028 4700">
     <span class='ocr_line' id='line_1_48' title="bbox 435 4627 2028 4700; baseline 0.004 -20"><span class='ocrx_word' id='word_1_368' title='bbox 435 4627 678 4700; x_wconf 82' lang='lat' dir='ltr'><strong>tientiam</strong></span> <span class='ocrx_word' id='word_1_369' title='bbox 705 4628 934 4684; x_wconf 89' lang='lat' dir='ltr'><strong>habeant</strong></span> <span class='ocrx_word' id='word_1_370' title='bbox 953 4627 1261 4684; x_wconf 54' lang='lat' dir='ltr'><strong>christiana;</strong></span> <span class='ocrx_word' id='word_1_371' title='bbox 1287 4631 1538 4685; x_wconf 89' lang='lat' dir='ltr'><strong>mulieres</strong></span> <span class='ocrx_word' id='word_1_372' title='bbox 1568 4647 1580 4683; x_wconf 96' lang='lat'><strong>:</strong></span> <span class='ocrx_word' id='word_1_373' title='bbox 1613 4647 1830 4700; x_wconf 88' lang='lat' dir='ltr'><strong>prorsus</strong></span> <span class='ocrx_word' id='word_1_374' title='bbox 1857 4632 2028 4687; x_wconf 90' lang='lat' dir='ltr'><strong>zelent</strong></span> 
     </span>
    </p>
   </div>
   <div class='ocr_carea' id='block_1_49' title="bbox 439 4718 2027 4794">
    <p class='ocr_par' dir='ltr' id='par_1_49' title="bbox 439 4718 2027 4794">
     <span class='ocr_line' id='line_1_49' title="bbox 439 4718 2027 4794; baseline 0.004 -24"><span class='ocrx_word' id='word_1_375' title='bbox 439 4718 586 4773; x_wconf 88' lang='lat' dir='ltr'><strong>viros</strong></span> <span class='ocrx_word' id='word_1_376' title='bbox 624 4733 788 4786; x_wconf 89' lang='lat' dir='ltr'><strong>suos;</strong></span> <span class='ocrx_word' id='word_1_377' title='bbox 821 4734 925 4774; x_wconf 91' lang='lat' dir='ltr'><strong>non</strong></span> <span class='ocrx_word' id='word_1_378' title='bbox 957 4730 1175 4790; x_wconf 80' lang='lat' dir='ltr'><strong>pt-Opter</strong></span> <span class='ocrx_word' id='word_1_379' title='bbox 1216 4735 1432 4777; x_wconf 87' lang='lat' dir='ltr'><strong>carnem</strong></span> <span class='ocrx_word' id='word_1_380' title='bbox 1462 4737 1636 4789; x_wconf 87' lang='lat' dir='ltr'><strong>suam,</strong></span> <span class='ocrx_word' id='word_1_381' title='bbox 1677 4721 1770 4777; x_wconf 87' lang='lat' dir='ltr'><strong>sed</strong></span> <span class='ocrx_word' id='word_1_382' title='bbox 1810 4734 2027 4794; x_wconf 77' lang='lat' dir='ltr'><strong>piOptcr</strong></span> 
     </span>
    </p>
   </div>
   <div class='ocr_carea' id='block_1_50' title="bbox 440 4807 2024 4885">
    <p class='ocr_par' dir='ltr' id='par_1_50' title="bbox 440 4807 2024 4885">
     <span class='ocr_line' id='line_1_50' title="bbox 440 4807 2024 4885; baseline 0.004 -21"><span class='ocrx_word' id='word_1_383' title='bbox 440 4808 646 4864; x_wconf 71' lang='lat' dir='ltr'><strong>animus</strong></span> <span class='ocrx_word' id='word_1_384' title='bbox 688 4807 924 4863; x_wconf 86' lang='lat' dir='ltr'><strong>illorum.</strong></span> <span class='ocrx_word' id='word_1_385' title='bbox 954 4809 1184 4865; x_wconf 88' lang='lat' dir='ltr'><strong>Omnino</strong></span> <span class='ocrx_word' id='word_1_386' title='bbox 1223 4827 1321 4880; x_wconf 89' lang='lat' dir='ltr'><strong>ego</strong></span> <span class='ocrx_word' id='word_1_387' title='bbox 1353 4827 1564 4879; x_wconf 89' lang='lat' dir='ltr'><strong>moneo,</strong></span> <span class='ocrx_word' id='word_1_388' title='bbox 1593 4827 1692 4883; x_wconf 86' lang='lat' dir='ltr'><strong>ego</strong></span> <span class='ocrx_word' id='word_1_389' title='bbox 1733 4815 1984 4885; x_wconf 66' lang='lat' dir='ltr'><strong>praecipio</strong></span> <span class='ocrx_word' id='word_1_390' title='bbox 2007 4858 2024 4882; x_wconf 94' lang='lat'><strong>,</strong></span> 
     </span>
    </p>
   </div>
   <div class='ocr_carea' id='block_1_51' title="bbox 437 4901 2022 4976">
    <p class='ocr_par' dir='ltr' id='par_1_51' title="bbox 437 4901 2022 4976">
     <span class='ocr_line' id='line_1_51' title="bbox 437 4901 2022 4976; baseline 0.004 -21"><span class='ocrx_word' id='word_1_391' title='bbox 437 4915 540 4971; x_wconf 82' lang='lat' dir='ltr'><strong>ego</strong></span> <span class='ocrx_word' id='word_1_392' title='bbox 568 4901 732 4972; x_wconf 89' lang='lat' dir='ltr'><strong>jubeo</strong></span> <span class='ocrx_word' id='word_1_393' title='bbox 760 4919 773 4957; x_wconf 89' lang='lat'><strong>:</strong></span> <span class='ocrx_word' id='word_1_394' title='bbox 805 4901 1088 4974; x_wconf 87' lang='lat' dir='ltr'><strong>episcopus</strong></span> <span class='ocrx_word' id='word_1_395' title='bbox 1126 4903 1296 4973; x_wconf 88' lang='lat' dir='ltr'><strong>jubet,</strong></span> <span class='ocrx_word' id='word_1_396' title='bbox 1343 4903 1588 4960; x_wconf 88' lang='lat' dir='ltr'><strong>Christus</strong></span> <span class='ocrx_word' id='word_1_397' title='bbox 1635 4905 1690 4960; x_wconf 91' lang='lat' dir='ltr'><strong>in</strong></span> <span class='ocrx_word' id='word_1_398' title='bbox 1729 4921 1817 4962; x_wconf 91' lang='lat' dir='ltr'><strong>me</strong></span> <span class='ocrx_word' id='word_1_399' title='bbox 1853 4907 2022 4976; x_wconf 80' lang='lat' dir='ltr'><strong>jubet.</strong></span> 
     </span>
    </p>
   </div>
   <div class='ocr_carea' id='block_1_52' title="bbox 438 4993 2020 5070">
    <p class='ocr_par' dir='ltr' id='par_1_52' title="bbox 438 4993 2020 5070">
     <span class='ocr_line' id='line_1_52' title="bbox 438 4993 2020 5070; baseline 0.005 -23"><span class='ocrx_word' id='word_1_400' title='bbox 438 4993 594 5048; x_wconf 83' lang='lat' dir='ltr'><strong>Novit</strong></span> <span class='ocrx_word' id='word_1_401' title='bbox 617 4993 707 5050; x_wconf 90' lang='lat' dir='ltr'><strong>ille</strong></span> <span class='ocrx_word' id='word_1_402' title='bbox 733 4994 784 5049; x_wconf 92' lang='lat' dir='ltr'><strong>in</strong></span> <span class='ocrx_word' id='word_1_403' title='bbox 810 4995 960 5066; x_wconf 89' lang='lat' dir='ltr'><strong>cujus</strong></span> <span class='ocrx_word' id='word_1_404' title='bbox 997 5005 1284 5066; x_wconf 89' lang='lat' dir='ltr'><strong>conspectu</strong></span> <span class='ocrx_word' id='word_1_405' title='bbox 1322 4998 1474 5052; x_wconf 89' lang='lat' dir='ltr'><strong>ardet</strong></span> <span class='ocrx_word' id='word_1_406' title='bbox 1503 5012 1596 5052; x_wconf 92' lang='lat' dir='ltr'><strong>cor</strong></span> <span class='ocrx_word' id='word_1_407' title='bbox 1618 5013 1818 5054; x_wconf 92' lang='lat' dir='ltr'><strong>meum.</strong></span> <span class='ocrx_word' id='word_1_408' title='bbox 1868 4999 1982 5070; x_wconf 88' lang='lat' dir='ltr'><strong>Ego</strong></span> <span class='ocrx_word' id='word_1_409' title='bbox 2005 5045 2020 5068; x_wconf 94' lang='lat'><strong>,</strong></span> 
     </span>
    </p>
   </div>
   <div class='ocr_carea' id='block_1_53' title="bbox 437 5085 2024 5161">
    <p class='ocr_par' dir='ltr' id='par_1_53' title="bbox 437 5085 2024 5161">
     <span class='ocr_line' id='line_1_53' title="bbox 437 5085 2024 5161; baseline 0.006 -21"><span class='ocrx_word' id='word_1_410' title='bbox 437 5085 674 5158; x_wconf 81' lang='lat' dir='ltr'><strong>inquam,</strong></span> <span class='ocrx_word' id='word_1_411' title='bbox 702 5087 885 5156; x_wconf 88' lang='lat' dir='ltr'><strong>jubeo.</strong></span> <span class='ocrx_word' id='word_1_412' title='bbox 917 5087 1089 5144; x_wconf 88' lang='lat' dir='ltr'><strong>Nolite</strong></span> <span class='ocrx_word' id='word_1_413' title='bbox 1115 5089 1257 5145; x_wconf 91' lang='lat' dir='ltr'><strong>viros</strong></span> <span class='ocrx_word' id='word_1_414' title='bbox 1281 5103 1488 5146; x_wconf 87' lang='lat' dir='ltr'><strong>vestros</strong></span> <span class='ocrx_word' id='word_1_415' title='bbox 1517 5092 1824 5161; x_wconf 86' lang='lat' dir='ltr'><strong>permittere</strong></span> <span class='ocrx_word' id='word_1_416' title='bbox 1855 5092 2024 5149; x_wconf 88' lang='lat' dir='ltr'><strong>forni-</strong></span> 
     </span>
    </p>
   </div>
   <div class='ocr_carea' id='block_1_54' title="bbox 433 5177 2018 5252">
    <p class='ocr_par' dir='ltr' id='par_1_54' title="bbox 433 5177 2018 5252">
     <span class='ocr_line' id='line_1_54' title="bbox 433 5177 2018 5252; baseline 0.003 -17"><span class='ocrx_word' id='word_1_417' title='bbox 433 5179 568 5235; x_wconf 84' lang='lat' dir='ltr'><strong>cari.</strong></span> <span class='ocrx_word' id='word_1_418' title='bbox 607 5177 946 5248; x_wconf 86' lang='lat' dir='ltr'><strong>lnterpellate</strong></span> <span class='ocrx_word' id='word_1_419' title='bbox 975 5189 1158 5236; x_wconf 83' lang='lat' dir='ltr'><strong>contra</strong></span> <span class='ocrx_word' id='word_1_420' title='bbox 1199 5181 1318 5236; x_wconf 89' lang='lat' dir='ltr'><strong>illos</strong></span> <span class='ocrx_word' id='word_1_421' title='bbox 1359 5182 1674 5238; x_wconf 86' lang='lat' dir='ltr'><strong>Ecclesiam.</strong></span> <span class='ocrx_word' id='word_1_422' title='bbox 1721 5184 1834 5239; x_wconf 90' lang='lat' dir='ltr'><strong>Non</strong></span> <span class='ocrx_word' id='word_1_423' title='bbox 1863 5185 2018 5252; x_wconf 91' lang='lat' dir='ltr'><strong>dico,</strong></span> 
     </span>
    </p>
   </div>
   <div class='ocr_carea' id='block_1_55' title="bbox 425 5267 2020 5344">
    <p class='ocr_par' dir='ltr' id='par_1_55' title="bbox 425 5267 2020 5344">
     <span class='ocr_line' id='line_1_55' title="bbox 425 5267 2020 5344; baseline 0.006 -23"><span class='ocrx_word' id='word_1_424' title='bbox 425 5267 636 5336; x_wconf 66' lang='lat' dir='ltr'><strong>iudices</strong></span> <span class='ocrx_word' id='word_1_425' title='bbox 661 5267 921 5338; x_wconf 83' lang='lat' dir='ltr'><strong>publicos,</strong></span> <span class='ocrx_word' id='word_1_426' title='bbox 939 5285 1046 5326; x_wconf 89' lang='lat' dir='ltr'><strong>non</strong></span> <span class='ocrx_word' id='word_1_427' title='bbox 1071 5271 1462 5342; x_wconf 91' lang='lat' dir='ltr'><strong>proconsulem,</strong></span> <span class='ocrx_word' id='word_1_428' title='bbox 1481 5289 1587 5327; x_wconf 92' lang='lat' dir='ltr'><strong>non</strong></span> <span class='ocrx_word' id='word_1_429' title='bbox 1609 5273 1890 5344; x_wconf 88' lang='lat' dir='ltr'><strong>vicarium,</strong></span> <span class='ocrx_word' id='word_1_430' title='bbox 1917 5291 2020 5330; x_wconf 91' lang='lat' dir='ltr'><strong>non</strong></span> 
     </span>
    </p>
   </div>
   <div class='ocr_carea' id='block_1_56' title="bbox 1685 289 2488 352">
    <p class='ocr_par' dir='ltr' id='par_1_56' title="bbox 1685 289 2488 352">
     <span class='ocr_line' id='line_1_56' title="bbox 1685 289 2488 352; baseline 0.002 -2"><span class='ocrx_word' id='word_1_431' title='bbox 1685 293 1738 350; x_wconf 91' lang='lat' dir='ltr'><strong>S.</strong></span> <span class='ocrx_word' id='word_1_432' title='bbox 1783 289 2152 350; x_wconf 81' lang='lat' dir='ltr'><strong>AUGUSTINI</strong></span> <span class='ocrx_word' id='word_1_433' title='bbox 2191 289 2488 352; x_wconf 83' lang='lat' dir='ltr'><strong>EPISCOPI</strong></span> 
     </span>
    </p>
   </div>
   <div class='ocr_carea' id='block_1_57' title="bbox 3584 306 3720 363">
    <p class='ocr_par' dir='ltr' id='par_1_57' title="bbox 3584 306 3720 363">
     <span class='ocr_line' id='line_1_57' title="bbox 3584 306 3720 363; baseline 0 -1"><span class='ocrx_word' id='word_1_434' title='bbox 3584 306 3720 363; x_wconf 68' lang='grc'><strong>1⁸112</strong></span> 
     </span>
    </p>
   </div>
   <div class='ocr_carea' id='block_1_58' title="bbox 2132 407 3718 490">
    <p class='ocr_par' dir='ltr' id='par_1_58' title="bbox 2132 407 3718 490">
     <span class='ocr_line' id='line_1_58' title="bbox 2132 407 3718 490; baseline 0.011 -32"><span class='ocrx_word' id='word_1_435' title='bbox 2132 407 2274 460; x_wconf 88' lang='lat' dir='ltr'><strong>nulla</strong></span> <span class='ocrx_word' id='word_1_436' title='bbox 2306 409 2573 478; x_wconf 88' lang='lat' dir='ltr'><strong>superbia,</strong></span> <span class='ocrx_word' id='word_1_437' title='bbox 2619 427 2722 466; x_wconf 91' lang='lat' dir='ltr'><strong>non</strong></span> <span class='ocrx_word' id='word_1_438' title='bbox 2754 415 3141 472; x_wconf 87' lang='lat' dir='ltr'><strong>contumeliosa</strong></span> <span class='ocrx_word' id='word_1_439' title='bbox 3170 417 3369 484; x_wconf 71' lang='lat' dir='ltr'><strong>cervix,</strong></span> <span class='ocrx_word' id='word_1_440' title='bbox 3409 433 3518 473; x_wconf 91' lang='lat' dir='ltr'><strong>non</strong></span> <span class='ocrx_word' id='word_1_441' title='bbox 3541 421 3718 490; x_wconf 87' lang='lat' dir='ltr'><strong>aliqua</strong></span> 
     </span>
    </p>
   </div>
   <div class='ocr_carea' id='block_1_59' title="bbox 2134 496 3718 577">
    <p class='ocr_par' dir='ltr' id='par_1_59' title="bbox 2134 496 3718 577">
     <span class='ocr_line' id='line_1_59' title="bbox 2134 496 3718 577; baseline 0.012 -28"><span class='ocrx_word' id='word_1_442' title='bbox 2134 496 2490 554; x_wconf 86' lang='lat' dir='ltr'><strong>inobedientia</strong></span> <span class='ocrx_word' id='word_1_443' title='bbox 2518 519 2530 555; x_wconf 88' lang='lat'>:</span> <span class='ocrx_word' id='word_1_444' title='bbox 2562 519 2780 572; x_wconf 81' lang='lat' dir='ltr'><strong>prorsus</strong></span> <span class='ocrx_word' id='word_1_445' title='bbox 2827 517 3074 577; x_wconf 89' lang='lat' dir='ltr'><strong>tanquam</strong></span> <span class='ocrx_word' id='word_1_446' title='bbox 3115 509 3320 565; x_wconf 79' lang='lat' dir='ltr'><strong>ancilla:</strong></span> <span class='ocrx_word' id='word_1_447' title='bbox 3363 511 3580 566; x_wconf 87' lang='lat' dir='ltr'><strong>scrvite.</strong></span> <span class='ocrx_word' id='word_1_448' title='bbox 3611 510 3718 568; x_wconf 78' lang='lat' dir='ltr'><strong>Sed</strong></span> 
     </span>
    </p>
   </div>
   <div class='ocr_carea' id='block_1_60' title="bbox 2135 587 3722 669">
    <p class='ocr_par' dir='ltr' id='par_1_60' title="bbox 2135 587 3722 669">
     <span class='ocr_line' id='line_1_60' title="bbox 2135 587 3722 669; baseline 0.011 -28"><span class='ocrx_word' id='word_1_449' title='bbox 2135 587 2222 642; x_wconf 90' lang='lat' dir='ltr'><strong>ubi</strong></span> <span class='ocrx_word' id='word_1_450' title='bbox 2252 598 2468 644; x_wconf 88' lang='lat' dir='ltr'><strong>ventum</strong></span> <span class='ocrx_word' id='word_1_451' title='bbox 2502 591 2660 647; x_wconf 82' lang='lat' dir='ltr'><strong>fuerit</strong></span> <span class='ocrx_word' id='word_1_452' title='bbox 2708 595 2772 664; x_wconf 84' lang='lat' dir='ltr'><strong>ad</strong></span> <span class='ocrx_word' id='word_1_453' title='bbox 2805 596 2928 652; x_wconf 91' lang='lat' dir='ltr'><strong>illud</strong></span> <span class='ocrx_word' id='word_1_454' title='bbox 2969 600 3256 669; x_wconf 85' lang='lat' dir='ltr'><strong>negotium,</strong></span> <span class='ocrx_word' id='word_1_455' title='bbox 3299 601 3385 654; x_wconf 91' lang='lat' dir='ltr'><strong>ubi</strong></span> <span class='ocrx_word' id='word_1_456' title='bbox 3412 617 3506 656; x_wconf 85' lang='lat' dir='ltr'><strong>vos</strong></span> <span class='ocrx_word' id='word_1_457' title='bbox 3531 603 3722 659; x_wconf 86' lang='lat' dir='ltr'><strong>beatus</strong></span> 
     </span>
    </p>
   </div>
   <div class='ocr_carea' id='block_1_61' title="bbox 2133 681 3717 768">
    <p class='ocr_par' dir='ltr' id='par_1_61' title="bbox 2133 681 3717 768">
     <span class='ocr_line' id='line_1_61' title="bbox 2133 681 3717 768; baseline 0.01 -35"><span class='ocrx_word' id='word_1_458' title='bbox 2133 681 2421 749; x_wconf 86' lang='lat' dir='ltr'><strong>Apostolus</strong></span> <span class='ocrx_word' id='word_1_459' title='bbox 2447 687 2692 753; x_wconf 79' lang='lat' dir='ltr'><strong>:cquavit,</strong></span> <span class='ocrx_word' id='word_1_460' title='bbox 2725 687 2925 754; x_wconf 83' lang='lat' dir='ltr'><strong>dicens,</strong></span> <span class='ocrx_word' id='word_1_461' title='bbox 2958 689 3120 744; x_wconf 66' lang='lat' dir='ltr'><strong>Uxori</strong></span> <span class='ocrx_word' id='word_1_462' title='bbox 3153 693 3226 744; x_wconf 79' lang='lat' dir='ltr'><strong>uir</strong></span> <span class='ocrx_word' id='word_1_463' title='bbox 3254 693 3472 747; x_wconf 81' lang='lat' dir='ltr'><strong>debitum</strong></span> <span class='ocrx_word' id='word_1_464' title='bbox 3502 695 3680 768; x_wconf 77' lang='lat' dir='ltr'><strong>readut</strong></span> <span class='ocrx_word' id='word_1_465' title='bbox 3703 738 3717 760; x_wconf 92' lang='lat'><strong>,</strong></span> 
     </span>
    </p>
   </div>
   <div class='ocr_carea' id='block_1_62' title="bbox 2132 771 3722 856">
    <p class='ocr_par' dir='ltr' id='par_1_62' title="bbox 2132 771 3722 856">
     <span class='ocr_line' id='line_1_62' title="bbox 2132 771 3722 856; baseline 0.013 -35"><span class='ocrx_word' id='word_1_466' title='bbox 2132 771 2363 826; x_wconf 82' lang='lat' dir='ltr'><strong>similiter</strong></span> <span class='ocrx_word' id='word_1_467' title='bbox 2389 783 2433 827; x_wconf 83' lang='lat' dir='ltr'><strong>et</strong></span> <span class='ocrx_word' id='word_1_468' title='bbox 2471 792 2597 829; x_wconf 72' lang='lat' dir='ltr'><strong>uxor</strong></span> <span class='ocrx_word' id='word_1_469' title='bbox 2639 777 2781 844; x_wconf 86' lang='lat' dir='ltr'><strong>uiro;</strong></span> <span class='ocrx_word' id='word_1_470' title='bbox 2809 781 3105 846; x_wconf 88' lang='lat' dir='ltr'><strong>subiutulit,</strong></span> <span class='ocrx_word' id='word_1_471' title='bbox 3153 781 3294 837; x_wconf 73' lang='lat' dir='ltr'><strong>Uxor</strong></span> <span class='ocrx_word' id='word_1_472' title='bbox 3327 801 3426 838; x_wconf 83' lang='lat' dir='ltr'><strong>non</strong></span> <span class='ocrx_word' id='word_1_473' title='bbox 3453 785 3600 842; x_wconf 82' lang='lat' dir='ltr'><strong>habet</strong></span> <span class='ocrx_word' id='word_1_474' title='bbox 3627 803 3722 856; x_wconf 84' lang='lat' dir='ltr'><strong>po—</strong></span> 
     </span>
    </p>
   </div>
   <div class='ocr_carea' id='block_1_63' title="bbox 2132 866 3718 940">
    <p class='ocr_par' dir='ltr' id='par_1_63' title="bbox 2132 866 3718 940">
     <span class='ocr_line' id='line_1_63' title="bbox 2132 866 3718 940; baseline 0.011 -28"><span class='ocrx_word' id='word_1_475' title='bbox 2132 870 2360 916; x_wconf 85' lang='lat' dir='ltr'><strong>testatem</strong></span> <span class='ocrx_word' id='word_1_476' title='bbox 2385 866 2612 934; x_wconf 75' lang='lat' dir='ltr'><strong>corporis</strong></span> <span class='ocrx_word' id='word_1_477' title='bbox 2639 869 2736 934; x_wconf 82' lang='lat' dir='ltr'><strong>sui,</strong></span> <span class='ocrx_word' id='word_1_478' title='bbox 2770 869 2858 922; x_wconf 82' lang='lat' dir='ltr'><strong>sed</strong></span> <span class='ocrx_word' id='word_1_479' title='bbox 2889 871 2979 923; x_wconf 83' lang='lat' dir='ltr'><strong>vir.</strong></span> <span class='ocrx_word' id='word_1_480' title='bbox 3027 871 3160 940; x_wconf 83' lang='lat' dir='ltr'><strong>Quid</strong></span> <span class='ocrx_word' id='word_1_481' title='bbox 3190 881 3242 926; x_wconf 92' lang='lat' dir='ltr'><strong>te</strong></span> <span class='ocrx_word' id='word_1_482' title='bbox 3285 875 3537 930; x_wconf 79' lang='lat' dir='ltr'><strong>extollis?</strong></span> <span class='ocrx_word' id='word_1_483' title='bbox 3582 878 3718 930; x_wconf 81' lang='lat' dir='ltr'><strong>Audi</strong></span> 
     </span>
    </p>
   </div>
   <div class='ocr_carea' id='block_1_64' title="bbox 2131 954 3738 1036">
    <p class='ocr_par' dir='ltr' id='par_1_64' title="bbox 2131 954 3738 1036">
     <span class='ocr_line' id='line_1_64' title="bbox 2131 954 3738 1036; baseline 0.009 -31"><span class='ocrx_word' id='word_1_484' title='bbox 2131 954 2272 1023; x_wconf 89' lang='lat' dir='ltr'><strong>quod</strong></span> <span class='ocrx_word' id='word_1_485' title='bbox 2302 957 2541 1026; x_wconf 85' lang='lat' dir='ltr'><strong>sequitur</strong></span> <span class='ocrx_word' id='word_1_486' title='bbox 2567 975 2580 1012; x_wconf 90' lang='lat'><strong>:</strong></span> <span class='ocrx_word' id='word_1_487' title='bbox 2617 957 2864 1014; x_wconf 79' lang='lat' dir='ltr'><strong>Similiter</strong></span> <span class='ocrx_word' id='word_1_488' title='bbox 2890 971 2935 1015; x_wconf 84' lang='lat' dir='ltr'><strong>et</strong></span> <span class='ocrx_word' id='word_1_489' title='bbox 2965 964 3037 1016; x_wconf 83' lang='lat' dir='ltr'><strong>vir</strong></span> <span class='ocrx_word' id='word_1_490' title='bbox 3061 981 3160 1017; x_wconf 83' lang='lat' dir='ltr'><strong>non</strong></span> <span class='ocrx_word' id='word_1_491' title='bbox 3199 965 3342 1018; x_wconf 82' lang='lat' dir='ltr'><strong>habet</strong></span> <span class='ocrx_word' id='word_1_492' title='bbox 3377 968 3600 1036; x_wconf 84' lang='lat' dir='ltr'><strong>corporis</strong></span> <span class='ocrx_word' id='word_1_493' title='bbox 3640 968 3738 1032; x_wconf 70' lang='lat' dir='ltr'><strong>sui</strong></span> 
     </span>
    </p>
   </div>
   <div class='ocr_carea' id='block_1_65' title="bbox 2134 1047 3720 1128">
    <p class='ocr_par' dir='ltr' id='par_1_65' title="bbox 2134 1047 3720 1128">
     <span class='ocr_line' id='line_1_65' title="bbox 2134 1047 3720 1128; baseline 0.011 -30"><span class='ocrx_word' id='word_1_494' title='bbox 2134 1047 2447 1116; x_wconf 79' lang='lat' dir='ltr'><strong>potestatem,</strong></span> <span class='ocrx_word' id='word_1_495' title='bbox 2477 1051 2566 1104; x_wconf 85' lang='lat' dir='ltr'><strong>sed</strong></span> <span class='ocrx_word' id='word_1_496' title='bbox 2604 1053 2782 1107; x_wconf 84' lang='lat' dir='ltr'><strong>mulier</strong></span> <span class='ocrx_word' id='word_1_497' title='bbox 2811 1055 2864 1125; x_wconf 90' lang='grc' dir='ltr'><strong>(Ι</strong></span> <span class='ocrx_word' id='word_1_498' title='bbox 2895 1055 3010 1109; x_wconf 80' lang='lat' dir='ltr'><strong>Cor.</strong></span> <span class='ocrx_word' id='word_1_499' title='bbox 3047 1073 3140 1120; x_wconf 89' lang='lat' dir='ltr'><strong>vn,</strong></span> <span class='ocrx_word' id='word_1_500' title='bbox 3171 1059 3224 1123; x_wconf 79' lang='lat'><strong>3,</strong></span> <span class='ocrx_word' id='word_1_501' title='bbox 3254 1059 3288 1112; x_wconf 69' lang='grc'><strong>4</strong></span> <span class='ocrx_word' id='word_1_502' title='bbox 3310 1060 3347 1128; x_wconf 87' lang='grc'><strong>).</strong></span> <span class='ocrx_word' id='word_1_503' title='bbox 3381 1059 3478 1116; x_wconf 88' lang='lat' dir='ltr'><strong>Ubi</strong></span> <span class='ocrx_word' id='word_1_504' title='bbox 3519 1060 3585 1114; x_wconf 87' lang='lat' dir='ltr'><strong>ad</strong></span> <span class='ocrx_word' id='word_1_505' title='bbox 3617 1062 3720 1116; x_wconf 86' lang='lat' dir='ltr'><strong>hoc</strong></span> 
     </span>
    </p>
   </div>
   <div class='ocr_carea' id='block_1_66' title="bbox 2131 1142 3718 1218">
    <p class='ocr_par' dir='ltr' id='par_1_66' title="bbox 2131 1142 3718 1218">
     <span class='ocr_line' id='line_1_66' title="bbox 2131 1142 3718 1218; baseline 0.01 -26"><span class='ocrx_word' id='word_1_506' title='bbox 2131 1149 2346 1195; x_wconf 84' lang='lat' dir='ltr'><strong>ventum</strong></span> <span class='ocrx_word' id='word_1_507' title='bbox 2391 1142 2568 1208; x_wconf 88' lang='lat' dir='ltr'><strong>fuerit,</strong></span> <span class='ocrx_word' id='word_1_508' title='bbox 2595 1145 2819 1201; x_wconf 87' lang='lat' dir='ltr'><strong>clamate</strong></span> <span class='ocrx_word' id='word_1_509' title='bbox 2863 1164 2958 1218; x_wconf 89' lang='lat' dir='ltr'><strong>pro</strong></span> <span class='ocrx_word' id='word_1_510' title='bbox 2983 1165 3042 1204; x_wconf 88' lang='lat' dir='ltr'><strong>re</strong></span> <span class='ocrx_word' id='word_1_511' title='bbox 3081 1159 3276 1206; x_wconf 89' lang='lat' dir='ltr'><strong>vestra.</strong></span> <span class='ocrx_word' id='word_1_512' title='bbox 3323 1153 3522 1208; x_wconf 82' lang='lat' dir='ltr'><strong>Aumm</strong></span> <span class='ocrx_word' id='word_1_513' title='bbox 3565 1166 3718 1208; x_wconf 85' lang='lat' dir='ltr'><strong>tuum</strong></span> 
     </span>
    </p>
   </div>
   <div class='ocr_carea' id='block_1_67' title="bbox 2133 1235 3716 1311">
    <p class='ocr_par' dir='ltr' id='par_1_67' title="bbox 2133 1235 3716 1311">
     <span class='ocr_line' id='line_1_67' title="bbox 2133 1235 3716 1311; baseline 0.008 -26"><span class='ocrx_word' id='word_1_514' title='bbox 2133 1235 2310 1288; x_wconf 86' lang='lat' dir='ltr'><strong>vendit</strong></span> <span class='ocrx_word' id='word_1_515' title='bbox 2352 1235 2573 1290; x_wconf 87' lang='lat' dir='ltr'><strong>maritus</strong></span> <span class='ocrx_word' id='word_1_516' title='bbox 2617 1252 2714 1306; x_wconf 90' lang='lat' dir='ltr'><strong>pro</strong></span> <span class='ocrx_word' id='word_1_517' title='bbox 2756 1241 3072 1296; x_wconf 87' lang='lat' dir='ltr'><strong>necessitate</strong></span> <span class='ocrx_word' id='word_1_518' title='bbox 3115 1257 3208 1296; x_wconf 88' lang='lat' dir='ltr'><strong>sua</strong></span> <span class='ocrx_word' id='word_1_519' title='bbox 3241 1259 3255 1297; x_wconf 92' lang='lat'><strong>:</strong></span> <span class='ocrx_word' id='word_1_520' title='bbox 3285 1241 3439 1308; x_wconf 89' lang='lat' dir='ltr'><strong>ferto,</strong></span> <span class='ocrx_word' id='word_1_521' title='bbox 3481 1243 3716 1311; x_wconf 80' lang='lat' dir='ltr'><strong>femina;</strong></span> 
     </span>
    </p>
   </div>
   <div class='ocr_carea' id='block_1_68' title="bbox 2134 1327 3714 1400">
    <p class='ocr_par' dir='ltr' id='par_1_68' title="bbox 2134 1327 3714 1400">
     <span class='ocr_line' id='line_1_68' title="bbox 2134 1327 3714 1400; baseline 0.008 -23"><span class='ocrx_word' id='word_1_522' title='bbox 2134 1327 2288 1386; x_wconf 89' lang='lat' dir='ltr'><strong>ferto.</strong></span> <span class='ocrx_word' id='word_1_523' title='bbox 2321 1328 2551 1392; x_wconf 88' lang='lat' dir='ltr'><strong>ancilla;</strong></span> <span class='ocrx_word' id='word_1_524' title='bbox 2597 1329 2703 1384; x_wconf 91' lang='lat' dir='ltr'><strong>noli</strong></span> <span class='ocrx_word' id='word_1_525' title='bbox 2749 1329 2974 1400; x_wconf 74' lang='lat' dir='ltr'><strong>litigare,</strong></span> <span class='ocrx_word' id='word_1_526' title='bbox 3024 1333 3129 1386; x_wconf 86' lang='lat' dir='ltr'><strong>noli</strong></span> <span class='ocrx_word' id='word_1_527' title='bbox 3161 1335 3545 1390; x_wconf 86' lang='lat' dir='ltr'><strong>contradicere.</strong></span> <span class='ocrx_word' id='word_1_528' title='bbox 3577 1337 3714 1390; x_wconf 82' lang='lat' dir='ltr'><strong>Con-</strong></span> 
     </span>
    </p>
   </div>
   <div class='ocr_carea' id='block_1_69' title="bbox 2134 1421 3719 1487">
    <p class='ocr_par' dir='ltr' id='par_1_69' title="bbox 2134 1421 3719 1487">
     <span class='ocr_line' id='line_1_69' title="bbox 2134 1421 3719 1487; baseline 0.006 -16"><span class='ocrx_word' id='word_1_529' title='bbox 2134 1427 2364 1487; x_wconf 87' lang='lat' dir='ltr'><strong>tcmptus</strong></span> <span class='ocrx_word' id='word_1_530' title='bbox 2405 1421 2518 1474; x_wconf 90' lang='lat' dir='ltr'><strong>auri</strong></span> <span class='ocrx_word' id='word_1_531' title='bbox 2545 1421 2640 1483; x_wconf 92' lang='lat' dir='ltr'><strong>tui,</strong></span> <span class='ocrx_word' id='word_1_532' title='bbox 2671 1421 2885 1476; x_wconf 80' lang='lat' dir='ltr'><strong>dilectio</strong></span> <span class='ocrx_word' id='word_1_533' title='bbox 2911 1432 2994 1478; x_wconf 85' lang='lat' dir='ltr'><strong>est</strong></span> <span class='ocrx_word' id='word_1_534' title='bbox 3023 1425 3121 1478; x_wconf 89' lang='lat' dir='ltr'><strong>viri</strong></span> <span class='ocrx_word' id='word_1_535' title='bbox 3153 1425 3248 1480; x_wconf 88' lang='lat' dir='ltr'><strong>tui.</strong></span> <span class='ocrx_word' id='word_1_536' title='bbox 3279 1426 3334 1482; x_wconf 90' lang='lat' dir='ltr'><strong>Si</strong></span> <span class='ocrx_word' id='word_1_537' title='bbox 3363 1427 3541 1480; x_wconf 89' lang='lat' dir='ltr'><strong>villam</strong></span> <span class='ocrx_word' id='word_1_538' title='bbox 3570 1437 3719 1481; x_wconf 88' lang='lat' dir='ltr'><strong>tuam</strong></span> 
     </span>
    </p>
   </div>
   <div class='ocr_carea' id='block_1_70' title="bbox 2133 1512 3718 1586">
    <p class='ocr_par' dir='ltr' id='par_1_70' title="bbox 2133 1512 3718 1586">
     <span class='ocr_line' id='line_1_70' title="bbox 2133 1512 3718 1586; baseline 0.005 -22"><span class='ocrx_word' id='word_1_539' title='bbox 2133 1525 2227 1579; x_wconf 90' lang='lat' dir='ltr'><strong>pro</strong></span> <span class='ocrx_word' id='word_1_540' title='bbox 2255 1512 2570 1566; x_wconf 90' lang='lat' dir='ltr'><strong>necessitate</strong></span> <span class='ocrx_word' id='word_1_541' title='bbox 2596 1527 2690 1566; x_wconf 89' lang='lat' dir='ltr'><strong>sua</strong></span> <span class='ocrx_word' id='word_1_542' title='bbox 2721 1513 2932 1578; x_wconf 89' lang='lat' dir='ltr'><strong>vendat,</strong></span> <span class='ocrx_word' id='word_1_543' title='bbox 2963 1530 3082 1584; x_wconf 76' lang='lat' dir='ltr'><strong>qua:</strong></span> <span class='ocrx_word' id='word_1_544' title='bbox 3110 1526 3192 1571; x_wconf 89' lang='lat' dir='ltr'><strong>cst</strong></span> <span class='ocrx_word' id='word_1_545' title='bbox 3221 1527 3275 1571; x_wconf 90' lang='lat' dir='ltr'><strong>et</strong></span> <span class='ocrx_word' id='word_1_546' title='bbox 3301 1527 3388 1572; x_wconf 89' lang='lat' dir='ltr'><strong>tua</strong></span> <span class='ocrx_word' id='word_1_547' title='bbox 3417 1517 3543 1586; x_wconf 89' lang='lat' dir='ltr'><strong>(non</strong></span> <span class='ocrx_word' id='word_1_548' title='bbox 3569 1519 3718 1572; x_wconf 87' lang='lat' dir='ltr'><strong>enim</strong></span> 
     </span>
    </p>
   </div>
   <div class='ocr_carea' id='block_1_71' title="bbox 2133 1603 3716 1674">
    <p class='ocr_par' dir='ltr' id='par_1_71' title="bbox 2133 1603 3716 1674">
     <span class='ocr_line' id='line_1_71' title="bbox 2133 1603 3716 1674; baseline 0.006 -20"><span class='ocrx_word' id='word_1_549' title='bbox 2133 1611 2302 1670; x_wconf 86' lang='lat' dir='ltr'><strong>potest</strong></span> <span class='ocrx_word' id='word_1_550' title='bbox 2332 1618 2450 1658; x_wconf 88' lang='lat' dir='ltr'><strong>esse</strong></span> <span class='ocrx_word' id='word_1_551' title='bbox 2478 1603 2662 1672; x_wconf 77' lang='lat' dir='ltr'><strong>ipsius,</strong></span> <span class='ocrx_word' id='word_1_552' title='bbox 2687 1619 2804 1674; x_wconf 78' lang='lat' dir='ltr'><strong>qua:</strong></span> <span class='ocrx_word' id='word_1_553' title='bbox 2841 1620 2943 1658; x_wconf 90' lang='lat' dir='ltr'><strong>non</strong></span> <span class='ocrx_word' id='word_1_554' title='bbox 2971 1607 3039 1660; x_wconf 89' lang='lat' dir='ltr'><strong>sit</strong></span> <span class='ocrx_word' id='word_1_555' title='bbox 3065 1615 3154 1662; x_wconf 86' lang='lat' dir='ltr'><strong>tua</strong></span> <span class='ocrx_word' id='word_1_556' title='bbox 3174 1649 3190 1674; x_wconf 97' lang='lat'><strong>,</strong></span> <span class='ocrx_word' id='word_1_557' title='bbox 3221 1608 3263 1662; x_wconf 91' lang='lat' dir='ltr'><strong>si</strong></span> <span class='ocrx_word' id='word_1_558' title='bbox 3294 1619 3376 1662; x_wconf 90' lang='lat' dir='ltr'><strong>est</strong></span> <span class='ocrx_word' id='word_1_559' title='bbox 3399 1608 3632 1663; x_wconf 85' lang='lat' dir='ltr'><strong>charitas</strong></span> <span class='ocrx_word' id='word_1_560' title='bbox 3663 1609 3716 1664; x_wconf 90' lang='lat' dir='ltr'><strong>in</strong></span> 
     </span>
    </p>
   </div>
   <div class='ocr_carea' id='block_1_72' title="bbox 2133 1696 3720 1770">
    <p class='ocr_par' dir='ltr' id='par_1_72' title="bbox 2133 1696 3720 1770">
     <span class='ocr_line' id='line_1_72' title="bbox 2133 1696 3720 1770; baseline 0.005 -21"><span class='ocrx_word' id='word_1_561' title='bbox 2133 1705 2204 1760; x_wconf 90' lang='lat' dir='ltr'><strong>te,</strong></span> <span class='ocrx_word' id='word_1_562' title='bbox 2235 1711 2351 1764; x_wconf 72' lang='lat' dir='ltr'><strong>quae</strong></span> <span class='ocrx_word' id='word_1_563' title='bbox 2381 1696 2540 1750; x_wconf 88' lang='lat' dir='ltr'><strong>debet</strong></span> <span class='ocrx_word' id='word_1_564' title='bbox 2582 1710 2702 1750; x_wconf 90' lang='lat' dir='ltr'><strong>esse</strong></span> <span class='ocrx_word' id='word_1_565' title='bbox 2749 1697 2803 1750; x_wconf 91' lang='lat' dir='ltr'><strong>in</strong></span> <span class='ocrx_word' id='word_1_566' title='bbox 2835 1696 3047 1769; x_wconf 82' lang='lat' dir='ltr'><strong>uxore),</strong></span> <span class='ocrx_word' id='word_1_567' title='bbox 3091 1698 3227 1754; x_wconf 90' lang='lat' dir='ltr'><strong>ferto</strong></span> <span class='ocrx_word' id='word_1_568' title='bbox 3265 1701 3558 1770; x_wconf 87' lang='lat' dir='ltr'><strong>patienter;</strong></span> <span class='ocrx_word' id='word_1_569' title='bbox 3591 1711 3647 1756; x_wconf 89' lang='lat' dir='ltr'><strong>et</strong></span> <span class='ocrx_word' id='word_1_570' title='bbox 3669 1703 3720 1757; x_wconf 88' lang='lat' dir='ltr'><strong>si</strong></span> 
     </span>
    </p>
   </div>
   <div class='ocr_carea' id='block_1_73' title="bbox 2131 1787 3719 1861">
    <p class='ocr_par' dir='ltr' id='par_1_73' title="bbox 2131 1787 3719 1861">
     <span class='ocr_line' id='line_1_73' title="bbox 2131 1787 3719 1861; baseline 0.005 -21"><span class='ocrx_word' id='word_1_571' title='bbox 2131 1787 2356 1850; x_wconf 88' lang='lat' dir='ltr'><strong>dubitat,</strong></span> <span class='ocrx_word' id='word_1_572' title='bbox 2387 1797 2440 1840; x_wconf 89' lang='lat' dir='ltr'><strong>tu</strong></span> <span class='ocrx_word' id='word_1_573' title='bbox 2481 1787 2614 1842; x_wconf 82' lang='lat' dir='ltr'><strong>offer</strong></span> <span class='ocrx_word' id='word_1_574' title='bbox 2643 1804 2658 1840; x_wconf 93' lang='lat'><strong>:</strong></span> <span class='ocrx_word' id='word_1_575' title='bbox 2690 1799 2972 1845; x_wconf 88' lang='lat' dir='ltr'><strong>contemne</strong></span> <span class='ocrx_word' id='word_1_576' title='bbox 3015 1793 3195 1845; x_wconf 90' lang='lat' dir='ltr'><strong>omnia</strong></span> <span class='ocrx_word' id='word_1_577' title='bbox 3235 1801 3450 1861; x_wconf 84' lang='lat' dir='ltr'><strong>prepter</strong></span> <span class='ocrx_word' id='word_1_578' title='bbox 3477 1808 3719 1848; x_wconf 88' lang='lat' dir='ltr'><strong>amorem</strong></span> 
     </span>
    </p>
   </div>
   <div class='ocr_carea' id='block_1_74' title="bbox 2131 1877 3722 1954">
    <p class='ocr_par' dir='ltr' id='par_1_74' title="bbox 2131 1877 3722 1954">
     <span class='ocr_line' id='line_1_74' title="bbox 2131 1877 3722 1954; baseline 0.006 -24"><span class='ocrx_word' id='word_1_579' title='bbox 2131 1877 2230 1931; x_wconf 87' lang='lat' dir='ltr'><strong>viri</strong></span> <span class='ocrx_word' id='word_1_580' title='bbox 2261 1879 2354 1931; x_wconf 91' lang='lat' dir='ltr'><strong>tui.</strong></span> <span class='ocrx_word' id='word_1_581' title='bbox 2382 1879 2483 1934; x_wconf 87' lang='lat' dir='ltr'><strong>Sed</strong></span> <span class='ocrx_word' id='word_1_582' title='bbox 2512 1889 2718 1934; x_wconf 88' lang='lat' dir='ltr'><strong>castum</strong></span> <span class='ocrx_word' id='word_1_583' title='bbox 2744 1891 2889 1951; x_wconf 86' lang='lat' dir='ltr'><strong>Opta,</strong></span> <span class='ocrx_word' id='word_1_584' title='bbox 2923 1898 3017 1952; x_wconf 89' lang='lat' dir='ltr'><strong>pro</strong></span> <span class='ocrx_word' id='word_1_585' title='bbox 3043 1883 3286 1938; x_wconf 88' lang='lat' dir='ltr'><strong>castitate</strong></span> <span class='ocrx_word' id='word_1_586' title='bbox 3313 1883 3476 1954; x_wconf 89' lang='lat' dir='ltr'><strong>litiga.</strong></span> <span class='ocrx_word' id='word_1_587' title='bbox 3506 1885 3722 1940; x_wconf 84' lang='lat' dir='ltr'><strong>Patien-</strong></span> 
     </span>
    </p>
   </div>
   <div class='ocr_carea' id='block_1_75' title="bbox 2135 1971 3722 2047">
    <p class='ocr_par' dir='ltr' id='par_1_75' title="bbox 2135 1971 3722 2047">
     <span class='ocr_line' id='line_1_75' title="bbox 2135 1971 3722 2047; baseline 0.007 -25"><span class='ocrx_word' id='word_1_588' title='bbox 2135 1979 2215 2022; x_wconf 90' lang='lat' dir='ltr'><strong>ter</strong></span> <span class='ocrx_word' id='word_1_589' title='bbox 2259 1979 2441 2039; x_wconf 85' lang='lat' dir='ltr'><strong>pereat</strong></span> <span class='ocrx_word' id='word_1_590' title='bbox 2483 1971 2600 2024; x_wconf 71' lang='lat' dir='ltr'><strong>villa</strong></span> <span class='ocrx_word' id='word_1_591' title='bbox 2643 1980 2766 2038; x_wconf 91' lang='lat' dir='ltr'><strong>tua,</strong></span> <span class='ocrx_word' id='word_1_592' title='bbox 2810 1987 2916 2028; x_wconf 90' lang='lat' dir='ltr'><strong>non</strong></span> <span class='ocrx_word' id='word_1_593' title='bbox 2963 1975 3138 2028; x_wconf 87' lang='lat' dir='ltr'><strong>anima</strong></span> <span class='ocrx_word' id='word_1_594' title='bbox 3185 1975 3349 2046; x_wconf 78' lang='lat' dir='ltr'><strong>ipsius</strong></span> <span class='ocrx_word' id='word_1_595' title='bbox 3393 1987 3444 2032; x_wconf 87' lang='lat' dir='ltr'><strong>te</strong></span> <span class='ocrx_word' id='word_1_596' title='bbox 3485 1978 3722 2047; x_wconf 84' lang='lat' dir='ltr'><strong>patiente</strong></span> 
     </span>
    </p>
   </div>
   <div class='ocr_carea' id='block_1_76' title="bbox 2135 2072 2334 2130">
    <p class='ocr_par' dir='ltr' id='par_1_76' title="bbox 2135 2072 2334 2130">
     <span class='ocr_line' id='line_1_76' title="bbox 2135 2072 2334 2130; baseline -0.005 -14"><span class='ocrx_word' id='word_1_597' title='bbox 2135 2072 2334 2130; x_wconf 83' lang='lat' dir='ltr'><strong>pereat.</strong></span> 
     </span>
    </p>
   </div>
   <div class='ocr_carea' id='block_1_77' title="bbox 2203 2153 3722 2228">
    <p class='ocr_par' dir='ltr' id='par_1_77' title="bbox 2203 2153 3722 2228">
     <span class='ocr_line' id='line_1_77' title="bbox 2203 2153 3722 2228; baseline 0.006 -20"><span class='ocrx_word' id='word_1_598' title='bbox 2203 2153 2430 2210; x_wconf 76' lang='lat' dir='ltr'><strong>CAPUT</strong></span> <span class='ocrx_word' id='word_1_599' title='bbox 2473 2155 2534 2209; x_wconf 72' lang='grc' dir='ltr'><strong>ν.</strong></span> <span class='ocrx_word' id='word_1_600' title='bbox 2559 2185 2628 2195; x_wconf 93' lang='grc'><strong>--</strong></span> <span class='ocrx_word' id='word_1_601' title='bbox 2654 2155 2707 2211; x_wconf 90' lang='grc'><strong>5.</strong></span> <span class='ocrx_word' id='word_1_602' title='bbox 2750 2155 2916 2228; x_wconf 80' lang='lat' dir='ltr'><strong>Caput</strong></span> <span class='ocrx_word' id='word_1_603' title='bbox 2950 2159 3174 2213; x_wconf 78' lang='lat' dir='ltr'><strong>mulieris</strong></span> <span class='ocrx_word' id='word_1_604' title='bbox 3217 2159 3310 2214; x_wconf 78' lang='lat' dir='ltr'><strong>t-ir.</strong></span> <span class='ocrx_word' id='word_1_605' title='bbox 3353 2159 3516 2214; x_wconf 78' lang='lat' dir='ltr'><strong>Ducat</strong></span> <span class='ocrx_word' id='word_1_606' title='bbox 3543 2161 3624 2216; x_wconf 85' lang='lat' dir='ltr'><strong>hic</strong></span> <span class='ocrx_word' id='word_1_607' title='bbox 3663 2163 3722 2216; x_wconf 83' lang='lat' dir='ltr'><strong>in</strong></span> 
     </span>
    </p>
   </div>
   <div class='ocr_carea' id='block_1_78' title="bbox 2133 2243 3722 2318">
    <p class='ocr_par' dir='ltr' id='par_1_78' title="bbox 2133 2243 3722 2318">
     <span class='ocr_line' id='line_1_78' title="bbox 2133 2243 3722 2318; baseline 0.008 -21"><span class='ocrx_word' id='word_1_608' title='bbox 2133 2243 2340 2312; x_wconf 82' lang='lat' dir='ltr'><strong>bonum,</strong></span> <span class='ocrx_word' id='word_1_609' title='bbox 2381 2247 2473 2300; x_wconf 89' lang='lat' dir='ltr'><strong>illa</strong></span> <span class='ocrx_word' id='word_1_610' title='bbox 2497 2257 2755 2318; x_wconf 82' lang='lat' dir='ltr'><strong>sequatur.</strong></span> <span class='ocrx_word' id='word_1_611' title='bbox 2787 2249 2898 2304; x_wconf 91' lang='lat' dir='ltr'><strong>Non</strong></span> <span class='ocrx_word' id='word_1_612' title='bbox 2925 2249 3046 2304; x_wconf 86' lang='lat' dir='ltr'><strong>dico</strong></span> <span class='ocrx_word' id='word_1_613' title='bbox 3073 2251 3216 2316; x_wconf 86' lang='lat' dir='ltr'><strong>viris,</strong></span> <span class='ocrx_word' id='word_1_614' title='bbox 3249 2261 3307 2304; x_wconf 93' lang='lat' dir='ltr'><strong>ut</strong></span> <span class='ocrx_word' id='word_1_615' title='bbox 3345 2251 3395 2306; x_wconf 92' lang='lat' dir='ltr'><strong>in</strong></span> <span class='ocrx_word' id='word_1_616' title='bbox 3437 2251 3534 2308; x_wconf 87' lang='lat' dir='ltr'><strong>hac</strong></span> <span class='ocrx_word' id='word_1_617' title='bbox 3556 2269 3722 2310; x_wconf 79' lang='lat' dir='ltr'><strong>causa</strong></span> 
     </span>
    </p>
   </div>
   <div class='ocr_carea' id='block_1_79' title="bbox 2134 2338 3722 2412">
    <p class='ocr_par' dir='ltr' id='par_1_79' title="bbox 2134 2338 3722 2412">
     <span class='ocr_line' id='line_1_79' title="bbox 2134 2338 3722 2412; baseline 0.005 -20"><span class='ocrx_word' id='word_1_618' title='bbox 2134 2338 2304 2392; x_wconf 80' lang='lat' dir='ltr'><strong>zelent</strong></span> <span class='ocrx_word' id='word_1_619' title='bbox 2335 2353 2534 2394; x_wconf 76' lang='lat' dir='ltr'><strong>uxores</strong></span> <span class='ocrx_word' id='word_1_620' title='bbox 2559 2355 2704 2394; x_wconf 89' lang='lat' dir='ltr'><strong>suas.</strong></span> <span class='ocrx_word' id='word_1_621' title='bbox 2733 2341 2857 2394; x_wconf 89' lang='lat' dir='ltr'><strong>Scio</strong></span> <span class='ocrx_word' id='word_1_622' title='bbox 2878 2341 3000 2411; x_wconf 89' lang='lat' dir='ltr'><strong>quia</strong></span> <span class='ocrx_word' id='word_1_623' title='bbox 3027 2341 3242 2406; x_wconf 86' lang='lat' dir='ltr'><strong>faciunt,</strong></span> <span class='ocrx_word' id='word_1_624' title='bbox 3263 2343 3405 2398; x_wconf 90' lang='lat' dir='ltr'><strong>novi.</strong></span> <span class='ocrx_word' id='word_1_625' title='bbox 3433 2343 3562 2412; x_wconf 86' lang='lat' dir='ltr'><strong>Quis</strong></span> <span class='ocrx_word' id='word_1_626' title='bbox 3580 2344 3722 2400; x_wconf 85' lang='lat' dir='ltr'><strong>ferat</strong></span> 
     </span>
    </p>
   </div>
   <div class='ocr_carea' id='block_1_80' title="bbox 2135 2430 3727 2502">
    <p class='ocr_par' dir='ltr' id='par_1_80' title="bbox 2135 2430 3727 2502">
     <span class='ocr_line' id='line_1_80' title="bbox 2135 2430 3727 2502; baseline 0.004 -19"><span class='ocrx_word' id='word_1_627' title='bbox 2135 2443 2352 2484; x_wconf 77' lang='lat' dir='ltr'><strong>uxorem</strong></span> <span class='ocrx_word' id='word_1_628' title='bbox 2398 2430 2730 2485; x_wconf 85' lang='lat' dir='ltr'><strong>adulteram?</strong></span> <span class='ocrx_word' id='word_1_629' title='bbox 2786 2433 2852 2486; x_wconf 89' lang='lat' dir='ltr'><strong>Et</strong></span> <span class='ocrx_word' id='word_1_630' title='bbox 2895 2432 3186 2502; x_wconf 87' lang='lat' dir='ltr'><strong>imperatur</strong></span> <span class='ocrx_word' id='word_1_631' title='bbox 3228 2433 3437 2488; x_wconf 64' lang='lat' dir='ltr'><strong>feminae</strong></span> <span class='ocrx_word' id='word_1_632' title='bbox 3481 2445 3536 2489; x_wconf 91' lang='lat' dir='ltr'><strong>ut</strong></span> <span class='ocrx_word' id='word_1_633' title='bbox 3581 2433 3727 2490; x_wconf 81' lang='lat' dir='ltr'><strong>ferat</strong></span> 
     </span>
    </p>
   </div>
   <div class='ocr_carea' id='block_1_81' title="bbox 2134 2519 3726 2596">
    <p class='ocr_par' dir='ltr' id='par_1_81' title="bbox 2134 2519 3726 2596">
     <span class='ocr_line' id='line_1_81' title="bbox 2134 2519 3726 2596; baseline 0.003 -23"><span class='ocrx_word' id='word_1_634' title='bbox 2134 2519 2430 2576; x_wconf 88' lang='lat' dir='ltr'><strong>adulterum</strong></span> <span class='ocrx_word' id='word_1_635' title='bbox 2461 2519 2664 2578; x_wconf 74' lang='lat' dir='ltr'><strong>virum!</strong></span> <span class='ocrx_word' id='word_1_636' title='bbox 2688 2521 2950 2591; x_wconf 90' lang='lat' dir='ltr'><strong>Ojustitia</strong></span> <span class='ocrx_word' id='word_1_637' title='bbox 2976 2521 2990 2577; x_wconf 79' lang='grc' dir='ltr'><strong>ι</strong></span> <span class='ocrx_word' id='word_1_638' title='bbox 3021 2522 3218 2592; x_wconf 88' lang='lat' dir='ltr'><strong>Quare,</strong></span> <span class='ocrx_word' id='word_1_639' title='bbox 3247 2539 3376 2595; x_wconf 84' lang='lat' dir='ltr'><strong>rogo</strong></span> <span class='ocrx_word' id='word_1_640' title='bbox 3401 2526 3672 2596; x_wconf 87' lang='lat' dir='ltr'><strong>te?quare</strong></span> <span class='ocrx_word' id='word_1_641' title='bbox 3695 2525 3726 2578; x_wconf 72' lang='grc' dir='ltr'><strong><em>τ</em></strong></span> 
     </span>
    </p>
   </div>
   <div class='ocr_carea' id='block_1_82' title="bbox 2135 2611 3726 2685">
    <p class='ocr_par' dir='ltr' id='par_1_82' title="bbox 2135 2611 3726 2685">
     <span class='ocr_line' id='line_1_82' title="bbox 2135 2611 3726 2685; baseline 0.005 -21"><span class='ocrx_word' id='word_1_642' title='bbox 2135 2611 2266 2679; x_wconf 86' lang='lat' dir='ltr'><strong>Quia</strong></span> <span class='ocrx_word' id='word_1_643' title='bbox 2306 2628 2404 2683; x_wconf 86' lang='lat' dir='ltr'><strong>ego</strong></span> <span class='ocrx_word' id='word_1_644' title='bbox 2437 2628 2554 2666; x_wconf 89' lang='lat' dir='ltr'><strong>sum</strong></span> <span class='ocrx_word' id='word_1_645' title='bbox 2585 2613 2684 2668; x_wconf 88' lang='lat' dir='ltr'><strong>vir.</strong></span> <span class='ocrx_word' id='word_1_646' title='bbox 2725 2613 2818 2667; x_wconf 74' lang='lat' dir='ltr'><strong>Vir</strong></span> <span class='ocrx_word' id='word_1_647' title='bbox 2846 2613 2946 2668; x_wconf 87' lang='lat' dir='ltr'><strong>es?</strong></span> <span class='ocrx_word' id='word_1_648' title='bbox 2977 2615 3028 2668; x_wconf 90' lang='lat' dir='ltr'><strong>in</strong></span> <span class='ocrx_word' id='word_1_649' title='bbox 3061 2615 3366 2670; x_wconf 86' lang='lat' dir='ltr'><strong>fortitudine</strong></span> <span class='ocrx_word' id='word_1_650' title='bbox 3393 2625 3480 2669; x_wconf 88' lang='lat' dir='ltr'><strong>tua</strong></span> <span class='ocrx_word' id='word_1_651' title='bbox 3524 2614 3726 2685; x_wconf 88' lang='lat' dir='ltr'><strong>probe-</strong></span> 
     </span>
    </p>
   </div>
   <div class='ocr_carea' id='block_1_83' title="bbox 2135 2704 3728 2775">
    <p class='ocr_par' dir='ltr' id='par_1_83' title="bbox 2135 2704 3728 2775">
     <span class='ocr_line' id='line_1_83' title="bbox 2135 2704 3728 2775; baseline 0.005 -19"><span class='ocrx_word' id='word_1_652' title='bbox 2135 2719 2275 2770; x_wconf 87' lang='lat' dir='ltr'><strong>mus,</strong></span> <span class='ocrx_word' id='word_1_653' title='bbox 2303 2706 2420 2774; x_wconf 90' lang='lat' dir='ltr'><strong>quia</strong></span> <span class='ocrx_word' id='word_1_654' title='bbox 2459 2705 2538 2758; x_wconf 93' lang='lat' dir='ltr'><strong>vir</strong></span> <span class='ocrx_word' id='word_1_655' title='bbox 2565 2720 2644 2758; x_wconf 90' lang='lat' dir='ltr'><strong>es.</strong></span> <span class='ocrx_word' id='word_1_656' title='bbox 2689 2704 2782 2758; x_wconf 80' lang='lat' dir='ltr'><strong>Vir</strong></span> <span class='ocrx_word' id='word_1_657' title='bbox 2809 2705 2905 2760; x_wconf 89' lang='lat' dir='ltr'><strong>es?</strong></span> <span class='ocrx_word' id='word_1_658' title='bbox 2929 2705 3082 2760; x_wconf 87' lang='lat' dir='ltr'><strong>vince</strong></span> <span class='ocrx_word' id='word_1_659' title='bbox 3115 2705 3410 2760; x_wconf 90' lang='lat' dir='ltr'><strong>libidinem.</strong></span> <span class='ocrx_word' id='word_1_660' title='bbox 3439 2707 3728 2775; x_wconf 86' lang='lat' dir='ltr'><strong>Quomodo</strong></span> 
     </span>
    </p>
   </div>
   <div class='ocr_carea' id='block_1_84' title="bbox 2134 2796 3725 2868">
    <p class='ocr_par' dir='ltr' id='par_1_84' title="bbox 2134 2796 3725 2868">
     <span class='ocr_line' id='line_1_84' title="bbox 2134 2796 3725 2868; baseline 0.003 -18"><span class='ocrx_word' id='word_1_661' title='bbox 2134 2796 2236 2864; x_wconf 88' lang='lat' dir='ltr'><strong>vir,</strong></span> <span class='ocrx_word' id='word_1_662' title='bbox 2259 2813 2365 2867; x_wconf 91' lang='lat' dir='ltr'><strong>quo</strong></span> <span class='ocrx_word' id='word_1_663' title='bbox 2395 2811 2528 2852; x_wconf 76' lang='lat' dir='ltr'><strong>uxor</strong></span> <span class='ocrx_word' id='word_1_664' title='bbox 2551 2807 2632 2851; x_wconf 90' lang='lat' dir='ltr'><strong>est</strong></span> <span class='ocrx_word' id='word_1_665' title='bbox 2671 2797 2898 2852; x_wconf 86' lang='lat' dir='ltr'><strong>fortior?</strong></span> <span class='ocrx_word' id='word_1_666' title='bbox 2934 2797 3014 2852; x_wconf 86' lang='lat' dir='ltr'><strong>Tu</strong></span> <span class='ocrx_word' id='word_1_667' title='bbox 3049 2813 3110 2854; x_wconf 89' lang='lat' dir='ltr'><strong>es</strong></span> <span class='ocrx_word' id='word_1_668' title='bbox 3134 2807 3290 2867; x_wconf 81' lang='lat' dir='ltr'><strong>caput</strong></span> <span class='ocrx_word' id='word_1_669' title='bbox 3320 2799 3578 2868; x_wconf 86' lang='lat' dir='ltr'><strong>mulieris,</strong></span> <span class='ocrx_word' id='word_1_670' title='bbox 3603 2801 3686 2855; x_wconf 87' lang='lat' dir='ltr'><strong>vir</strong></span> <span class='ocrx_word' id='word_1_671' title='bbox 3702 2843 3725 2866; x_wconf 88' lang='lat'><strong>,</strong></span> 
     </span>
    </p>
   </div>
   <div class='ocr_carea' id='block_1_85' title="bbox 2135 2887 3728 2958">
    <p class='ocr_par' dir='ltr' id='par_1_85' title="bbox 2135 2887 3728 2958">
     <span class='ocr_line' id='line_1_85' title="bbox 2135 2887 3728 2958; baseline 0.003 -16"><span class='ocrx_word' id='word_1_672' title='bbox 2135 2903 2318 2944; x_wconf 80' lang='lat' dir='ltr'><strong>verum</strong></span> <span class='ocrx_word' id='word_1_673' title='bbox 2343 2896 2444 2942; x_wconf 85' lang='lat' dir='ltr'><strong>est.</strong></span> <span class='ocrx_word' id='word_1_674' title='bbox 2491 2887 2547 2942; x_wconf 88' lang='lat' dir='ltr'><strong>Si</strong></span> <span class='ocrx_word' id='word_1_675' title='bbox 2587 2896 2744 2957; x_wconf 86' lang='lat' dir='ltr'><strong>caput</strong></span> <span class='ocrx_word' id='word_1_676' title='bbox 2768 2895 2872 2952; x_wconf 92' lang='lat' dir='ltr'><strong>est,</strong></span> <span class='ocrx_word' id='word_1_677' title='bbox 2903 2887 3082 2954; x_wconf 88' lang='lat' dir='ltr'><strong>ducat,</strong></span> <span class='ocrx_word' id='word_1_678' title='bbox 3126 2904 3262 2942; x_wconf 81' lang='lat' dir='ltr'><strong>uxor</strong></span> <span class='ocrx_word' id='word_1_679' title='bbox 3290 2897 3558 2958; x_wconf 86' lang='lat' dir='ltr'><strong>sequatur.</strong></span> <span class='ocrx_word' id='word_1_680' title='bbox 3609 2889 3728 2946; x_wconf 84' lang='lat' dir='ltr'><strong>Sed</strong></span> 
     </span>
    </p>
   </div>
   <div class='ocr_carea' id='block_1_86' title="bbox 2137 2979 3726 3050">
    <p class='ocr_par' dir='ltr' id='par_1_86' title="bbox 2137 2979 3726 3050">
     <span class='ocr_line' id='line_1_86' title="bbox 2137 2979 3726 3050; baseline 0.002 -16"><span class='ocrx_word' id='word_1_681' title='bbox 2137 2980 2224 3034; x_wconf 90' lang='lat' dir='ltr'><strong>ubi</strong></span> <span class='ocrx_word' id='word_1_682' title='bbox 2251 2990 2392 3034; x_wconf 90' lang='lat' dir='ltr'><strong>recta</strong></span> <span class='ocrx_word' id='word_1_683' title='bbox 2417 2988 2497 3034; x_wconf 87' lang='lat' dir='ltr'><strong>est</strong></span> <span class='ocrx_word' id='word_1_684' title='bbox 2523 2979 2732 3042; x_wconf 80' lang='lat' dir='ltr'><strong>dooms,</strong></span> <span class='ocrx_word' id='word_1_685' title='bbox 2758 2989 2916 3049; x_wconf 87' lang='lat' dir='ltr'><strong>caput</strong></span> <span class='ocrx_word' id='word_1_686' title='bbox 2950 2979 3187 3035; x_wconf 88' lang='lat' dir='ltr'><strong>mulieris</strong></span> <span class='ocrx_word' id='word_1_687' title='bbox 3211 2981 3311 3034; x_wconf 89' lang='lat' dir='ltr'><strong>vir.</strong></span> <span class='ocrx_word' id='word_1_688' title='bbox 3344 2979 3400 3034; x_wconf 94' lang='lat' dir='ltr'><strong>Si</strong></span> <span class='ocrx_word' id='word_1_689' title='bbox 3427 2989 3584 3050; x_wconf 85' lang='lat' dir='ltr'><strong>caput</strong></span> <span class='ocrx_word' id='word_1_690' title='bbox 3621 2995 3684 3037; x_wconf 89' lang='lat' dir='ltr'><strong>es</strong></span> <span class='ocrx_word' id='word_1_691' title='bbox 3705 3022 3726 3048; x_wconf 89' lang='lat'><strong>,</strong></span> 
     </span>
    </p>
   </div>
   <div class='ocr_carea' id='block_1_87' title="bbox 2135 3069 3728 3142">
    <p class='ocr_par' dir='ltr' id='par_1_87' title="bbox 2135 3069 3728 3142">
     <span class='ocr_line' id='line_1_87' title="bbox 2135 3069 3728 3142; baseline 0.003 -19"><span class='ocrx_word' id='word_1_692' title='bbox 2135 3069 2239 3124; x_wconf 92' lang='lat' dir='ltr'><strong>duc</strong></span> <span class='ocrx_word' id='word_1_693' title='bbox 2272 3080 2563 3140; x_wconf 88' lang='lat' dir='ltr'><strong>:sequatnr</strong></span> <span class='ocrx_word' id='word_1_694' title='bbox 2605 3071 2689 3124; x_wconf 90' lang='lat' dir='ltr'><strong>illa</strong></span> <span class='ocrx_word' id='word_1_695' title='bbox 2733 3079 2890 3140; x_wconf 85' lang='lat' dir='ltr'><strong>caput</strong></span> <span class='ocrx_word' id='word_1_696' title='bbox 2927 3086 3102 3124; x_wconf 90' lang='lat' dir='ltr'><strong>suum.</strong></span> <span class='ocrx_word' id='word_1_697' title='bbox 3144 3071 3250 3126; x_wconf 87' lang='lat' dir='ltr'><strong>Sed</strong></span> <span class='ocrx_word' id='word_1_698' title='bbox 3295 3071 3415 3127; x_wconf 89' lang='lat' dir='ltr'><strong>vide</strong></span> <span class='ocrx_word' id='word_1_699' title='bbox 3453 3088 3560 3142; x_wconf 85' lang='lat' dir='ltr'><strong>quo</strong></span> <span class='ocrx_word' id='word_1_700' title='bbox 3601 3087 3728 3128; x_wconf 84' lang='lat' dir='ltr'><strong>eas.</strong></span> 
     </span>
    </p>
   </div>
   <div class='ocr_carea' id='block_1_88' title="bbox 2051 3161 3732 3232">
    <p class='ocr_par' dir='ltr' id='par_1_88' title="bbox 2051 3161 3732 3232">
     <span class='ocr_line' id='line_1_88' title="bbox 2051 3161 3732 3232; baseline 0 -14"><span class='ocrx_word' id='word_1_701' title='bbox 2051 3201 2054 3206; x_wconf 87' lang='grc'><strong><em>-</em></strong></span> <span class='ocrx_word' id='word_1_702' title='bbox 2134 3161 2254 3218; x_wconf 86' lang='lat' dir='ltr'><strong>Noli</strong></span> <span class='ocrx_word' id='word_1_703' title='bbox 2301 3162 2380 3218; x_wconf 88' lang='lat' dir='ltr'><strong>ire</strong></span> <span class='ocrx_word' id='word_1_704' title='bbox 2404 3177 2509 3232; x_wconf 90' lang='lat' dir='ltr'><strong>quo</strong></span> <span class='ocrx_word' id='word_1_705' title='bbox 2536 3177 2640 3216; x_wconf 91' lang='lat' dir='ltr'><strong>non</strong></span> <span class='ocrx_word' id='word_1_706' title='bbox 2672 3161 2748 3217; x_wconf 87' lang='lat' dir='ltr'><strong>vis</strong></span> <span class='ocrx_word' id='word_1_707' title='bbox 2776 3169 2834 3216; x_wconf 91' lang='lat' dir='ltr'><strong>ut</strong></span> <span class='ocrx_word' id='word_1_708' title='bbox 2869 3170 3161 3232; x_wconf 86' lang='lat' dir='ltr'><strong>sequatur:</strong></span> <span class='ocrx_word' id='word_1_709' title='bbox 3191 3162 3299 3216; x_wconf 91' lang='lat' dir='ltr'><strong>noli</strong></span> <span class='ocrx_word' id='word_1_710' title='bbox 3327 3161 3404 3217; x_wconf 89' lang='lat' dir='ltr'><strong>ire</strong></span> <span class='ocrx_word' id='word_1_711' title='bbox 3432 3177 3537 3232; x_wconf 89' lang='lat' dir='ltr'><strong>quo</strong></span> <span class='ocrx_word' id='word_1_712' title='bbox 3563 3164 3732 3218; x_wconf 87' lang='lat' dir='ltr'><strong>times</strong></span> 
     </span>
    </p>
   </div>
   <div class='ocr_carea' id='block_1_89' title="bbox 2135 3253 3734 3325">
    <p class='ocr_par' dir='ltr' id='par_1_89' title="bbox 2135 3253 3734 3325">
     <span class='ocr_line' id='line_1_89' title="bbox 2135 3253 3734 3325; baseline 0.001 -16"><span class='ocrx_word' id='word_1_713' title='bbox 2135 3254 2528 3325; x_wconf 82' lang='lat' dir='ltr'><strong>pedissequam,</strong></span> <span class='ocrx_word' id='word_1_714' title='bbox 2564 3271 2630 3308; x_wconf 90' lang='lat' dir='ltr'><strong>ne</strong></span> <span class='ocrx_word' id='word_1_715' title='bbox 2659 3255 2710 3308; x_wconf 93' lang='lat' dir='ltr'><strong>in</strong></span> <span class='ocrx_word' id='word_1_716' title='bbox 2739 3255 2944 3310; x_wconf 87' lang='lat' dir='ltr'><strong>foveam</strong></span> <span class='ocrx_word' id='word_1_717' title='bbox 2971 3254 3216 3310; x_wconf 89' lang='lat' dir='ltr'><strong>adulterii</strong></span> <span class='ocrx_word' id='word_1_718' title='bbox 3245 3253 3398 3309; x_wconf 89' lang='lat' dir='ltr'><strong>simul</strong></span> <span class='ocrx_word' id='word_1_719' title='bbox 3423 3255 3584 3310; x_wconf 86' lang='lat' dir='ltr'><strong>ruatis</strong></span> <span class='ocrx_word' id='word_1_720' title='bbox 3613 3272 3628 3308; x_wconf 90' lang='lat'><strong>:</strong></span> <span class='ocrx_word' id='word_1_721' title='bbox 3653 3271 3734 3311; x_wconf 84' lang='lat' dir='ltr'><strong>ne</strong></span> 
     </span>
    </p>
   </div>
   <div class='ocr_carea' id='block_1_90' title="bbox 2134 3344 3730 3417">
    <p class='ocr_par' dir='ltr' id='par_1_90' title="bbox 2134 3344 3730 3417">
     <span class='ocr_line' id='line_1_90' title="bbox 2134 3344 3730 3417; baseline -0.002 -16"><span class='ocrx_word' id='word_1_722' title='bbox 2134 3359 2256 3401; x_wconf 88' lang='lat' dir='ltr'><strong>cum</strong></span> <span class='ocrx_word' id='word_1_723' title='bbox 2281 3353 2338 3400; x_wconf 92' lang='lat' dir='ltr'><strong>tu</strong></span> <span class='ocrx_word' id='word_1_724' title='bbox 2363 3345 2509 3410; x_wconf 90' lang='lat' dir='ltr'><strong>facis,</strong></span> <span class='ocrx_word' id='word_1_725' title='bbox 2543 3345 2738 3400; x_wconf 83' lang='lat' dir='ltr'><strong>doceas</strong></span> <span class='ocrx_word' id='word_1_726' title='bbox 2765 3345 2904 3415; x_wconf 92' lang='lat' dir='ltr'><strong>quod</strong></span> <span class='ocrx_word' id='word_1_727' title='bbox 2931 3345 3058 3400; x_wconf 87' lang='lat' dir='ltr'><strong>facis</strong></span> <span class='ocrx_word' id='word_1_728' title='bbox 3089 3344 3187 3417; x_wconf 77' lang='grc' dir='ltr'><strong>(α).</strong></span> <span class='ocrx_word' id='word_1_729' title='bbox 3219 3345 3373 3399; x_wconf 90' lang='lat' dir='ltr'><strong>Dolet</strong></span> <span class='ocrx_word' id='word_1_730' title='bbox 3397 3345 3488 3400; x_wconf 92' lang='lat' dir='ltr'><strong>tibi</strong></span> <span class='ocrx_word' id='word_1_731' title='bbox 3516 3345 3730 3413; x_wconf 82' lang='lat' dir='ltr'><strong>anima,</strong></span> 
     </span>
    </p>
   </div>
   <div class='ocr_carea' id='block_1_91' title="bbox 2135 3433 3732 3504">
    <p class='ocr_par' dir='ltr' id='par_1_91' title="bbox 2135 3433 3732 3504">
     <span class='ocr_line' id='line_1_91' title="bbox 2135 3433 3732 3504; baseline 0 -14"><span class='ocrx_word' id='word_1_732' title='bbox 2135 3435 2182 3490; x_wconf 90' lang='lat' dir='ltr'><strong>si</strong></span> <span class='ocrx_word' id='word_1_733' title='bbox 2208 3435 2261 3490; x_wconf 90' lang='lat' dir='ltr'><strong>in</strong></span> <span class='ocrx_word' id='word_1_734' title='bbox 2291 3435 2495 3490; x_wconf 87' lang='lat' dir='ltr'><strong>foveam</strong></span> <span class='ocrx_word' id='word_1_735' title='bbox 2530 3435 2772 3490; x_wconf 90' lang='lat' dir='ltr'><strong>adulterii</strong></span> <span class='ocrx_word' id='word_1_736' title='bbox 2797 3435 2952 3490; x_wconf 71' lang='lat' dir='ltr'><strong>anibo</strong></span> <span class='ocrx_word' id='word_1_737' title='bbox 2977 3435 3135 3491; x_wconf 90' lang='lat' dir='ltr'><strong>simul</strong></span> <span class='ocrx_word' id='word_1_738' title='bbox 3163 3435 3328 3490; x_wconf 85' lang='lat' dir='ltr'><strong>ruatis</strong></span> <span class='ocrx_word' id='word_1_739' title='bbox 3357 3453 3369 3487; x_wconf 91' lang='lat'>:</span> <span class='ocrx_word' id='word_1_740' title='bbox 3401 3433 3579 3490; x_wconf 84' lang='lat' dir='ltr'><strong>doleat</strong></span> <span class='ocrx_word' id='word_1_741' title='bbox 3601 3435 3732 3504; x_wconf 84' lang='lat' dir='ltr'><strong>tibi,</strong></span> 
     </span>
    </p>
   </div>
   <div class='ocr_carea' id='block_1_92' title="bbox 2135 3505 3734 3594">
    <p class='ocr_par' dir='ltr' id='par_1_92' title="bbox 2135 3505 3734 3594">
     <span class='ocr_line' id='line_1_92' title="bbox 2135 3505 3734 3594; baseline -0.001 -9"><span class='ocrx_word' id='word_1_742' title='bbox 2135 3517 2184 3585; x_wconf 85' lang='lat' dir='ltr'><strong>si</strong></span> <span class='ocrx_word' id='word_1_743' title='bbox 2213 3538 2266 3584; x_wconf 91' lang='lat' dir='ltr'><strong>tu</strong></span> <span class='ocrx_word' id='word_1_744' title='bbox 2289 3530 2434 3585; x_wconf 89' lang='lat' dir='ltr'><strong>solus</strong></span> <span class='ocrx_word' id='word_1_745' title='bbox 2467 3545 2610 3584; x_wconf 89' lang='lat' dir='ltr'><strong>ruas.</strong></span> <span class='ocrx_word' id='word_1_746' title='bbox 2641 3529 2816 3594; x_wconf 88' lang='lat' dir='ltr'><strong>Zelas,</strong></span> <span class='ocrx_word' id='word_1_747' title='bbox 2848 3543 2954 3584; x_wconf 89' lang='lat' dir='ltr'><strong>non</strong></span> <span class='ocrx_word' id='word_1_748' title='bbox 2977 3529 3058 3584; x_wconf 89' lang='lat' dir='ltr'><strong>vis</strong></span> <span class='ocrx_word' id='word_1_749' title='bbox 3085 3505 3288 3582; x_wconf 55' lang='lat' dir='ltr'><strong>utiuat</strong></span> <span class='ocrx_word' id='word_1_750' title='bbox 3315 3528 3400 3584; x_wconf 91' lang='lat' dir='ltr'><strong>illa</strong></span> <span class='ocrx_word' id='word_1_751' title='bbox 3435 3545 3448 3580; x_wconf 92' lang='lat'>:</span> <span class='ocrx_word' id='word_1_752' title='bbox 3483 3528 3632 3593; x_wconf 90' lang='lat' dir='ltr'><strong>time,</strong></span> <span class='ocrx_word' id='word_1_753' title='bbox 3664 3539 3734 3584; x_wconf 84' lang='lat' dir='ltr'><strong>tu</strong></span> 
     </span>
    </p>
   </div>
   <div class='ocr_carea' id='block_1_93' title="bbox 2135 3617 3738 3689">
    <p class='ocr_par' dir='ltr' id='par_1_93' title="bbox 2135 3617 3738 3689">
     <span class='ocr_line' id='line_1_93' title="bbox 2135 3617 3738 3689; baseline 0 -15"><span class='ocrx_word' id='word_1_754' title='bbox 2135 3621 2244 3675; x_wconf 89' lang='lat' dir='ltr'><strong>noli</strong></span> <span class='ocrx_word' id='word_1_755' title='bbox 2271 3635 2444 3676; x_wconf 86' lang='lat' dir='ltr'><strong>ruere.</strong></span> <span class='ocrx_word' id='word_1_756' title='bbox 2473 3619 2644 3676; x_wconf 88' lang='lat' dir='ltr'><strong>Nolite</strong></span> <span class='ocrx_word' id='word_1_757' title='bbox 2663 3629 2863 3687; x_wconf 85' lang='lat' dir='ltr'><strong>autem,</strong></span> <span class='ocrx_word' id='word_1_758' title='bbox 2889 3618 3245 3689; x_wconf 60' lang='lat' dir='ltr'><strong>pudicissima:</strong></span> <span class='ocrx_word' id='word_1_759' title='bbox 3268 3617 3498 3682; x_wconf 81' lang='lat' dir='ltr'><strong>feminae,</strong></span> <span class='ocrx_word' id='word_1_760' title='bbox 3521 3617 3738 3674; x_wconf 82' lang='lat' dir='ltr'><strong>imitari</strong></span> 
     </span>
    </p>
   </div>
   <div class='ocr_carea' id='block_1_94' title="bbox 2135 3708 3736 3781">
    <p class='ocr_par' dir='ltr' id='par_1_94' title="bbox 2135 3708 3736 3781">
     <span class='ocr_line' id='line_1_94' title="bbox 2135 3708 3736 3781; baseline -0.001 -15"><span class='ocrx_word' id='word_1_761' title='bbox 2135 3709 2432 3781; x_wconf 86' lang='lat' dir='ltr'><strong>impudicos</strong></span> <span class='ocrx_word' id='word_1_762' title='bbox 2451 3711 2593 3766; x_wconf 88' lang='lat' dir='ltr'><strong>viros</strong></span> <span class='ocrx_word' id='word_1_763' title='bbox 2619 3721 2844 3765; x_wconf 86' lang='lat' dir='ltr'><strong>vestros.</strong></span> <span class='ocrx_word' id='word_1_764' title='bbox 2879 3709 3030 3764; x_wconf 81' lang='lat' dir='ltr'><strong>Absit</strong></span> <span class='ocrx_word' id='word_1_765' title='bbox 3053 3724 3084 3764; x_wconf 91' lang='lat' dir='ltr'><strong>a</strong></span> <span class='ocrx_word' id='word_1_766' title='bbox 3115 3709 3283 3764; x_wconf 86' lang='lat' dir='ltr'><strong>vobis.</strong></span> <span class='ocrx_word' id='word_1_767' title='bbox 3313 3711 3417 3763; x_wconf 82' lang='lat' dir='ltr'><strong>Aut</strong></span> <span class='ocrx_word' id='word_1_768' title='bbox 3443 3708 3736 3764; x_wconf 84' lang='lat' dir='ltr'><strong>vobiscum</strong></span> 
     </span>
    </p>
   </div>
   <div class='ocr_carea' id='block_1_95' title="bbox 2135 3801 3734 3873">
    <p class='ocr_par' dir='ltr' id='par_1_95' title="bbox 2135 3801 3734 3873">
     <span class='ocr_line' id='line_1_95' title="bbox 2135 3801 3734 3873; baseline 0 -15"><span class='ocrx_word' id='word_1_769' title='bbox 2135 3805 2335 3870; x_wconf 89' lang='lat' dir='ltr'><strong>vivant,</strong></span> <span class='ocrx_word' id='word_1_770' title='bbox 2381 3813 2473 3858; x_wconf 89' lang='lat' dir='ltr'><strong>aut</strong></span> <span class='ocrx_word' id='word_1_771' title='bbox 2497 3805 2594 3858; x_wconf 89' lang='lat' dir='ltr'><strong>soli</strong></span> <span class='ocrx_word' id='word_1_772' title='bbox 2629 3813 2864 3873; x_wconf 89' lang='lat' dir='ltr'><strong>pereant.</strong></span> <span class='ocrx_word' id='word_1_773' title='bbox 2895 3803 3164 3872; x_wconf 79' lang='lat' dir='ltr'><strong>[inpudico</strong></span> <span class='ocrx_word' id='word_1_774' title='bbox 3201 3803 3394 3857; x_wconf 89' lang='lat' dir='ltr'><strong>marito</strong></span> <span class='ocrx_word' id='word_1_775' title='bbox 3419 3817 3525 3856; x_wconf 92' lang='lat' dir='ltr'><strong>non</strong></span> <span class='ocrx_word' id='word_1_776' title='bbox 3555 3801 3734 3858; x_wconf 77' lang='lat' dir='ltr'><strong>debet</strong></span> 
     </span>
    </p>
   </div>
   <div class='ocr_carea' id='block_1_96' title="bbox 2135 3891 3734 3963">
    <p class='ocr_par' dir='ltr' id='par_1_96' title="bbox 2135 3891 3734 3963">
     <span class='ocr_line' id='line_1_96' title="bbox 2135 3891 3734 3963; baseline -0.001 -14"><span class='ocrx_word' id='word_1_777' title='bbox 2135 3895 2326 3949; x_wconf 86' lang='lat' dir='ltr'><strong>mulier</strong></span> <span class='ocrx_word' id='word_1_778' title='bbox 2350 3893 2678 3963; x_wconf 90' lang='lat' dir='ltr'><strong>pudicitiam,</strong></span> <span class='ocrx_word' id='word_1_779' title='bbox 2702 3893 2794 3947; x_wconf 87' lang='lat' dir='ltr'><strong>sed</strong></span> <span class='ocrx_word' id='word_1_780' title='bbox 2825 3893 2935 3948; x_wconf 91' lang='lat' dir='ltr'><strong>Deo</strong></span> <span class='ocrx_word' id='word_1_781' title='bbox 2963 3893 3106 3946; x_wconf 88' lang='lat' dir='ltr'><strong>illam</strong></span> <span class='ocrx_word' id='word_1_782' title='bbox 3133 3891 3310 3958; x_wconf 88' lang='lat' dir='ltr'><strong>debet,</strong></span> <span class='ocrx_word' id='word_1_783' title='bbox 3334 3892 3546 3947; x_wconf 85' lang='lat' dir='ltr'><strong>Christo</strong></span> <span class='ocrx_word' id='word_1_784' title='bbox 3575 3893 3734 3948; x_wconf 87' lang='lat' dir='ltr'><strong>illam</strong></span> 
     </span>
    </p>
   </div>
   <div class='ocr_carea' id='block_1_97' title="bbox 2135 3983 3737 4054">
    <p class='ocr_par' dir='ltr' id='par_1_97' title="bbox 2135 3983 3737 4054">
     <span class='ocr_line' id='line_1_97' title="bbox 2135 3983 3737 4054; baseline 0.001 -14"><span class='ocrx_word' id='word_1_785' title='bbox 2135 3985 2312 4041; x_wconf 86' lang='lat' dir='ltr'><strong>debet.</strong></span> <span class='ocrx_word' id='word_1_786' title='bbox 2341 3985 2456 4040; x_wconf 90' lang='lat' dir='ltr'><strong>Non</strong></span> <span class='ocrx_word' id='word_1_787' title='bbox 2483 3993 2698 4054; x_wconf 86' lang='lat' dir='ltr'><strong>propter</strong></span> <span class='ocrx_word' id='word_1_788' title='bbox 2725 3984 2868 4038; x_wconf 92' lang='lat' dir='ltr'><strong>illum</strong></span> <span class='ocrx_word' id='word_1_789' title='bbox 2891 3983 3065 4049; x_wconf 85' lang='lat' dir='ltr'><strong>faciat,</strong></span> <span class='ocrx_word' id='word_1_790' title='bbox 3093 3983 3181 4054; x_wconf 88' lang='lat' dir='ltr'><strong>qui</strong></span> <span class='ocrx_word' id='word_1_791' title='bbox 3205 3997 3310 4038; x_wconf 89' lang='lat' dir='ltr'><strong>non</strong></span> <span class='ocrx_word' id='word_1_792' title='bbox 3333 3995 3600 4049; x_wconf 89' lang='lat' dir='ltr'><strong>meretur;</strong></span> <span class='ocrx_word' id='word_1_793' title='bbox 3626 3990 3737 4042; x_wconf 82' lang='lat' dir='ltr'><strong>sed</strong></span> 
     </span>
    </p>
   </div>
   <div class='ocr_carea' id='block_1_98' title="bbox 2135 4073 3736 4148">
    <p class='ocr_par' dir='ltr' id='par_1_98' title="bbox 2135 4073 3736 4148">
     <span class='ocr_line' id='line_1_98' title="bbox 2135 4073 3736 4148; baseline 0 -18"><span class='ocrx_word' id='word_1_794' title='bbox 2135 4085 2352 4146; x_wconf 85' lang='lat' dir='ltr'><strong>prOpter</strong></span> <span class='ocrx_word' id='word_1_795' title='bbox 2389 4073 2653 4130; x_wconf 88' lang='lat' dir='ltr'><strong>Christum</strong></span> <span class='ocrx_word' id='word_1_796' title='bbox 2684 4073 2860 4128; x_wconf 87' lang='lat' dir='ltr'><strong>faciat.</strong></span> <span class='ocrx_word' id='word_1_797' title='bbox 2893 4073 3125 4128; x_wconf 86' lang='lat' dir='ltr'><strong>Pretium</strong></span> <span class='ocrx_word' id='word_1_798' title='bbox 3155 4089 3308 4148; x_wconf 83' lang='lat' dir='ltr'><strong>suum</strong></span> <span class='ocrx_word' id='word_1_799' title='bbox 3346 4075 3606 4142; x_wconf 84' lang='lat' dir='ltr'><strong>attendat,</strong></span> <span class='ocrx_word' id='word_1_800' title='bbox 3641 4086 3736 4130; x_wconf 88' lang='lat' dir='ltr'><strong>ta-</strong></span> 
     </span>
    </p>
   </div>
   <div class='ocr_carea' id='block_1_99' title="bbox 2135 4165 3738 4237">
    <p class='ocr_par' dir='ltr' id='par_1_99' title="bbox 2135 4165 3738 4237">
     <span class='ocr_line' id='line_1_99' title="bbox 2135 4165 3738 4237; baseline 0.002 -17"><span class='ocrx_word' id='word_1_801' title='bbox 2135 4166 2286 4221; x_wconf 89' lang='lat' dir='ltr'><strong>bulas</strong></span> <span class='ocrx_word' id='word_1_802' title='bbox 2328 4181 2451 4222; x_wconf 85' lang='lat' dir='ltr'><strong>suas</strong></span> <span class='ocrx_word' id='word_1_803' title='bbox 2495 4166 2653 4237; x_wconf 86' lang='lat' dir='ltr'><strong>legat.</strong></span> <span class='ocrx_word' id='word_1_804' title='bbox 2705 4166 2980 4220; x_wconf 84' lang='lat' dir='ltr'><strong>Postremo</strong></span> <span class='ocrx_word' id='word_1_805' title='bbox 3019 4165 3160 4236; x_wconf 86' lang='lat' dir='ltr'><strong>quod</strong></span> <span class='ocrx_word' id='word_1_806' title='bbox 3204 4165 3331 4222; x_wconf 86' lang='lat' dir='ltr'><strong>libet</strong></span> <span class='ocrx_word' id='word_1_807' title='bbox 3373 4166 3586 4232; x_wconf 89' lang='lat' dir='ltr'><strong>sentiat,</strong></span> <span class='ocrx_word' id='word_1_808' title='bbox 3633 4169 3738 4237; x_wconf 88' lang='lat' dir='ltr'><strong>qui</strong></span> 
     </span>
    </p>
   </div>
   <div class='ocr_carea' id='block_1_100' title="bbox 2134 4257 3742 4330">
    <p class='ocr_par' dir='ltr' id='par_1_100' title="bbox 2134 4257 3742 4330">
     <span class='ocr_line' id='line_1_100' title="bbox 2134 4257 3742 4330; baseline 0.003 -19"><span class='ocrx_word' id='word_1_809' title='bbox 2134 4257 2270 4311; x_wconf 84' lang='lat' dir='ltr'><strong>forte</strong></span> <span class='ocrx_word' id='word_1_810' title='bbox 2297 4257 2618 4328; x_wconf 82' lang='lat' dir='ltr'><strong>indignatur,</strong></span> <span class='ocrx_word' id='word_1_811' title='bbox 2667 4257 2788 4328; x_wconf 85' lang='lat' dir='ltr'><strong>quia</strong></span> <span class='ocrx_word' id='word_1_812' title='bbox 2838 4257 2962 4312; x_wconf 85' lang='lat' dir='ltr'><strong>talia</strong></span> <span class='ocrx_word' id='word_1_813' title='bbox 3008 4257 3221 4328; x_wconf 80' lang='lat' dir='ltr'><strong>diSputo</strong></span> <span class='ocrx_word' id='word_1_814' title='bbox 3253 4276 3268 4313; x_wconf 91' lang='lat'><strong>:</strong></span> <span class='ocrx_word' id='word_1_815' title='bbox 3300 4273 3421 4312; x_wconf 89' lang='lat' dir='ltr'><strong>nam</strong></span> <span class='ocrx_word' id='word_1_816' title='bbox 3451 4259 3584 4324; x_wconf 88' lang='lat' dir='ltr'><strong>scio,</strong></span> <span class='ocrx_word' id='word_1_817' title='bbox 3629 4261 3742 4330; x_wconf 82' lang='lat' dir='ltr'><strong>qui</strong></span> 
     </span>
    </p>
   </div>
   <div class='ocr_carea' id='block_1_101' title="bbox 2133 4349 3740 4420">
    <p class='ocr_par' dir='ltr' id='par_1_101' title="bbox 2133 4349 3740 4420">
     <span class='ocr_line' id='line_1_101' title="bbox 2133 4349 3740 4420; baseline 0.001 -14"><span class='ocrx_word' id='word_1_818' title='bbox 2133 4351 2366 4420; x_wconf 81' lang='lat' dir='ltr'><strong>Sapiunt,</strong></span> <span class='ocrx_word' id='word_1_819' title='bbox 2395 4360 2574 4404; x_wconf 86' lang='lat' dir='ltr'><strong>amant</strong></span> <span class='ocrx_word' id='word_1_820' title='bbox 2595 4349 2716 4405; x_wconf 90' lang='lat' dir='ltr'><strong>inde</strong></span> <span class='ocrx_word' id='word_1_821' title='bbox 2733 4365 2852 4414; x_wconf 87' lang='lat' dir='ltr'><strong>me;</strong></span> <span class='ocrx_word' id='word_1_822' title='bbox 2880 4349 3000 4420; x_wconf 88' lang='lat' dir='ltr'><strong>quia</strong></span> <span class='ocrx_word' id='word_1_823' title='bbox 3027 4365 3128 4404; x_wconf 89' lang='lat' dir='ltr'><strong>non</strong></span> <span class='ocrx_word' id='word_1_824' title='bbox 3153 4349 3270 4404; x_wconf 90' lang='lat' dir='ltr'><strong>sine</strong></span> <span class='ocrx_word' id='word_1_825' title='bbox 3283 4364 3442 4404; x_wconf 83' lang='lat' dir='ltr'><strong>causa</strong></span> <span class='ocrx_word' id='word_1_826' title='bbox 3459 4351 3740 4420; x_wconf 85' lang='lat' dir='ltr'><strong>scriptum</strong></span> 
     </span>
    </p>
   </div>
   <div class='ocr_carea' id='block_1_102' title="bbox 2131 4427 3740 4512">
    <p class='ocr_par' dir='ltr' id='par_1_102' title="bbox 2131 4427 3740 4512">
     <span class='ocr_line' id='line_1_102' title="bbox 2131 4427 3740 4512; baseline -0.001 -14"><span class='ocrx_word' id='word_1_827' title='bbox 2131 4452 2234 4510; x_wconf 87' lang='lat' dir='ltr'><strong>est,</strong></span> <span class='ocrx_word' id='word_1_828' title='bbox 2253 4440 2462 4511; x_wconf 84' lang='lat' dir='ltr'><strong>Corripe</strong></span> <span class='ocrx_word' id='word_1_829' title='bbox 2479 4442 2772 4512; x_wconf 81' lang='lat' dir='ltr'><strong>sapientem,</strong></span> <span class='ocrx_word' id='word_1_830' title='bbox 2793 4451 2838 4494; x_wconf 88' lang='lat' dir='ltr'><strong>et</strong></span> <span class='ocrx_word' id='word_1_831' title='bbox 2858 4440 3043 4494; x_wconf 82' lang='lat' dir='ltr'><strong>amabit</strong></span> <span class='ocrx_word' id='word_1_832' title='bbox 3060 4450 3142 4504; x_wconf 87' lang='lat' dir='ltr'><strong>te;</strong></span> <span class='ocrx_word' id='word_1_833' title='bbox 3163 4441 3356 4511; x_wconf 84' lang='lat' dir='ltr'><strong>corripe</strong></span> <span class='ocrx_word' id='word_1_834' title='bbox 3377 4427 3740 4512; x_wconf 73' lang='lat' dir='ltr'><strong>insipientem,</strong></span> 
     </span>
    </p>
   </div>
   <div class='ocr_carea' id='block_1_103' title="bbox 2130 4530 3741 4605">
    <p class='ocr_par' dir='ltr' id='par_1_103' title="bbox 2130 4530 3741 4605">
     <span class='ocr_line' id='line_1_103' title="bbox 2130 4530 3741 4605; baseline 0.002 -17"><span class='ocrx_word' id='word_1_835' title='bbox 2130 4543 2176 4588; x_wconf 84' lang='lat' dir='ltr'><strong>et</strong></span> <span class='ocrx_word' id='word_1_836' title='bbox 2199 4534 2407 4605; x_wconf 83' lang='lat' dir='ltr'><strong>adjiciet</strong></span> <span class='ocrx_word' id='word_1_837' title='bbox 2441 4533 2606 4588; x_wconf 78' lang='lat' dir='ltr'><strong>odisse</strong></span> <span class='ocrx_word' id='word_1_838' title='bbox 2631 4543 2677 4588; x_wconf 86' lang='lat' dir='ltr'><strong>te</strong></span> <span class='ocrx_word' id='word_1_839' title='bbox 2706 4532 2884 4603; x_wconf 83' lang='lat' dir='ltr'><strong>(Prov.</strong></span> <span class='ocrx_word' id='word_1_840' title='bbox 2914 4549 2994 4596; x_wconf 75' lang='lat' dir='ltr'><strong>Ix,</strong></span> <span class='ocrx_word' id='word_1_841' title='bbox 3021 4530 3100 4605; x_wconf 88' lang='lat'><strong>8).</strong></span> <span class='ocrx_word' id='word_1_842' title='bbox 3131 4531 3244 4588; x_wconf 88' lang='lat' dir='ltr'><strong>Non</strong></span> <span class='ocrx_word' id='word_1_843' title='bbox 3273 4533 3422 4599; x_wconf 83' lang='lat' dir='ltr'><strong>dixit,</strong></span> <span class='ocrx_word' id='word_1_844' title='bbox 3457 4533 3690 4604; x_wconf 84' lang='lat' dir='ltr'><strong>lncipiet</strong></span> <span class='ocrx_word' id='word_1_845' title='bbox 3720 4555 3741 4601; x_wconf 83' lang='lat'><strong>;</strong></span> 
     </span>
    </p>
   </div>
   <div class='ocr_carea' id='block_1_104' title="bbox 2131 4624 3750 4696">
    <p class='ocr_par' dir='ltr' id='par_1_104' title="bbox 2131 4624 3750 4696">
     <span class='ocr_line' id='line_1_104' title="bbox 2131 4624 3750 4696; baseline 0.002 -16"><span class='ocrx_word' id='word_1_846' title='bbox 2131 4625 2246 4690; x_wconf 90' lang='lat' dir='ltr'><strong>sed,</strong></span> <span class='ocrx_word' id='word_1_847' title='bbox 2273 4625 2476 4696; x_wconf 73' lang='lat' dir='ltr'><strong>adjiciat</strong></span> <span class='ocrx_word' id='word_1_848' title='bbox 2503 4641 2522 4680; x_wconf 89' lang='lat'><strong><em>:</em></strong></span> <span class='ocrx_word' id='word_1_849' title='bbox 2545 4626 2664 4696; x_wconf 87' lang='lat' dir='ltr'><strong>quia</strong></span> <span class='ocrx_word' id='word_1_850' title='bbox 2689 4624 2800 4694; x_wconf 88' lang='lat' dir='ltr'><strong>jam</strong></span> <span class='ocrx_word' id='word_1_851' title='bbox 2827 4625 3032 4680; x_wconf 88' lang='lat' dir='ltr'><strong>oderat.</strong></span> <span class='ocrx_word' id='word_1_852' title='bbox 3059 4624 3202 4694; x_wconf 87' lang='lat' dir='ltr'><strong>Ergo</strong></span> <span class='ocrx_word' id='word_1_853' title='bbox 3227 4624 3338 4680; x_wconf 91' lang='lat' dir='ltr'><strong>scio</strong></span> <span class='ocrx_word' id='word_1_854' title='bbox 3357 4625 3476 4695; x_wconf 86' lang='lat' dir='ltr'><strong>quia</strong></span> <span class='ocrx_word' id='word_1_855' title='bbox 3503 4627 3750 4696; x_wconf 76' lang='lat' dir='ltr'><strong>sapien-</strong></span> 
     </span>
    </p>
   </div>
   <div class='ocr_carea' id='block_1_105' title="bbox 2132 4715 3758 4784">
    <p class='ocr_par' dir='ltr' id='par_1_105' title="bbox 2132 4715 3758 4784">
     <span class='ocr_line' id='line_1_105' title="bbox 2132 4715 3758 4784; baseline 0.001 -12"><span class='ocrx_word' id='word_1_856' title='bbox 2132 4726 2212 4774; x_wconf 91' lang='lat' dir='ltr'><strong>tes</strong></span> <span class='ocrx_word' id='word_1_857' title='bbox 2239 4727 2418 4773; x_wconf 86' lang='lat' dir='ltr'><strong>amant</strong></span> <span class='ocrx_word' id='word_1_858' title='bbox 2444 4733 2530 4774; x_wconf 87' lang='lat' dir='ltr'><strong>me</strong></span> <span class='ocrx_word' id='word_1_859' title='bbox 2559 4719 2611 4774; x_wconf 92' lang='lat' dir='ltr'><strong>in</strong></span> <span class='ocrx_word' id='word_1_860' title='bbox 2650 4717 2772 4772; x_wconf 89' lang='lat' dir='ltr'><strong>hoc.</strong></span> <span class='ocrx_word' id='word_1_861' title='bbox 2817 4717 2860 4771; x_wconf 88' lang='lat' dir='ltr'><strong>A</strong></span> <span class='ocrx_word' id='word_1_862' title='bbox 2899 4717 3272 4772; x_wconf 88' lang='lat' dir='ltr'><strong>communione</strong></span> <span class='ocrx_word' id='word_1_863' title='bbox 3297 4731 3358 4772; x_wconf 89' lang='lat' dir='ltr'><strong>se</strong></span> <span class='ocrx_word' id='word_1_864' title='bbox 3385 4715 3688 4774; x_wconf 80' lang='lat' dir='ltr'><strong>cohibeant</strong></span> <span class='ocrx_word' id='word_1_865' title='bbox 3737 4763 3758 4784; x_wconf 88' lang='grc'><em>,</em></span> 
     </span>
    </p>
   </div>
   <div class='ocr_carea' id='block_1_106' title="bbox 2131 4807 3750 4882">
    <p class='ocr_par' dir='ltr' id='par_1_106' title="bbox 2131 4807 3750 4882">
     <span class='ocr_line' id='line_1_106' title="bbox 2131 4807 3750 4882; baseline 0.004 -17"><span class='ocrx_word' id='word_1_866' title='bbox 2131 4812 2222 4882; x_wconf 90' lang='lat' dir='ltr'><strong>qui</strong></span> <span class='ocrx_word' id='word_1_867' title='bbox 2245 4811 2420 4866; x_wconf 89' lang='lat' dir='ltr'><strong>sciunt</strong></span> <span class='ocrx_word' id='word_1_868' title='bbox 2443 4809 2564 4881; x_wconf 87' lang='lat' dir='ltr'><strong>quia</strong></span> <span class='ocrx_word' id='word_1_869' title='bbox 2586 4809 2708 4866; x_wconf 90' lang='lat' dir='ltr'><strong>novi</strong></span> <span class='ocrx_word' id='word_1_870' title='bbox 2733 4819 2950 4880; x_wconf 87' lang='lat' dir='ltr'><strong>peccata</strong></span> <span class='ocrx_word' id='word_1_871' title='bbox 2972 4809 3244 4882; x_wconf 76' lang='lat' dir='ltr'><strong>ipsorum;</strong></span> <span class='ocrx_word' id='word_1_872' title='bbox 3275 4825 3341 4863; x_wconf 90' lang='lat' dir='ltr'><strong>ne</strong></span> <span class='ocrx_word' id='word_1_873' title='bbox 3367 4807 3434 4864; x_wconf 90' lang='lat' dir='ltr'><strong>de</strong></span> <span class='ocrx_word' id='word_1_874' title='bbox 3463 4811 3750 4871; x_wconf 59' lang='lat' dir='ltr'><strong>cancellis</strong></span> 
     </span>
    </p>
   </div>
   <div class='ocr_carea' id='block_1_107' title="bbox 2131 4899 3760 4972">
    <p class='ocr_par' dir='ltr' id='par_1_107' title="bbox 2131 4899 3760 4972">
     <span class='ocr_line' id='line_1_107' title="bbox 2131 4899 3760 4972; baseline -0.002 -16"><span class='ocrx_word' id='word_1_875' title='bbox 2131 4902 2497 4972; x_wconf 88' lang='lat' dir='ltr'><strong>projiciantur.</strong></span> <span class='ocrx_word' id='word_1_876' title='bbox 2540 4901 2778 4968; x_wconf 86' lang='lat' dir='ltr'><strong>Quorum</strong></span> <span class='ocrx_word' id='word_1_877' title='bbox 2805 4910 2983 4956; x_wconf 86' lang='lat' dir='ltr'><strong>autem</strong></span> <span class='ocrx_word' id='word_1_878' title='bbox 3029 4901 3229 4966; x_wconf 89' lang='lat' dir='ltr'><strong>nescio,</strong></span> <span class='ocrx_word' id='word_1_879' title='bbox 3271 4899 3367 4954; x_wconf 90' lang='lat' dir='ltr'><strong>hos</strong></span> <span class='ocrx_word' id='word_1_880' title='bbox 3397 4914 3576 4955; x_wconf 84' lang='lat' dir='ltr'><strong>coram</strong></span> <span class='ocrx_word' id='word_1_881' title='bbox 3611 4901 3760 4960; x_wconf 66' lang='lat' dir='ltr'><strong>Dec.</strong></span> 
     </span>
    </p>
   </div>
   <div class='ocr_carea' id='block_1_108' title="bbox 2129 4992 3758 5067">
    <p class='ocr_par' dir='ltr' id='par_1_108' title="bbox 2129 4992 3758 5067">
     <span class='ocr_line' id='line_1_108' title="bbox 2129 4992 3758 5067; baseline -0.001 -17"><span class='ocrx_word' id='word_1_882' title='bbox 2129 4995 2408 5050; x_wconf 91' lang='lat' dir='ltr'><strong>convenio.</strong></span> <span class='ocrx_word' id='word_1_883' title='bbox 2443 4996 2612 5064; x_wconf 84' lang='lat' dir='ltr'><strong>Agant</strong></span> <span class='ocrx_word' id='word_1_884' title='bbox 2639 4994 2798 5050; x_wconf 88' lang='lat' dir='ltr'><strong>etiam</strong></span> <span class='ocrx_word' id='word_1_885' title='bbox 2825 4994 2923 5064; x_wconf 79' lang='lat' dir='ltr'><strong>ipsi</strong></span> <span class='ocrx_word' id='word_1_886' title='bbox 2957 4992 3339 5062; x_wconf 67' lang='lat' dir='ltr'><strong>penitentiam,</strong></span> <span class='ocrx_word' id='word_1_887' title='bbox 3379 5002 3434 5048; x_wconf 88' lang='lat' dir='ltr'><strong>et</strong></span> <span class='ocrx_word' id='word_1_888' title='bbox 3461 4993 3758 5067; x_wconf 79' lang='lat' dir='ltr'><strong>deinceps</strong></span> 
     </span>
    </p>
   </div>
   <div class='ocr_carea' id='block_1_109' title="bbox 2127 5085 3569 5142">
    <p class='ocr_par' dir='ltr' id='par_1_109' title="bbox 2127 5085 3569 5142">
     <span class='ocr_line' id='line_1_109' title="bbox 2127 5085 3569 5142; baseline -0.001 0"><span class='ocrx_word' id='word_1_889' title='bbox 2127 5088 2196 5142; x_wconf 87' lang='lat' dir='ltr'><strong>ab</strong></span> <span class='ocrx_word' id='word_1_890' title='bbox 2223 5085 2554 5142; x_wconf 88' lang='lat' dir='ltr'><strong>immunditia</strong></span> <span class='ocrx_word' id='word_1_891' title='bbox 2581 5086 2882 5140; x_wconf 87' lang='lat' dir='ltr'><strong>abstineant</strong></span> <span class='ocrx_word' id='word_1_892' title='bbox 2905 5085 3306 5140; x_wconf 89' lang='lat' dir='ltr'><strong>fornicationum</strong></span> <span class='ocrx_word' id='word_1_893' title='bbox 3331 5100 3569 5140; x_wconf 83' lang='lat' dir='ltr'><strong>suarum.</strong></span> 
     </span>
    </p>
   </div>
   <div class='ocr_carea' id='block_1_110' title="bbox 2199 5175 3760 5238">
    <p class='ocr_par' dir='ltr' id='par_1_110' title="bbox 2199 5175 3760 5238">
     <span class='ocr_line' id='line_1_110' title="bbox 2199 5175 3760 5238; baseline -0.001 -6"><span class='ocrx_word' id='word_1_894' title='bbox 2199 5176 2424 5233; x_wconf 83' lang='lat' dir='ltr'><strong>CAPUT</strong></span> <span class='ocrx_word' id='word_1_895' title='bbox 2465 5175 2552 5231; x_wconf 79' lang='lat' dir='ltr'><strong>Vl.</strong></span> <span class='ocrx_word' id='word_1_896' title='bbox 2572 5207 2646 5216; x_wconf 92' lang='lat'><strong>-—-</strong></span> <span class='ocrx_word' id='word_1_897' title='bbox 2659 5175 2712 5231; x_wconf 85' lang='lat'><strong>6.</strong></span> <span class='ocrx_word' id='word_1_898' title='bbox 2739 5175 3044 5230; x_wconf 67' lang='lat' dir='ltr'><strong>Paenitentes</strong></span> <span class='ocrx_word' id='word_1_899' title='bbox 3065 5185 3338 5230; x_wconf 83' lang='lat' dir='ltr'><strong>mutentur.</strong></span> <span class='ocrx_word' id='word_1_900' title='bbox 3358 5175 3760 5238; x_wconf 66' lang='lat' dir='ltr'><strong>Gates-humani</strong></span> 
     </span>
    </p>
   </div>
   <div class='ocr_carea' id='block_1_111' title="bbox 2126 5267 3760 5340">
    <p class='ocr_par' dir='ltr' id='par_1_111' title="bbox 2126 5267 3760 5340">
     <span class='ocr_line' id='line_1_111' title="bbox 2126 5267 3760 5340; baseline 0.002 -17"><span class='ocrx_word' id='word_1_901' title='bbox 2126 5271 2384 5323; x_wconf 82' lang='lat' dir='ltr'><strong>imitentur</strong></span> <span class='ocrx_word' id='word_1_902' title='bbox 2423 5267 2578 5322; x_wconf 79' lang='lat' dir='ltr'><strong>bonos</strong></span> <span class='ocrx_word' id='word_1_903' title='bbox 2606 5268 2669 5322; x_wconf 84' lang='lat' dir='ltr'><strong>de</strong></span> <span class='ocrx_word' id='word_1_904' title='bbox 2711 5267 2958 5322; x_wconf 81' lang='lat' dir='ltr'><strong>Ecclesia.</strong></span> <span class='ocrx_word' id='word_1_905' title='bbox 2989 5267 3373 5322; x_wconf 67' lang='lat' dir='ltr'><strong>Ptnniteutibus</strong></span> <span class='ocrx_word' id='word_1_906' title='bbox 3399 5267 3519 5323; x_wconf 91' lang='lat' dir='ltr'><strong>dico</strong></span> <span class='ocrx_word' id='word_1_907' title='bbox 3546 5287 3560 5323; x_wconf 89' lang='lat'><strong>:</strong></span> <span class='ocrx_word' id='word_1_908' title='bbox 3585 5274 3760 5340; x_wconf 76' lang='lat' dir='ltr'><strong>quid</strong></span> 
     </span>
    </p>
   </div>
   <div class='ocr_carea' id='block_1_112' title="bbox 2125 5359 3766 5432">
    <p class='ocr_par' dir='ltr' id='par_1_112' title="bbox 2125 5359 3766 5432">
     <span class='ocr_line' id='line_1_112' title="bbox 2125 5359 3766 5432; baseline 0.004 -15"><span class='ocrx_word' id='word_1_909' title='bbox 2125 5371 2208 5418; x_wconf 92' lang='lat' dir='ltr'><strong>est</strong></span> <span class='ocrx_word' id='word_1_910' title='bbox 2235 5361 2375 5432; x_wconf 90' lang='lat' dir='ltr'><strong>quod</strong></span> <span class='ocrx_word' id='word_1_911' title='bbox 2416 5360 2612 5430; x_wconf 87' lang='lat' dir='ltr'><strong>agitis?</strong></span> <span class='ocrx_word' id='word_1_912' title='bbox 2655 5359 2878 5428; x_wconf 88' lang='lat' dir='ltr'><strong>Scitote,</strong></span> <span class='ocrx_word' id='word_1_913' title='bbox 2919 5359 3050 5414; x_wconf 91' lang='lat' dir='ltr'><strong>nihil</strong></span> <span class='ocrx_word' id='word_1_914' title='bbox 3091 5360 3266 5432; x_wconf 79' lang='lat' dir='ltr'><strong>agitis.</strong></span> <span class='ocrx_word' id='word_1_915' title='bbox 3313 5360 3448 5425; x_wconf 81' lang='lat' dir='ltr'><strong>Quid</strong></span> <span class='ocrx_word' id='word_1_916' title='bbox 3495 5362 3766 5430; x_wconf 82' lang='lat' dir='ltr'><strong>prodest</strong></span> 
     </span>
    </p>
   </div>
   <div class='ocr_carea' id='block_1_113' title="bbox 2125 5449 3764 5524">
    <p class='ocr_par' dir='ltr' id='par_1_113' title="bbox 2125 5449 3764 5524">
     <span class='ocr_line' id='line_1_113' title="bbox 2125 5449 3764 5524; baseline 0.004 -16"><span class='ocrx_word' id='word_1_917' title='bbox 2125 5455 2246 5524; x_wconf 88' lang='lat' dir='ltr'><strong>quia</strong></span> <span class='ocrx_word' id='word_1_918' title='bbox 2292 5451 2660 5519; x_wconf 89' lang='lat' dir='ltr'><strong>humiliamini,</strong></span> <span class='ocrx_word' id='word_1_919' title='bbox 2707 5452 2752 5506; x_wconf 92' lang='lat' dir='ltr'><strong>si</strong></span> <span class='ocrx_word' id='word_1_920' title='bbox 2793 5467 2900 5506; x_wconf 93' lang='lat' dir='ltr'><strong>non</strong></span> <span class='ocrx_word' id='word_1_921' title='bbox 2945 5451 3264 5507; x_wconf 85' lang='lat' dir='ltr'><strong>mutamini?</strong></span> <span class='ocrx_word' id='word_1_922' title='bbox 3303 5449 3764 5514; x_wconf 81' lang='lat' dir='ltr'><strong>Catechumems</strong></span> 
     </span>
    </p>
   </div>
   <div class='ocr_carea' id='block_1_114' title="bbox 2123 5543 3762 5614">
    <p class='ocr_par' dir='ltr' id='par_1_114' title="bbox 2123 5543 3762 5614">
     <span class='ocr_line' id='line_1_114' title="bbox 2123 5543 3762 5614; baseline -0.002 -12"><span class='ocrx_word' id='word_1_923' title='bbox 2123 5547 2245 5602; x_wconf 90' lang='lat' dir='ltr'><strong>dico</strong></span> <span class='ocrx_word' id='word_1_924' title='bbox 2267 5565 2278 5600; x_wconf 92' lang='lat'><strong>:</strong></span> <span class='ocrx_word' id='word_1_925' title='bbox 2299 5543 2625 5600; x_wconf 79' lang='lat' dir='ltr'><strong>exardescite</strong></span> <span class='ocrx_word' id='word_1_926' title='bbox 2651 5544 2924 5600; x_wconf 87' lang='lat' dir='ltr'><strong>voluntate</strong></span> <span class='ocrx_word' id='word_1_927' title='bbox 2955 5544 3023 5600; x_wconf 91' lang='lat' dir='ltr'><strong>ad</strong></span> <span class='ocrx_word' id='word_1_928' title='bbox 3047 5544 3437 5614; x_wconf 86' lang='lat' dir='ltr'><strong>percipiendam</strong></span> <span class='ocrx_word' id='word_1_929' title='bbox 3461 5545 3762 5613; x_wconf 75' lang='lat' dir='ltr'><strong>gratiam.</strong></span> 
     </span>
    </p>
   </div>
   <div class='ocr_carea' id='block_1_115' title="bbox 2124 5633 3768 5708">
    <p class='ocr_par' dir='ltr' id='par_1_115' title="bbox 2124 5633 3768 5708">
     <span class='ocr_line' id='line_1_115' title="bbox 2124 5633 3768 5708; baseline -0.003 -13"><span class='ocrx_word' id='word_1_930' title='bbox 2124 5639 2229 5698; x_wconf 90' lang='lat' dir='ltr'><strong>Sed</strong></span> <span class='ocrx_word' id='word_1_931' title='bbox 2263 5639 2443 5708; x_wconf 87' lang='lat' dir='ltr'><strong>eligite</strong></span> <span class='ocrx_word' id='word_1_932' title='bbox 2471 5637 2620 5690; x_wconf 89' lang='lat' dir='ltr'><strong>vobis</strong></span> <span class='ocrx_word' id='word_1_933' title='bbox 2643 5636 2693 5690; x_wconf 92' lang='lat' dir='ltr'><strong>in</strong></span> <span class='ocrx_word' id='word_1_934' title='bbox 2739 5635 2978 5690; x_wconf 88' lang='lat' dir='ltr'><strong>Ecclesia</strong></span> <span class='ocrx_word' id='word_1_935' title='bbox 3021 5635 3112 5692; x_wconf 90' lang='lat' dir='ltr'><strong>Dei</strong></span> <span class='ocrx_word' id='word_1_936' title='bbox 3143 5650 3278 5706; x_wconf 90' lang='lat' dir='ltr'><strong>quos</strong></span> <span class='ocrx_word' id='word_1_937' title='bbox 3305 5633 3606 5692; x_wconf 88' lang='lat' dir='ltr'><strong>imitemini.</strong></span> <span class='ocrx_word' id='word_1_938' title='bbox 3671 5637 3768 5704; x_wconf 71' lang='grc' dir='ltr'><strong>ςε</strong></span> 
     </span>
    </p>
   </div>
   <div class='ocr_carea' id='block_1_116' title="bbox 2113 5745 2926 5816">
    <p class='ocr_par' dir='ltr' id='par_1_116' title="bbox 2113 5745 2926 5816">
     <span class='ocr_line' id='line_1_116' title="bbox 2113 5745 2926 5816; baseline -0.004 -15"><span class='ocrx_word' id='word_1_939' title='bbox 2113 5805 2118 5812; x_wconf 95' lang='lat'><em>_</em></span> <span class='ocrx_word' id='word_1_940' title='bbox 2187 5751 2258 5815; x_wconf 78' lang='grc' dir='ltr'><strong>(ιι)</strong></span> <span class='ocrx_word' id='word_1_941' title='bbox 2293 5759 2441 5802; x_wconf 70' lang='lat' dir='ltr'><strong>Serm.</strong></span> <span class='ocrx_word' id='word_1_942' title='bbox 2477 5749 2578 5808; x_wconf 75' lang='lat' dir='ltr'><strong>I32,</strong></span> <span class='ocrx_word' id='word_1_943' title='bbox 2602 5761 2706 5810; x_wconf 80' lang='lat' dir='ltr'><strong>cap.</strong></span> <span class='ocrx_word' id='word_1_944' title='bbox 2733 5745 2780 5806; x_wconf 72' lang='lat'><strong>2,</strong></span> <span class='ocrx_word' id='word_1_945' title='bbox 2799 5759 2855 5816; x_wconf 52' lang='grc' dir='ltr'><strong>ξι.</strong></span> <span class='ocrx_word' id='word_1_946' title='bbox 2881 5745 2926 5798; x_wconf 72' lang='lat'><strong>3.</strong></span> 
     </span>
    </p>
   </div>
   <div class='ocr_carea' id='block_1_117' title="bbox 427 5359 2022 5433">
    <p class='ocr_par' dir='ltr' id='par_1_117' title="bbox 427 5359 2022 5433">
     <span class='ocr_line' id='line_1_117' title="bbox 427 5359 2022 5433; baseline 0.008 -20"><span class='ocrx_word' id='word_1_947' title='bbox 427 5359 703 5425; x_wconf 84' lang='lat' dir='ltr'><strong>comitem,</strong></span> <span class='ocrx_word' id='word_1_948' title='bbox 736 5377 841 5418; x_wconf 90' lang='lat' dir='ltr'><strong>non</strong></span> <span class='ocrx_word' id='word_1_949' title='bbox 874 5363 1245 5433; x_wconf 79' lang='lat' dir='ltr'><strong>imperatorem</strong></span> <span class='ocrx_word' id='word_1_950' title='bbox 1272 5383 1286 5430; x_wconf 92' lang='lat'><strong>;</strong></span> <span class='ocrx_word' id='word_1_951' title='bbox 1331 5365 1426 5420; x_wconf 91' lang='lat' dir='ltr'><strong>sed</strong></span> <span class='ocrx_word' id='word_1_952' title='bbox 1451 5365 1742 5422; x_wconf 90' lang='lat' dir='ltr'><strong>Christum.</strong></span> <span class='ocrx_word' id='word_1_953' title='bbox 1775 5367 1832 5422; x_wconf 83' lang='grc' dir='ltr'><strong>ιιι</strong></span> <span class='ocrx_word' id='word_1_954' title='bbox 1864 5379 2022 5425; x_wconf 70' lang='grc' dir='ltr'><strong>οςιιιε-</strong></span> 
     </span>
    </p>
   </div>
   <div class='ocr_carea' id='block_1_118' title="bbox 428 5450 2018 5525">
    <p class='ocr_par' dir='ltr' id='par_1_118' title="bbox 428 5450 2018 5525">
     <span class='ocr_line' id='line_1_118' title="bbox 428 5450 2018 5525; baseline 0.005 -19"><span class='ocrx_word' id='word_1_955' title='bbox 428 5450 504 5506; x_wconf 83' lang='lat' dir='ltr'><strong>ris</strong></span> <span class='ocrx_word' id='word_1_956' title='bbox 531 5452 781 5509; x_wconf 89' lang='lat' dir='ltr'><strong>omnibus</strong></span> <span class='ocrx_word' id='word_1_957' title='bbox 817 5455 1022 5510; x_wconf 65' lang='lat' dir='ltr'><strong>ancillae</strong></span> <span class='ocrx_word' id='word_1_958' title='bbox 1051 5465 1221 5511; x_wconf 88' lang='lat' dir='ltr'><strong>estote</strong></span> <span class='ocrx_word' id='word_1_959' title='bbox 1254 5457 1494 5511; x_wconf 90' lang='lat' dir='ltr'><strong>virorum</strong></span> <span class='ocrx_word' id='word_1_960' title='bbox 1539 5470 1858 5525; x_wconf 88' lang='lat' dir='ltr'><strong>vestrorum,</strong></span> <span class='ocrx_word' id='word_1_961' title='bbox 1889 5460 2018 5515; x_wconf 90' lang='lat' dir='ltr'><strong>sub-</strong></span> 
     </span>
    </p>
   </div>
   <div class='ocr_carea' id='block_1_119' title="bbox 429 5539 2014 5620">
    <p class='ocr_par' dir='ltr' id='par_1_119' title="bbox 429 5539 2014 5620">
     <span class='ocr_line' id='line_1_119' title="bbox 429 5539 2014 5620; baseline 0.006 -22"><span class='ocrx_word' id='word_1_962' title='bbox 429 5539 558 5598; x_wconf 74' lang='lat' dir='ltr'><strong>dita:</strong></span> <span class='ocrx_word' id='word_1_963' title='bbox 603 5543 668 5597; x_wconf 89' lang='lat' dir='ltr'><strong>ad</strong></span> <span class='ocrx_word' id='word_1_964' title='bbox 697 5545 1028 5614; x_wconf 88' lang='lat' dir='ltr'><strong>obsequium.</strong></span> <span class='ocrx_word' id='word_1_965' title='bbox 1071 5546 1221 5600; x_wconf 90' lang='lat' dir='ltr'><strong>Nulla</strong></span> <span class='ocrx_word' id='word_1_966' title='bbox 1265 5547 1335 5600; x_wconf 89' lang='lat' dir='ltr'><strong>sit</strong></span> <span class='ocrx_word' id='word_1_967' title='bbox 1365 5547 1417 5600; x_wconf 92' lang='lat' dir='ltr'><strong>in</strong></span> <span class='ocrx_word' id='word_1_968' title='bbox 1465 5546 1614 5602; x_wconf 88' lang='lat' dir='ltr'><strong>vobis</strong></span> <span class='ocrx_word' id='word_1_969' title='bbox 1661 5551 2014 5620; x_wconf 88' lang='lat' dir='ltr'><strong>protervitas,</strong></span> 
     </span>
    </p>
   </div>
   <div class='ocr_carea' id='block_1_120' title="bbox 426 5673 2018 5788">
    <p class='ocr_par' dir='ltr' id='par_1_120' title="bbox 426 5673 2018 5788">
     <span class='ocr_line' id='line_1_120' title="bbox 426 5673 2018 5788; baseline 0.013 -68"><span class='ocrx_word' id='word_1_970' title='bbox 747 5677 864 5726; x_wconf 74' lang='lat' dir='ltr'><strong>Editi</strong></span> <span class='ocrx_word' id='word_1_971' title='bbox 890 5689 1026 5740; x_wconf 86' lang='lat' dir='ltr'><strong>vero,</strong></span> <span class='ocrx_word' id='word_1_972' title='bbox 1049 5677 1120 5728; x_wconf 73' lang='lat' dir='ltr'><strong>vel</strong></span> <span class='ocrx_word' id='word_1_973' title='bbox 1159 5677 1346 5731; x_wconf 79' lang='lat' dir='ltr'><strong>vinculo</strong></span> <span class='ocrx_word' id='word_1_974' title='bbox 1383 5679 1641 5747; x_wconf 82' lang='lat' dir='ltr'><strong>conjugali,</strong></span> <span class='ocrx_word' id='word_1_975' title='bbox 1665 5683 1738 5735; x_wconf 79' lang='lat' dir='ltr'><strong>rel</strong></span> <span class='ocrx_word' id='word_1_976' title='bbox 1775 5687 2018 5742; x_wconf 68' lang='lat' dir='ltr'><strong>iteratione</strong></span> 
     </span>
    </p>
   </div>
  </div>
