4062 6368
313 384 442 442 ΗΠ

309 512 389 558 est
409 499 604 556 caelum
632 507 686 555 et
717 505 859 553 terra
879 538 893 562 ,
921 504 1140 568 propter
1162 510 1283 550 eum
1311 510 1470 564 quem
1495 493 1614 548 fecit
1636 491 1704 547 de
1726 500 1891 558 terra,

307 590 582 648 descendit
607 589 658 644 in
685 596 904 652 terram,
934 596 990 642 et
1015 587 1065 640 iu
1092 586 1285 641 emlum
1315 584 1436 640 hinc
1459 584 1653 639 levavit
1675 595 1891 637 terram.

307 681 460 751 Quod
485 698 615 751 ergo
645 682 697 736 in
729 680 820 735 illo
845 679 1138 750 prmcessit,
1167 677 1219 732 in
1247 676 1406 730 finem
1431 687 1730 743 speremus.
1753 671 1896 726 Red-

305 775 396 830 det
435 772 592 827 nobis
627 770 768 842 quod
806 770 1050 841 promisit
1081 785 1094 822 :
1127 767 1300 822 securi
1332 781 1515 820 sumus
1536 805 1551 828 ,
1593 763 1892 818 cautionem

306 865 448 928 fecit,
473 863 818 933 Evangelium
838 860 1079 931 scripsit;
1103 859 1287 915 reddet
1310 857 1480 912 nobis.
1505 856 1628 912 Plus
1648 864 1729 910 est
1752 853 1892 925 quod

306 956 568 1028 impendit
604 955 779 1010 nobis.
811 954 945 1009 Num
977 962 1224 1025 putamus
1246 952 1388 1008 enim
1427 966 1532 1006 non
1561 966 1683 1006 eum
1709 948 1892 1004 reddi-

307 1058 486 1101 turum
519 1048 683 1100 vitam
715 1060 888 1108 suam,
919 1044 1006 1115 qui
1038 1058 1136 1114 pro
1162 1042 1317 1098 nobis
1340 1042 1452 1114 jam
1481 1041 1716 1112 erogavit
1747 1055 1892 1095 mor-

307 1152 412 1195 tem
439 1155 589 1194 suam
606 1139 1012 1194 “humilitatem
1035 1137 1323 1208 passionis,
1340 1135 1589 1207 injurias,
1619 1144 1897 1196 contume-

308 1232 403 1286 lias
424 1272 441 1296 ,
469 1245 658 1286 omnes
686 1229 1027 1299 indignitates
1057 1230 1108 1284 in
1136 1238 1274 1284 terra
1302 1229 1536 1298 suscepit
1575 1241 1670 1296 pro
1700 1224 1852 1280 nobis
1877 1242 1890 1278 :

304 1337 567 1392 regnum,
617 1320 958 1386 felicitatem,
1010 1320 1494 1386 immortalitatem,
1539 1317 1894 1373 :eternitatem

304 1429 408 1468 non
451 1411 672 1466 donabit
712 1411 902 1467 nobis?
931 1411 1063 1466 Mala
1102 1418 1283 1466 nostra
1331 1409 1580 1479 pertulit,
1621 1408 1758 1462 bona
1799 1423 1894 1462 sua

305 1503 462 1557 nobis
493 1518 599 1558 non
628 1502 886 1558 donabit?
924 1501 1003 1557 Ad
1044 1501 1182 1557 hanc
1215 1518 1400 1572 spem,
1445 1501 1564 1570 quia
1606 1499 1898 1570 promissor

303 1605 387 1650 est
427 1611 626 1663 verax,
655 1596 828 1651 securi
870 1594 1242 1650 ambulemus:
1271 1593 1363 1648 sed
1409 1594 1487 1648 sic
1529 1594 1800 1658 vivamus,
1841 1600 1899 1646 ut

304 1688 445 1742 bona
475 1688 651 1743 fronte
676 1689 750 1742 illi
774 1688 1034 1756 dicamus,
1060 1687 1304 1743 Fecimus
1330 1687 1468 1758 quod
1487 1686 1710 1758 jussisti,
1735 1685 1897 1740 redde

305 1779 448 1849 quod
484 1779 798 1850 promisisti.

735 1913 964 1969 sentio
999 1911 1288 1969 eccxew
1370 1914 1468 1986 (a).

775 2035 823 2076 tu
844 2030 1172 2091 assumptione
1204 2041 1252 2091 ej
1268 2029 1434 2091 iscopi.

380 2155 432 2208 Ι.
470 2153 580 2210 Vos
617 2155 865 2226 quidem,
935 2156 1160 2223 fratres,
1201 2157 1594 2212 consolatorem
1621 2156 1893 2226 quaeritis:

305 2244 400 2298 sed
427 2245 594 2298 etiam
621 2259 720 2301 nos
743 2245 1054 2300 consolandi
1081 2262 1266 2301 sumus
1287 2263 1302 2311 ;
1326 2255 1380 2302 et
1399 2246 1695 2301 eouSolatio
1717 2255 1896 2300 nostra

305 2334 489 2388 nullus
512 2335 785 2391 hominum
806 2345 905 2404 est,
937 2337 1030 2393 sed
1055 2339 1144 2408 qui
1173 2337 1294 2393 facit
1316 2337 1620 2405 hominem;
1649 2337 1896 2408 quoniam

304 2427 395 2498 qui
431 2428 558 2484 fecit
585 2429 774 2496 reiicit,
801 2439 856 2486 et
880 2440 1086 2486 recreat
1113 2431 1200 2500 qui
1227 2433 1448 2488 creavit.
1475 2431 1588 2487 Non
1617 2445 1899 2502 possumus

307 2534 402 2588 per
429 2518 804 2575 infirmitatem
821 2521 924 2575 nisi
948 2521 1287 2588 contristari;
1313 2522 1405 2577 sed
1432 2538 1529 2593 per
1555 2538 1704 2592 spem
1737 2523 1901 2579 dehec

308 2623 428 2664 mus
456 2610 744 2666 consolari.
772 2611 970 2666 Omnes
998 2611 1166 2667 bonos
1190 2611 1388 2668 diutius
1416 2613 1691 2669 nobiscum
1720 2614 1899 2668 vivere

308 2703 581 2779 volumus,
612 2713 667 2760 et
696 2704 748 2758 in
775 2703 876 2760 hac
902 2704 1192 2775 asperrima
1226 2705 1330 2760 vita
1360 2707 1534 2762 deseri
1560 2723 1589 2761 a
1615 2705 1899 2763 comitibus

312 2795 595 2861 uolumus;
635 2795 730 2850 sed
772 2797 1155 2866 prtevcuientes
1195 2813 1292 2851 nos
1327 2799 1418 2868 qui
1459 2798 1596 2854 bene
1633 2801 1897 2864 vixerunt,

313 2887 596 2941 hortantur
620 2888 866 2958 exemplo
890 2902 989 2942 suo
1009 2930 1025 2955 ,
1055 2896 1113 2942 ut
1133 2889 1244 2942 sive
1268 2889 1358 2943 diu
1390 2888 1477 2944 hic
1501 2889 1760 2957 vivamus,
1789 2889 1902 2945 sive

311 2979 420 3032 cito
447 2976 573 3032 hinc
599 2993 818 3046 eamus,
847 2979 925 3034 sic
948 2981 1214 3046 vivamus,
1250 2990 1310 3036 ut
1343 2980 1411 3036 ad
1441 2981 1586 3052 ipsos
1604 2983 1900 3056 veniamus.

311 3069 448 3137 Quia
489 3068 544 3124 id
581 3070 756 3140 ipsum
791 3070 877 3127 hic
911 3070 1003 3126 diu
1033 3072 1245 3141 vivere,
1275 3072 1409 3129 nihil
1433 3072 1682 3129 estaliud
1703 3115 1720 3142 ,
1747 3089 1910 3146 quam.

379 3560 469 3626 (a)_
488 3559 730 3626 Fuﬁdius
749 3562 801 3622 in
825 3561 984 3626 Indice
1006 3575 1211 3625 operum
1235 3564 1481 3626 Augustini
1504 3569 1736 3614 recenset
1767 3563 1908 3614 habi-

317 3629 392 3670 tos
426 3622 491 3671 ab
529 3622 634 3689 ipso
658 3624 703 3689 i_u
737 3622 1053 3689 quorumdam
1077 3622 1407 3689 episcoporum
1449 3626 1755 3689 depositione
1798 3640 1908 3676 ser-

315 3696 489 3752 uantes
504 3719 518 3742 ,
544 3684 628 3745 qui
663 3684 897 3752 hactenus
918 3684 1275 3752 desiderantur.
1301 3687 1448 3752 Hujus
1471 3684 1615 3752 porro
1633 3690 1907 3752 argumenti

416 3745 498 3812 hic
519 3758 683 3812 sermo
700 3747 1047 3812 consolator-ius
1063 3783 1077 3806 ,
1101 3749 1182 3811 qui
1206 3745 1518 3812 _antea'iuter
1537 3745 1770 3812 r‘tilgeﬁtii
1783 3751 1910 3812 sub-

315 3805 504 3854 dititios
524 3804 710 3856 relatus
747 3807 937 3874 fuerat,
983 3804 1073 3858 sed
1099 3804 1394 3874 eruditorum
1435 3813 1558 3861 forte
1577 3804 1759 3874 judicio
1778 3811 1908 3862 inter

316 3879 582 3929 germanos
603 3871 850 3932 Augustini
870 3883 1128 3922 sermones
1148 3870 1471 3922 collocandus.

855 3959 1021 3970 Μ

1376 375 1608 432 διεκιιο
1645 373 1702 430 S.
1744 369 2170 429 PRESBYTER!
2209 369 2506 426 ERACLII.

3435 372 3576 428 1718

1994 485 2084 541 diu
2128 484 2398 540 molestias
2438 482 2721 539 sustinere.
2762 483 2892 540 Cum
2937 485 3048 541 Deo
3085 491 3262 541 autem
3310 486 3490 541 vivere
3525 496 3581 544 et

1996 577 2134 647 apud
2159 577 2344 642 Deum,
2377 575 2493 631 sine
2517 575 2619 630 ulla
2649 576 2885 631 molestia
2913 586 2995 633 est
3019 577 3227 645 vivere,
3254 576 3444 644 et_sine
3470 578 3581 637 ullo

1999 670 2189 724 timore
2217 683 2284 724 ne
2314 676 2494 738 pereat
2521 666 2763 732 felicitas,
2788 683 2906 737 qua:
2932 684 3038 722 non
3065 668 3227 724 habet
3254 668 3436 725 finem.
3473 670 3584 726 Nec

1996 759 2254 814 debemus
2279 757 2524 812 arbitrari
2561 757 2868 828 episcopum
2910 767 3179 823 vestrum,
3225 758 3441 815 fratrem
3478 775 3583 816 uo-

1997 860 2164 904 strum
2187 891 2200 915 ,
2230 849 2338 904 cito
2376 848 2501 904 hinc
2536 849 2642 904 isse
2661 890 2678 915 ,
2707 857 2760 903 et
2791 864 2977 919 parum
3002 850 3217 906 vixisse.
3250 850 3412 906 [tecte
3439 850 3581 909 enim

1998 943 2068 998 ibi
2098 957 2204 997 non
2232 957 2419 1011 parum
2451 941 2644 995 vivitur
2663 980 2676 1006 ,
2707 939 2796 995 ubi
2823 956 2944 995 cum
2970 939 3196 995 multum
3221 940 3448 1007 dicitur,
3476 958 3586 997 ncu

1954 1073 1956 1075 -
1998 1035 2197 1090 finitur.
2224 1033 2356 1089 Nam
2385 1033 2472 1088 hic
2495 1034 2654 1088 etiam
2683 1031 2823 1102 quod
2851 1031 3072 1088 multum
3101 1041 3206 1098 est,
3228 1047 3350 1088 cum
3375 1034 3582 1088 finitum

1996 1126 2182 1196 fuerit,
2214 1143 2309 1198 pro
2337 1127 2509 1182 nihilo
2538 1126 2896 1196 deputabitur.
2927 1124 3038 1182 Nec
3065 1134 3242 1180 tamen
3274 1141 3460 1196 parum
3498 1125 3578 1181 hic

1997 1219 2148 1284 vixit,
2175 1219 2220 1274 si
2242 1220 2356 1288 ejus
2378 1233 2539 1289 opera
2559 1218 2875 1289 cogitemus,
2903 1232 3008 1271 non
3033 1231 3202 1271 annos
3221 1207 3582 1272 numeremus.

1997 1311 2193 1379 Quanti
2217 1311 2304 1366 alii
2332 1311 2558 1366 fortasse
2583 1310 2723 1380 quod
2757 1325 2849 1379 per
2873 1309 3067 1364 multos
3091 1323 3260 1362 annos
3290 1324 3395 1362 non
3428 1307 3584 1362 dimi-

1997 1403 2241 1469 diarunt,
2276 1403 2364 1456 ille
2403 1402 2587 1473 paucis
2611 1400 2767 1456 anuis
2793 1398 3063 1469 implevit?
3101 1397 3238 1453 Nihil
3279 1411 3408 1467 ergo
3443 1395 3584 1452 aliud

1999 1506 2133 1558 erat,
2167 1495 2252 1549 hic
2277 1511 2398 1549 eum
2423 1494 2559 1549 velle
2581 1502 2784 1556 tenere,
2809 1492 2909 1547 nisi
2934 1491 3052 1561 ejus
3075 1489 3308 1545 felicitati
3329 1487 3584 1544 invidere.

2069 1588 2124 1641 2.
2160 1588 2214 1642 In
2241 1587 2342 1642 hoc
2365 1587 2508 1644 enim
2537 1586 2795 1641 habemus
2826 1584 3092 1640 tristitiam
3120 1582 3188 1639 de
3211 1583 3428 1638 homine
3451 1583 3590 1637 sicut

2000 1677 2266 1734 homines.
2299 1678 2432 1746 Quid
2455 1693 2584 1749 ergo
2606 1678 2880 1744 faciemus,
2908 1685 2967 1731 ut
2991 1692 3094 1730 non
3119 1676 3287 1731 simus
3311 1675 3593 1730 homines?

2000 1767 2256 1824 llomiues
2286 1784 2414 1839 ergo
2452 1767 2518 1823 de
2558 1767 2790 1822 hominis
2829 1767 3085 1821 abscessu
3126 1766 3427 1822 humaniter
3461 1781 3588 1821 con-

2001 1859 2278 1915 tristamur
2318 1877 2330 1913 :
2374 1858 2468 1914 sed
2501 1859 2765 1928 quomodo
2795 1858 3094 1914 audivimus
3132 1859 3412 1914 lectionem
3450 1857 3590 1912 divi-

2000 1965 2146 2012 nam,
2173 1949 2314 2020 quod
2339 1959 2716 2004 consummatus
2736 1951 2789 2004 in
2811 1950 2944 2004 brevi
2964 1949 3170 2020 replevit
3193 1959 3419 2022 tempora
3439 1950 3592 2020 longa

2003 2040 2162 2112 (Sap.
2191 2056 2262 2100 Iv.
2292 2040 2422 2111 l5)?
2453 2041 2593 2111 Ergo
2625 2040 2729 2094 illic
2759 2048 2997 2110 tempora
3028 2049 3426 2110 computemus,
3457 2041 3594 2094 sicut

1999 2140 2337 2200 eomputatur
2361 2131 2497 2185 dies.
2527 2130 2789 2200 Quidquid
2829 2146 2960 2200 ergo
3002 2130 3277 2185 vobiscum
3321 2131 3429 2200 egit
3465 2130 3592 2183 hor-

2002 2223 2184 2290 tando,
2209 2221 2493 2291 loquendo,
2521 2237 2580 2276 se
2603 2222 2774 2292 ipsum
2797 2221 3143 2291 proponendo
3163 2221 3228 2276 ad
3253 2219 3591 2283 imitandum,

2001 2316 2068 2370 ad
2093 2317 2257 2371 Deum
2282 2315 2606 2370 laudandum
2633 2324 2684 2370 et
2707 2314 3009 2379 colendum,
3034 2321 3242 2382 tenete;
3270 2322 3325 2368 et
3341 2313 3593 2367 Memoria

2003 2406 2171 2480 ipsius
2201 2406 2543 2462 ornatissima
2571 2421 2665 2460 vos
2693 2406 2863 2461 eritis.
2892 2405 3007 2460 Non
3039 2406 3181 2462 enim
3219 2404 3322 2459 hoc
3361 2404 3436 2458 illi
3477 2418 3594 2458 ma-

2001 2514 2164 2570 gnum
2191 2507 2304 2564 est,
2335 2497 2554 2553 recondi
2589 2497 2805 2552 tumulis
2834 2498 3206 2563 marmoratis;
3233 2496 3326 2551 sed
3355 2496 3512 2551 condi
3544 2496 3592 2552 in

2003 2591 2258 2648 cordibus
2302 2593 2512 2646 vestris.
2554 2590 2715 2644 Vivat
2756 2591 2996 2660 sepultus
3043 2590 3095 2643 in
3139 2589 3273 2644 vivis
3313 2589 3597 2658 sepulcris.

2004 2682 2289 2753 Sepultura
2321 2683 2462 2736 enim
2493 2681 2608 2752 ejus
2638 2681 2891 2735 memoria
2922 2689 3094 2734 vestra
3117 2689 3220 2734 est.
3251 2679 3402 2749 Apud
3434 2681 3598 2734 Deum

2006 2775 2157 2838 vivit,
2187 2783 2246 2829 ut
2276 2773 2400 2828 felix
2427 2774 2530 2838 sit;
2561 2772 2701 2843 apud
2727 2788 2820 2827 vos
2848 2771 3008 2836 vivat,
3040 2784 3097 2826 ιιι
3123 2771 3303 2828 felices
3332 2774 3467 2827 sitis.
3491 2773 3601 2828 Ex-

2013 2865 2214 2920 hortari
2246 2880 2340 2919 vos
2373 2865 2440 2920 ad
2471 2864 2680 2919 fidelem
2709 2863 3041 2934 prudentiam
3072 2863 3252 2918 multis
3278 2863 3454 2918 verbis
3493 2863 3598 2916 for-

2015 2965 2156 3011 tasse
2195 2970 2500 3026 possemus,
2543 2955 2643 3009 nisi
2671 2964 2724 3008 et
2752 2969 2848 3008 nos
2873 2954 3060 3008 dolore
3085 2952 3318 3007 humano
3343 2953 3427 3006 vix
3456 2953 3596 3023 loqui

2011 3046 2332 3101 sineremnr.
2365 3044 2594 3104 Proinde
2624 3043 2746 3115 quia
2772 3043 2989 3099 donavit
3020 3042 3171 3098 nobis
3197 3043 3366 3105 Deus,
3400 3051 3456 3096 ut
3482 3045 3598 3096 moi

2013 3138 2172 3193 rieuti
2198 3133 2266 3192 ad
2297 3147 2504 3207 tempus
2533 3144 2824 3206 prmsentes
2850 3149 3125 3200 essemus;
3154 3134 3401 3205 quoniam
3431 3132 3600 3188 dona-

2010 3229 2090 3283 vit
2114 3227 2268 3283 nobis
2288 3269 2305 3296 ,
2335 3236 2392 3282 ut
2427 3226 2582 3282 funus
2617 3227 2732 3297 ejus
2758 3225 3144 3281 deduceremus
3169 3243 3184 3279 :
3212 3225 3458 3281 deductio
3483 3240 3604 3295 qua:

2011 3320 2238 3377 debetur
2261 3319 2528 3387 «:ltaritati,
2555 3318 2682 3373 nihil
2710 3317 2856 3373 addit
2880 3317 3113 3374 felicitati
3140 3335 3152 3371 :
3176 3315 3389 3371 donavit
3416 3315 3598 3382 etiam,

2013 3420 2070 3466 ιιι
2096 3411 2432 3466 sanctitatem
2461 3418 2691 3465 vestram
2717 3409 3047 3472 videremus,
3079 3423 3281 3478 vosque
3307 3408 3605 3477 ailoquerc-

2013 3517 2135 3555 mur
2159 3542 2174 3568 ,
2207 3510 2260 3553 ut
2288 3515 2386 3570 pro
2423 3499 2638 3554 modulo
2664 3509 2848 3555 nostro
2878 3498 3186 3553 consolandi
3229 3514 3322 3552 vos
3360 3499 3602 3554 consola-

2015 3607 2196 3647 remur
2222 3610 2234 3646 :
2259 3591 2510 3662 quidquid
2540 3607 2636 3645 nos
2674 3591 2826 3644 dolor
2861 3590 3038 3645 dicere
3075 3606 3176 3643 nou
3207 3589 3482 3660 permittit,
3508 3606 3602 3644 co-

2010 3682 2229 3753 gitando
2257 3681 2532 3751 suppleto;
2570 3692 2619 3737 et
2663 3692 2845 3735 noster
2884 3681 3094 3734 animus
3138 3681 3188 3734 in
3234 3680 3604 3735 recordatione

2012 3775 2144 3829 tanti
2173 3773 2294 3841 viri,
2327 3773 2428 3829 etsi
2449 3772 2610 3828 habet
2638 3773 2924 3826 lmmanum
2955 3787 3262 3839 mmrorem,
3305 3789 3408 3827 non
3445 3772 3604 3828 hahet

2013 3865 2280 3922 infidelem
2309 3865 2758 3938 desperationem.

369 3960 382 3962 ί
393 3960 1021 3970 ,___._._._...
2257 3963 3296 3973 .___._____.._..______.__

325 3960 3591 4012 ΞΜ

761 3997 950 4008 *—

951 3999 1238 4008 .——————

465 4044 1068 4162 SERMO
1154 4048 1300 4163 ε.
1390 4051 2562 4166 PRESBYTER!
2633 4053 3374 4166 Ειυιαιιι
3404 4117 3462 4196 ,ι

363 4296 373 4305 ι
1458 4219 1843 4284 DISCIPULI
1884 4219 1948 4282 S.
1993 4219 2417 4283 AUGUSTINI
2437 4265 2456 4296 ,

1390 4356 1552 4404 IPSO
1579 4358 1987 4403 PBESBNTB
2028 4357 2345 4402 naeuus
2390 4337 2504 4422 (a).

1753 4466 2174 4524 ὀὓσζὶοοῦωεὶ-ο·

401 4566 634 4634 Ι.Ριιιο,
671 4566 886 4631 fratres,
934 4568 1073 4640 quod
1114 4585 1288 4624 meam
1336 4570 1598 4624 sarcinam
1647 4566 1922 4640 sentiatis;

331 4649 385 4692 et
413 4647 539 4708 peto
560 4648 619 4692 ut
640 4647 788 4694 tanto
808 4655 895 4694 me
937 4636 1100 4694 onere
1126 4640 1479 4702 laborantem,
1511 4640 1757 4695 fraternis
1786 4636 1925 4692 votis

329 4717 580 4777 tanquam
609 4710 898 4778 suppositis
929 4710 1185 4776 humeris,
1221 4711 1526 4765 sublevetis.
1556 4709 1689 4764 Nam
1728 4710 1926 4764 beatis-

329 4778 499 4832 simus
528 4779 703 4842 Pater,
732 4781 819 4848 qui
854 4779 953 4834 hoc
979 4780 1107 4834 mihi
1130 4781 1338 4850 pondus
1359 4781 1625 4850 imposuit,
1664 4780 1777 4835 scio
1799 4780 1921 4849 quia

329 4864 428 4917 pro
451 4864 536 4903 me
553 4864 710 4904 orare
736 4864 840 4903 non
862 4849 1079 4905 dOéiﬂil.
1108 4849 1222 4904 Non
1251 4852 1394 4905 enim
1425 4849 1537 4906 sola
1563 4851 1922 4921 jussioneme

331 4930 632 4990 premeret,
655 4929 708 4974 et
739 4921 820 4990 pia
849 4922 1090 4976 oratione
1119 4921 1410 4977 desereret.
1445 4919 1578 4976 Sine
1598 4921 1781 4986 dubio,
1809 4919 1922 4975 fra-

330 4998 460 5055 tres,
491 4991 581 5059 qui
616 4989 773 5062 jussit
806 5001 858 5044 ut
887 4990 989 5046 huc
1021 4991 1207 5059 feram,
1237 5001 1354 5046 orat
1382 5001 1441 5047 ut
1463 4991 1747 5062 perferam.
1775 4991 1918 5060 Quid

331 5075 462 5134 ergo
490 5061 632 5134 quod
657 5063 979 5134 jttssit,inisi
1011 5063 1207 5118 audere
1260 5061 1610 5133 ignorantiam
1657 5073 1920 5134 przeseule

333 5131 614 5202 sapientia,
643 5140 698 5186 et
725 5131 867 5202 loqui
887 5133 1201 5202 imperitiam
1219 5131 1427 5188 tacente
1444 5131 1729 5189 doctrina?
1753 5131 1918 5189 Cum-

334 5217 438 5272 que
467 5201 739 5272 Scriptura
785 5201 973 5268 dical,’
1005 5202 1250 5272 Loquere,
1298 5205 1464 5258 senior
1491 5221 1509 5259 :
1539 5206 1679 5259 decet
1711 5206 1843 5259 enim
1871 5215 1918 5259 te

341 5270 545 5344 (Ereti.
599 5270 1128 5344 xztxtt,5);iPater
1175 5273 1324 5339 dicit,
1388 5275 1648 5344 Loquere,
1689 5275 1914 5343 jtniior:

335 5339 738 5416 delectatenim
777 5339 1092 5416 me.AScitis
1135 5355 1332 5410 autem,
1383 5339 1592 5412 fratres,
1622 5339 1741 5416 quia
1775 5347 1916 5416 loqui

337 5425 431 5485 pro
454 5412 606 5485 vobis
633 5413 850 5467 verhmu
872 5413 979 5485 _Dei
1005 5423 1061 5470 et
1095 5424 1218 5484 ante
1239 5417 1348 5483 jam
1390 5412 1678 5485 creperum.
1722 5412 1915 5472 Susce-

340 5482 558 5603 Ricuim
609 5499 776 5552 nuper
827 5482 992 5539 officii
1054 5482 1370 5540 necessitate
1418 5482 1762 5556 compulsus;
1793 5489 1915 5558 quia

380 5568 439 5603 oc
463 5567 658 5603 munus
713 5553 946 5603 effueere
994 5572 1098 5603 non
1150 5555 1428 5603 habebam-
1475 5557 1578 5603 Sed
1636 5557 1790 5603 far-ilo.
1833 5567 1915 5603 ost

380 5568 439 5623 oc
463 5567 658 5607 munus
713 5553 946 5623 effugere
994 5572 1098 5609 non
1149 5555 1428 5611 habebam.
1475 5553 1579 5612 Sed
1635 5557 1790 5613 facile
1811 5553 1917 5614 'est

342 5622 579 5698 absentis
599 5622 838 5694 magistri
866 5627 1039 5680 locum
1071 5628 1311 5698 suppleat
1333 5628 1648 5698 quicumque
1677 5629 1910 5697 discipu-

343 5690 423 5766 lus
448 5712 462 5748 :
486 5690 712 5766 arduuni
734 5710 862 5766 vero
886 5707 969 5750 est
994 5690 1152 5766 atque
1172 5690 1394 5752 difficile
1420 5690 1614 5752 docere
1641 5690 1911 5753 condisci-

344 5764 490 5832 pulos
508 5765 610 5817 sub
634 5765 884 5835 magistro
909 5782 924 5832 ;
962 5764 1084 5821 tali_
1109 5769 1405 5838 przesertim
1455 5769 1728 5839 magistro,
1759 5768 1913 5838 cujus

2030 4564 2207 4641 verbis
2235 4579 2300 4620 ex
2329 4580 2394 4641 eo
2435 4575 2516 4621 est
2551 4565 2741 4641 major
2778 4569 3088 4641 auctoritas,
3133 4570 3274 4641 quod
3320 4571 3605 4632 docentem

2031 4633 2264 4714 linguam
2293 4637 2398 4714 vita
2427 4633 2729 4714 comitatur.
2761 4637 2841 4714 A_d
2875 4655 3034 4714 omne
3057 4633 3197 4694 enim
3237 4642 3435 4714 bonum
3462 4645 3603 4714 quod

2030 4705 2185 4760 nobis
2208 4705 2504 4779 insinuatur
2520 4708 2834 4779 eruditionis
2853 4710 3036 4779 verbo,
3067 4712 3317 4779 prmcedit
3355 4728 3451 4768 nos
3477 4705 3604 4768 con-

2027 4777 2346 4851 versationis
2379 4779 2645 4851 exemplo.
2693 4777 2952 4851 Praecedit
2971 4777 3097 4851 nos,
3129 4781 3371 4851 inquam;
3404 4785 3602 4838 utinam

2028 4847 2111 4900 vel
2151 4849 2470 4918 sequamur!
2498 4848 2762 4919 Quidquid
2792 4850 2934 4903 enim
2967 4850 3018 4904 iu
3049 4851 3150 4906 hoc
3181 4847 3295 4907 viro
3321 4847 3600 4920 miramur,

2028 4932 2365 4984 veneramur,
2400 4920 2790 4988 amplectimur,
2811 4928 2937 4974 tunc
2978 4921 3214 4976 creditur
3239 4938 3362 4978 vere
3393 4940 3423 4978 a
3453 4926 3605 4978 nobis

2026 4988 2216 5064 amari,
2235 4989 2279 5042 si
2311 4999 2415 5042 non
2440 4989 2614 5057 pigeat
2641 4989 2856 5064 imitari.
2885 4991 2990 5064 Pro
3016 4992 3236 5046 modulo
3261 5008 3392 5064 ergo
3417 5006 3599 5050 nostro

2025 5057 2090 5134 ad
2140 5073 2259 5134 cum
2288 5074 2387 5112 nos
2427 5059 2799 5134 unusquisque
2830 5060 3131 5134 tendamus,
3155 5057 3600 5134 atque'existcns‘

2024 5127 2296 5204 de_radice
2316 5128 2492 5204 cordis
2517 5127 2636 5204 ejus
2672 5127 2912 5186 diversos
2935 5127 3191 5204 virtutum
3227 5127 3423 5190 "ramos
3446 5146 3602 5204 prout

2025 5197 2265 5276 valemus
2291 5199 2481 5276 singuli
2503 5197 2870 5276 decerpamus.
2917 5202 3018 5269 Qui
3057 5212 3249 5272 potest,
3283 5197 3599 5276 assequatur

2024 5268 2142 5342 ejus
2171 5269 2576 5342 eloquentiam:
2604 5268 2692 5340 qui
2744 5287 2853 5326 non
2878 5268 3072 5342 potest,
3106 5268 3284 5330 teneat
3319 5268 3599 5331 coniincn-

2024 5339 2172 5392 tiam.
2197 5338 2295 5405 Qui
2316 5338 2761 5416 potest,_imp_leat
2791 5338 2907 5412 ejus
2925 5338 3329 5416 ancteritatem:
3367 5347 3472 5416 qui
3494 5362 3600 5402 non

2025 5417 2218 5487 potest,
2250 5419 2487 5487 sectetur
2517 5411 2891 5487 humilitatem.
2923 5413 3020 5480 Qui
3052 5423 3244 5487 potest,
3295 5411 3600 5487 apprehen-

2021 5479 2116 5558 dat
2137 5479 2255 5558 ejus
2280 5482 2558 5558 scientiam
2590 5499 2606 5536 :
2637 5483 2736 5558 qui
2745 5498 2853 5558 non
2877 5479 3068 5558 potest,
3101 5479 3479 5558 imitetur'iéjus
3508 5503 3602 5558 pa-

2022 5550 2284 5627 tientiam.
2312 5552 2486 5627 Atque
2523 5554 2576 5608 in
2593 5550 2844 5627 omnibus
2869 5550 2968 5609 viis
3014 5555 3242 5627 Domini,
3267 5556 3358 5626 qui
3389 5550 3600 5627 potest,

2020 5619 2540 5696 ambulelcum’illo;
2571 5633 2624 5678 et
2671 5625 2760 5694 qui
2794 5641 2899 5679 non
2930 5635 3123 5696 potest.
3167 5619 3338 5681 discat
3375 5619 3446 5683 ab
3488 5619 3602 5684 illo'.

2019 5688 2376 5758 Gaudeamus,
2417 5688 2630 5760 fratres,
2681 5688 2971 5752 secundum
3001 5697 3449 5766 dispensationem
3476 5715 3600 5754 mn-

2083 5782 2100 5812 ί
2126 5788 2282 5843 Forte,
2304 5782 2573 5837 existentes.

398 5855 469 5922 (α)
499 5861 566 5907 Ex
588 5859 910 5924 manuscripto
925 5859 1091 5912 codice
1106 5859 1331 5912 Ecclesiae
1353 5859 1706 5914 bellovacensis
1727 5869 1904 5914 erutus
1918 5877 2008 5927 per
2031 5871 2082 5915 ι’.
2106 5872 2155 5915 c.
2179 5868 2482 5918 Godet'ridum
2505 5877 2754 5936 "armant,
2777 5871 2996 5936 ejusdem
3017 5872 3242 5927 Mlesiaz
3256 5879 3558 5929 moniciae.
