4026 6362
517 401 652 462 ιτιυ

517 535 704 576 nerutn
731 517 1028 574 divinorum
1059 512 1256 568 habere
1289 528 1387 569 nos
1409 513 1461 568 in
1479 513 1595 580 ipso
1623 509 1764 581 quod
1788 528 1891 566 non
1927 511 2092 564 hahe—

518 605 703 646 mustn
737 583 1185 655 nobis.Quidqttid
1213 585 1354 640 enim
1373 584 1530 638 inillo
1554 581 1814 650 videmus,
1855 593 2094 636 nOstrum

513 673 620 720 est,
649 660 692 713 si
715 673 974 713 amemus.

586 731 639 784 2.
675 730 783 783 Hoc
803 743 932 795 ergo
963 737 1191 789 tacente,
1220 744 1318 782 nos
1360 725 1642 789 loquimur.
1675 724 1804 788 Hoc,
1858 725 2090 791 inquam,

517 809 724 856 tacente
744 813 844 868 nos
871 798 1155 868 loquimur.
1188 799 1398 854 Ciclada
1429 797 1442 827 ¹
1467 797 1680 868 clamat,
1701 803 1767 868 et
1789 810 1992 868 cygnus
2014 805 2094 868 ta-

513 882 634 926 cet:
663 867 758 924 sed
772 883 874 921 non
900 862 1033 922 tacet
1059 870 1390 938 loquentibus
1416 866 1587 930 nobis,
1627 862 1748 933 quia
1772 862 1900 938 ipse
1931 866 2096 938 loqui-

519 951 603 994 tur
631 939 749 993 etin
777 939 947 992 nobis.
983 939 1038 993 Si
1069 935 1211 994 enim
1232 939 1384 993 vobis
1402 938 1626 991 dicimus
1647 935 1784 1004 quod
1802 935 1868 990 ab
1886 937 2095 990 eodidi-

515 1013 706 1072 cimus,
723 1009 834 1075 ipse
862 1024 954 1062 vos
971 1009 1248 1064 docetsive
1269 1024 1366 1079 per
1391 1023 1469 1070 se,
1493 1007 1606 1061 sive
1619 1021 1712 1079 per
1737 1021 1839 1079 me.
1875 1005 2095 1079 Verum-

517 1091 714 1140 tamen,
741 1079 948 1142 fratres,
981 1079 1080 1135 hoc
1095 1080 1234 1146 quod
1258 1076 1410 1132 nobis
1441 1076 1877 1145 imposuitadhuc
1901 1078 2094 1145 parvis,

517 1152 600 1220 vix
635 1147 880 1220 impletur
905 1165 933 1202 a
962 1152 1182 1220 magnis.
1201 1147 1677 1220 Seduou‘ideojam
1696 1146 1980 1220 desperare
1999 1148 2095 1203 de-

519 1216 727 1284 bemus,
742 1221 861 1288 quia
877 1221 1025 1290 parvi
1048 1216 1251 1290 sumus.
1271 1217 1714 1290 Bcnedixitenim
1730 1216 1986 1290 Dominus
2004 1235 2099 1288 plt-

517 1291 664 1346 sulcs
683 1286 802 1344 cum
825 1286 1363 1364 tititgitis(Rsal.cx111,
1392 1287 1742 1364 lthultum
1760 1286 1914 1364 fortia
1935 1286 2077 1364 sunt,

524 1375 636 1432 tua:
662 1359 951 1432 poscuntur
971 1376 1000 1415 a
1028 1359 1198 1426 nobis,
1233 1371 1286 1432 et
1299 1374 1394 1432 nos
1431 1359 1622 1412 infirmi
1667 1359 2096 1432 sumus._lnfirmi

523 1427 726 1500 sumtis,
761 1431 970 1500 fragiles
992 1446 1196 1496 sumus,
1227 1430 1414 1485 ﬁctiles
1431 1443 1615 1484 sumus
1639 1445 1654 1492 ;
1682 1427 1776 1483 sed
1800 1430 1967 1498 quid?
1991 1431 2098 1484 Pla-

518 1501 664 1556 cebit
689 1499 911 1554 Domino
937 1517 1132 1569 ponere
1160 1501 1210 1555 in
1224 1515 1349 1556 vase
1367 1500 1536 1562 fictili,
1565 1515 1764 1568 ponere
1789 1502 2092 1555 thesaurum

521 1587 673 1624 suum
697 1587 711 1630 ;
742 1581 798 1625 ut
821 1571 1058 1626 dicamus
1081 1580 1136 1626 et
1154 1586 1252 1626 nos
1281 1586 1399 1625 eum
1437 1570 1602 1625 Paulo
1629 1571 1890 1637 apostolo,
1925 1570 2097 1624 Habe-

520 1659 630 1696 mus
673 1645 962 1696 thesaurum
1013 1643 1167 1696 istum
1208 1644 1262 1696 in
1305 1641 1438 1696 vasis
1493 1638 1768 1709 ﬁctilibus(
1799 1639 1838 1692 ll
1868 1639 1984 1695 Cor.
2019 1657 2091 1707 Iv,

519 1710 601 1778 '7).
631 1709 686 1765 in
707 1727 862 1765 manu
887 1711 1029 1782 enim
1057 1714 1196 1766 illius
1226 1727 1322 1766 nos
1345 1721 1397 1766 et
1416 1726 1692 1765 sermones
1719 1711 1884 1764 nostri
1918 1711 1935 1782 (
1964 1712 2094 1782 Sap.

519 1797 611 1847 vu,
637 1783 700 1852 lli
725 1783 763 1849 ),
780 1782 865 1851 qui
887 1781 975 1836 dat
998 1784 1213 1837 verbum
1231 1781 1715 1852 evangelizuntibus
1741 1781 1933 1852 virtute
1964 1781 2100 1836 mul-

521 1862 570 1933 ta
595 1852 614 1924 (
633 1849 973 1933 Psat._'Lx.\-u,
1000 1852 1125 1924 12).
1155 1853 1290 1933 Quid
1321 1849 1459 1933 enim
1491 1849 1944 1933 putatispfratres,
1975 1854 2096 1933 quia

520 1923 972 1991 tlispensatoriste
1003 1923 1106 1978 tam
1139 1924 1372 1993 sapiens,
1406 1923 1512 1993 nisi
1547 1936 1606 1993 se
1657 1923 1820 1975 sciret
1849 1923 1900 1976 in
1945 1925 2098 1979 nobis

523 1993 801 2064 pecuniam
825 1993 1143 2064 dominicam
1169 1992 1479 2053 cellocassc,
1498 1992 1710 2062 juberet
1731 1993 1880 2047 vobis
1900 1994 2096 2064 aliquid

520 2063 782 2132 erogare?
812 2061 1068 2117 Conscius
1085 2063 1185 2118 sibi
1215 2067 1298 2118 est
1325 2061 1544 2130 onerum
1573 2077 1789 2116 suorum
1815 2080 1830 2127 ;
1853 2061 2099 2118 conscius

519 2133 619 2185 sibi
654 2141 736 2186 cst
758 2133 963 2202 piarunt
994 2134 1235 2188 laborum
1263 2152 1276 2188 ε
1300 2135 1400 2188 scit
1423 2141 1675 2202 quantum
1709 2148 1793 2186 me
1815 2134 1927 2188 sale
1952 2135 2098 2188 verbi

520 2203 800 2257 condierit.
833 2204 928 2258 Est
955 2205 1096 2258 enim
1129 2204 1242 2273 ipse
1281 2206 1356 2258 sal
1394 2212 1550 2258 terra:
1576 2203 1830 2269 vividum,
1863 2204 2100 2260 referens

519 2273 827 2340 apostolicae
872 2273 1128 2328 doctrina:
1179 2289 1443 2342 saporem.
1473 2273 1576 2328 Sed
1605 2288 1791 2328 vereor
1821 2290 1885 2328 ne
1911 2275 2098 2330 condi-

524 2352 757 2415 mentum
781 2343 895 2415 ejus
925 2345 1122 2398 inculto
1153 2344 1315 2415 corde
1351 2360 1456 2398 non
1507 2344 1768 2398 duxerim.
1802 2345 1946 2400 Bene
1972 2361 2099 2415 ergo

522 2413 668 2476 fecit,
697 2414 838 2482 quod
868 2423 1107 2468 nostrum
1141 2414 1305 2468 voluit
1344 2424 1556 2484 gustare
1602 2429 1925 2469 sermonem.
1957 2413 2100 2471 Bene

524 2484 667 2556 fecit,
698 2484 963 2556 inSpicere
982 2494 1242 2556 quantum
1261 2484 1485 2556 innohis
1503 2485 1582 2538 sui
1606 2486 1809 2556 saporis
1824 2495 2096 2556 agnoscat.

521 2553 659 2618 Quid
681 2555 820 2607 enim
851 2553 991 2608 aliud
1010 2553 1417 2609 existimandum
1447 2565 1547 2618 est,
1583 2553 1723 2624 quod
1757 2553 1894 2611 inter
1937 2568 2099 2612 caete-

522 2637 612 2677 ros
634 2631 827 2692 patres,
852 2626 1379 2696 etcomprcsbyteros
1402 2641 1548 2680 meos
1573 2625 1714 2695 loqui
1745 2629 1842 2696 sub
1871 2643 2099 2696 conspe-

521 2703 608 2765 etu
627 2709 726 2748 suo
755 2709 838 2748 me
866 2695 1400 2765 potissinuun’jussit,
1431 2697 1570 2762 quod
1598 2708 1722 2751 ante
1751 2695 1928 2752 facere
1955 2700 2100 2752 uole—

520 2761 629 2826 bat,
668 2765 771 2818 nisi
798 2761 919 2835 quia
947 2765 1015 2820 de
1041 2761 1241 2821 eorum'
1258 2761 1564 2820 maturitate
1613 2776 1772 2837 atque
1799 2770 2100 2824 eruditione

521 2848 762 2905 securus,
795 2846 977 2890 nostra
1005 2837 1172 2891 voluit
1201 2837 1498 2892 rudimenta
1519 2839 1597 2892 sic
1633 2838 1876 2905 probare.
1910 2840 2098 2905 Pareo,

519 2901 732 2976 fratres,
767 2906 1029 2960 salubrius
1053 2907 1357 2976 imperatis;
1389 2917 1443 2962 et
1459 2909 1541 2962 cui
1573 2901 1656 2962 uie
1693 2908 1890 2963 dudum
1922 2911 1975 2964 in
1999 2901 2101 2964 Do;

520 2975 665 3028 mino
695 2975 1033 3030 nutriendum
1062 2977 1517 3040 crudiendumque
1540 2980 1806 3040 commisi,
1838 2997 1940 3033 non
1977 2983 2100 3035 sub-

522 3044 694 3118 traho.
729 3045 951 3114 Inspice,
989 3047 1143 3102 Pater
1175 3047 1262 3118 pie
1309 3057 1363 3102 et
1404 3044 1652 3117 Magister
1688 3051 1844 3104 bone.
1873 3051 2102 3106 lntcrro~

519 3130 585 3183 ga
614 3115 890 3187 linguam,
921 3126 976 3170 ct
1027 3115 1391 3172 testimonium
1425 3115 1612 3187 prodat
1637 3120 1729 3173 tibi
1757 3121 1940 3175 cordis
1967 3121 2098 3176 affe-

517 3187 730 3239 ctutn.’
759 3185 1021 3262 Quidquid
1067 3187 1158 3242 tibi
1199 3188 1250 3242 in
1303 3185 1489 3262 nostro
1514 3204 1778 3262 _sermone
1820 3192 2099 3262 placuerit,

519 3270 770 3326 agnosce,
803 3257 925 3327 quia
953 3267 1101 3313 tuum
1130 3267 1212 3314 est
1238 3277 1251 3314 :
1274 3259 1528 3330 quidquid
1550 3269 1724 3316 autem
1751 3257 2096 3333 displicuerit,

581 3367 601 3430 ε
624 3375 729 3430 Pro,
752 3367 940 3419 cicada.

580 3429 603 3461 ³
617 3429 772 3491 Forte,
795 3431 1009 3495 affectus.

649 3521 782 3528 __._.._.
812 3524 837 3530 -.
867 3525 892 3530 .-

613 3521 782 3528 ﬂ---»
812 3524 837 3530 -.
867 3525 892 3530 _
993 3524 1548 3533 .,.,-_____.__.____

1751 395 1790 450 S
1850 391 2210 450 AUGUSTINI
2251 391 2550 451 EPISCOPI

817 3561 913 3571 ’”
975 3561 3509 3792 “si—Em

3659 397 3782 456 {7'20

2200 510 2431 584 ignosce,
2462 511 2583 581 quia
2606 524 2786 584 meum
2798 517 2881 566 est
2909 509 3043 584 :_sed
3069 509 3148 567 sic
3165 510 3398 584 ignosce,
3423 521 3480 566 ut
3510 514 3780 584 corrigas;

2199 579 2277 634 sic
2307 579 2539 650 ignosce,
2570 590 2629 635 ut
2668 581 2872 652 punias.
2925 579 3347 652 lgnoseasvmihi
3397 585 3520 650 quia
3571 579 3780 647 erravi;

2201 652 2388 719 punias
2431 652 2717 720 mihiquod
2747 652 2919 706 erravi
2952 669 2966 704 :
2994 667 3058 707 ac
3092 653 3170 707 sic
3199 667 3388 720 parcas
3421 654 3646 720 homini,
3674 669 3781 709 non

2200 722 2367 775 errori
2399 740 2413 775 :
2445 721 2616 795 donec
2642 723 2894 792 paulatim
2925 731 3093 778 totum
3115 723 3256 794 quod
3301 739 3409 779 non
3438 739 3468 777 a
3497 732 3550 780 te
3574 725 3784 795 planta-

2203 801 2311 845 Ium
2345 801 2444 854 est,
2476 793 2825 854 relinquatur.

2272 863 2326 914 5.
2341 862 2462 936 _Sed
2483 872 2538 917 ut
2562 862 2839 936 vobiscum,
2856 863 3065 936 potius.
3088 863 3444 936 dilectissimi,
3467 880 3626 936 quam
3658 879 3780 920 cum

2202 932 2318 1000 ipso
2341 933 2546 1004 loquar,
2576 949 2643 988 ne
2699 934 2752 987 in
2798 935 2976 1003 aliquo
3023 935 3220 990 limites
3253 932 3499 1004 paternze'
3526 936 3784 1004 jussionis

2202 1003 2450 1074 excedam
2481 1021 2498 1074 ;
2528 1006 2616 1070 qui
2663 1019 2749 1059 me
2775 1013 2832 1059 ut
2878 1005 3026 1058 vobis
3057 1003 3323 1074 loquerer,
3377 1003 3657 1074 imperavit
3682 1023 3697 1059 :
3728 1007 3779 1060 in

2202 1072 2445 1145 hoc_ejus
2474 1073 2615 1130 facto
2658 1075 2876 1130 Paulum
2936 1072 3236 1144 apostolum
3285 1072 3599 1145 cogite-mus,
3630 1077 3786 1144 cujus

2202 1142 2360 1216 modo
2378 1145 2685 1214 Epistolam,
2703 1161 2823 1200 cum
2841 1142 3124 1216 legeretur,
3150 1142 3464 1201 audivimus.
3487 1147 3617 1201 Cum
3640 1142 3785 1202 enim

2200 1214 2394 1267 divinis
2419 1216 2684 1288 mysteriis
2703 1214 3094 1288 adolescentem
3121 1216 3459 1271 Timotheum
3511 1233 3786 1288 prmpara-

2201 1293 2304 1348 ret,
2331 1285 2742 1355 catleStibusque
2769 1287 3019 1341 doctrinis
3041 1298 3270 1343 mentem
3295 1285 3647 1343 adolescentis
3686 1289 3788 1341 im-

2201 1355 2413 1421 bueret,
2442 1356 2670 1422 dicebat,
2704 1357 2933 1411 Praedico
2952 1359 3153 1411 verbum
3177 1375 3194 1421 ;
3216 1366 3268 1413 et
3294 1360 3448 1426 paulo
3466 1367 3606 1427 post,
3639 1357 3786 1425 Opus

2203 1427 2286 1496 [ac
2299 1427 3246 1510 net'an‘gelistte,“titinister-ium“tuum
3279 1429 3540 1502 adimple(
3571 1428 3614 1484 ll
3641 1427 3782 1510 Trin.

2203 1495 2334 1569 tv,2_
2365 1495 2582 1569 )._'l'unc_
2593 1499 2636 1551 si
2667 1498 2869 1552 diceret
2900 1498 3009 1562 ille,
3058 1499 3170 1569 Non
3202 1495 3456 1567 possum';
3490 1495 3785 1569 responde-

2201 1577 2284 1620 ret
2310 1566 2523 1631 Paulus,
2554 1567 2746 1633 Quare-
2774 1583 2878 1622 non
2908 1578 3077 1637 potes,
3109 1566 3224 1622 fili?
3266 1569 3448 1624 Nonne
3473 1570 3540 1623 ab
3559 1566 3782 1624 infantia

2203 1651 2382 1709 sacras
2409 1637 2637 1693 Litteras
2664 1639 2937 1709 diilicisti_(
2965 1638 3051 1692 Id.
3077 1655 3154 1702 ut,
3193 1641 3258 1695 15
3289 1640 3351 1709 )?
3390 1639 3523 1704 Hoc,
3566 1640 3781 1703 fratres,

2203 1707 2333 1760 mihi
2388 1723 2502 1780 non
2523 1717 2695 1780 potest
2723 1709 2845 1780 dici.
2877 1707 3026 1780 Sicut
3061 1711 3202 1764 enim
3249 1707 3510 1766 neverunt
3563 1711 3776 1780 plurimi

2205 1787 2459 1843 vestrum,
2484 1777 2592 1848 jam
2614 1779 2778 1833 durus
2805 1779 2907 1834 huc
2923 1779 3129 1834 adveni.
3155 1781 3258 1835 Per
3282 1780 3459 1835 omnia
3485 1777 3624 1835 enim
3656 1789 3788 1835 tem-

2206 1862 2334 1916 pore
2363 1849 2578 1921 puerilis
2624 1851 2814 1911 aetatis,
2861 1864 3019 1920 quam
3075 1850 3280 1905 facilius
3318 1852 3560 1906 flectitac
3601 1851 3790 1921 dirigit

2204 1918 2686 1992 normadoctrinzc,
2717 1918 2892 1975 rebus
2922 1921 3040 1975 aliis
3086 1921 3406 1991 occupabar.
3459 1921 3565 1977 Sed
3599 1918 3783 1992 plan'e,

2202 1989 2342 2061 quod
2379 1988 2648 2043 fatendum
2672 1999 2775 2054 est,
2803 2000 3079 2060 postquam
3108 1988 3245 2056 veni,
3295 2001 3550 2061 quantum
3587 1988 3784 2061 potuit,

2205 2058 2256 2111 in
2282 2074 2368 2114 me
2397 2070 2647 2128 operatus
2676 2068 2763 2116 est
2805 2058 3020 2116 sanctus
3048 2058 3662 2132 agricola—multumque
3686 2078 3786 2118 co-

2205 2139 2360 2182 natus
2383 2139 2466 2184 est
2489 2139 2726 2202 nostram
2754 2145 3058 2201 expugnare
3079 2132 3349 2186 duritiam.
3370 2132 3550 2202 Neque
3583 2133 3789 2188 imbres

2205 2214 2437 2268 unquam
2462 2200 2610 2263 mihi,
2642 2200 3044 2270 neque'semina
3066 2203 3350 2258 defuerunt
3382 2221 3394 2256 :
3425 2200 3478 2258 et
3504 2204 3622 2258 ideo
3644 2218 3791 2258 nunc

2203 2270 2292 2338 qui
2321 2285 2505 2342 semen
2535 2271 2732 2342 injecit,
2767 2272 2991 2326 fructum
3042 2274 3281 2341 requirit.
3309 2273 3432 2329 Oret
3465 2283 3523 2328 ut
3550 2289 3658 2328 non
3693 2274 3792 2329 de-

2204 2341 2738 2414 generaverintgrana
2757 2342 2872 2414 ejus
2890 2343 2939 2396 in
2955 2343 3106 2397 nobis
3130 2361 3142 2394 :
3167 2355 3219 2398 et
3239 2344 3491 2414 quidquid
3507 2345 3586 2398 vel
3600 2345 3652 2399 in
3667 2361 3790 2414 scr-

2206 2410 2455 2465 monibus
2482 2412 2648 2483 vclrin
2678 2413 2914 2466 moribus
2942 2414 3055 2483 ipso
3083 2410 3358 2468 excolente
3380 2410 3435 2469 et
3463 2414 3686 2470 Domino
3709 2413 3795 2468 in-

2205 2491 2532 2554 crementum
2559 2482 2720 2537 dante
2742 2482 3076 2552 processerit,
3097 2500 3199 2538 non
3216 2485 3386 2553 spina,
3409 2485 3504 2540 sed
3529 2487 3674 2554 Spica
3695 2487 3788 2538 sit.

2205 2550 2355 2618 Quod
2371 2568 2496 2620 ergo
2509 2553 2616 2621 jam
2635 2550 2817 2625 restat,
2831 2554 3177 2625 dilectissimi,
3201 2550 3372 2624 ipsum
3387 2550 3580 2624 pariter
3593 2555 3794 2625 depre-

2205 2637 2407 2696 cemur,
2432 2632 2488 2677 ut
2507 2624 2953 2696 quemadmodum
2983 2640 3081 2695 ego
3099 2626 3235 2680 ultra
3262 2626 3401 2680 vires
3425 2641 3570 2682 meas
3592 2624 3794 2696 praece-

2207 2692 2308 2762 ptis
2327 2693 2444 2766 ejus
2469 2692 2637 2766 parul,
2659 2694 2726 2747 ita
2753 2696 2990 2766 omnium
3019 2692 3254 2749 nostrum
3281 2696 3548 2752 desiderio
3585 2692 3643 2750 se
3673 2697 3795 2766 ipse

2206 2779 2311 2836 non
2340 2763 2636 2836 subtrahat,
2671 2765 2764 2819 sed
2788 2777 2906 2836 post
2936 2766 3076 2820 hunc
3096 2781 3400 2821 sermonem
3424 2776 3668 2823 nostrum
3696 2763 3796 2821 Ἰο-

2205 2834 2296 2902 qui
2335 2833 2486 2906 vobis
2512 2835 2614 2906 vel,
2639 2833 2806 2904 pauca
2849 2835 3130 2906 dignetur;
3157 2853 3277 2904 qua:
3323 2837 3666 2894 discedentes
3694 2851 3797 2892 vos

2206 2903 2514 2960 meminisse
2533 2903 2782 2972 delectet,
2807 2915 2861 2960 et
2888 2903 3218 2962 recordando
3234 2908 3521 2963 salubriter
3551 2908 3797 2964 rumina-

2206 2988 2265 3026 re
2290 2987 2394 3045 non
2429 2975 2616 3045 pigeat.
2636 2975 3032 3041 Verumtamen,
3059 2993 3128 3032 ne
3156 2986 3268 3034 toto
3285 2993 3530 3037 sermone
3555 2979 3609 3033 in
3622 2992 3797 3033 excu-

2206 3044 2412 3114 satione
2437 3044 2757 3114 cOnsumpto
2777 3047 3128 3102 Sanctitatem
3146 3057 3377 3103 vestram
3406 3050 3682 3103 monuisse
3711 3047 3798 3102 ni-

2207 3113 2282 3168 hil
2308 3115 2510 3179 videar,
2560 3113 2738 3172 audite
2768 3133 2887 3188 me,
2927 3117 3146 3173 fratres.
3183 3118 3544 3188 Quzecumque
3574 3134 3602 3172 a
3634 3119 3799 3174 Patre

2206 3193 2393 3259 nostro
2436 3201 2652 3259 semper
2679 3187 2919 3259 audistis,
2951 3199 3005 3242 et
3045 3190 3348 3259 accepistis,
3392 3187 3468 3244 et’
3497 3189 3790 3256 didicistis,

2207 3253 2733 3330 haeecogitatethrec
2760 3258 2897 3328 agite
2926 3275 2942 3324 ;
2981 3267 3035 3314 et
3058 3253 3197 3316 Deus
3217 3261 3365 3330 pacis
3389 3253 3792 3316 eritvobiscum

2211 3323 2470 3398 (Philipp.
2495 3341 2569 3394 tv,
2597 3328 2650 3396 8,
2668 3327 2762 3400 9).
2791 3323 2984 3384 Amen.

929 3849 2040 3968 snnmomum
2118 3854 3390 4006 ouonumnam

1706 4067 1814 4122 QUI
1855 4069 2070 4114 ADHUC
2113 4071 2607 4119 DESIDERANTUR

1385 4209 2871 4384 FRAGMENTA

556 4444 882 4521 aeream
938 4462 1002 4518 IN
1058 4460 1572 4518 COLLECTANEIS
1625 4459 1936 4530 eucvru,
1988 4463 2232 4608 Issum,
2286 4466 2487 4524 FLORl
2538 4469 2626 4525 AC
2689 4471 2968 4530 JOANNIS
3025 4474 3331 4533 Romam;
3390 4478 3755 4540 accessu;

2070 4555 2292 4608 ACONL

2070 4555 2292 4612 ACONI.

1825 4690 2392 4746 θεὴ-Κορβιεῶ
2408 4697 2462 4748 te.

520 4815 604 4871 Ea:
639 4814 884 4871 Sermone
924 4821 1100 4865 contra
1143 4808 1478 4878 Pelagianos,
1509 4807 1563 4860 in
1603 4805 1829 4877 Eugypii
1869 4815 2002 4861 tomo
2044 4807 2100 4875 2,

981 4925 994 4936 ·
1037 4917 1151 4970 cap.
1177 4899 1282 4955 ‘28?
1321 4910 1409 4952 aut
1429 4898 1536 4953 288
1559 4895 1660 4970 (a).

592 4999 644 5053 1.
690 4994 928 5052 Urbanus
973 4993 1260 5063 episcopus.
1310 4989 1706 5062 Pelagianorum
1749 5006 1923 5055 error,
1964 4989 2108 5045 liberi

517 5090 713 5145 arbitrii
755 5086 940 5142 viribus
973 5085 1104 5139 uinci
1143 5100 1286 5155 posse
1311 5083 1626 5150 tentationes,
1649 5099 1741 5136 nec
1784 5081 1847 5136 de
1876 5092 2108 5153 peccato-

518 5199 634 5236 rum
675 5178 1030 5236 natationibus
1071 5177 1155 5246 agi
1183 5176 1236 5229 in
1270 5175 1496 5228 oratione
1531 5173 1803 5227 dominica.
1836 5172 1929 5226 llla
1969 5171 2100 5238 duo,

521 5271 734 5326 Dimitte
780 5267 920 5322 nobis
963 5265 1130 5320 debita
1175 5273 1366 5330 nostra,
1408 5264 1534 5316 sicut
1579 5272 1625 5315 et
1670 5278 1762 5316 nos
1809 5261 2105 5316 ditttittintus

521 5362 824 5419 debitoribus
869 5360 1094 5423 nostris;
1132 5367 1208 5424 et,
1237 5355 1321 5411 Ne
1347 5372 1438 5410 nos
1471 5355 1660 5425 inferas
1679 5354 1733 5407 in
1760 5354 2102 5420 tentationem,

522 5453 733 5522 {Matth
757 5467 841 5518 γι,
869 5450 939 5506 12
961 5458 1008 5504 et
1036 5449 1146 5519 15),
1169 5447 1381 5518 quando
1409 5444 1706 5514 Pelagianis
1750 5443 2102 5512 objiciuntur,

521 5546 647 5614 quid
684 5558 778 5600 eos
820 5541 1014 5614 putatis
1059 5537 1419 5625 respondere?
1449 5534 1680 5600 Horrui,
1737 5535 1926 5589 fratres
1967 5533 2102 5598 mei,

523 5639 738 5707 quando
762 5638 959 5693 audivi.
991 5636 1103 5706 Ego
1126 5633 1340 5704 quidem
1373 5645 1478 5685 non
1507 5628 1681 5683 audivi
1710 5627 1924 5682 auribus
1949 5625 2100 5692 meis,

523 5733 620 5788 Sed
649 5740 866 5787 sanctus
901 5730 1063 5784 frater
1090 5735 1144 5784 et
1171 5725 1518 5796 cocpiscopus
1547 5737 1698 5778 meus
1723 5721 1969 5777 Urbanus
2006 5735 2103 5774 no-

575 5862 660 5926 (τι)
689 5863 808 5920 citat
824 5861 986 5913 νισι-ιιι
1006 5859 1065 5911 ad
1088 5864 1122 5910 ιι
1139 5865 1242 5910 Cor.
1266 5862 1423 5921 xm,et
1442 5861 1461 5906 ι
1479 5855 1597 5907 Tim.
1623 5868 1670 5906 ν.

2212 4825 2343 4882 ster,
2385 4818 2474 4887 qui
2507 4818 2592 4874 hic
2635 4821 2914 4894 presbyter
2955 4824 3075 4891 fuit,
3117 4833 3172 4882 et
3215 4828 3374 4882 modo
3410 4837 3492 4884 est
3529 4829 3809 4888 Siccensis

2213 4912 2513 4980 cpiscopus,
2569 4928 2690 4969 cum
2747 4927 3039 4974 remeasset
3087 4920 3156 4974 ab
3201 4921 3333 4977 urbe
3373 4922 3564 4990 Roma,
3620 4934 3676 4979 ct
3728 4925 3808 4981 ibi

2210 5017 2331 5056 cum
2352 5003 2578 5073 quodam
2609 5007 2728 5061 talia
2758 5009 3021 5065 sentiente
3045 5012 3376 5084 conﬂigeret,
3411 5016 3498 5070 vel
3527 5031 3586 5070 se
3609 5017 3812 5071 conﬂi-

2210 5097 2351 5150 xisse
2376 5096 2618 5164 referret,
2647 5113 2768 5154 cum
2797 5111 3079 5172 urgeretur
3099 5106 3336 5174 pondere
3355 5106 3609 5161 orationis
3624 5106 3811 5164 domi-

2212 5189 2342 5242 nica:
2373 5207 2384 5242 :
2411 5190 2630 5260 urgebat
2682 5192 2824 5247 enim
2863 5209 3006 5261 eum,
3064 5204 3118 5251 et
3145 5195 3378 5266 dicebat,
3434 5197 3488 5253 Si
3532 5199 3582 5254 in
3614 5210 3808 5255 nostra

2211 5290 2470 5351 potestate
2492 5294 2575 5339 est
2603 5299 2707 5339 non
2748 5301 2991 5356 peccare,
3019 5298 3073 5343 et
3100 5289 3152 5343 in
3181 5299 3359 5345 nostra
3401 5299 3663 5361 potestate
3714 5303 3810 5348 est

2209 5389 2397 5429 omnes
2425 5387 2758 5444 peccatorum
2789 5381 3108 5437 tentationes
3133 5383 3262 5437 solis
3286 5384 3572 5438 voluntatis
3596 5392 3809 5441 nostra:

2214 5465 2414 5521 viribus
2428 5482 2701 5537 superare,
2734 5486 2897 5542 quare
2923 5472 3032 5527 Deo
3052 5473 3296 5537 dicimus,
3330 5472 3411 5527 Ne
3428 5490 3519 5529 nos
3537 5475 3732 5530 inferas
3747 5477 3808 5529 in

2210 5561 2530 5614 Mutationem
2552 5562 2577 5616 ?
2601 5562 2726 5632 quid
2751 5579 2873 5619 eum
2893 5565 3089 5635 putatis
3110 5566 3483 5636 respondisse?
3503 5567 3806 5637 Rogamus,

2209 5652 2398 5721 inquit,
2423 5653 2617 5720 Deum,
2643 5669 2711 5709 ne
2741 5668 2842 5710 nos
2883 5655 3076 5711 inferat
3111 5656 3166 5711 in
3199 5658 3566 5724 tentationem,
3606 5673 3674 5711 ne
3699 5659 3808 5715 ali-

2210 5744 2335 5813 quid
2356 5744 2481 5799 mali
2511 5747 2791 5815 patiamur,
2820 5746 2960 5817 quod
2983 5763 3088 5802 non
3116 5747 3373 5803 habemus
3393 5748 3445 5803 in
3479 5759 3750 5820 potestate
3780 5770 3798 5807 :

2219 5853 2288 5894 ne
2314 5853 2462 5896 ruam
2487 5837 2555 5896 de
2581 5853 2740 5909 equo,
2770 5849 2914 5898 etne
2940 5837 3177 5913 frangam
3199 5841 3412 5914 pedem,
3444 5855 3512 5900 ne
3539 5841 3801 5914 latrone
