4062 6368
286 397 419 457 1721

280 514 589 579 interficiat,
614 524 672 569 et
692 510 818 583 quid
845 507 1169 580 huiusmodi.
1199 506 1324 561 [hcc
1350 505 1514 569 enim,
1548 504 1735 573 inquit,
1768 513 1875 555 non

284 610 461 665 habeo
488 607 539 662 in
565 612 830 677 potestate
857 620 871 655 :
904 616 1025 657 nam
1055 601 1266 655 vincere
1288 597 1604 653 tcntationes
1634 603 1877 663 peccato-

282 715 408 755 rum
450 710 717 762 meorum,
745 694 792 750 si
818 692 957 760 volo,
988 700 1045 747 et
1083 705 1322 761 possum,
1370 703 1470 744 nec
1489 687 1582 742 Dei
1609 684 1875 756 adiutorio

283 804 533 859 possum.

358 879 417 933 2.
444 877 752 947 Confutatur
774 876 1000 947 maligna
1037 874 1241 929 Itwresis
1269 890 1332 929 ex
1350 872 1576 927 oratione
1601 887 1634 924 ιι
1675 868 1875 925 Christo

282 972 638 1029 commendata
648 981 695 1027 et
712 989 803 1040 pro
816 969 969 1025 Petro
983 969 1226 1024 adhibita.
1240 966 1462 1031 Videtis,
1486 964 1697 1031 fratres,
1716 978 1875 1034 quam

285 1067 523 1137 maligna
546 1065 793 1127 hzeresis;
812 1063 1004 1118 videtis
1024 1059 1473 1133 quemadmodum
1487 1073 1673 1113 omnes
1690 1058 1879 1113 horrc-

286 1158 357 1215 ιὶς
387 1175 403 1212 :
430 1166 619 1213 cavete
640 1171 708 1211 ne
730 1155 1035 1225 capiamini.
1053 1154 1185 1209 Novi
1200 1153 1342 1208 enim
1363 1151 1678 1207 calliditates
1691 1160 1745 1205 et
1770 1159 1877 1203 ter-

284 1247 671 1317 giversationcs
683 1245 956 1301 hominum
969 1244 1251 1314 impiorum
1264 1256 1570 1297 aversorum
1588 1257 1616 1294 a
1630 1242 1874 1308 veritate,

283 1348 340 1393 et
366 1338 493 1409 quia
517 1338 628 1407 iam
646 1337 697 1391 in
725 1352 848 1393 suas
868 1337 1159 1393 sententias
1178 1332 1482 1390 ceciderunt
1507 1333 1647 1387 vinci
1686 1332 1875 1385 nolen-

283 1431 419 1485 tium
435 1447 450 1493 ;
470 1429 669 1496 videte,
687 1430 910 1483 obsecro
922 1441 1037 1482 vos.
1060 1427 1195 1481 Ecce
1209 1425 1351 1481 enim
1366 1423 1565 1478 invenit
1583 1422 1719 1491 quod
1732 1422 1879 1476 dice-

282 1531 390 1583 ret,
426 1519 549 1575 ideo
574 1534 672 1575 nos
691 1518 889 1582 dicere,
922 1519 1006 1572 Ne
1033 1534 1127 1571 nos
1151 1518 1343 1588 inferas
1367 1514 1784 1579 intentationem,
1809 1528 1875 1567 ne

283 1611 494 1681 aliquid
511 1611 665 1666 nobis
681 1610 973 1679 contingat,
995 1608 1136 1677 quod
1160 1623 1263 1661 non
1277 1606 1533 1661 habemus
1549 1606 1601 1658 in
1616 1612 1876 1673 potestate

281 1699 583 1754 secundum
604 1699 844 1768 corporis
861 1696 1227 1753 tentationcm.
1249 1694 1375 1750 Inde
1397 1708 1524 1763 ergo
1545 1693 1752 1748 dicebat
1775 1694 1878 1746 Do-

283 1794 488 1857 minus,
539 1791 756 1863 Vigilate
806 1800 852 1845 et
900 1800 1067 1856 orate,
1114 1807 1177 1843 ne
1212 1788 1409 1843 intretis
1455 1789 1510 1842 in
1556 1788 1875 1841 tentationem

286 1885 504 1958 (Matth.
532 1902 681 1951 sui,
714 1886 844 1956 il)?
878 1884 981 1939 hoc
1010 1882 1241 1945 dicebat,
1280 1880 1497 1951 Vigilate
1524 1889 1572 1933 et
1612 1888 1769 1943 orate,
1808 1893 1876 1933 ne

283 1977 479 2046 pedem
523 1976 798 2047 frangatis,
847 1986 940 2030 aut
986 1990 1054 2030 ne
1090 1983 1249 2042 caput
1290 1971 1533 2037 deleatis,
1589 1979 1679 2024 aut
1720 1984 1785 2024 ne
1821 1970 1874 2024 in

282 2067 540 2122 damnum
566 2067 886 2122 incurratis?
906 2066 1022 2121 Non
1053 2067 1153 2119 hoc
1170 2063 1380 2119 diccbat
1412 2081 1425 2116 :
1455 2062 1550 2117 sed
1581 2061 1703 2131 quid
1728 2061 1875 2115 diee-

282 2158 408 2213 bat?
428 2158 586 2227 Quod
613 2158 768 2213 Petro
790 2157 943 2223 dixit,
974 2157 1168 2226 Rogavi
1208 2164 1393 2225 prole,
1434 2170 1496 2208 ne
1515 2153 1717 2222 deﬁciat
1749 2152 1875 2220 ﬁdes

282 2259 374 2304 tua
400 2250 556 2322 (Luc.
591 2266 720 2317 uti,
744 2250 857 2321 52).
894 2249 1109 2319 Rogaui,
1140 2248 1331 2317 inquit,
1359 2262 1451 2317 pro
1483 2255 1549 2309 te,
1577 2246 1708 2300 dicit
1736 2246 1874 2300 Deus

282 2341 511 2407 homini,
546 2341 794 2396 dominus
834 2356 1011 2405 servo,
1034 2340 1287 2410 magister
1321 2338 1601 2407 discipulo,
1636 2338 1876 2392 medicus

280 2447 492 2507 εει-οῑο
522 2454 535 2491 :
569 2435 762 2508 Rogavi
781 2452 873 2508 pro
899 2445 985 2490 te:
1012 2434 1182 2505 quid?
1206 2432 1290 2487 Ne
1309 2433 1508 2500 deﬁciat
1532 2447 1551 2485 :
1576 2430 1741 2501 quid?
1766 2446 1879 2483 ma-

284 2544 391 2583 nus
420 2528 548 2582 tua?
588 2544 680 2597 pes
706 2527 865 2583 tuus?
903 2526 1091 2582 oculus
1132 2527 1285 2580 tuus?
1334 2525 1507 2594 lingua
1540 2533 1651 2588 tua,
1700 2523 1874 2592 aliqua

282 2618 542 2690 paralysi,
572 2618 623 2672 id
646 2627 748 2684 est,
775 2617 1127 2673 dissolutione
1153 2614 1552 2671 membrorum?
1581 2612 1726 2678 Non;
1757 2612 1870 2679 sed,

281 2726 349 2764 ne
374 2710 580 2779 deﬁciat
605 2709 734 2779 ﬁdes
750 2719 857 2763 tua.
887 2708 1190 2764 Secundum
1231 2707 1361 2763 istos
1391 2707 1442 2761 in
1487 2713 1749 2778 potestate
1778 2705 1877 2759 Ita-

278 2804 496 2871 bemus,
527 2820 597 2860 ne
619 2803 831 2859 deficiat
855 2802 986 2859 fides
1006 2811 1207 2858 nostra.

355 2897 413 2951 5.
446 2895 714 2951 Orationes
739 2893 1001 2961 Ecclesiae,
1031 2893 1279 2947 auxilium
1302 2891 1481 2962 gratia:
1509 2899 1563 2945 ut
1589 2907 1689 2945 non
1706 2906 1877 2960 pecce-

280 3005 401 3043 mus
424 2988 759 3043 necessarium
783 3003 889 3042 esse
913 2986 1145 3057 probant.
1171 2984 1346 3053 Quare
1377 2997 1471 3053 pro
1487 2981 1639 3037 nobis
1660 2990 1877 3053 rogatur

281 3081 451 3147 Deus,
479 3090 538 3135 ut
579 3078 839 3135 concedat
874 3076 1048 3142 nobis,
1079 3074 1222 3147 quod
1255 3075 1342 3130 isti
1369 3074 1576 3137 dicunt,
1612 3087 1712 3127 nos
1768 3087 1873 3128 non

281 3170 487 3226 debere
520 3184 709 3240 rogare
736 3183 766 3222 a
801 3168 1124 3237 sempiterna
1153 3165 1453 3235 maiestate,
1472 3163 1568 3219 sed
1602 3163 1801 3218 habere
1821 3163 1875 3217 in

282 3269 575 3333 potestate.
609 3259 1035 3323 Benedictiones,
1076 3255 1269 3311 fratres
1311 3255 1436 3319 mei,
1478 3253 1876 3309 benedictiones

283 3362 521 3417 nostras,
540 3365 673 3422 quas
688 3365 850 3421 super
865 3364 960 3405 vos
978 3348 1220 3413 facimus,
1241 3354 1519 3412 evacuant,
1542 3346 1873 3410 cxinaniunt,

283 3446 515 3503 elidunt.
548 3444 753 3500 Auditis
780 3459 885 3508 me,
916 3441 1099 3507 credo,
1131 3439 1321 3495 fratres
1345 3439 1468 3503 mei,
1500 3438 1713 3509 quando
1732 3438 1874 3505 dico,

285 3538 548 3594 Conversi
591 3537 659 3592 ad
717 3537 995 3592 Dominum
1046 3533 1425 3589 benedicamus
1474 3546 1666 3586 nomen
1717 3530 1869 3600 ejus,

282 3631 381 3687 det
420 3631 575 3685 nobis
603 3644 946 3701 perseverare
982 3628 1034 3682 in
1066 3625 1329 3681 mandatis
1354 3623 1484 3688 suis,
1517 3622 1790 3677 ambulare
1826 3622 1875 3675 in

285 3723 377 3776 via
401 3730 546 3778 recta
573 3720 888 3777 eruditionis
912 3735 1047 3783 suae,
1091 3719 1304 3788 placere
1331 3717 1405 3772 illi
1437 3716 1489 3770 in
1520 3715 1663 3769 onmi
1715 3728 1879 3783 Opere

284 3813 457 3882 bono,
500 3824 554 3869 et
580 3821 772 3869 caetera
798 3812 940 3867 talia.
970 3812 1214 3873 Prorsus,
1234 3809 1494 3879 inquiunt.
1517 3806 1617 3863 hoc
1642 3814 1805 3861 totum
1825 3806 1877 3860 in

288 3913 560 3974 potestate
600 3914 782 3960 nostra
812 3911 894 3959 est
919 3902 1289 3958 constitutum.
1319 3901 1462 3971 Ergo
1506 3914 1605 3954 nos
1648 3899 1881 3953 inaniter

287 3998 419 4054 talia
448 3997 599 4053 vobis
634 4006 901 4067 optamus.
942 3995 1298 4051 Defendamus
1335 4003 1388 4049 et
1416 4009 1531 4057 nos,
1563 4002 1615 4048 et
1636 4008 1765 4058 vos;
1813 4007 1880 4046 ne

285 4100 347 4145 et
380 4104 479 4145 nos
501 4090 617 4146 sine
659 4103 819 4144 causa
875 4086 1275 4151 benedicamus,
1322 4094 1376 4140 et
1419 4100 1514 4138 vos
1564 4084 1680 4139 sine
1720 4099 1881 4139 causa

285 4185 467 4237 Amen
495 4179 863 4235 subscrihatis.
884 4178 1101 4233 Fratres
1126 4176 1250 4240 mei,
1275 4177 1443 4229 Amen
1468 4185 1723 4238 vestrum,
1756 4173 1882 4227 sub-

286 4273 517 4343 scriptio
541 4281 713 4327 vcstra
745 4280 849 4336 est,
891 4268 1171 4326 consensio
1201 4275 1375 4323 vestra
1402 4275 1503 4333 est,
1541 4265 1882 4334 adstipulatio

287 4376 473 4421 vestra
497 4374 599 4419 cst.
626 4364 701 4420 Ne
728 4363 863 4419 forte
888 4363 1050 4433 aliqui
1078 4362 1315 4432 ipsorum
1343 4370 1397 4416 ει
1413 4375 1510 4415 nos
1526 4360 1884 4415 condemnant

287 4469 347 4512 et
374 4472 491 4523 vos,
523 4456 875 4513 defendamus
900 4471 998 4510 nos
1020 4454 1089 4509 de
1103 4454 1347 4524 apostolo
1370 4454 1534 4509 Paulo
1561 4471 1577 4507 :
1608 4453 1882 4508 videamus

288 4552 337 4605 si
370 4549 493 4604 talia
521 4548 724 4619 optavit
768 4548 906 4618 plebi
938 4561 1070 4613 sua),
1117 4547 1296 4617 qualia
1331 4561 1545 4601 oramus
1572 4562 1734 4616 super
1764 4561 1879 4599 vos.

287 4643 490 4701 Audite
513 4642 640 4713 quid
671 4640 869 4697 dixerit
908 4640 1137 4711 quodam
1165 4640 1303 4695 loco.
1333 4640 1465 4695 Rem
1497 4639 1712 4695 brevem
1737 4639 1880 4694 dico.

287 4735 431 4804 Quid
457 4734 614 4799 dicis,
642 4748 676 4789 ο
702 4748 839 4788 nove
866 4732 1136 4797 hmretice,
1169 4732 1491 4802 quicumque
1528 4746 1614 4786 me
1634 4731 1806 4796 audis,
1837 4730 1881 4785 si

290 4840 535 4895 prmsens
562 4824 657 4881 es?
682 4823 807 4895 quid
833 4822 1003 4877 dicis?
1023 4822 1154 4889 Quia
1174 4838 1280 4876 non
1313 4836 1534 4890 peccare
1552 4821 1602 4875 in
1623 4830 1883 4890 potestate

287 4921 375 4974 sic
401 4919 681 4983 habemus,
710 4925 769 4973 ut
796 4917 897 4972 hoc
922 4917 1037 4971 sine
1056 4915 1322 4985 adiutorio
1349 4914 1540 4969 divinre
1568 4913 1750 4985 gratiae
1778 4914 1881 4969 im-

290 5015 443 5084 plere
487 5012 789 5082 possimus;
819 5010 921 5065 hoc
954 5008 1127 5064 dicis?
1156 5008 1289 5073 Hoc,
1319 5008 1508 5077 inquit.
1540 5008 1681 5077 Ergo
1708 5008 1758 5061 in
1792 5023 1885 5076 po-

290 5115 490 5161 testate
533 5104 791 5158 habemus
841 5117 945 5156 non
1004 5115 1223 5170 peccare
1279 5100 1394 5154 sine
1437 5099 1701 5168 adiutorio
1756 5100 1882 5153 Dei?

288 5199 480 5260 Plane,
513 5196 708 5266 inquit,
732 5195 961 5249 liberum
992 5194 1271 5249 arbitrium
1301 5204 1543 5248 nostrum
1567 5193 1634 5249 ad
1667 5194 1766 5249 hoc
1788 5210 1885 5249 no-

291 5289 379 5345 bis
403 5287 622 5343 sufficit.
664 5285 800 5354 Quid
840 5294 925 5340 est
949 5300 1077 5355 ergo
1105 5285 1247 5355 quod
1274 5286 1349 5340 ait
1388 5286 1695 5356 Apostolus,
1746 5289 1882 5343 scri-

290 5382 427 5435 bens
446 5380 512 5434 ad
538 5378 867 5444 Corinthios,
900 5376 1119 5432 Oramus
1147 5379 1214 5431 ad
1237 5377 1423 5443 Deum,
1446 5394 1510 5431 ne
1533 5379 1655 5447 quid
1681 5380 1883 5449 faciatis

288 5474 419 5528 mali
444 5472 512 5541 (ll
540 5472 659 5528 Cor.
691 5487 804 5537 xm,
833 5470 1281 5542 7)?Attendistis,
1299 5471 1540 5536 audistis,
1567 5472 1880 5542 accepistis;

286 5577 346 5623 et
375 5566 499 5635 quia
547 5562 1040 5619 manifestissimum
1069 5570 1172 5630 est,
1214 5562 1331 5617 sine
1358 5561 1529 5617 dubio
1545 5563 1883 5622 intellexistis

285 5663 419 5735 quid
448 5661 624 5718 oravit
650 5657 961 5728 Apostolus.
1010 5654 1250 5720 Oramus,
1288 5654 1478 5725 inquit,
1510 5656 1578 5709 ad
1611 5656 1793 5724 Deum,
1822 5676 1885 5713 ne

287 5754 417 5825 quid
440 5752 643 5824 faciatis
688 5748 832 5804 ntali.
875 5747 1093 5802 Poterat
1118 5746 1296 5802 dicere
1324 5764 1336 5801 :
1363 5746 1639 5802 Monemus
1662 5764 1778 5816 vos,
1816 5766 1883 5805 ne

282 5846 418 5920 quid
467 5843 680 5903 faciatis
721 5840 880 5911 mali;
928 5838 1187 5897 docemus
1237 5854 1354 5908 vos,
1403 5855 1471 5899 ne
1512 5840 1640 5911 quid
1677 5842 1882 5900 faciatis

1520 376 1940 441 FRAGMENTA
1980 377 2372 443 SERMONUM.

3430 396 3569 454 17⁸22

1969 494 2142 560 'mali;
2165 494 2414 565 iubemus
2428 498 2598 565 vobis,
2622 503 2958 575 praecipimus
2982 506 3153 562 vobis.
3180 508 3333 577 Quod
3348 510 3565 582 quidem

1982 586 2027 640 si
2054 586 2276 657 diceret,
2327 598 2529 647 certum
2572 593 2807 664 diceret,
2848 600 2969 668 quia
3005 609 3060 656 et
3093 603 3341 659 voluntas
3382 615 3567 663 nostra

1981 680 2088 749 agit
2110 680 2308 750 aliquid
2341 699 2355 735 :
2389 699 2492 738 non
2514 686 2655 741 enim
2674 686 2918 745 voluntas
2944 702 3123 748 nostra
3155 694 3285 749 nihil
3306 697 3433 767 agit,
3465 698 3562 755 sed

1981 771 2092 825 sola
2124 789 2229 828 non
2273 776 2489 830 sufficit.
2532 778 2712 835 Maluit
2753 790 2929 837 tamen
2980 784 3181 852 dicere,
3236 788 3473 856 Oramus,
3506 799 3567 846 ut

1984 862 2151 933 ipsam
2207 867 2428 934 gratiam
2475 870 2874 927 commendaret
2915 882 3024 928 :ut
3069 876 3423 949 intelligerent
3462 879 3563 948 illi,

1981 957 2194 1026 quando
2226 973 2332 1013 non
2353 958 2554 1016 faciunt
2579 963 2775 1033 aliquid
2803 965 2948 1029 mali,
2980 983 3087 1022 non
3115 969 3226 1023 sola
3252 986 3345 1026 sua
3376 972 3563 1027 volun.

1984 1058 2089 1152 tate
2115 1065 2173 1106 se
2195 1052 2361 1107 vitare
2388 1054 2608 1123 malum,
2636 1056 2732 1112 sed
2759 1056 3022 1129 adiutorio
3051 1060 3148 1115 Dei
3174 1061 3394 1132 imp\ere
3418 1064 3561 1134 quod

1975 1151 2182 1210 iussum
2204 1151 2306 1197 est.

2050 1233 2105 1287 4.
2153 1231 2414 1305 Praecepto
2460 1234 2670 1291 liberant
2706 1238 2988 1303 arbitrium,
3039 1243 3265 1296 oratione
3318 1245 3563 1300 auxilium

1980 1328 2156 1398 gratia:
2192 1331 2525 1383 necessarium
2554 1333 2851 1386 ostenditur.
2905 1333 3066 1405 Ergo,
3109 1335 3321 1404 fratres,
3351 1338 3563 1407 quando

1980 1421 2305 1489 prmcipitnr,
2345 1425 2617 1492 agnoscite
2653 1424 2941 1480 voluntatis
2983 1428 3259 1483 arbitrium
3305 1448 3317 1483 :
3350 1432 3564 1500 quando

1980 1523 2163 1579 oratur
2187 1515 2327 1583 quod
2360 1517 2683 1587 prtecipitur,
2715 1521 2987 1588 agnoscite
3014 1522 3196 1591 gratia:
3223 1523 3558 1579 beneficium.

1982 1603 2276 1676 Utrumque
2302 1607 2443 1662 enim
2476 1609 2527 1663 in
2580 1609 2867 1681 Scripturis
2895 1611 3059 1668 habes
3092 1631 3107 1668 :
3135 1624 3190 1669 ct
3238 1616 3558 1685 prmcipitur,

1980 1707 2031 1751 et
2054 1707 2271 1764 oratur;
2299 1700 2440 1770 quod
2476 1703 2809 1771 praecipitur,
2844 1704 2943 1759 hoc
2973 1713 3176 1759 oratur.
3208 1706 3395 1762 Videte
3422 1707 3564 1777 quod

1979 1788 2120 1843 dico.
2160 1789 2474 1861 Przecipitur
2506 1802 2562 1846 ut
2594 1794 2968 1865 intelligamus.
3001 1797 3279 1865 Quomodo
3323 1801 3566 1870 praecipi-

1982 1888 2068 1933 tur
2098 1881 2564 1952 utinteiligamus?
2597 1883 2774 1940 Nolite
2809 1903 2915 1941 esse
2946 1889 3074 1942 sicut
3102 1906 3256 1959 equus
3301 1900 3347 1944 et
3373 1891 3559 1959 mulus,

1980 1989 2080 2025 non
2111 1973 2346 2029 habentes
2372 1975 2682 2032 intellectum
2713 1977 2882 2046 (Psal.
2916 1997 3068 2046 xxxx,
3102 1981 3180 2052 9).
3207 1983 3414 2039 Audisti
3438 1986 3560 2056 quia

1974 2064 2183 2133 iussum
2208 2075 2327 2132 est;
2358 2077 2501 2138 pete,
2536 2079 2592 2123 ut
2622 2071 2792 2140 possis
2821 2073 3040 2141 implere
3069 2076 3431 2145 quodjussum
3454 2086 3559 2132 est.

1979 2159 2277 2226 Quomodo,
2312 2160 2504 2231 inquis,
2540 2166 2698 2233 pcto?
2727 2164 2861 2219 Audi
2891 2165 3243 2237 Scripturam.
3288 2168 3424 2236 Quid
3468 2168 3563 2224 tibi

1975 2249 2182 2316 iussum
2212 2251 2332 2305 est?
2374 2251 2550 2307 Nolite
2576 2271 2683 2307 esse
2714 2256 2844 2309 sicut
2877 2273 3032 2327 equus
3057 2268 3104 2311 et
3130 2259 3317 2322 mulus,
3345 2276 3444 2313 non
3464 2259 3563 2313 Ita-

1978 2339 2146 2396 bentes
2167 2343 2492 2398 intellectum.
2521 2344 2651 2413 Quia
2675 2348 2878 2416 iussum
2902 2358 3003 2415 est,
3036 2351 3297 2419 agnovisti
3323 2353 3564 2406 volunta-

1981 2444 2085 2488 tem
2122 2452 2134 2487 :
2167 2435 2288 2489 audi
2318 2436 2437 2505 quia
2465 2447 2665 2504 oratur,
2697 2449 2751 2494 ut
2781 2456 3038 2510 agnoscas
3062 2443 3304 2511 gratiam.
3340 2442 3418 2496 Da
3440 2445 3565 2497 mihi

1980 2525 2312 2591 intellectum,
2353 2537 2406 2580 ut
2436 2529 2625 2581 discant
2652 2532 2895 2585 mandata
2923 2543 3010 2585 tua
3036 2532 3207 2605 (Psal.
3240 2550 3424 2600 cxvln,
3448 2535 3561 2607 73).

1977 2618 2193 2674 iussum
2224 2629 2307 2676 est
2331 2628 2387 2675 ut
2412 2621 2701 2678 habeamus
2728 2626 3038 2693 sapientiam
3067 2644 3079 2679 :
3104 2626 3225 2697 quia
3251 2626 3457 2697 iussum
3484 2637 3568 2684 est

1980 2712 2118 2781 lego.
2156 2713 2251 2768 Ubi
2283 2714 2435 2785 legis,
2481 2715 2687 2786 inquit?
2724 2718 2918 2773 Audite
2950 2736 2964 2773 :
2999 2720 3101 2787 Qui
3138 2720 3429 2791 insipientes
3450 2724 3567 2777 estis

1978 2805 2031 2857 in
2060 2806 2247 2875 populo
2291 2816 2337 2859 et
2382 2806 2546 2873 stulti,
2586 2807 2858 2877 aliquando
2889 2811 3051 2881 sapite
3077 2809 3245 2883 (Psal.
3282 2828 3431 2879 xcm,
3482 2812 3561 2883 8).

1977 2895 2093 2951 Jam
2122 2895 2209 2950 ille
2250 2896 2375 2967 quid
2409 2897 2570 2953 dicit?
2602 2900 2764 2955 Vides
2806 2902 3073 2971 quomodo
3123 2903 3276 2958 nobis
3309 2904 3567 2974 prmcepit

1983 2990 2122 3044 Deus
2150 3002 2203 3044 ut
2230 2992 2519 3063 sapiamus.
2552 2993 2693 3065 Ergo
2731 2996 2989 3065 sapientia
3015 2996 3067 3050 in
3095 3007 3272 3051 nostra
3299 3007 3380 3051 est
3409 3006 3564 3068 pote-

1979 3080 2296 3136 state?.lam
2340 3082 2466 3147 dixi,
2513 3094 2835 3154 praeceptum
2876 3086 3071 3151 audivi,
3113 3088 3436 3142 voluntatem
3467 3102 3564 3143 co-

1978 3172 2135 3242 gnovi
2166 3192 2181 3228 :
2213 3174 2334 3228 audi
2370 3176 2688 3245 orationem,
2741 3186 2795 3231 ut
2833 3180 3053 3249 gratiam
3099 3187 3152 3233 tu
3208 3180 3380 3250 possis
3402 3195 3566 3251 agno-

1979 3277 2150 3319 scere.
2184 3265 2259 3321 De
2284 3267 2539 3335 sapientia
2562 3266 2737 3336 igitur,
2760 3284 2878 3339 quae
2896 3271 3040 3338 iussa
3069 3278 3152 3325 est
3173 3271 3346 3338 nobis,
3374 3271 3561 3325 audia-

1980 3371 2099 3411 mus
2142 3358 2265 3428 quid
2315 3359 2456 3414 dicat
2499 3362 2773 3431 apostolus
2816 3361 3047 3417 laeubus
3084 3379 3098 3415 :
3138 3362 3202 3418 Si
3235 3364 3346 3433 quis
3401 3373 3567 3417 autem

1980 3457 2193 3503 vestrum
2221 3451 2411 3522 indiget
2435 3454 2703 3522 sapientia,
2736 3454 2954 3523 postulet
2974 3472 3007 3508 a
3027 3454 3157 3519 Deo,
3184 3456 3269 3525 qui
3295 3456 3383 3509 dat
3404 3457 3568 3510 omni-

1981 3539 2078 3594 bus
2098 3542 2371 3611 afﬂuenter
2399 3542 2599 3613 (Jacobi
2620 3561 2657 3610 I,
2687 3544 2764 3617 5).
2796 3545 3019 3600 Jubetur
3044 3546 3196 3601 nobis
3216 3547 3565 3602 continentia.

1982 3631 2083 3687 Ubi
2129 3632 2382 3703 iubetur?
2430 3636 2718 3704 Apostolus
2758 3636 2823 3690 ad
2862 3635 3224 3702 Timotheum,
3273 3636 3482 3691 Contine
3518 3646 3567 3691 te

1982 3724 2149 3788 ipsum
2196 3726 2238 3798 (l
2290 3725 2424 3781 Tim.
2472 3742 2527 3789 ν,
2577 3727 2690 3799 2‘2).
2743 3729 2923 3784 Jussio
2953 3739 3055 3798 est,
3113 3732 3403 3802 praeceptio
3444 3739 3561 3796 est;

1982 3816 2303 3871 audiendum
2333 3828 2435 3881 est,
2456 3818 2752 3874 faciendum
2781 3830 2862 3875 est
2892 3838 2905 3874 :
2929 3822 3022 3877 sed
3046 3822 3149 3876 nisi
3174 3823 3313 3878 Deus
3331 3822 3565 3894 adiuvet,

1983 3925 2341 3966 remanemus.
2385 3911 2656 3967 Conamur
2701 3900 2914 3984 quidem
2942 3915 3121 3971 facere
3170 3916 3464 3983 voluntate,
3515 3925 3571 3970 et

1989 4002 2178 4056 nititur
2200 4004 2399 4072 aliquid
2434 4007 2684 4061 voluntas
2714 4025 2728 4061 :
2751 4023 2855 4061 non
2877 4016 3165 4076 prtesumat
3191 4017 3445 4077 potestas,
3467 4009 3569 4063 nisi

1990 4092 2272 4162 adjuvetur
2300 4096 2600 4151 infirmitas.
2632 4097 2789 4152 Certe
2818 4097 3187 4166 enimiussum
3217 4106 3334 4151 est:
3361 4097 3572 4153 Contine

1986 4195 2034 4240 te
2062 4187 2247 4256 ipsum.
2293 4187 2432 4241 Audi
2461 4188 2621 4242 alium
2661 4189 2833 4242 locum
2859 4188 3144 4258 Scriptum
3175 4206 3190 4241 :
3224 4187 3295 4241 Et
3312 4205 3426 4242 cum
3466 4190 3569 4242 sci-

1984 4297 2112 4347 rem,
2142 4281 2331 4350 inquit,
2364 4281 2483 4350 quia
2508 4298 2653 4335 nemo
2678 4298 2787 4336 esse
2811 4290 2969 4351 potest
2998 4282 3278 4347 continens,
3307 4282 3405 4336 nisi
3430 4281 3573 4337 Deus

1986 4372 2068 4426 det
2090 4388 2111 4437 ;
2154 4382 2200 4427 et
2239 4373 2332 4427 hoc
2354 4374 2521 4445 ipsum
2550 4383 2656 4428 erat
2684 4374 2966 4443 sapientiw,
2994 4375 3120 4428 scire
3148 4376 3293 4443 cujus
3326 4384 3453 4429 esset
3476 4375 3572 4429 hoc

1987 4468 2197 4521 donum.
2239 4470 2306 4522 Et
2333 4468 2481 4538 quid,
2525 4468 2713 4538 inquit,
2764 4466 3055 4522 feci?Adii
3098 4466 3388 4533 Dominum,
3411 4478 3458 4522 et
3480 4469 3574 4524 de-

1989 4572 2219 4632 precatus
2264 4579 2375 4615 sum
2422 4561 2573 4633 (Sep.
2612 4577 2725 4625 vnt,
2784 4561 2896 4629 ΕΠ).
2928 4560 3082 4629 Quid
3130 4576 3265 4630 opus
3290 4570 3372 4615 est
3406 4563 3570 4616 multa

1991 4668 2332 4722 percurrere,
2366 4652 2556 4708 fratres
2587 4652 2730 4706 mei?
2773 4651 3040 4721 Quidquid
3093 4651 3249 4705 nobis
3292 4651 3508 4721 iubetur
3530 4652 3570 4718 ¹,

1989 4746 2247 4801 orandum
2288 4754 2453 4801 estut
2499 4744 2784 4813 impleatur
2816 4762 2829 4797 :
2863 4742 2957 4798 scd
2999 4759 3102 4797 non
3131 4744 3227 4809 sic,
3260 4752 3316 4797 ut
3341 4743 3575 4797 dimitta-

1991 4854 2111 4894 mus
2140 4854 2259 4905 nos,
2286 4847 2340 4894 et
2360 4837 2631 4909 quomodo
2652 4836 2776 4907 aegri
2800 4835 3077 4905 iaceamus
3118 4835 3312 4904 supini,
3342 4843 3396 4889 ct
3424 4834 3572 4889 dica-

1988 4947 2128 4996 mus,
2187 4932 2342 4986 Pluat
2393 4932 2531 4986 Deus
2587 4944 2739 4984 escas
2791 4942 2953 4997 super
3004 4928 3166 4983 facies
3220 4935 3463 4993 nostras;
3516 4934 3576 4981 ut

1990 5036 2209 5091 prorsus
2230 5036 2328 5075 nos
2358 5020 2486 5074 nihil
2513 5034 2671 5089 agerc
2692 5017 2950 5082 velimus;
2974 5026 3160 5073 etcum
3185 5032 3306 5071 esca
3332 5016 3573 5086 complu-

1992 5123 2042 5169 ta
2071 5114 2228 5169 fuerit
2248 5128 2407 5182 super
2434 5126 2496 5164 os
2520 5118 2780 5169 nostrum.
2813 5109 3050 5164 dicamus
3076 5111 3258 5175 etiam,
3293 5109 3433 5163 Dens
3458 5109 3572 5177 glu-

1993 5206 2084 5259 tiat
2112 5204 2178 5259 de
2204 5204 2377 5259 nobis.
2408 5200 2619 5269 Aliquid
2651 5208 2705 5254 et
2734 5214 2831 5254 nos
2862 5216 3020 5270 agere
3049 5200 3328 5265 debemus,
3356 5199 3572 5254 studere

1991 5298 2269 5363 debemus,
2300 5295 2481 5351 conari
2503 5294 2794 5360 debemus;
2825 5302 2880 5349 et
2908 5295 2961 5348 in
2982 5309 3047 5348 eo
3082 5294 3278 5363 gratias
3308 5308 3486 5363 agerc,
3518 5294 3572 5347 in

1989 5407 2095 5463 quo
2124 5390 2483 5462 potuerimus;
2516 5389 2569 5443 in
2603 5404 2670 5444 eo
2698 5387 2841 5458 quod
2868 5402 2973 5442 non
3009 5388 3355 5455 potuerimus,
3387 5400 3566 5441 orare.

1990 5483 2213 5552 Quando
2252 5482 2449 5552 gratias
2492 5482 2603 5551 agis
2628 5523 2643 5548 ,
2674 5494 2833 5535 eaves
2878 5494 2944 5534 ne
2986 5477 3258 5533 damneris
3296 5477 3568 5547 ingratus:

1990 5575 2205 5646 quando
2228 5584 2405 5630 autem
2429 5572 2571 5645 quod
2594 5572 2826 5628 nondum
2850 5571 3012 5627 habes
3034 5570 3192 5640 petis,
3216 5583 3374 5623 caves
3398 5582 3466 5622 ne
3490 5582 3575 5622 rc-

2055 5728 2068 5758 ¹
2092 5730 2431 5789 Germancnsis
2453 5733 2554 5774 Ms:
2574 5723 2705 5789 Quid
2726 5738 2844 5789 opus
2880 5728 2948 5789 cst
2972 5720 3121 5789 multa
3143 5718 3575 5789 percttrrgre,fra-

1990 5799 2087 5906 ᾖξε
2115 5787 2268 5903 atri?
2294 5798 2348 5840 In
2369 5803 2425 5841 eo
2453 5781 2695 5852 quodnon
2714 5781 3020 5852 potiwrinuts,
3036 5781 3271 5849 quidquid
3288 5781 3421 5835 nobis
3431 5781 3575 5845 jube-

2073 5884 2091 5906 ,
2130 5866 2144 5883 ι
2167 5866 2212 5902 c.

2072 5884 2091 5912 ,
2115 5866 2212 5903 etc.
