4026 6362
576 360 716 420 1⁸123

576 514 795 556 maneas
832 499 1023 563 inanis,
1064 497 1187 567 quia
1214 496 1506 567 impediris.

647 591 699 645 5.
709 588 934 660 Objectio
948 586 1361 657 Pelagianorum.
1371 585 1610 659 Pelagius
1620 589 1867 658 quomodo
1880 588 2152 644 absolutus.

575 681 812 752 Cogitate
831 695 957 749 ergo
979 679 1099 742 ista,
1134 678 1323 733 fratres
1354 678 1476 743 mei,
1506 680 1743 749 quisquis
1763 680 1828 733 ad
1854 695 1947 733 vos
1975 695 2160 735 acces—

576 775 727 839 serit,
747 773 1013 828 ctdixcrit
1039 774 1187 828 vobis
1216 792 1230 828 :
1257 774 1392 841 Quid
1422 790 1547 844 ergo
1577 788 1674 828 nos
1701 773 1939 837 facimus,
1966 774 2011 829 si
2030 774 2159 829 nihil

574 864 831 918 habemus
853 864 902 917 in
936 873 1201 933 potestate
1229 865 1327 919 uisi
1358 865 1494 920 Deus
1517 863 1607 918 det
1641 865 1858 919 omnia?
1887 865 2025 934 Ergo
2054 881 2158 919 non

574 972 671 1011 nos
705 956 981 1010 coronabit
1000 958 1159 1023 Deus,
1190 956 1281 1013 sed
1306 972 1363 1012 se
1378 956 1672 1011 coronabit.
1696 956 1810 1011 Jam
1830 955 2018 1010 videtis
2039 958 2161 1026 quia

569 1046 638 1101 de
667 1048 755 1101 illa
785 1063 917 1103 vena
976 1048 1119 1102 venit
1166 1066 1179 1102 :
1225 1064 1357 1103 vena
1402 1057 1503 1112 cst,
1531 1047 1624 1101 scd
1667 1062 1930 1102 venenum
1966 1047 2157 1114 habet;

569 1155 819 1209 percussa
842 1150 924 1195 est
940 1141 1080 1195 enim
1108 1156 1138 1194 a
1166 1150 1431 1210 serpente,
1461 1155 1586 1193 sana
1611 1155 1714 1193 non
1745 1148 1843 1193 est.
1879 1140 1990 1195 lloc
2018 1141 2159 1196 enim

568 1232 677 1300 agit
702 1232 860 1286 hodie
885 1242 1120 1298 satanas,
1154 1232 1421 1303 quomodo
1450 1247 1543 1301 per
1565 1246 1765 1286 venena
1792 1233 2158 1288 hazreticorum
2222 1262 2225 1265 -

576 1324 754 1390 ejiciat
788 1322 855 1378 de
882 1324 1140 1387 Ecclesia,
1190 1323 1326 1377 sicut
1371 1331 1493 1377 time
1537 1338 1630 1392 per
1664 1337 1867 1377 venena
1895 1325 2159 1391 serpentis

574 1415 733 1482 cjecit
771 1415 839 1471 de
863 1414 1125 1483 paradiso.
1157 1413 1303 1467 lllum
1350 1428 1507 1468 nemo
1537 1413 1675 1469 dicat
1712 1413 2010 1467 absolutum
2038 1426 2160 1468 esse

570 1506 639 1559 ab
680 1505 943 1575 episcopis
966 1521 980 1557 :
1003 1505 1241 1559 absoluta
1267 1511 1371 1569 est,
1398 1503 1491 1559 sed
1522 1502 1809 1568 confessio,
1859 1504 2011 1573 quasi
2035 1517 2159 1557 cor-

568 1598 737 1650 rectio
758 1597 866 1665 ipsa
889 1605 969 1651 est
992 1596 1250 1650 absoluta.
1276 1595 1407 1664 Quia
1432 1610 1493 1650 ea
1520 1610 1637 1665 qua:
1652 1594 1786 1649 dixit
1804 1603 1927 1650 ante
1949 1594 2158 1664 episco-

567 1700 689 1755 pos,
717 1686 974 1741 catholica
993 1686 1306 1741 videbantur
1336 1704 1350 1741 :
1388 1701 1506 1755 qua:
1531 1694 1708 1741 autem
1752 1684 1967 1755 scripsit
2011 1686 2063 1739 in
2092 1685 2156 1739 li-

570 1778 680 1832 bris
711 1779 854 1843 suis,
899 1779 1132 1849 episcopi
1172 1778 1260 1849 qui
1289 1778 1668 1845 absolverunt,
1717 1778 2059 1844 nescierunt;
2102 1786 2158 1832 ct

568 1869 784 1923 forsitan
811 1878 1084 1924 correctus
1110 1879 1210 1925 est.
1245 1870 1537 1941 Desperare
1556 1868 1696 1925 enim
1714 1869 1780 1925 de
1802 1870 2017 1925 homine
2047 1885 2155 1925 non

570 1960 850 2027 debemus,
881 1960 970 2031 qui
1000 1963 1136 2017 forte
1176 1960 1592 2016 fideicatholica:
1622 1961 1835 2033 adiungi
1862 1976 1921 2016 se
1946 1961 2151 2027 maluit,

569 2060 619 2101 et
649 2050 715 2105 ad
742 2050 857 2120 ejus
890 2052 1112 2121 gratiam
1161 2052 1521 2122 auxiliumque
1568 2052 1831 2123 confugit;
1861 2052 1995 2107 forte
2051 2051 2155 2109 hoc

567 2141 764 2195 factum
794 2143 863 2196 sit
896 2158 909 2194 :
941 2151 1115 2197 tamen
1155 2158 1259 2197 non
1284 2142 1505 2198 lucresis
1530 2150 1613 2199 est
1650 2144 1910 2209 absoluta,
1939 2143 2153 2199 sedbo-

564 2248 654 2286 mo
675 2233 919 2289 hzeresim
949 2249 1168 2305 negans,
1195 2243 1300 2289 etc.

568 2346 650 2400 hic
667 2348 912 2403 Sermone
932 2348 995 2403 tle
1024 2347 1270 2403 I’assione
1296 2346 1523 2413 Domini,
1550 2348 1602 2402 in
1650 2346 1958 2403 Collectione
1995 2345 2153 2402 Deda!

1076 2448 1123 2494 et
1152 2439 1293 2494 Flori
1313 2440 1381 2493 ad
1408 2440 1557 2494 Rom.
1584 2455 1633 2494 ι’.

637 2552 700 2608 Si
722 2553 853 2607 enim
880 2570 996 2608 cum
1036 2553 1227 2608 inimici
1250 2569 1485 2617 essemus,
1520 2551 1826 2606 reconciliati
1845 2568 2019 2607 sumus
2044 2549 2150 2605 Deo

565 2662 655 2714 per
679 2655 889 2700 mortem
938 2644 1061 2700 Filii
1102 2646 1249 2712 eius;
1272 2644 1429 2699 multo
1452 2644 1614 2715 magis
1662 2642 1993 2709 reconciliati,
2024 2642 2149 2697 salvi

561 2738 746 2791 erimus
788 2738 841 2792 in
892 2739 993 2792 vita
1044 2737 1248 2809 ἱμείρω(
1284 2737 1432 2792 Rom.
1465 2736 1610 2802 v.10
1643 2736 1684 2807 ).
1730 2735 1871 2807 Ergo
1899 2735 2148 2791 Christus

565 2844 662 2898 pro
688 2828 864 2899 impiis
910 2839 1151 2884 mortuus
1186 2838 1285 2884 est.
1323 2830 1385 2883 Iit
1420 2827 1667 2883 Christus
1696 2827 1833 2882 Deus
1869 2835 1970 2881 est.
2003 2826 2149 2895 Quo-

560 2922 721 2977 modo
750 2938 854 2977 non
882 2922 1123 2993 regnabit
1150 2923 1393 2977 inventus
1418 2922 1469 2974 in
1503 2921 1606 2974 vita
1640 2919 1729 2974 Dei
1752 2919 1946 2991 justus,
1975 2934 2145 2989 quan-

559 3014 649 3077 do,
670 3030 736 3069 nc
755 3014 970 3085 periret,
994 3023 1163 3070 morte
1196 3012 1286 3068 Dci
1314 3011 1569 3083 qumsitus
1596 3023 1677 3066 est
1707 3009 1948 3080 impius?
1980 3008 2035 3064 In
2064 3009 2144 3065 vi-

562 3105 773 3161 taenim
805 3105 896 3161 Dei
914 3105 1043 3161 salvi
1070 3105 1292 3169 erimus,
1332 3103 1452 3174 quia
1483 3104 1531 3156 in
1574 3102 1677 3156 vita
1708 3110 1888 3155 nostra
1914 3100 2147 3171 periera-

560 3211 697 3251 mus.
729 3194 835 3252 Sed
856 3211 977 3251 cum
1007 3196 1259 3250 audimus
1287 3204 1339 3249 et
1361 3194 1520 3248 vitam
1554 3193 1646 3247 Dei
1683 3202 1738 3248 ct
1766 3201 1994 3246 mortem
2026 3190 2145 3259 Dei,

559 3286 924 3343 discernamus
952 3287 1100 3357 quid,
1125 3286 1263 3341 unde
1298 3286 1385 3341 sit.
1418 3285 1591 3339 \‘itam
1621 3286 1820 3356 quippe
1841 3283 2019 3338 attulit
2046 3298 2142 3339 uo-

558 3378 658 3443 bis,
691 3388 914 3433 mortem
967 3394 1094 3434 vero
1140 3377 1344 3447 accepit
1382 3393 1409 3430 a
1458 3376 1611 3431 nobis
1646 3394 1657 3428 :
1692 3391 1791 3431 ucc
1824 3386 1997 3430 tamen
2050 3389 2146 3445 pro

558 3485 658 3525 suo
686 3471 895 3537 merito,
925 3470 1018 3525 sed
1046 3486 1140 3541 pro
1172 3469 1342 3524 nobis.

559 3579 586 3633 Ι
594 3591 691 3636 tem
711 3598 773 3637 ea:
822 3582 1065 3637 Sermone
1088 3583 1151 3636 de
1184 3581 1427 3636 Passionc
1460 3580 1681 3646 Domini,
1716 3580 1856 3635 Deda
1886 3589 1933 3634 et
1960 3579 2147 3635 Florus

1157 3673 1225 3728 ad
1250 3674 1397 3727 llom.
1431 3689 1522 3727 xu.

638 3787 741 3853 Qui
760 3803 812 3840 se
832 3787 1040 3853 exultat,
1058 3786 1448 3851 lmmiliabitur;
1479 3795 1525 3838 et
1547 3786 1633 3853 qui
1654 3802 1707 3838 se
1726 3785 1976 3849 Immiliat,
1998 3786 2143 3838 exal-

556 3878 781 3947 tabitur(
812 3876 938 3932 Luc.
959 3893 1103 3941 xvut,
1139 3878 1206 3931 Μ
1234 3877 1273 3946 ).
1304 3876 1534 3931 Proinde
1553 3890 1676 3930 cum
1706 3876 1991 3945 Apostolus
2038 3891 2136 3931 nos

557 3967 862 4035 admoneat,
878 3983 945 4023 ne
963 3969 1131 4023 simus
1155 3969 1259 4023 alta
1280 3968 1567 4039 sapientes,
1590 3966 1683 4022 sed
1705 3966 1993 4022 humilibus
2010 3983 2143 4023 con-

555 4060 848 4115 sentientes
881 4059 1067 4131 (Rom.
1122 4076 1235 4127 xu,
1279 4061 1345 4115 16
1372 4060 1435 4130 );
1485 4058 1703 4130 cogitet,
1751 4060 1794 4113 si
1837 4066 2035 4129 potest,
2091 4060 2142 4113 in

553 4162 810 4221 quantutn
846 4152 1109 4221 superbia:
1129 4151 1480 4221 prmeipitium
1511 4150 1709 4205 feratur
1736 4149 1917 4214 homo,
1946 4150 1990 4203 si
2027 4165 2133 4204 non

554 4244 889 4298 consenserit
940 4244 1124 4297 humili
1164 4244 1311 4308 Deo;
1344 4252 1400 4298 et
1456 4259 1614 4313 quam
1667 4244 1738 4297 sit
1776 4243 2140 4313 perniciosqu

558 4334 900 4401 impatienter
942 4334 1210 4387 hominem
1238 4333 1378 4389 ferre
1430 4334 1572 4404 quod
1603 4334 1831 4388 voluerit
1875 4333 2142 4389 Dominus

553 4426 749 4495 justus,
777 4425 821 4479 si
849 4425 1114 4495 patienter
1144 4425 1357 4494 pertulit
1382 4426 1517 4480 Deus
1539 4424 1681 4493 quod
1709 4424 1865 4479 voluit
1894 4423 2141 4479 inimicus

556 4515 805 4583 iujttstus.

593 4628 721 4682 Item
766 4645 829 4683 ex
880 4628 1123 4684 Sermone
1142 4627 1209 4680 de
1252 4624 1514 4689 Passione,
1546 4625 1684 4679 Beda
1727 4635 1773 4680 et
1822 4626 2008 4681 Florus
2038 4628 2105 4680 ad

1212 4717 1362 4772 Rom.
1389 4732 1487 4771 xv.

626 4815 735 4869 Rex
766 4828 893 4884 ergo
908 4813 1209 4867 Judmorum
1232 4809 1494 4876 Christus,
1525 4810 1623 4864 sub
1640 4810 1789 4881 cujus
1808 4810 1926 4866 leue
1943 4810 2133 4881 jugum

552 4907 712 4962 etiam
736 4905 934 4960 Gentes
952 4904 1138 4958 missze
1165 4911 1287 4957 sunt
1332 4902 1383 4955 in
1408 4900 1631 4956 salutem
1657 4918 1671 4967 ;
1702 4902 1823 4972 quia
1861 4903 1939 4958 eis
1971 4903 2140 4959 mise-

554 4997 779 5053 ricordia
821 4997 1021 5066 majore
1069 5010 1382 5050 concessum
1432 5003 1533 5050 est.
1588 4995 1699 5050 lloc
1728 4996 1963 5065 apertius
2016 4996 2131 5065 ipse

550 5089 785 5143 ostendit
824 5086 1129 5157 Apostolus,
1156 5086 1245 5140 ubi
1270 5087 1363 5151 ait,
1399 5084 1526 5140 Dico
1553 5088 1683 5140 enim
1712 5086 1967 5141 Christum
1996 5089 2133 5159 fuis-

1811 358 1865 414 S.
1908 358 2273 417 AUGUSTINI
2313 361 2618 421 EPISCOPI

2308 477 2337 531 Ι
2343 488 2439 532 tem
2477 497 2539 534 ex
2585 480 2832 539 Sermone
2861 485 2924 539 de
2969 484 3234 561 Passione,
3290 490 3425 548 Beda
3461 505 3509 551 et
3540 495 3728 556 Florus
3752 505 3821 558 ad

2930 574 3101 632 Gatat.
3133 595 3209 637 v1.

2338 658 2643 717 Gloriemur
2664 678 2794 735 ergo
2816 675 2870 721 et
2897 682 2998 723 nos
3022 670 3077 724 in
3094 685 3255 727 cruce
3284 674 3492 731 Domini
3521 682 3690 736 nostri
3720 681 3845 740 Iesu

2266 752 2488 820 Christi,
2521 771 2617 825 per
2643 773 2802 826 quem
2831 760 2984 815 nobis
3010 763 3262 833 mundus,
3286 774 3342 822 et
3380 784 3476 824 nos
3506 773 3705 828 mundo
3730 791 3849 830 cru-

2267 844 2545 911 citigamur
2567 846 2587 916 (
2604 846 2775 902 Galat.
2802 865 2876 913 vt,
2909 852 2975 909 14
2997 852 3035 922 ).
3067 854 3142 909 De
3168 871 3268 925 qua
3296 871 3456 914 cruce
3480 870 3537 915 ut
3577 878 3683 918 non
3723 881 3847 920 cru-

2268 934 2632 1026 hcsceremus,
2664 954 2781 994 eam
2826 941 2879 995 in
2906 942 3018 1013 ipsa
3045 944 3243 1015 fronte,
3278 948 3380 1005 hoc
3404 962 3507 1019 est,
3549 953 3599 1008 in
3628 956 3849 1026 pudoris

2266 1024 2538 1081 domicilio
2564 1029 2972 1091 eollocavimus.

2301 1115 2432 1172 Item
2479 1136 2544 1173 ea:
2594 1120 2841 1178 Sermone
2883 1124 2948 1181 de
2974 1124 3238 1195 Passione,
3270 1130 3412 1186 Beda
3439 1142 3487 1188 et
3514 1134 3705 1193 Florus
3749 1142 3817 1194 ad

2904 1217 3099 1290 Ephes.
3125 1237 3204 1275 Iv.

2334 1303 2517 1375 Neque
2536 1306 2701 1373 enim,
2749 1318 2807 1364 ut
2844 1313 3084 1367 nonnulli
3115 1324 3320 1384 putant,
3364 1328 3518 1375 vetus
3546 1322 3706 1378 homo
3732 1341 3849 1380 cor-

2262 1412 2363 1467 pus
2387 1406 2489 1461 est,
2522 1407 2576 1454 ct
2609 1416 2776 1457 novus
2808 1404 2968 1459 homo
2991 1408 3201 1463 anima:
3234 1409 3329 1465 sed
3365 1426 3581 1482 corpus,
3610 1416 3850 1473 exterior

2262 1489 2425 1546 homo
2450 1501 2571 1551 est:
2600 1494 2800 1562 anima,
2832 1497 3074 1554 interior.
3126 1499 3182 1556 In
3227 1503 3484 1561 interiore
3509 1509 3685 1577 agitur
3734 1510 3849 1566 haec

2259 1593 2496 1638 vetuSIas
2516 1594 2571 1640 et
2617 1587 2843 1642 novitas.
2893 1588 3026 1645 Cum
3075 1593 3219 1648 enim
3271 1594 3559 1664 Apostolus
3614 1597 3847 1669 diceret,

2260 1671 2448 1729 Exuite
2476 1691 2560 1730 vos
2579 1687 2789 1732 veterem
2842 1680 3114 1749 hominem,
3156 1696 3203 1737 et
3253 1686 3456 1742 induite
3486 1704 3668 1743 novum
3691 1706 3713 1756 ;
3740 1707 3845 1748 non

2260 1764 2362 1820 hoc
2392 1767 2631 1836 jubebat,
2663 1778 2719 1825 ut
2743 1786 2937 1841 corpus
2964 1774 3341 1845 deponeretur,
3388 1780 3482 1834 sed
3536 1791 3593 1836 ut
3642 1783 3752 1838 vita
3791 1786 3846 1841 in

2259 1857 2451 1911 melius
2466 1869 2779 1916 mutaretur.
2805 1863 2916 1918 Hoc
2927 1864 3155 1936 denique
3174 1879 3565 1938 consequenter
3584 1872 3807 1929 edocuit
3830 1894 3843 1941 ;

2259 1963 2380 2002 nam
2402 1949 2585 2005 volens
2605 1952 2729 2022 quid
2747 1952 2940 2009 dixerit
2955 1957 3262 2026 eXplanarc,
3285 1958 3629 2031 Quapropter,
3650 1965 3844 2036 inquit,

2257 2040 2559 2111 deponentes
2588 2045 2925 2108 mendacium,
2955 2047 3218 2116 loquimini
3263 2052 3518 2106 ceritatem
3568 2056 3845 2124 unusquis-

2257 2146 2355 2199 que
2372 2148 2485 2185 cum
2511 2133 2742 2202 proximo
2766 2151 2859 2189 suo
2880 2134 2899 2208 (
2920 2134 3108 2205 Epltes.
3130 2154 3203 2203 IV,
3230 2138 3398 2195 22-25
3426 2142 3472 2213 ).

2258 2220 2343 2275 Ea:
2364 2221 2610 2277 Sermone
2628 2224 2690 2279 de
2713 2224 3096 2282 Ilesurrectione
3130 2227 3359 2300 Domini,
3384 2232 3522 2289 Deda
3560 2232 3606 2289 e't
3653 2235 3849 2292 Florus

2860 2321 2930 2374 ad
2955 2320 3105 2376 Rom.
3132 2338 3203 2378 vr.

2330 2406 2480 2475 Quod
2498 2410 2628 2463 enim
2654 2421 2880 2465 mortuus
2905 2423 2997 2479 est,
3045 2426 3247 2483 peccato
3275 2427 3503 2472 mortuus
3529 2430 3603 2474 est
3643 2423 3804 2477 semel
3829 2438 3849 2485 ;

2254 2499 2392 2569 quod
2406 2509 2574 2554 autem
2594 2503 2729 2568 vicit,
2753 2505 2869 2558 vivit
2891 2505 3111 2560 Detha
3134 2517 3179 2561 et
3201 2524 3286 2563 vos
3304 2511 3582 2565 aristimate
3599 2529 3685 2566 vos
3702 2531 3848 2567 mor-

2256 2599 2369 2645 tuos
2394 2593 2596 2663 quidem
2616 2610 2721 2649 esse
2744 2607 2966 2667 peccato,
2998 2598 3211 2654 viventes
3258 2611 3427 2656 autem
3458 2601 3566 2659 Deo
3586 2606 3640 2659 in
3681 2605 3842 2660 Cleri-

2253 2690 2329 2735 sto
2349 2681 2492 2737 Jesu.
2521 2684 2632 2739 Hoc
2656 2695 2739 2740 est
2790 2698 3201 2756 sacramentum,
3233 2692 3283 2746 in
3311 2708 3419 2763 quo
3445 2694 3498 2749 hi
3538 2697 3624 2766 qui
3663 2697 3846 2766 bapti-

2255 2781 2462 2838 zautur,
2518 2775 2641 2829 vita:
2690 2779 2886 2832 veteris
2929 2782 3274 2851 experiuntur
3302 2797 3575 2851 occasum,
3602 2796 3657 2841 et
3685 2803 3845 2842 nova:

2252 2865 2601 2921 exordiuntur
2628 2868 2942 2939 ingressum.
2970 2870 3124 2927 Unde
3168 2874 3309 2931 idem
3334 2876 3465 2931 dicit
3490 2894 3505 2931 :
3535 2877 3841 2948 Conseputti

2252 2972 2370 3027 ergo
2412 2958 2490 3012 illi
2532 2964 2824 3031 sumus‘per
2843 2961 3161 3033 Daptismum
3181 2967 3232 3020 in
3258 2978 3501 3035 mortem;
3525 2979 3581 3023 ut
3598 2973 3849 3040 quartad-

2252 3050 2462 3103 modum
2488 3054 2759 3107 resurrexit
2788 3053 3063 3110 Christusa
3088 3058 3317 3124 mortuis,
3339 3060 3413 3114 sic
3426 3070 3472 3113 et
3492 3078 3582 3116 nos
3608 3062 3662 3115 in
3692 3064 3847 3117 novi-

2252 3150 2353 3196 tate
2380 3142 2495 3197 vita:
2521 3144 2870 3219 ambulemus(
2898 3147 3046 3201 Rom.
3099 3164 3174 3214 VI,
3206 3149 3292 3214 l0,
3344 3152 3429 3218 11,
3472 3153 3505 3208 -l
3531 3151 3575 3223 ).
3609 3153 3711 3208 Per
3738 3154 3849 3212 hoc

2251 3243 2641 3288 sacramentum
2692 3250 3040 3306 agnoscamus
3094 3254 3192 3295 "08
3233 3249 3289 3296 et
3330 3252 3546 3313 peccato
3597 3256 3848 3304 mortuos

2252 3338 2371 3378 esse
2395 3339 2515 3378 cum
2536 3324 2771 3391 Christo,
2798 3338 2849 3383 et
2871 3329 3089 3399 justitize
3107 3332 3285 3388 vivere
3305 3334 3356 3388 in
3382 3335 3610 3391 Christo.
3627 3338 3683 3391 lu
3712 3354 3842 3394 cru-

2251 3429 2313 3469 ce
2334 3415 2486 3470 dulor
2505 3426 2587 3472 est
2613 3418 2981 3475 confessorum
3016 3440 3029 3476 :
3067 3423 3119 3477 iu
3148 3426 3415 3495 sepultura
3438 3426 3648 3499 requies
3672 3432 3843 3486 abso-

2253 3504 2483 3561 lutorutn
2514 3526 2527 3561 :
2557 3509 2607 3563 iu
2630 3512 3020 3569 resurrectione
3045 3515 3151 3571 vita
3179 3515 3465 3587 justorum.

2252 3595 2337 3651 Ex
2365 3597 2613 3655 Sermone
2634 3612 2925 3657 octavarum
2948 3604 3181 3675 Paselue,
3204 3610 3333 3663 inter
3345 3608 3661 3667 Collectanea
3680 3613 3849 3671 Joan-

2416 3692 2497 3746 nis
2518 3693 2719 3759 diaconi
2741 3696 2794 3748 in
2822 3693 3052 3751 Genesim
3073 3701 3296 3753 nondum
3317 3700 3519 3772 vulgata
3547 3704 3643 3775 (a).

2608 3784 2741 3839 Gen.
2773 3802 2889 3857 cap.
2917 3803 2957 3851 t,
2982 3789 3014 3857 ᾗ
3039 3829 3051 3841 .
3072 3790 3123 3845 5.
3151 3790 3262 3845 Lux
3295 3791 3451 3847 facta.

2326 3875 2377 3929 1.
2428 3875 2666 3947 Dixitque
2701 3878 2858 3945 Deus,
2906 3880 3027 3935 Fiat
3070 3882 3159 3937 lar
3181 3900 3200 3948 ;
3226 3895 3271 3938 et
3309 3887 3445 3954 {acta
3473 3898 3544 3943 est
3575 3889 3687 3957 lux,
3727 3901 3846 3949 etc.

2249 3967 2406 4023 Lucis
2432 3971 2647 4026 nomine
2669 3986 2764 4042 per
2783 3974 3085 4045 allegoriam
3113 3991 3302 4033 omnes
3324 3978 3496 4049 justos
3524 3992 3684 4054 atque
3708 3985 3851 4042 ﬁde-

2251 4064 2327 4118 les
2353 4064 3030 4138 appellatosintelligimus,
3053 4070 3187 4125 sicut
3208 4071 3638 4143 dicitApostolus
3666 4094 3681 4140 ;
3720 4078 3851 4133 Fui-

2248 4158 2338 4214 stis
2393 4158 2671 4229 aliquando
2718 4163 2952 4228 teneone,
3003 4180 3137 4217 nunc
3175 4176 3342 4220 autem
3388 4167 3478 4221 lux
3517 4169 3571 4222 in
3615 4168 3853 4226 Domino

2251 4249 2479 4322 (Ep/tes.
2531 4267 2584 4317 v,
2636 4251 2669 4306 8
2698 4251 2737 4321 ).
2775 4252 2883 4307 Sed
2912 4254 3000 4308 lux
3031 4255 3128 4309 ista
3159 4254 3299 4311 facta
3339 4268 3420 4312 est
3451 4273 3465 4311 :
3494 4257 3617 4312 Erat
3656 4272 3851 4317 autem

2249 4340 2417 4396 lumen
2441 4358 2630 4406 rerum,
2659 4342 2793 4412 quod
2821 4344 3078 4397 illuminat
3106 4361 3304 4400 onmem
3344 4348 3595 4403 hominem
3633 4354 3852 4407 venien-

2252 4442 2349 4486 tem
2389 4433 2441 4486 in
2468 4433 2602 4486 hunc
2630 4433 2874 4487 mundum
2903 4436 2919 4503 (
2947 4435 3104 4489 Joan.
3146 4452 3185 4503 t,
3213 4437 3245 4493 9
3281 4438 3322 4509 ),
3354 4439 3495 4510 quod
3520 4457 3624 4496 non
3658 4454 3743 4498 est
3770 4446 3853 4499 fa-

2249 4533 2415 4591 ctum,
2448 4525 2541 4580 sed
2570 4535 2749 4580 natum
2768 4526 2835 4582 de
2860 4526 2989 4582 Deo.
3024 4528 3140 4583 Lux
3184 4530 3270 4583 illa
3319 4547 3423 4586 non
3474 4533 3749 4601 estfacta,
3793 4549 3857 4594 et

2251 4630 2346 4685 per
2370 4630 2473 4670 nou
2502 4615 2693 4671 factam
2712 4615 2849 4672 facta
2876 4628 2959 4673 est
2980 4620 3099 4673 ista.
3153 4621 3243 4676 Sic
3289 4631 3345 4678 et
3392 4627 3799 4683 tirmameutum
3836 4648 3851 4683 :

2248 4708 2516 4778 quomodo
2537 4723 2565 4762 a
2594 4709 2805 4765 lucente
2836 4710 2946 4765 Dco
2970 4709 3105 4765 facta
3128 4721 3209 4767 est
3238 4714 3344 4779 lux,
3373 4717 3451 4770 sic
3479 4731 3508 4769 a
3538 4717 3701 4771 ﬁrmo
3731 4721 3857 4775 Deo

2248 4799 2443 4853 factum
2469 4809 2555 4855 est
2586 4800 2995 4856 ﬁrmamentum.
3021 4802 3087 4857 Et
3109 4803 3407 4859 invenimus
3437 4807 3855 4866 firmamentum

2250 4892 2303 4946 in
2330 4892 2565 4948 Ecclesia
2588 4904 2835 4964 oportere
2854 4896 3073 4967 intelligi
3113 4899 3481 4954 auctoritatem
3525 4902 3857 4962 divinarum

2246 4984 2637 5055 Scripturarum
2659 5004 2673 5040 :
2695 4996 2749 5041 et
2770 4987 2888 5042 ideo
2908 4989 3051 5057 prius
3068 4988 3174 5055 lttx,
3196 5000 3378 5059 postea
3399 4992 3806 5053 ﬁrmamentum
3838 5018 3858 5065 ;

2246 5078 2369 5146 quia
2400 5077 2675 5147 Scriptura
2730 5093 2825 5148 per
2856 5080 3100 5137 homines
3142 5082 3316 5153 justos
3344 5084 3482 5139 facta
3512 5098 3612 5151 est,
3645 5099 3699 5145 et
3733 5093 3857 5148 nisi

2246 5166 2843 5237 priusjustiticareutur,
2868 5180 2927 5225 ut
2970 5173 3056 5226 lux
3087 5184 3289 5242 essent,
3321 5176 3591 5247 Scriptura
3636 5196 3864 5254 propa-

2244 5260 2355 5329 gari
2410 5275 2513 5315 non
2567 5269 2766 5331 posset,
2795 5272 2853 5317 ut
2880 5264 3271 5322 ﬁrmamentum
3307 5267 3459 5323 ﬁeret
3498 5270 3641 5326 inter
3666 5289 3862 5343 aquas

2245 5359 2301 5406 et
2327 5366 2514 5422 aquas,
2546 5354 2778 5408 medium
2810 5356 2949 5409 inter
2977 5359 3202 5428 populos
3248 5360 3523 5416 hominum
3552 5363 3865 5425 inferiores

2245 5453 2299 5499 et
2329 5446 2551 5515 populos
2580 5447 2906 5517 Angelorum
2936 5451 3261 5519 superiores.
3300 5452 3516 5521 Quare?
3558 5455 3692 5523 Quia
3727 5460 3864 5515 An-

2244 5536 2345 5605 gcli
2378 5551 2480 5591 non
2508 5536 2815 5594 desiderant
2841 5539 2909 5595 de
2932 5539 3222 5610 Scripturis
3266 5544 3542 5613 proﬁcere,
3572 5546 3695 5602 ideo
3727 5564 3866 5609 non

2244 5636 2369 5682 sunt
2396 5629 2496 5683 sub
2517 5628 2870 5697 ﬁrmamento,
2919 5632 3019 5687 sub
3047 5634 3362 5691 auctoritate
3403 5635 3862 5711 Scripturarum;

2245 5719 2364 5790 quia
2393 5720 2466 5774 illi
2488 5722 2721 5791 speciem
2746 5723 3038 5779 divinitatis
3078 5734 3131 5781 et
3160 5728 3434 5797 sapientia:
3456 5732 3847 5801 contemplan-

2310 5831 2382 5894 (a)
2415 5832 2590 5884 utatur
2614 5836 2759 5886 etiam
2783 5849 2810 5886 a
2826 5838 2949 5888 Beda
2972 5840 3182 5890 nondum
3206 5840 3473 5906 mlgatoad
3495 5850 3529 5894 tt
3551 5852 3671 5895 Tlm.
3695 5859 3787 5897 ιι.

550 5196 604 5233 se
646 5179 926 5231 ministrum
970 5177 1359 5231 circumeisionis
1389 5187 1594 5248 propter
1638 5178 1896 5232 veritatem
1924 5178 2038 5245 Dei,
2069 5180 2139 5233 ad

549 5268 924 5340 conﬁnnandas
953 5269 1305 5339 promissiones
1357 5267 1612 5333 Patrum;
1650 5268 1831 5323 Gentes
1858 5280 2025 5323 autem
2046 5288 2139 5325 su-

550 5381 639 5431 per
664 5361 1003 5415 misericordia
1028 5358 1316 5432 gloriﬁcare
1339 5358 1499 5413 Deum
1524 5360 1636 5423 (Id.
1669 5376 1762 5427 xv,
1795 5361 1829 5416 8
1849 5371 1893 5415 et
1918 5360 1998 5432 9).
2028 5361 2131 5418 Ne-

548 5470 652 5526 que
679 5455 819 5509 enim
842 5453 1075 5509 debitum
1102 5462 1215 5507 erat
1234 5466 1423 5522 panem
1452 5451 1679 5506 ﬁliorum
1695 5453 1896 5519 tollere,
1929 5464 1984 5509 et
2005 5455 2132 5510 mit-

550 5558 662 5602 tere
688 5547 928 5611 canibus,
958 5546 1056 5600 nisi
1102 5559 1263 5599 canes
1290 5543 1549 5598 humiliati
1575 5543 1638 5599 ad
1659 5544 1986 5614 colligendas
2031 5546 2135 5601 mi-

548 5656 659 5704 cas,
686 5655 819 5710 quas
836 5638 904 5694 de
927 5652 1106 5693 meusa
1128 5636 1465 5690 dominorum
1492 5636 1682 5692 cadere
1710 5646 2013 5700 cernerent.
2038 5653 2133 5708 per

554 5730 727 5799 ipsam
758 5730 1109 5784 humilitatem
1152 5728 1369 5783 exaltati
1411 5736 1568 5797 atque
1611 5726 1853 5784 homines
1879 5728 2028 5796 facti,
2064 5728 2130 5784 ad

549 5824 721 5880 insani
742 5837 981 5879 mensam
1007 5830 1343 5877 mererentur
1359 5819 1635 5876 accedere.
