4026 6362
228 394 366 455 {1‘25

230 519 334 565 tur.
378 505 491 562 Nos
526 513 712 560 autem
742 504 931 560 merito
958 502 1060 559 sub
1087 501 1427 557 ﬁrmamento
1454 515 1662 568 sumus,
1692 500 1817 572 qui-

231 601 329 655 bus
356 599 605 653 voluntas
637 596 734 652 Dei
763 611 858 667 per
884 595 1251 651 auctoritatem
1276 591 1670 663 Scripturarum
1695 606 1823 661 ape-

231 702 387 756 ritur,
410 699 519 745 etc.

614 777 763 833 Mare
788 788 836 833 et
864 778 1028 832 arida.
1060 775 1231 831 Herba
1254 776 1446 847 pabuli.

300 872 357 927 2.
378 871 636 927 Videmus
652 880 873 937 terram,
892 869 1133 925 videmus
1148 884 1296 923 mare
1318 884 1333 932 ;
1361 881 1521 936 opera
1544 865 1637 920 Dei
1665 872 1819 919 sunt:

234 964 336 1019 ista
365 963 644 1032 subjacent
664 962 833 1016 oculis
868 960 1084 1024 nostris,
1118 960 1205 1012 illa
1235 958 1512 1027 subiacent
1539 956 1823 1011 intellecti-

236 1054 336 1108 bus
361 1052 731 1107 nostriszista
777 1063 900 1105 nota
930 1059 1053 1104 sunt
1088 1050 1232 1104 carui
1281 1060 1500 1113 uostrm,
1552 1047 1640 1101 illa
1695 1056 1820 1101 nota

238 1154 361 1201 sunt
403 1145 567 1200 menti
608 1154 823 1199 nostrae.
847 1141 983 1210 Quid
1028 1155 1109 1197 eSt
1133 1141 1278 1196 arida
1309 1142 1359 1196 in
1388 1140 1675 1196 Ecclesia?
1704 1139 1827 1194 Ari-

238 1238 301 1292 da
326 1246 548 1292 vocatur
588 1236 765 1291 omnis
814 1236 988 1290 anima
1042 1235 1229 1289 sitiens
1283 1234 1471 1289 Dettm.
1515 1233 1817 1303 Segregatte

236 1337 359 1383 sunt
384 1328 528 1383 enim
547 1343 719 1399 aqum,
745 1336 799 1382 et
822 1326 1068 1397 apparuit
1089 1325 1256 1381 arida.
1286 1324 1429 1381 Mare
1449 1325 1550 1379 hoc
1567 1324 1823 1379 Stcculum

234 1429 337 1487 est,
364 1429 420 1475 et
438 1420 565 1474 mali
584 1434 735 1489 aqua:
755 1430 1087 1474 suutamarre
1110 1434 1125 1485 ;
1158 1427 1447 1489 segregatm
1468 1427 1590 1472 sunt
1618 1426 1671 1473 et
1696 1433 1828 1471 con-

234 1527 465 1589 gregata:
493 1519 544 1572 in
589 1517 999 1589 congregatione
1028 1531 1152 1581 una,
1180 1514 1233 1569 id
1280 1523 1381 1582 est,
1436 1512 1827 1583 prtedestiuata:

234 1612 301 1666 ad
330 1628 496 1666 unum
525 1611 710 1678 ﬁnem,
756 1627 861 1682 quo
889 1610 1069 1681 dirigit
1123 1609 1265 1663 Deus
1293 1622 1478 1663 omnes
1508 1622 1641 1677 quos
1671 1621 1827 1677 sepa-

236 1714 318 1759 rat
343 1721 373 1758 a
401 1705 625 1759 sanctis.
670 1703 897 1772 Separat
939 1712 1115 1756 autem
1148 1701 1322 1764 Deus;
1347 1714 1468 1753 nam
1518 1699 1677 1755 homo
1720 1713 1824 1752 non

238 1805 414 1867 potest
436 1797 538 1852 ista
568 1810 820 1867 separare
852 1812 865 1847 :
899 1802 951 1849 et
974 1801 1194 1864 apparet
1231 1791 1377 1846 arida
1408 1806 1503 1861 per
1530 1791 1828 1861 separatio-

237 1908 384 1947 nem.
414 1891 562 1947 Duos
594 1891 837 1947 homines
862 1906 999 1961 pone
1026 1890 1217 1954 simul;
1247 1904 1385 1944 unus
1422 1886 1688 1943 desiderat
1706 1901 1831 1956 spe-

235 1984 529 2049 ctaculum,
577 1982 713 2036 alter
760 1982 1064 2037 ecclesiam.
1090 1980 1264 2036 Juucti
1294 1994 1541 2049 corpore,
1572 1992 1827 2047 separan-

237 2087 325 2131 tur
367 2075 675 2131 desideriis.
730 2075 821 2130 Ille
850 2076 1075 2146 pertinct
1105 2074 1170 2129 ad
1220 2089 1409 2143 aquam
1440 2087 1697 2138 amaram,
1742 2070 1829 2125 hic

236 2178 459 2237 apparet
487 2167 657 2221 arida.
691 2165 839 2223 Unde
869 2166 1152 2236 probamus
1172 2165 1291 2236 quia
1314 2163 1460 2218 arida
1490 2172 1574 2217 est
1599 2162 1695 2217 ista
1724 2170 1830 2216 ter-

237 2275 317 2317 ra.
345 2275 466 2330 qua:
495 2259 757 2328 signiﬁcat
805 2257 1049 2313 homines
1078 2257 1215 2312 bona
1241 2252 1650 2311 desiderantes?
1681 2252 1825 2307 Dixit

238 2351 488 2407 Psalmus
529 2350 642 2405 Deo
674 2370 687 2405 :
733 2350 915 2405 Anima
944 2366 1054 2405 mea
1082 2351 1209 2403 sicut
1231 2358 1363 2402 terra
1416 2348 1524 2401 sine
1567 2362 1702 2409 aqua
1738 2343 1827 2397 tibi

239 2444 259 2513 (
294 2441 441 2497 Psal.
466 2458 636 2509 chII,
664 2441 762 2512 6),
780 2442 954 2496 anima
984 2456 1099 2495 mea
1120 2440 1252 2495 sitiit
1278 2448 1347 2494 te.
1373 2438 1515 2505 Sitit,
1543 2436 1688 2492 arida
1712 2444 1830 2491 est:

237 2544 517 2605 segregata
547 2544 628 2589 est
658 2533 724 2589 ab
745 2534 897 2603 aquis
914 2534 1099 2587 maris.
1127 2531 1241 2587 Non
1272 2530 1512 2585 attendat
1535 2529 1657 2599 quia
1697 2542 1834 2581 non-

240 2626 367 2681 dum
418 2642 646 2697 corpore
702 2635 973 2696 segregata
1002 2634 1131 2682 est:
1173 2625 1282 2694 jam
1334 2622 1657 2679 desiderium
1703 2618 1834 2675 fecit

241 2718 689 2789 scgregationem.
725 2718 821 2773 Alii
850 2717 1162 2773 desiderant
1192 2717 1379 2777 Deum,
1412 2714 1828 2770 aliidesidcrant

241 2810 522 2864 saeculum.
550 2809 689 2877 Quid
731 2825 860 2880 ergo
901 2809 1014 2864 sitit
1059 2808 1249 2864 arida?
1278 2806 1506 2862 lmbrem
1555 2806 1621 2861 de
1670 2806 1831 2871 ccelo,

240 2901 471 2956 imbrem
500 2900 569 2956 de
618 2901 868 2968 nubibus,
897 2901 1119 2955 imbrem
1169 2899 1237 2955 de
1264 2898 1571 2968 Scripturis,
1606 2897 1830 2952 imbrem

238 2991 309 3047 de
334 2992 694 3047 ﬁrmamento.
715 2990 847 3047 Cum
869 3000 1047 3047 autem
1060 2990 1330 3046 desiderat
1354 2989 1597 3052 imbrem,
1624 2987 1831 3043 dulcem

236 3098 435 3154 aquam
488 3083 777 3147 desiderat,
834 3092 1131 3153 separatam
1184 3082 1251 3137 ab
1298 3096 1433 3152 aqua
1484 3094 1687 3134 amara.
1727 3078 1835 3135 Sed

240 3175 386 3234 Deus
428 3176 578 3229 novit
625 3174 747 3245 quia
801 3173 1070 3229 desiderat
1112 3171 1259 3227 arida
1295 3189 1308 3225 :
1340 3172 1469 3226 latet
1514 3172 1654 3227 enim
1683 3178 1738 3227 et
1778 3170 1831 3225 in

238 3264 456 3320 occulto
473 3274 573 3319 est.
597 3264 868 3319 Desideria
899 3264 1082 3330 maris,
1114 3262 1164 3318 id
1191 3270 1293 3329 est,
1314 3261 1578 3318 desideria
1609 3260 1833 3318 sazcula-

240 3357 321 3412 ria
369 3366 653 3427 apparent.
702 3355 906 3427 Siquis
953 3355 1221 3411 desiderat
1262 3354 1560 3425 pecuniam,
1590 3362 1835 3408 movetur

238 3448 310 3503 ad
333 3449 504 3519 ipsam
549 3449 853 3519 pecuniam,
876 3447 991 3501 vult
1036 3447 1181 3501 illam
1210 3446 1489 3516 acquirere
1517 3463 1531 3513 ;
1559 3445 1680 3516 quia
1708 3444 1834 3499 visi-

239 3541 365 3596 bilis
384 3556 472 3596 res
499 3550 579 3595 est
603 3541 851 3612 pecunia,
910 3547 1131 3610 apparet
1178 3537 1502 3593 desiderium
1555 3538 1693 3607 ejus.
1727 3535 1829 3603 Qui

241 3644 424 3687 autem
454 3632 723 3688 desiderat
753 3633 937 3697 Deum,
964 3632 1094 3687 latet
1124 3630 1444 3687 desiderium
1476 3631 1679 3700 ipsius;
1710 3630 1831 3700 quia

243 3726 375 3781 latet
391 3725 553 3786 Deus,
580 3740 739 3795 quem
765 3723 1030 3779 desiderat
1059 3741 1074 3777 :
1104 3724 1245 3778 intus
1269 3730 1370 3789 est,
1394 3722 1609 3791 occulta
1621 3736 1708 3777 res
1732 3730 1833 3776 est.

243 3818 371 3873 Sitit
397 3816 633 3886 quidem,
668 3825 722 3871 et
759 3816 906 3872 arida
943 3825 1063 3883 est;
1111 3815 1205 3872 sed
1253 3824 1473 3887 apparet
1523 3815 1692 3870 oculis
1719 3815 1834 3870 Dei.

245 3909 317 3963 Et
350 3923 458 3962 non
491 3906 834 3977 prattermisit
882 3907 1146 3973 fructum;
1176 3908 1353 3961 statim
1397 3905 1550 3971 dixit,
1583 3905 1838 3961 Germinct

248 4010 385 4053 terra
416 3998 620 4052 herbam
644 3997 837 4069 pabuli.
887 3997 1160 4054 Germinet
1187 4006 1327 4051 terra
1352 3997 1470 4066 ipso
1497 3996 1584 4051 die
1617 4012 1722 4067 quo
1758 3995 1838 4050 l'a-

246 4101 335 4145 cta
361 4090 625 4145 estarida.
652 4088 766 4143 Non
799 4089 966 4159 potuit
992 4088 1138 4143 arida
1168 4089 1255 4143 illa
1293 4087 1408 4143 sine
1434 4087 1604 4142 fructu
1630 4086 1720 4142 diu
1747 4100 1838 4142 es-

249 4200 333 4240 se.
384 4183 676 4239 Audiamus
705 4192 759 4238 et
788 4198 885 4236 nos
912 4181 1131 4236 verbum
1164 4180 1255 4235 Dei
1283 4198 1295 4234 :
1326 4189 1380 4235 et
1406 4180 1674 4249 germinet
1698 4188 1839 4234 terra

251 4277 475 4333 herbam
504 4276 703 4347 pabuli,
735 4276 785 4329 id
817 4284 917 4341 est,
948 4275 1081 4331 bona
1126 4289 1287 4345 opera
1339 4270 1740 4334 misericordiae,
1769 4270 1837 4325 de

256 4369 451 4439 quibus
480 4370 608 4424 dicit
657 4368 839 4433 Isaias,
875 4367 1082 4440 Frange
1129 4368 1366 4422 esurienti
1391 4382 1572 4438 panem
1600 4374 1764 4430 tuum,
1791 4373 1837 4418 et

253 4478 463 4532 egenum
479 4463 585 4514 sine
608 4470 734 4515 tecto
764 4461 982 4514 inducin
1002 4460 1205 4513 domum
1221 4469 1379 4526 tuam,
1403 4455 1664 4529 etc.(lsai.
1694 4471 1838 4520 LVIII,

255 4552 351 4624 7).
394 4555 815 4609 Firmamentum
856 4568 983 4624 ergo
1037 4551 1307 4622 Scriptura
1367 4551 1459 4607 Dei
1520 4562 1603 4605 est
1635 4568 1648 4604 :
1682 4549 1841 4604 lumi-

258 4648 405 4701 naria
437 4647 489 4701 iu
519 4648 856 4702 ﬁrmamento
884 4646 1232 4716 intelligentia
1264 4644 1657 4714 Scripturarum
1694 4659 1707 4697 :
1759 4642 1841 4696 lu-

258 4737 399 4791 mina
440 4747 617 4792 autem
645 4738 696 4791 in
733 4737 887 4802 ctelo,
950 4736 1249 4791 intellectus
1295 4738 1349 4789 in
1400 4734 1705 4804 Scripturis.
1755 4732 1845 4785 Vis

261 4829 544 4898 pervenire
576 4829 642 4884 ad
668 4830 847 4883 lumen
892 4827 1152 4886 caeleste?
1202 4827 1355 4882 Prius
1386 4835 1523 4880 terra
1567 4834 1684 4879 esto
1712 4823 1845 4879 dans

264 4920 485 4989 fructus,
519 4921 569 4975 id
601 4932 703 4985 est,
737 4922 1041 4992 prmcedant
1075 4934 1237 4990 opera
1267 4917 1648 4973 misericordia:
1680 4934 1692 4969 :
1724 4925 1845 4986 post

263 5028 422 5081 opera
446 5014 585 5066 enim
615 5012 1015 5079 misericordiae,
1037 5012 1182 5065 venit
1199 5010 1511 5064 illuminatio
1528 5008 1660 5063 lucis
1681 5009 1845 5076 illius,

265 5119 421 5172 quam
444 5103 736 5170 desideras,
768 5112 871 5157 ctc.

550 5193 824 5249 Luminare
844 5195 1009 5265 majus
1035 5203 1081 5248 et
1108 5192 1355 5247 luminare
1378 5192 1564 5246 minus.

337 5287 390 5341 3.
410 5286 557 5340 Dixit
597 5296 764 5341 autem
796 5285 952 5353 Deus,
983 5286 1110 5355 ﬁant
1157 5284 1428 5339 luminaria
1451 5285 1503 5337 in
1530 5282 1851 5352 ﬁrmamento

266 5378 397 5440 cali,
425 5387 473 5429 et
488 5377 718 5431 dividant
740 5376 873 5430 diem
900 5384 947 5429 et
976 5384 1191 5429 noctem.
1233 5372 1581 5443 Evangelista:
1626 5373 1853 5427 lumina-

272 5469 351 5522 ria
377 5478 519 5534 sunt,
572 5468 849 5539 Scriptura
902 5469 997 5523 Dei
1042 5467 1454 5521 ﬁrmamentum.
1506 5466 1848 5537 Evangelium

267 5570 469 5629 autem,
496 5561 637 5633 quod
660 5562 820 5617 habet
850 5561 1207 5616 testimonium
1237 5575 1265 5614 a
1296 5560 1437 5629 Lege
1465 5568 1519 5614 et
1544 5558 1852 5630 PrOphetis,

270 5654 556 5709 luminaria
581 5655 789 5710 suntin
823 5654 1156 5708 ﬁrmamento
1183 5652 1325 5706 caeli.
1372 5651 1629 5706 Parvulus
1670 5660 1848 5705 autem

268 5760 327 5799 tn
358 5746 593 5801 Ecclesia
638 5745 874 5800 nondum
904 5752 1077 5815 potest
1103 5758 1295 5813 capere
1319 5743 1515 5804 cibum,
1546 5740 1637 5795 sed
1668 5748 1750 5797 est
1774 5741 1855 5795 la-

267 5849 664 5907 ctecontcntus,
684 5836 826 5911 quod
842 5837 1100 5909 signiﬁcat
1114 5837 1374 5895 luminare
1394 5835 1572 5894 minus
1586 5843 1639 5893 ct
1658 5834 1847 5892 stellte.

1441 389 1856 447 FRAGMENTA
1896 387 2290 445 SERMONUM.

3386 364 3524 426 1726

1935 498 2004 555 Ει
2030 499 2151 555 ideo
2180 500 2428 556 luminare
2468 519 2633 573 majus
2658 514 2724 557 aa
2770 513 3063 575 potestatem
3096 506 3217 571 diei,
3267 506 3517 563 luminare

1931 591 2097 643 minus
2125 591 2193 643 ad
2237 600 2530 660 potestatem
2572 594 2749 648 noctis.
2781 595 3040 663 Quamdiu
3088 597 3329 654 carnales
3381 609 3510 655 sunt

1933 681 2195 747 homines,
2234 692 2288 737 et
2315 698 2417 737 non
2451 686 2825 752 possuntillam
2852 687 3187 757 Sapientiam,
3219 704 3316 761 per
3349 705 3510 760 quam

1932 772 2065 828 facta
2097 776 2434 842 suntomuia,
2466 778 2717 847 cogitare,
2742 779 2793 832 in
2844 790 2999 836 nocte
3049 791 3172 836 sunt
3205 799 3217 835 :
3250 782 3343 838 sed
3396 797 3510 837 non

1929 864 2165 921 deseruit
2190 875 2401 921 noctem
2428 884 2443 933 ;
2475 868 2715 937 praestitit
2758 868 2937 925 ﬁdem.
2982 871 3257 927 Noueuim
3302 884 3515 930 noctem

1930 957 2341 1026 deseruitDcus,
2369 958 2515 1015 dedit
2561 960 2638 1015 illi
2678 960 2954 1017 luminaria
3012 978 3127 1018 sua.
3173 965 3296 1020 Dies
3343 967 3513 1021 solem

1930 1049 2136 1117 quterit,
2163 1049 2242 1103 sol
2263 1049 2311 1104 ei
2344 1050 2538 1105 sumcit
2566 1069 2579 1106 :
2613 1051 2731 1105 luna
2763 1060 2815 1107 et
2843 1053 3009 1107 stellm
3031 1056 3169 1109 nocti
3201 1056 3337 1110 datre
3364 1071 3508 1124 sunt,

1933 1140 2229 1195 illuminant
2254 1141 2398 1196 illam
2433 1160 2447 1208 ;
2478 1153 2533 1199 et
2560 1144 2774 1214 quando
2824 1145 2949 1200 l-una
2998 1163 3102 1202 non
3152 1148 3293 1205 lucet
3337 1167 3499 1221 super

1934 1242 2151 1301 terram,
2184 1234 2269 1288 lux
2290 1234 2376 1290 illa
2408 1252 2526 1306 quae
2549 1248 2630 1292 est
2652 1237 2704 1292 in
2747 1253 2893 1306 aere,
2934 1239 3001 1295 de
3028 1241 3195 1296 stellis
3221 1252 3321 1296 est.
3354 1243 3507 1299 Unde

1934 1324 1991 1378 lit
2019 1333 2341 1382 utexeamus
2366 1326 2509 1383 foras
2536 1337 2709 1396 nocte,
2742 1339 2795 1386 ct
2839 1329 3113 1388 videamus
3156 1334 3415 1400 arbores;
3461 1345 3516 1391 et

1931 1416 1975 1471 si
2004 1432 2107 1472 non
2133 1418 2482 1475 discernimus
2506 1462 2521 1487 ,
2554 1431 2729 1477 tamen
2762 1422 3004 1479 videmus
3026 1435 3308 1497 utcumque
3337 1427 3510 1484 lucem

1932 1508 2201 1564 stellarum
2234 1528 2247 1569 :
2280 1518 2335 1565 et
2362 1512 2504 1573 ideo
2529 1514 2739 1584 quando
2768 1530 2945 1571 crassa
2977 1528 3103 1573 sunt
3129 1520 3328 1587 nubila,
3364 1521 3511 1576 tolli-

1934 1607 2019 1653 tur
2038 1608 2090 1655 et
2115 1600 2205 1656 lux
2236 1602 2529 1668 stellarum,
2556 1614 2609 1659 et
2632 1605 2709 1660 sic
2738 1617 2822 1661 est
2843 1607 3003 1663 homo
3028 1618 3151 1665 ante
3190 1626 3250 1666 se
3266 1611 3365 1666 sub
3394 1612 3518 1667 divo

1939 1690 2038 1763 (a),
2084 1693 2351 1763 quomodo
2383 1695 2523 1750 intus
2562 1696 2615 1750 in
2650 1697 2915 1753 cubiculo.
2950 1699 3092 1772 Ergo
3121 1700 3282 1759 habet
3324 1712 3379 1759 et
3410 1719 3516 1759 nox

1932 1780 2104 1837 lucem
2133 1784 2413 1853 quamdam
2444 1801 2615 1840 suam.
2658 1788 2938 1845 Videamus
2967 1791 3094 1861 quid
3122 1792 3248 1848 dicit
3286 1795 3518 1865 Aposto-

1934 1872 2017 1928 lus
2060 1874 2111 1929 in
2165 1876 2268 1931 illis
2320 1879 2651 1948 muneribus,
2687 1880 2741 1935 in
2786 1881 2891 1936 illis
2915 1882 3071 1939 donis
3098 1886 3459 1955 spiritualibus
3497 1905 3511 1941 :

1937 1963 2217 2037 Unicuique
2262 1968 2414 2022 datur
2464 1971 2802 2041 manifestatia
2838 1973 3063 2045 Spiritus
3109 1978 3177 2031 ad
3225 1980 3515 2035 utilitatem.

1933 2055 2209 2124 Quomodo
2235 2058 2433 2115 datur?
2469 2062 2571 2116 Alii
2588 2062 2788 2133 quidem
2826 2064 2979 2119 datur
3001 2085 3091 2137 per
3136 2068 3385 2138 Spiritum
3408 2089 3521 2126 ser-

1934 2164 2016 2201 mo
2062 2150 2341 2221 sapientia,
2381 2150 2472 2206 alii
2515 2170 2678 2208 sermo
2712 2156 2969 2229 scientiw(
2995 2157 3015 2211 l
3039 2157 3157 2214 Cor.
3191 2178 3283 2227 xu,
3331 2164 3382 2230 7,
3416 2163 3519 2234 8).

1934 2239 2033 2308 Qui
2066 2240 2309 2312 intelligit
2328 2244 2453 2314 quid
2492 2246 2699 2301 intersit
2729 2249 2865 2303 inter
2892 2265 3193 2307 sermonem
3222 2254 3501 2323 sapientia:

1934 2344 1988 2389 et
2012 2350 2310 2392 sermonem
2338 2338 2593 2406 scientite,
2641 2341 2903 2397 intellexit
2946 2343 3069 2414 quid
3106 2345 3317 2401 intersit
3363 2350 3503 2403 inter

1935 2427 2194 2485 luminare
2224 2430 2395 2501 majus
2424 2440 2479 2487 ct
2533 2432 2792 2489 luminare
2837 2435 3031 2492 minus.
3083 2438 3373 2494 Audiamus
3398 2456 3518 2496 ser-

1936 2534 2148 2576 monem
2187 2523 2500 2592 sapientim‘:
2532 2522 2598 2578 In
2638 2526 2887 2596 principio
2910 2538 3014 2582 erat
3052 2527 3284 2598 Verbum,
3311 2541 3358 2585 et
3392 2529 3523 2586 Ver-

1937 2611 2053 2664 bunt
2080 2622 2185 2665 erat
2205 2614 2348 2684 apud
2388 2612 2572 2681 Deum,
2601 2626 2647 2670 et
2675 2615 2814 2671 Deus
2841 2628 2945 2671 erat
2982 2617 3195 2673 Verbum
3220 2636 3240 2684 ,'
3278 2621 3373 2674 hoc
3416 2631 3524 2676 erat

1935 2700 1989 2755 in
2014 2703 2283 2772 principio,
2316 2713 2420 2758 etc.
2448 2704 2548 2772 Qui
2599 2707 3078 2777 comprehendunt,
3125 2710 3239 2765 dies
3294 2720 3398 2778 est,
3431 2714 3514 2767 sol

1938 2793 2042 2847 illis
2071 2794 2212 2851 lucet
2243 2813 2256 2849 :
2288 2795 2381 2851 sed
2435 2797 2536 2852 nisi
2567 2798 2795 2868 primum
2835 2815 2865 2854 a
2916 2810 3090 2864 nocte,
3123 2818 3230 2857 non
3260 2817 3521 2861 venerunt

1936 2885 2001 2939 ad
2024 2886 2226 2955 lucem;
2254 2888 2490 2945 Tenebrae
2510 2892 2653 2946 enim
2676 2902 2820 2947 erant
2848 2911 3001 2965 super
3032 2895 3290 2966 abyssum,
3312 2907 3358 2952 et
3383 2899 3515 2954 dixit

1938 2976 2096 3044 Deus,
2124 2977 2245 3033 Fiat
2268 2979 2374 3036 lux.
2395 2980 2565 3035 Nemo
2590 2981 2865 3053 dieatquia
2893 2999 2923 3038 a
2951 2984 3070 3040 luce
3100 2986 3281 3055 C(Bpit.
3314 2986 3521 3044 Omnes

1937 3068 2077 3124 enim
2109 3086 2171 3123 ex
2203 3073 2961 3143 peccatoribusjustilicamur.
2990 3076 3213 3147 Capiant
3257 3094 3385 3151 ergo
3425 3081 3518 3151 qui

1939 3171 2162 3231 possunt
2185 3163 2323 3233 quod
2369 3164 2475 3219 dixi
2522 3165 2591 3221 de
2644 3166 2953 3238 Evangelia.
3004 3168 3108 3224 Sed
3154 3170 3337 3226 dicunt
3369 3173 3523 3240 mihi,

1938 3250 2052 3305 Non
2080 3252 2440 3311 intelleximus
2471 3256 2596 3328 quid
2625 3266 2729 3325 est,
2761 3257 2829 3313 In
2858 3259 3106 3331 principio
3132 3271 3242 3315 erat
3280 3261 3518 3318 Verbum.

1937 3341 1990 3396 Si
2021 3358 2148 3413 ergo
2177 3344 2348 3401 adhuc
2365 3362 2464 3402 uox
2489 3357 2590 3414 est,
2609 3348 2825 3405 attende
2846 3351 2967 3420 quia
2993 3353 3285 3421 assumpsit
3304 3368 3522 3411 carnem

1938 3432 2193 3501 Verbum,
2213 3445 2267 3491 ct
2294 3436 2415 3492 fecit
2444 3438 2538 3493 tibi
2564 3440 2714 3510 quasi
2734 3441 2907 3495 lumen
2929 3452 3269 3499 nocturnum.
3304 3443 3521 3500 Verbum

1939 3527 2079 3581 enim
2113 3545 2233 3582 caro
2282 3533 2472 3601 factum
2514 3539 2604 3597 est,
2646 3543 2694 3585 et
2723 3531 2962 3586 habitavit
3003 3535 3055 3588 in
3085 3534 3224 3589 nobis
3247 3536 3266 3609 (
3290 3536 3448 3591 Joau.
3481 3554 3522 3605 ι,

1942 3618 1992 3681 l,
2015 3617 2141 3683 2,5,
2172 3620 2288 3685 Η).
2319 3620 2386 3674 Et
2427 3623 2477 3675 in
2509 3622 2641 3675 rubo
2678 3622 2909 3692 loquitur
2955 3624 3097 3681 Deus
3144 3641 3238 3695 per
3276 3628 3522 3696 angelum

1943 3706 2129 3779 Moysi.
2165 3709 2301 3764 Audi
2331 3711 2417 3765 ubi
2444 3722 2527 3765 est
2555 3726 2733 3766 sermo
2770 3712 3064 3783 sapientia}.
3113 3715 3248 3782 Quid
3293 3719 3518 3782 vocaris,

1942 3798 2073 3854 dixit
2100 3799 2308 3872 Moyses
2332 3803 2355 3842 ‘i
2381 3802 2647 3873 quomodo
2670 3812 2720 3858 te
2748 3805 2933 3859 nuntio
2962 3806 3198 3875 pOpqu?
3236 3808 3290 3862 Si
3320 3807 3516 3863 dictum

1943 3895 2122 3961 fuerit,
2143 3894 2274 3962 Quis
2310 3905 2360 3952 te
2400 3898 2580 3952 misit?
2609 3898 2734 3967 quid
2787 3898 3006 3954 dicam?
3039 3900 3173 3955 Audi
3224 3916 3526 3957 sermonem

1941 3986 2216 4056 sapientia:
2251 4005 2265 4043 :
2295 3986 2441 4042 Dices
2462 3988 2582 4057 ﬁliis
2604 3987 2787 4056 Israel,
2821 3989 2921 4056 Qui
2967 4000 3040 4044 est
3070 3991 3203 4043 misit
3229 4008 3307 4044 me
3331 3993 3398 4044 ad
3418 4007 3525 4045 vos.

1944 4078 2072 4146 Quis
2101 4088 2275 4149 potest
2303 4094 2515 4148 capere,
2552 4079 2651 4147 Qui
2686 4081 2804 4134 est?
2826 4079 3029 4135 Cretera
3077 4096 3205 4134 vero
3249 4096 3353 4135 non
3382 4092 3526 4135 sunt.

1944 4169 2072 4238 Quis
2126 4185 2249 4226 vere
2297 4172 2411 4224 est?
2445 4170 2545 4237 Qui
2576 4187 2679 4225 non
2718 4171 2923 4239 transit,
2968 4172 3055 4241 qui
3094 4187 3307 4241 semper
3353 4183 3533 4227 manet

1947 4259 2417 4315 incommutabilis.
2447 4260 2552 4315 Sed
2582 4260 2681 4315 iste
2704 4261 2855 4316 cibus
2878 4260 3154 4332 grandium
3186 4271 3289 4327 est,
3322 4264 3421 4317 iste
3446 4264 3528 4317 sol

1946 4352 2049 4407 dici
2075 4361 2175 4408 est.
2202 4353 2268 4406 Et
2288 4353 2437 4423 quasi
2467 4352 2667 4409 diceret
2690 4353 2898 4425 Moyses
2919 4354 3017 4421 illi,
3049 4353 3235 4410 Adhuc
3258 4371 3359 4409 uox
3385 4371 3528 4422 sum,

1948 4455 2155 4502 noctem
2180 4446 2437 4501 illumiua.
2470 4446 2679 4519 Aliquid
2716 4446 2889 4501 dicam
2920 4445 3059 4517 quod
3100 4456 3273 4518 potest
3294 4463 3400 4501 nox
3432 4464 3527 4502 ca-

1949 4554 2095 4609 pere,
2124 4538 2320 4607 aliquid
2339 4538 2510 4592 dicam
2542 4537 2681 4607 quod
2734 4548 2955 4608 possunt
3002 4537 3200 4607 parvuli
3250 4539 3482 4593 retinere
3518 4558 3531 4593 :

1951 4630 2062 4699 ligo
2083 4647 2195 4684 sum
2221 4629 2356 4684 Deus
2386 4630 2661 4699 Abt-altam,
2683 4642 2726 4685 et
2749 4630 2885 4685 Deus
2913 4620 3090 4693 Isaac:
3113 4640 3158 4684 et
3182 4629 3317 4684 Deus
3345 4631 3437 4684 Jac
3448 4633 3531 4685 ob.

1951 4722 2111 4792 Ergo,
2144 4721 2254 4793 Ego
2279 4740 2389 4776 sum
2413 4726 2499 4793 qui
2519 4740 2629 4777 sum
2652 4723 2669 4794 (
2696 4722 2860 4777 Exod.
2895 4738 2970 4787 III,
3004 4722 3092 4788 li,
3126 4723 3190 4775 l5
3214 4721 3255 4793 ),
3289 4723 3352 4775 ad
3379 4734 3529 4792 pute-

1951 4823 2143 4869 stalem
2171 4815 2273 4869 diei
2301 4834 2313 4869 :
2347 4814 2459 4887 Ego
2499 4834 2609 4870 sum
2639 4816 2774 4870 Deus
2805 4817 3078 4883 Abraham,
3122 4816 3186 4871 ad
3220 4826 3534 4887 potestatem

1954 4906 2145 4959 noctis.
2176 4904 2333 4959 Fides
2392 4906 2759 4977 temporaliter
2795 4906 3119 4975 dispensata,
3152 4908 3291 4962 lucet
3341 4908 3482 4963 nocti
3521 4925 3534 4961 :

1954 4999 2209 5067 sapientia
2233 5014 2445 5069 semper
2464 5014 2706 5059 manens.
2740 4999 2882 5055 lucet
2905 5000 3031 5055 diei.
3064 5000 3237 5056 Nutrit
3259 5001 3311 5055 in
3352 5010 3531 5064 nocte,

1957 5099 2013 5144 ut
2035 5088 2383 5159 procedamus
2416 5090 2467 5143 in
2514 5090 2675 5144 diem.
2704 5089 2885 5145 Stella:
2908 5107 3037 5161 ergo
3069 5102 3260 5147 etetera
3290 5108 3533 5147 munera.

1956 5182 2089 5248 Quia
2110 5196 2229 5235 cum
2258 5180 2500 5244 dixisset,
2560 5182 2662 5235 Alii
2692 5182 2844 5235 datur
2872 5199 3034 5235 sermo
3075 5182 3358 5253 sapientiw,
3412 5192 3530 5237 tau-

1958 5291 2115 5344 quam
2138 5273 2295 5328 solem
2316 5275 2368 5328 iu
2389 5283 2680 5344 potestatem
2711 5274 2809 5328 diei
2838 5292 2856 5329 :
2877 5276 2966 5329 alii
3001 5276 3153 5329 datur
3187 5291 3349 5330 sermo
3368 5276 3534 5327 scien-

1961 5368 2061 5431 tiw,
2082 5375 2328 5434 tanquam
2351 5364 2524 5420 lunam
2546 5367 2596 5419 iu
2614 5375 2903 5437 potestatem
2928 5368 3085 5421 noctis
3106 5382 3126 5421 :
3155 5366 3242 5420 dat
3266 5374 3322 5421 ct
3335 5366 3537 5429 stellas,

1960 5459 2049 5513 alii
2078 5459 2282 5513 donatio
2306 5460 2644 5520 curationum.
2671 5459 2762 5513 alii
2803 5459 3087 5528 prophetia,
3110 5465 3217 5513 etc.

1964 5550 2185 5620 Reptilia
2209 5552 2493 5604 animamur
2510 5551 2751 5605 vivarum.
2790 5550 2959 5603 Virtus
2985 5548 3283 5603 sacramenti
3297 5546 3542 5601 eltaritas.

2035 5645 2087 5698 4.
2128 5642 2271 5697 Dixit
2298 5642 2462 5709 Deus,
2504 5642 2792 5698 Prodacaut
2831 5657 2977 5711 aqua:
3014 5640 3215 5709 reptilia
3254 5638 3542 5692 animarum

1968 5776 2506 5905 li15a;p‘rgysugblaere,
2549 5783 2602 5826 ιιι
2626 5783 2783 5828 limat.
2816 5775 2883 5827 lib
2922 5775 3124 5825 2mm.
3146 5773 3246 5824 ode
3269 5774 3331 5825 5.
3355 5780 3407 5826 ct
3430 5772 3549 5827 Plin.

2040 5876 2052 5889 .
2110 5872 2155 5902 .,
2272 5874 2334 5889 ...
2368 5874 2381 5887 .

2040 5876 2052 5889 ο
2084 5872 2155 5902 ιαι,
2178 5872 2282 5902 W'
2306 5872 2381 5889 ..ιο
