4026 6362
553 303 692 362 1797

551 421 795 484 vivarum,
834 427 884 470 et
922 411 1164 469 volatilia.
1208 409 1270 462 Et
1315 407 1663 478 produxerunt
1706 420 1851 466 aqua:
1877 403 2054 472 pisces,
2086 409 2131 454 et

549 521 685 569 cetos
713 525 941 582 magnos,
974 515 1018 560 et
1046 503 1271 559 volatilia
1299 501 1430 556 cwli.
1461 501 1527 554 Et
1553 499 1676 554 vidit
1713 497 1851 550 Deus
1893 497 2010 566 quia
2041 493 2131 548 bo-

552 618 674 658 num
712 609 803 665 est,
845 607 949 653 etc.
985 595 1269 650 Videamus
1306 607 1434 662 ergo
1463 589 1587 661 quid
1615 589 1798 644 dicunt
1823 586 2131 654 Scriptum.

553 693 667 749 Lux
712 706 806 762 per
857 689 1050 750 lucem,
1087 684 1218 756 justi
1273 699 1368 755 per
1417 681 1656 737 verbum.
1711 678 2132 732 Firmamentum

550 784 692 850 caeli,
719 779 1129 836 solidamentum
1163 775 1578 844 Scripturarum.
1617 773 1782 841 Aqua:
1820 768 1918 822 sub
1947 765 2132 821 ﬁrma-

551 882 752 937 mento,
775 883 1024 928 terrenus
1051 869 1316 940 populus:
1345 881 1497 938 aqnze
1527 879 1685 933 supra
1717 863 2131 925 ﬁrmamentum,

549 965 784 1021 caelestis
803 963 1050 1034 populus.
1075 961 1238 1015 Terra
1260 957 1406 1012 arida
1427 955 1494 1010 ab
1511 955 1661 1025 aquis
1683 952 1844 1006 maris
1866 959 2132 1022 separata,

549 1056 741 1110 animae
767 1054 1006 1109 sitientes
1037 1051 1200 1106 Deum
1237 1065 1268 1102 a
1311 1047 1649 1102 multitudine
1688 1045 2004 1099 delictorum
2023 1056 2134 1106 sa:-

549 1149 676 1204 culi.
715 1147 994 1202 Germinat
1034 1153 1174 1198 terra
1211 1141 1432 1195 herbam
1461 1137 1641 1208 pabuli
1676 1146 1730 1191 et
1766 1136 1906 1206 ligna
1945 1132 2134 1188 fructi-

551 1242 684 1306 fera,
729 1255 890 1310 Opera
921 1233 1318 1291 misericordiae.
1349 1231 1654 1286 Lmninaria
1698 1230 1750 1284 in
1795 1231 2134 1310 ﬁrmamento

551 1325 696 1388 cmli,
745 1308 1118 1392 prmdicatores
1159 1317 1328 1380 verbi,
1369 1314 1726 1384 Evangelistte
1774 1321 1826 1366 et
1867 1308 2130 1379 Apostoli,

553 1416 692 1472 dona
732 1411 1044 1482 spiritualia.
1075 1408 1427 1463 Attendamus
1451 1421 1578 1476 ergo
1601 1403 1879 1459 luminaria
1905 1403 2133 1456 circum-

553 1509 729 1563 eunlia
762 1515 925 1560 totum
946 1501 1222 1569 mundum,
1247 1509 1301 1556 et
1327 1499 1500 1555 videte
1527 1495 1972 1568 quemadmodum
2005 1508 2135 1564 pro-

553 1597 748 1654 ducant
785 1613 937 1668 aqnze
967 1595 1172 1665 reptilia
1201 1595 1498 1648 animarmn
1527 1591 1786 1644 vivarum.
1819 1587 2136 1642 Discurrunt

563 1689 936 1758 Evangelistm,
983 1683 1412 1755 evangelizantur
1441 1683 1701 1735 homines.
1746 1679 1883 1749 Ergo
1925 1676 2135 1748 reptilia

554 1780 848 1834 animarum
867 1778 1127 1842 vivarum,
1151 1775 1491 1830 Sacramenta
1519 1773 1904 1842 intelliguntur.
1925 1769 2134 1837 Quare?

555 1871 685 1940 Quia
717 1869 780 1923 ad
813 1871 911 1922 hoc
932 1876 1054 1921 sunt
1076 1867 1418 1921 Sacramenta
1446 1864 1766 1930 necessaria,
1799 1873 1852 1916 ιιι
1876 1861 2138 1918 Gentibus

554 1939 1004 2034 eivattgclizcntur,
1037 1967 1091 2013 et
1121 1957 1185 2013 de
1213 1939 1470 2013 Gentibus
1509 1955 1755 2011 homines
1786 1964 2134 2024 soparentur;

555 2051 658 2108 hoc
684 2061 785 2116 cst,
819 2061 875 2104 ttt
903 2067 1054 2120 aqua:
1095 2048 1387 2121 produCant
1425 2047 1530 2101 illae
1563 2063 1780 2114 amane,
1817 2057 1870 2100 et
1897 2043 2022 2099 ﬁant
2051 2045 2135 2114 pi-

554 2159 672 2200 sces
693 2144 894 2199 dulces.
927 2143 1110 2214 Magna
1133 2142 1273 2194 enim
1303 2155 1388 2196 res
1419 2149 1533 2204 est;
1559 2151 1774 2210 gustare
1799 2153 1990 2208 aquam
2025 2151 2140 2192 ma-

553 2239 629 2292 ris
667 2253 825 2291 nemo
859 2245 1051 2305 potest,
1095 2233 1170 2304 (ιι)
1201 2234 1370 2304 pisces
1401 2234 1721 2286 manducare
1746 2251 1758 2285 :
1783 2231 2136 2285 amaritudine

555 2337 866 2390 nascuntur,
910 2335 964 2380 ct
991 2337 1321 2396 vegetantur.
1353 2323 1455 2378 Ista
1493 2331 1616 2378 sunt
1642 2323 1986 2377 Sacramenta
2016 2322 2135 2376 dul-

555 2421 658 2482 cia,
678 2435 796 2490 qme
824 2419 982 2472 missa
1015 2425 1138 2472 sunt
1169 2433 1260 2488 per
1285 2425 1450 2470 totum
1485 2415 1762 2470 mundum.
1791 2415 1894 2471 Sed
1927 2415 2135 2484 reptilia

555 2510 803 2566 dicuntur
841 2509 1136 2564 animarum
1181 2509 1417 2564 vivarum
1450 2526 1462 2560 :
1495 2507 1732 2564 nondum
1780 2508 1957 2562 anima
1986 2507 2130 2560 viva.

559 2603 775 2668 Quare?
820 2601 930 2655 lloc
979 2601 1304 2672 aliquantum
1344 2599 1409 2653 ad
1455 2575 1852 2670 intelligendum
1905 2599 2135 2668 spissum

554 2699 658 2746 est.
687 2689 923 2746 Audistis
945 2691 1124 2754 modo,
1158 2705 1276 2745 cum
1305 2689 1464 2745 lectio
1491 2691 1776 2760 legeretur,
1802 2690 1924 2758 quia
1949 2689 2134 2744 Simon

553 2781 738 2853 Magos
776 2782 1072 2851 baptizatus
1100 2791 1200 2844 est,
1239 2790 1292 2836 et
1331 2798 1436 2838 non
1473 2780 1719 2852 deposuit
1747 2781 1938 2834 malam
1983 2797 2135 2834 men-

556 2882 662 2926 tem
697 2873 831 2943 (Act.
884 2887 996 2937 vm,
1029 2871 1213 2942 lli-25)
1244 2889 1257 2924 :
1289 2871 1471 2926 habuit
1518 2871 1740 2926 fortnam
1783 2869 2132 2936 Sacramenti,

552 2961 799 3016 virtutem
843 2961 1172 3016 Sacramenti
1227 2975 1332 3013 non
1381 2959 1583 3014 habuit.
1637 2959 1773 3014 Audi
1821 2959 2134 3028 Apestolum

553 3051 678 3121 quid
703 3051 848 3106 dicat
866 3053 933 3108 de
955 3053 1130 3122 impiis
1157 3071 1170 3105 :
1203 3051 1476 3119 Habentes,
1506 3051 1693 3122 inquit,
1725 3052 1942 3120 formam
1971 3053 2136 3122 pietu-

555 3141 638 3204 tis,
667 3141 896 3195 virtutem
916 3151 1081 3195 autem
1102 3143 1210 3213 ejus
1233 3141 1533 3212 abnegantes
1555 3139 1618 3214 (11
1641 3139 1774 3194 Tim.
1801 3157 1876 3205 nt,
1905 3139 1981 3213 5).
2007 3143 2138 3210 Qua:

553 3243 636 3289 est
677 3234 841 3288 forma
883 3233 1137 3306 pietatis?
1188 3233 1587 3289 Sacramentnm
1627 3233 1851 3288 visibiic.
1885 3233 2013 3301 Quae
2055 3243 2138 3292 est

557 3325 727 3380 virtus
772 3325 1021 3396 pietatis?
1057 3325 1340 3382 Invisibilis
1387 3326 1638 3381 cluat-itas.
1692 3326 1828 3381 Audi
1884 3326 2134 3384 virtutem

554 3419 767 3489 pietatis
797 3435 810 3471 :
844 3418 905 3474 Si
951 3419 1137 3491 linguis
1185 3419 1444 3472 hominum
1493 3417 1675 3492 loquar
1722 3429 1768 3472 et
1806 3419 2133 3490 Angelorum,

552 3511 846 3566 charitutem
875 3521 1039 3564 autem
1074 3529 1175 3564 non
1198 3511 1428 3577 habeam,
1463 3509 1630 3580 factus
1655 3528 1769 3565 sum
1797 3521 1853 3564 ut
1885 3528 2135 3568 (crumen-

553 3609 657 3654 tam
686 3617 893 3668 sonans,
926 3609 1029 3655 etc.
1065 3602 1129 3654 Et
1157 3602 1200 3655 si
1234 3601 1363 3654 illttd
1395 3610 1446 3654 ct
1474 3601 1601 3654 illud
1639 3601 1881 3667 habeam,
1915 3603 2139 3657 charito-

556 3703 655 3746 tent
684 3703 850 3746 autent
889 3709 989 3745 non
1020 3693 1249 3757 habeam,
1283 3692 1410 3745 nihil
1449 3709 1560 3746 smn
1604 3691 1646 3762 (1
1687 3691 1805 3746 Cor.
1847 3709 1966 3758 xm,
2001 3695 2132 3762 1-5).

553 3785 686 3839 Nam
712 3785 1055 3840 Sacramenta
1084 3795 1262 3840 sancta
1293 3794 1348 3840 et
1375 3801 1560 3854 magna
1591 3795 1752 3839 sunt:
1782 3785 1875 3840 sed
1907 3785 2032 3838 nihil
2056 3795 2138 3840 est

553 3877 738 3942 homo,
773 3878 816 3931 si
843 3877 1158 3932 charitatcm
1190 3891 1294 3930 non
1337 3875 1547 3930 habeat.
1591 3875 1731 3947 Ergo
1759 3877 1921 3931 virtus
1950 3877 2138 3932 Sacra-

554 3972 716 4026 menti
753 3969 1002 4026 charitas.
1046 3969 1213 4038 Quam
1237 3969 1550 4024 charitatetn
1584 3985 1688 4023 non
1721 3969 1880 4024 habet
1921 3969 2132 4024 lucreti—

557 4077 672 4128 CIIS,
705 4077 823 4116 cum
870 4059 1009 4130 apud
1053 4076 1174 4115 cum
1224 4060 1486 4114 inveniam
1515 4059 1736 4115 formam
1781 4059 2132 4114 Sacramenti.

561 4155 741 4223 Itaque
767 4170 886 4209 cum
918 4153 982 4208 ad
1008 4168 1093 4208 me
1115 4153 1260 4207 venit
1295 4151 1597 4220 haereticus,
1625 4152 1806 4207 defero
1839 4155 2020 4206 forma:
2041 4151 2139 4207 Sa-

551 4247 832 4311 cramenti,
885 4255 943 4298 ut
981 4261 1085 4298 non
1125 4245 1449 4314 rebaptizem
1479 4243 1610 4298 :sed
1665 4244 1829 4299 reddo
1883 4245 2135 4298 virtutem

549 4335 899 4398 Sacramenti,
922 4343 980 4388 ut
1007 4335 1236 4388 radicem
1254 4335 1527 4389 charitatis
1547 4335 1834 4388 insinuem.
1865 4333 1980 4404 lpsa
2008 4349 2137 4402 ergo

551 4428 656 4482 crit
681 4427 855 4480 anima
881 4426 1019 4491 viva,
1051 4441 1210 4494 quam
1258 4435 1396 4479 terra
1423 4425 1686 4493 producit,
1727 4434 1785 4478 ut
1812 4425 1987 4478 anima
2019 4426 2136 4480 viva

552 4521 640 4586 sit,
663 4519 772 4590 jam
802 4519 1003 4574 habens
1037 4519 1291 4572 virtutem
1332 4519 1682 4572 Sacramenti.
1732 4517 1843 4572 lloc
1886 4525 1967 4572 est
2010 4531 2138 4587 ergo

551 4612 692 4683 quod
722 4611 922 4668 dictum
965 4619 1067 4678 cst,
1113 4611 1413 4665 Producant
1451 4626 1596 4682 aqua:
1623 4609 1822 4682 reptilia
1852 4611 2138 4666 animarum

553 4705 798 4766 vivarum,
828 4713 934 4760 etc.

554 4795 752 4850 Anima:
769 4797 890 4849 viva:
917 4795 1119 4848 creatia.
1151 4795 1332 4848 Anima
1357 4795 1483 4848 viva.
1511 4791 1680 4849 Pietas
1694 4795 1867 4848 virtus.
1885 4793 2134 4850 Charitas.

995 4865 1158 4919 Homo
1183 4866 1250 4918 ad
1277 4867 1546 4936 imaginem
1569 4865 1682 4919 Dei.

622 4957 676 5012 5.
723 4955 860 5010 Dixit
880 4971 1070 5026 quoque
1101 4955 1254 5022 Deus,
1287 4955 1542 5010 Producat
1565 4967 1698 5010 terra
1723 4957 1945 5009 animant
1967 4957 2136 5010 viven-

556 5057 653 5102 tem
675 5049 728 5100 in
759 5063 937 5117 genere
961 5061 1073 5112 suo,
1102 5055 1202 5100 etc.
1228 5047 1393 5101 Sesto
1417 5047 1504 5101 die
1524 5047 1656 5100 dixit
1683 5047 1838 5108 Deus,
1875 5045 2135 5100 Producat

555 5149 690 5193 terra
717 5138 939 5190 animum
962 5138 1123 5190 vivant
1145 5153 1164 5192 :
1189 5153 1294 5192 non
1317 5137 1522 5207 reptilia
1547 5139 1842 5192 animarum
1875 5137 2134 5203 vivarum,

551 5229 647 5284 sed
685 5229 917 5283 animam
945 5230 1138 5285 vivam.
1169 5229 1236 5284 Et
1265 5229 1514 5298 produxit
1545 5237 1684 5283 terra
1715 5229 1892 5282 omnia
1921 5243 2135 5296 pecora,

552 5331 610 5378 et
637 5321 856 5386 bestias,
890 5329 946 5375 et
967 5331 1264 5392 serpentes,
1303 5329 1358 5375 et
1395 5319 1648 5390 quidquid
1678 5319 1815 5388 repit
1841 5333 2001 5388 super
2025 5327 2136 5374 ter-

554 5430 688 5469 ram.
723 5411 788 5468 Et
812 5413 932 5466 vidit
961 5412 1097 5468 Deus
1126 5415 1244 5484 quia
1281 5413 1464 5467 bonum
1491 5422 1585 5465 est.
1614 5411 1680 5464 Et
1704 5411 1830 5465 dixit
1857 5411 2014 5472 Deus,
2039 5427 2134 5466 eo-

549 5505 676 5562 dem
711 5505 800 5560 die
841 5513 1014 5570 sexto,
1045 5505 1258 5575 quando
1301 5503 1462 5573 ejecit
1507 5513 1646 5557 terra
1675 5503 1906 5556 animam
1936 5504 2132 5569 vivam,

555 5595 834 5650 Faciamus
871 5597 1122 5648 hominem
1149 5597 1216 5648 ad
1241 5595 1508 5661 imaginem
1539 5603 1584 5646 et
1619 5595 1996 5647 similitudinem
2038 5609 2135 5647 no-

497 5757 502 5762 ,
549 5706 732 5762 stram,
779 5705 882 5750 etc.
933 5695 1166 5748 Diximus
1203 5690 1327 5762 quia
1373 5689 1498 5746 fecit
1528 5689 1669 5744 Deus
1705 5689 1899 5754 lucem,
1944 5685 1996 5742 id
2025 5691 2127 5751 est,

541 5818 830 5940 υιιριῖτυτέἓ
853 5818 998 5871 deest
1022 5825 1252 5884 potest.——
1273 5821 1404 5881 Quod
1427 5831 1596 5873 censet
1611 5821 1910 5889 \torcl,FJem
1941 5826 2117 5886 Critic.,

1792 287 1846 338 S.
1893 277 2253 336 AUGUSTIM
2293 278 2592 334 l'Ll'lSCOPI

3683 276 3818 336 ιω

2239 416 2426 456 omnes
2463 400 2645 456 ﬁdeles
2672 417 2684 454 :
2711 400 2834 456 fecit
2863 401 3253 456 ﬁrmamentum
3293 400 3346 456 in
3377 398 3602 468 mundo,
3629 400 3820 458 nmium

2239 493 2375 547 inter
2404 508 2566 562 aquas
2593 503 2646 548 et
2665 508 2827 562 aquas
2851 509 2866 558 ;
2900 491 3022 546 fecit
3050 492 3438 548 ﬁrmamentum
3465 493 3520 548 in
3545 491 3806 560 Ecclesia.

2236 575 2604 636 auctoritatem
2630 583 3018 652 Scripturarum
3047 583 3198 652 jinter
3221 584 3443 654 populos
3467 585 3813 656 Angelorum;

2236 671 2426 741 quibus
2451 671 2555 726 hoc
2579 687 2683 726 non
2703 681 2785 726 est
2806 672 3186 738 necessarium,
3205 683 3258 728 et
3275 674 3496 744 populos
3513 674 3811 740 hominum,

2237 763 2326 834 qui
2357 763 2427 816 ibi
2462 771 2762 832 quzererent
2801 763 2964 816 Deum
2993 780 3006 816 :
3041 762 3169 818 fecit
3197 765 3336 820 Dcus
3363 765 3413 818 in
3447 765 3644 820 mundo
3665 779 3812 833 sepa-

2237 855 2496 908 rationcm
2533 854 2696 908 maris
2729 869 2759 907 a
2789 864 2950 919 terra,
2979 855 3102 909 fecit
3133 853 3270 910 Deus
3297 855 3350 910 in
3379 854 3617 912 Ecclesia
3660 870 3818 925 sepa-

2238 947 2496 1002 rationem
2519 947 2756 1020 gentium
2783 963 2816 1002 a
2850 949 3019 1003 servis
3046 947 3156 1004 suis
3181 967 3195 1003 :
3223 949 3334 1004 sitit
3361 957 3500 1005 terra
3534 949 3690 1004 arida
3715 950 3816 1006 im.

2237 1037 2406 1106 brem,
2435 1041 2620 1094 sitiunt
2644 1040 2890 1096 homines
2917 1041 2971 1095 in
2992 1039 3230 1097 Ecclesia
3259 1042 3482 1098 imbrem
3501 1044 3816 1100 ctelestem:

2238 1131 2489 1200 produxit
2512 1140 2652 1186 terra
2677 1130 2898 1188 herbam
2931 1132 3106 1202 pabuli
3133 1142 3188 1186 et
3211 1133 3349 1204 ligna
3373 1132 3670 1202 fructifera,
3701 1149 3824 1205 pro-

2238 1221 2443 1277 ducunt
2477 1232 2532 1277 et
2561 1221 2806 1278 homines
2841 1222 2892 1276 in
2923 1223 3158 1278 Ecclesia
3190 1239 3352 1294 opera
3396 1225 3778 1280 misericordia:
3805 1243 3820 1278 :

2241 1312 2374 1366 ﬁunt
2403 1312 2682 1390 luminaria
2725 1314 2775 1367 in
2803 1315 2961 1382 cmlo,
2991 1313 3249 1369 luminare
3293 1316 3484 1384 majus,
3522 1331 3704 1372 sermo
3738 1331 3824 1372 sa-

2239 1405 2488 1474 pientiai;
2529 1404 2794 1460 luminare
2831 1405 3040 1472 minus,
3080 1421 3258 1461 sermo
3311 1407 3586 1462 scientize:
3630 1409 3826 1476 stellzn,

2239 1495 2379 1552 dona
2408 1497 2763 1564 curationum,
2793 1497 3082 1567 prephetia:
3109 1498 3262 1566 ﬁdes,
3292 1507 3419 1564 etc.;
3440 1498 3616 1554 omnia
3641 1499 3744 1554 ista
3773 1500 3830 1556 in

2241 1587 2578 1643 ﬁrmamento
2609 1589 2750 1643 cmli.
2788 1587 2920 1643 Cum
2969 1605 3098 1660 ergo
3139 1589 3428 1660 coepissent
3463 1589 3742 1646 ambulare
3773 1599 3832 1644 et

2239 1695 2524 1752 peragrare
2556 1689 2720 1736 totum
2758 1680 3037 1746 mundum,
3067 1691 3390 1752 generarent
3429 1696 3601 1752 aqum,
3633 1681 3684 1736 id
3718 1691 3823 1748 est,

2240 1771 2307 1825 de
2344 1769 2601 1826 Gentibus
2639 1772 2956 1827 exstiterunt
2987 1773 3196 1842 reptilia
3232 1773 3529 1830 animarum
3559 1773 3832 1842 vivarum,

2238 1861 2583 1917 Sacramenta
2615 1872 2828 1926 sancta;
2859 1873 2910 1918 et
2957 1863 3198 1919 homines
3235 1863 3531 1919 consecrati
3567 1865 3832 1921 habentes

2239 1953 2464 2010 fortnam
2496 1973 2509 2008 :
2539 1954 2711 2009 forma
2754 1965 2836 2010 est
2870 1957 3012 2010 enim
3049 1956 3378 2014 Sacratncnti
3415 1956 3467 2010 in
3501 1955 3744 2023 homine,
3777 1967 3842 2046 et.

2239 2045 2522 2115 aliquando
2547 2047 2715 2100 virtus
2743 2047 3074 2103 Sacramenti
3114 2049 3293 2101 statim
3333 2049 3698 2118 consequitur,
3735 2045 3836 2103 sed

2233 2136 2344 2207 jam
2377 2137 2430 2190 in
2462 2147 2602 2191 terra
2630 2154 2748 2208 qua:
2795 2147 3040 2207 separata
3072 2147 3189 2202 est;
3241 2138 3360 2192 ideo
3397 2135 3641 2210 producit
3683 2147 3832 2194 terra

2239 2226 2470 2280 animam
2503 2227 2698 2283 vivam.
2731 2227 2796 2283 Et
2823 2244 3009 2284 revera
3045 2229 3234 2284 fratres
3255 2230 3484 2284 animam
3507 2230 3678 2284 vivam
3707 2245 3835 2288 esse

2241 2335 2376 2390 Opus
2404 2331 2503 2376 est.
2521 2321 3059 2391 Acceperuntl'ratrcs
3093 2321 3416 2390 Baptismum
3445 2321 3548 2394 (a),
3573 2333 3837 2394 sequatur

2242 2411 2464 2464 formam
2505 2411 2691 2466 virtus.
2733 2412 2849 2466 Non
2889 2413 2957 2466 sit
2988 2412 3289 2483 Baptismus
3317 2413 3384 2468 ad
3417 2414 3700 2484 judicium,
3733 2415 3832 2471 sed

2241 2501 2305 2554 ad
2334 2501 2580 2556 salutem.
2613 2502 2693 2556 Ad
2717 2503 2973 2572 judicium
3021 2503 3115 2557 fuit
3150 2503 3354 2559 Simoni
3390 2505 3562 2578 Mago,
3589 2507 3655 2561 ad
3681 2505 3836 2562 salu-

2243 2599 2348 2644 tem
2381 2591 2557 2646 Petro.
2581 2591 2869 2648 Videamus
2891 2609 3016 2664 ergo
3045 2594 3169 2665 quid
3191 2605 3273 2650 est
3298 2597 3474 2650 anima
3495 2597 3636 2663 viva,
3663 2613 3840 2668 quam

2243 2691 2381 2737 terra
2425 2683 2692 2754 produxit.
2745 2686 3016 2740 Attenditc
3070 2686 3372 2754 hominem;
3409 2687 3568 2740 habet
3604 2704 3836 2758 corpus,

2243 2773 2405 2828 habet
2445 2775 2698 2829 animam.
2731 2774 2788 2830 lu
2839 2776 2952 2844 ipsa
2993 2775 3168 2832 anima
3209 2777 3403 2831 multos
3445 2785 3620 2832 motus
3663 2777 3858 2832 habet

2242 2863 2444 2920 similes
2469 2865 2685 2931 bestiis;
2713 2875 2766 2921 et
2802 2867 2962 2922 habet
2989 2868 3168 2922 nescio
3199 2853 3330 2937 quid
3353 2869 3516 2936 aliud,
3550 2869 3690 2939 quod
3726 2887 3838 2926 non

2241 2952 2439 3010 habent
2476 2958 2684 3011 bestia‘.
2733 2957 2879 3023 Quos
2919 2969 3095 3013 motus
3143 2959 3304 3013 habet
3351 2959 3554 3014 similes
3602 2959 3840 3016 bestiis?

2241 3045 2562 3104 Manducare
2603 3057 2658 3104 et
2693 3049 2896 3117 bibere,
2928 3049 3165 3106 dormire
3204 3060 3258 3106 et
3295 3053 3531 3122 vigilare,
3571 3063 3624 3107 et
3664 3069 3840 3128 gene-

2243 3153 2382 3192 rare.
2417 3137 2605 3194 Nonne
2631 3155 2942 3196 connnnncs
2969 3149 3092 3195 sunt
3114 3143 3264 3197 nobis
3292 3159 3412 3198 cum
3435 3143 3652 3199 bestiis?
3689 3145 3838 3200 Istos

2243 3240 2420 3284 motus
2448 3233 2686 3303 quisquis
2714 3233 2766 3286 in
2800 3233 3058 3288 luxuriam
3091 3235 3392 3304 projecerit,
3418 3237 3648 3290 animam
3677 3253 3838 3294 tmar-

2245 3331 2386 3376 tuam
2421 3324 2601 3390 habet,
2648 3341 2756 3378 non
2802 3325 3030 3378 animam
3069 3327 3262 3380 vivam.
3305 3325 3458 3384 Unde
3497 3328 3842 3398 probamus?

2243 3413 2380 3467 Audi
2421 3415 2731 3484 Apostolum
2765 3435 2777 3470 :
2811 3417 2937 3484 Qua:
2965 3425 3128 3470 autem
3156 3419 3208 3471 in
3251 3419 3442 3474 deliciis
3486 3422 3608 3492 agit,
3653 3423 3841 3477 uiuens

2243 3517 2440 3559 mortua
2469 3517 2538 3562 est
2581 3507 2636 3580 (l
2659 3507 2787 3561 Tim.
2822 3525 2872 3575 v,
2908 3509 2984 3578 b').
3017 3509 3150 3577 Quid
3193 3519 3278 3565 est
3319 3527 3478 3582 agere
3517 3514 3566 3566 in
3597 3511 3834 3580 deliciis,

2245 3601 2340 3654 nisi
2375 3601 2491 3654 illos
2520 3611 2692 3654 motus
2713 3603 2922 3666 animm,
2947 3619 3080 3670 quos
3097 3619 3404 3659 communes
3429 3605 3684 3660 habemus
3704 3623 3837 3666 cum

2245 3693 2570 3760 pecudibus;
2601 3693 2779 3747 laxare
2824 3693 2875 3746 in
2924 3695 3222 3763 voluptates
3267 3703 3320 3749 ct
3367 3699 3842 3767 cotmtpiscentias

2243 3781 2644 3848 immoderatus,
2671 3784 2720 3836 in
2750 3785 3111 3850 voracitatcm,
3143 3785 3192 3839 in
3222 3788 3553 3852 ebrietatem,
3587 3791 3638 3842 in
3665 3789 3838 3845 forni-

2242 3877 2528 3940 cationem,
2561 3879 2610 3930 in
2649 3878 3098 3932 somnolentiam?
3131 3877 3183 3931 lu
3213 3879 3416 3934 deliciis
3445 3892 3604 3951 agunt
3631 3883 3726 3952 qui
3759 3885 3839 3938 sic

2242 3970 2452 4035 vivunt;
2486 3969 2578 4023 sed
2608 3969 2708 4024 vivi
2733 3969 2924 4024 mortui
2949 3979 3091 4024 sunt.
3120 3971 3172 4026 Si
3200 3983 3373 4026 autem
3397 3975 3839 4044 constringuntur

2243 4061 2357 4116 isne
2390 4078 2578 4118 omnes
2617 4063 2946 4129 affectiones,
2996 4073 3051 4120 et
3095 4065 3180 4118 isti
3224 4075 3399 4120 inutus
3445 4077 3732 4122 teneantur
3767 4070 3836 4123 ad

2242 4155 2558 4220 castitatem,
2593 4157 2656 4210 ad
2684 4158 3084 4224 continentiam,
3121 4159 3363 4228 producit
3389 4168 3526 4214 terra
3555 4161 3836 4230 animam;

2244 4265 2362 4318 ane
2389 4249 2508 4321 quia
2532 4261 2735 4304 mortua
2765 4263 2878 4304 erat
2903 4252 2952 4304 in
2980 4251 3202 4316 deliciis,
3231 4261 3392 4308 restat
3419 4263 3474 4308 ut
3500 4253 3778 4310 refrenata
3807 4271 3840 4309 a

2245 4340 2451 4396 deliciis
2495 4342 2708 4411 incipiat
2747 4343 2941 4408 vivere,
2984 4353 3038 4398 et
3079 4344 3273 4400 habere
3302 4346 3547 4402 virtutem
3595 4349 3838 4416 pietatis.

2242 4433 2371 4502 Qua:
2405 4443 2488 4489 est
2513 4443 2689 4489 autem
2720 4437 2884 4491 virtus
2916 4437 3162 4506 pictatis?
3203 4437 3451 4494 Charitas
3495 4439 3546 4494 in
3577 4441 3754 4498 Deum
3786 4453 3841 4499 et

2241 4525 2564 4596 proximum.
2591 4525 2687 4596 Qui
2719 4535 2891 4580 autem
2923 4527 3081 4582 habet
3103 4527 3436 4596 charitatem,
3470 4529 3708 4590 refrenat
3741 4549 3842 4602 per

2243 4617 2401 4672 ﬁdem
2425 4633 2610 4671 omnes
2635 4617 2897 4684 libidines,
2923 4635 3110 4672 omnes
3135 4621 3614 4689 concupiscentias,
3641 4637 3842 4678 omnes

2245 4717 2418 4763 motus
2445 4710 2606 4763 animi
2641 4709 2742 4774 sui,
2765 4727 2897 4779 quos
2925 4725 3235 4766 communes
3273 4712 3432 4766 habet
3459 4728 3581 4767 cum
3610 4715 3842 4784 pecudi-

2243 4799 2363 4866 bus,
2411 4800 2512 4853 erit
2555 4801 2729 4854 anima
2772 4801 2905 4854 viva.
2949 4801 3012 4854 Et
3055 4803 3293 4871 sequitur
3339 4812 3394 4856 ιιι
3417 4803 3525 4872 jam
3569 4804 3844 4861 formetur

2244 4889 2405 4943 homo
2442 4890 2506 4943 ad
2537 4891 2820 4960 imaginem
2863 4899 2916 4944 et
2955 4891 3355 4946 similitudinem
3383 4893 3496 4948 Dei.
3542 4893 3844 4950 Formatur

2242 4991 2415 5035 autem
2440 4997 2558 5035 cmn
2591 4984 2765 5036 omnia
2799 4983 2916 5048 ista,
2948 4999 3065 5052 qum
3093 4983 3229 5038 dicta
3271 4993 3414 5052 sunt,
3443 4985 3508 5039 ad
3540 4987 3688 5041 illum
3733 4987 3838 5042 bo-

2243 5075 2439 5128 minem
2469 5074 2914 5128 concluduntur’.
2947 5075 3078 5144 Quia
3118 5084 3172 5129 et
3211 5073 3333 5129 fecit
3369 5077 3510 5130 Deus
3535 5077 3737 5144 lucem,
3771 5081 3844 5134 de
3905 5089 3916 5099 ‘

2243 5167 2456 5221 homine
2481 5167 2676 5221 dictum
2699 5178 2780 5222 est
2803 5168 2850 5221 in
2875 5168 3109 5222 Ecclesia
3137 5186 3148 5221 :
3179 5177 3232 5224 et
3257 5167 3378 5223 fecit
3406 5167 3838 5238 ﬁrmamentum,

2243 5267 2456 5328 propter
2477 5257 2745 5312 hominem
2773 5259 3057 5312 auctoritas
3081 5258 3471 5328 Scripturarutu
3492 5277 3508 5316 :
3532 5271 3585 5316 et
3614 5278 3816 5334 separa

2245 5350 2321 5403 vit
2345 5363 2506 5419 aquas
2531 5365 2558 5402 a
2588 5359 2746 5413 terra,
2777 5348 2972 5404 Gentes
2997 5365 3025 5402 a
3058 5349 3396 5406 credentibus
3427 5369 3440 5408 :
3471 5344 3840 5424 et’germina-

2243 5439 2316 5494 vit
2347 5451 2482 5493 terra
2528 5439 2742 5492 herbam
2779 5441 2973 5508 pabuli,
3002 5455 3164 5510 opera
3210 5441 3588 5496 misericordia:
3621 5460 3633 5497 :
3663 5451 3721 5498 et
3750 5443 3841 5499 lu-

2243 5531 2385 5585 mina
2415 5530 2468 5584 in
2497 5531 2653 5596 cmlo,
2676 5531 3022 5602 EvangelisL'e
3052 5533 3220 5586 sancti
3251 5531 3301 5585 in
3325 5530 3540 5588 homine
3570 5549 3584 5586 :
3616 5542 3668 5588 et
3698 5548 3836 5608 pro-

2325 5727 2340 5760 ι
2365 5733 2521 5786 Forte,
2544 5725 2609 5776 ad
2629 5725 2916 5778 auellectznn
2937 5727 3138 5779 hominis
3162 5728 3532 5794 coujmtguutur.

2323 5807 2399 5870 (α)
2421 5805 2598 5858 Iudicat
2615 5819 2792 5860 recens
2809 5811 3084 5873 baptizatos.
