4062 6368
204 328 340 387 {7%

202 443 345 500 duxit
375 450 519 497 terra
552 441 739 513 reptile
778 442 1071 497 animarum
1104 444 1361 509 vivarum,
1397 446 1782 513 Sacramenta;

201 548 251 589 et
279 534 383 589 hoc
413 534 465 587 in
498 532 834 587 hominibus:
860 545 1040 604 postea
1066 535 1311 604 produxit
1339 539 1568 591 animam
1592 540 1784 607 vivam,

203 625 592 679 refrenationes
619 626 855 679 omnium
888 626 1195 691 libidinum;
1228 638 1282 682 et
1311 628 1414 683 hoc
1465 630 1515 683 in
1548 630 1786 686 homine.

201 718 367 785 Iunge
400 717 502 770 ista
530 716 707 770 omnia
732 716 797 771 ad
839 717 1198 783 intellectum;
1242 729 1295 775 et
1325 719 1495 776 factus
1520 732 1602 776 cst
1632 726 1789 776 homo

202 812 263 864 ad
307 811 596 881 imaginem
634 820 687 865 et
716 811 1113 865 similitudinem
1150 814 1264 867 Dei.
1297 814 1525 869 Attende
1556 816 1697 869 unde
1730 815 1788 868 il-

206 902 288 954 Iud
338 904 648 971 probemus.
684 902 805 957 Ideo
845 903 910 957 de
949 903 1169 973 singulis
1210 906 1437 970 diccbat,
1479 906 1616 961 Vidit
1655 908 1793 962 Deus

200 994 316 1063 quia
346 994 535 1047 bonum
576 1004 667 1049 est.
710 994 930 1061 Quando
960 1006 1137 1049 autem
1182 997 1304 1051 fecit
1350 1014 1460 1051 rem
1492 1000 1809 1067 meliorem,

206 1100 308 1138 non
354 1085 489 1138 vidit
514 1086 637 1153 quia
672 1087 858 1139 melior
898 1085 1030 1141 facta
1059 1097 1157 1141 est.
1188 1088 1291 1143 Sed
1338 1090 1389 1142 in
1434 1090 1549 1159 ipso
1575 1090 1791 1146 homine

203 1176 480 1230 concludit
504 1178 681 1231 omnia
711 1193 827 1247 qute
858 1178 989 1231 facta
1015 1187 1157 1244 sunt,
1197 1188 1249 1232 et
1277 1179 1475 1233 dictum
1517 1190 1618 1246 est,
1659 1180 1793 1234 Vidit

206 1266 342 1321 Deus
385 1269 562 1321 ontnia
588 1284 699 1337 qua?
738 1270 874 1340 fecit,
904 1279 951 1322 ct
986 1285 1097 1322 ecce
1122 1270 1251 1322 bona
1281 1268 1442 1324 valde.
1476 1270 1791 1325 Iamdudum

206 1358 419 1413 dicebat
454 1358 523 1412 de
562 1359 806 1429 singulis,
838 1360 959 1429 quia
988 1360 1124 1413 bona
1166 1371 1384 1422 essent;
1414 1360 1629 1416 homine
1658 1361 1794 1416 facto

204 1451 380 1505 omnia
412 1451 728 1504 nominavit.
763 1450 1076 1521 lntelligitur
1101 1453 1219 1521 quia
1250 1453 1333 1505 illa
1380 1453 1584 1523 singula
1620 1454 1672 1507 in
1702 1454 1795 1506 ho-

206 1544 347 1599 mine
386 1544 571 1597 omnia
610 1543 970 1597 inveniuntur.
1017 1542 1219 1610 Qumris
1261 1544 1312 1597 in
1345 1544 1557 1599 homine
1582 1544 1797 1599 lucem?

206 1633 419 1689 Iuvenis
452 1634 631 1688 fidem.
660 1634 863 1702 Qumris
895 1634 1320 1688 firmamentum?
1363 1635 1568 1689 Iuvenis
1616 1643 1796 1688 aucto-

206 1727 420 1781 ritatem
458 1726 876 1796 Scripturarum.
924 1726 1129 1791 Quaeris
1174 1728 1590 1796 segregationem
1630 1742 1795 1795 aqua—

205 1834 320 1872 rum
339 1818 365 1870 ?
396 1817 609 1871 invenis
640 1816 849 1871 fidelem
873 1827 1205 1887 segregatum
1238 1832 1265 1869 a
1292 1816 1567 1871 Gentibus.
1592 1816 1795 1884 Qu:eris

207 1910 475 1981 pullulare
514 1909 733 1964 herbam
776 1918 830 1963 et
872 1910 1009 1979 ligna
1050 1908 1352 1964 fructifera?
1398 1909 1605 1963 Iuvenis
1635 1924 1794 1977 opera

207 2004 367 2065 bona,
410 2016 577 2068 opera
620 2001 1022 2055 misericordite.
1053 2000 1270 2071 [Qmeris
1319 1999 1595 2054 luminaria
1641 2000 1797 2055 caeli?

209 2094 420 2147 Iuvenis
451 2092 836 2162 Evangelistas.
866 2091 1073 2160 Quzeris
1103 2092 1308 2161 reptilia
1331 2093 1625 2146 animarum
1654 2093 1800 2147 viva-

210 2185 364 2241 rum?
410 2183 627 2239 Inveuis
668 2184 1028 2238 Sacramenta.
1062 2184 1267 2252 Qumris
1312 2184 1541 2239 animam
1582 2185 1798 2239 vivam?

208 2279 419 2333 lnveuis
456 2276 861 2332 continentiam.
892 2277 1097 2343 Qumris
1131 2278 1181 2331 in
1228 2278 1443 2355 homine
1488 2276 1798 2332 hominem?

209 2373 422 2428 lnvenis
457 2372 743 2443 imaginem
774 2381 828 2427 et
864 2372 1265 2427 similitudinem
1294 2372 1409 2426 Dei.

209 2462 291 2519 Ea:
317 2464 573 2519 Sermone
610 2462 674 2515 de
710 2462 1133 2533 Quinquagcsima
1169 2460 1576 2525 resurrectionis,
1607 2459 1799 2515 Florus

841 2552 909 2605 ad
938 2552 955 2607 I
986 2551 1104 2606 Cor.
1134 2567 1171 2606 ι.

278 2645 604 2701 Humiliatus
630 2656 711 2701 est
747 2646 1003 2701 Dominus
1027 2644 1272 2699 Christus
1292 2686 1307 2709 ,
1337 2654 1394 2700 ut
1420 2660 1539 2700 esse
1568 2644 1799 2701 humiles

209 2753 561 2792 nasceremus
600 2756 613 2791 :
653 2744 941 2806 conceptus
980 2744 1063 2791 est
1092 2735 1372 2790 continens
1399 2736 1575 2789 omnia
1598 2776 1613 2801 ,
1645 2744 1798 2789 natus

210 2838 293 2884 est
320 2830 549 2899 gignens
574 2828 773 2893 omnia,
805 2836 1045 2882 mortuus
1065 2836 1147 2882 est
1168 2827 1436 2882 viviticans
1462 2828 1638 2879 omnia
1668 2843 1679 2878 :
1705 2824 1797 2879 sed

212 2930 329 2990 post
373 2919 613 2973 triduum
661 2918 980 2983 resurrexit,
1024 2926 1078 2973 et
1115 2917 1353 2974 ascendit
1394 2918 1444 2970 in
1488 2918 1718 2983 caelum,
1747 2926 1800 2971 et

211 3013 500 3065 humanam
527 3026 686 3081 quam
715 3020 1021 3081 susceperat
1055 3016 1290 3077 carnem,
1320 3010 1384 3063 ad
1410 3010 1583 3064 Patris
1611 3010 1797 3065 dexte-

210 3118 322 3157 ram
350 3103 657 3157 collocavit.
686 3101 925 3157 Mirabile
955 3113 1035 3157 est
1058 3145 1073 3166 ,
1105 3101 1322 3169 fratres,
1346 3110 1399 3155 ct
1423 3101 1523 3155 hoc
1553 3100 1799 3171 estquod

209 3193 432 3248 credere
470 3193 619 3263 impii
648 3194 867 3259 nolunt;
910 3193 1153 3247 mirabile
1186 3202 1269 3247 est
1309 3192 1576 3247 hominem
1618 3208 1797 3246 resur-

211 3285 415 3339 rexisse
445 3284 498 3337 in
529 3299 709 3350 carne,
738 3294 791 3338 et
821 3284 872 3338 in
900 3284 1091 3338 cmlum
1118 3284 1420 3338 ascendisse
1445 3300 1565 3338 cum
1597 3298 1795 3339 carne:

210 3378 303 3434 sed
338 3379 512 3433 multo
548 3387 632 3434 est
666 3378 961 3433 mirabilius
984 3421 998 3445 ,
1030 3386 1197 3432 totum
1238 3377 1492 3432 mundum
1532 3392 1647 3432 rem
1690 3386 1795 3432 tam

212 3468 579 3524 incredibilem
601 3467 913 3523 credidisse.
951 3467 1088 3535 Quid
1113 3476 1195 3522 est
1228 3467 1589 3522 incredibilius
1631 3468 1795 3522 Deum

211 3559 335 3615 talia
356 3559 557 3615 fecisse
575 3600 590 3626 ,
616 3575 681 3614 an
709 3559 963 3614 mundum
991 3560 1211 3614 credere
1243 3560 1512 3629 potuisse?
1550 3559 1686 3626 Quid
1708 3601 1722 3623 ,
1752 3560 1796 3614 si

211 3662 265 3708 et
302 3654 417 3724 ipse
467 3652 662 3708 modus
702 3652 1069 3707 consideretur
1109 3668 1139 3706 a
1184 3652 1337 3706 nobis
1362 3694 1378 3717 ,
1427 3667 1533 3721 quo
1576 3651 1799 3706 credidit

214 3742 488 3797 mundus?
510 3744 670 3797 etiam
701 3743 814 3813 ipse
840 3757 965 3797 vere
991 3742 1201 3797 divinus
1225 3742 1538 3807 advertitur,
1566 3752 1619 3796 et
1646 3742 1797 3797 valde

215 3836 478 3890 mirabilis
508 3834 793 3889 invenitur.
825 3834 1119 3889 Incruditos
1146 3834 1453 3889 liberalibus
1481 3833 1794 3902 disciplinis,

213 3935 269 3980 et
295 3926 520 3982 omnino
556 3935 811 3996 quantum
839 3924 905 3979 ad
940 3925 1117 3979 swculi
1147 3924 1417 3978 doctrinas
1441 3925 1673 3994 pertinet
1700 3925 1799 3977 im-

217 4017 441 4086 politus,
470 4032 577 4070 non
605 4016 804 4085 peritos
829 4015 1171 4084 grammatica
1190 4056 1205 4077 ,
1239 4029 1341 4067 non
1374 4025 1608 4068 armatos
1635 4014 1799 4068 diale-

214 4112 381 4174 ctica,
411 4110 707 4179 piscatores
731 4107 972 4161 Christus
997 4122 1115 4161 cum
1144 4107 1346 4161 retibus
1385 4106 1506 4160 fidei
1545 4106 1611 4159 ad
1653 4121 1799 4160 mare

214 4199 396 4254 steculi
455 4200 803 4268 paucissimos
855 4199 1020 4253 misit.
1064 4197 1201 4264 Quid
1246 4197 1366 4251 dico
1414 4197 1799 4266 paucissimos?

217 4290 509 4345 Duodecim
550 4290 727 4354 misit;
766 4299 819 4344 et
859 4299 1031 4343 tamen
1075 4306 1169 4359 per
1193 4302 1287 4343 eos
1325 4290 1401 4342 sic
1431 4290 1574 4343 omni
1603 4304 1799 4359 genere

219 4382 441 4451 piscium
472 4381 710 4450 implevit
736 4380 1021 4442 Ecclesias,
1055 4388 1111 4434 ut
1136 4380 1351 4450 plurimi
1383 4381 1541 4434 etiam
1577 4396 1641 4434 ex
1672 4381 1799 4450 ipsis

218 4470 549 4541 sapientibus
568 4471 768 4537 saeculi,
789 4472 979 4541 quibus
998 4471 1278 4526 videbatur
1294 4473 1644 4542 ignominiosa
1669 4488 1799 4528 crux

217 4562 413 4617 Christi
436 4604 452 4629 ,
485 4578 547 4616 ea
578 4562 628 4615 in
660 4561 829 4616 fronte
854 4564 1158 4632 signentur;
1184 4572 1237 4617 et
1260 4563 1325 4618 de
1350 4580 1451 4633 qua
1477 4564 1799 4620 erubescen-

219 4653 343 4707 dum
370 4653 650 4724 putabant,
680 4654 940 4724 nobisque
967 4653 1318 4722 insultabant,
1350 4669 1467 4709 eam
1498 4656 1548 4709 in
1583 4656 1797 4725 pudoris

219 4760 341 4800 arce
368 4744 718 4799 constituant.

221 4909 300 4962 Ex
328 4908 575 4965 Sermone
600 4913 663 4963 de
684 4910 928 4979 Apostolo
957 4909 1126 4961 Paulo
1146 4950 1161 4973 ,
1195 4908 1248 4961 in
1278 4908 1594 4962 conversione
1620 4909 1797 4979 cujus-

401 4998 523 5051 dam
553 4996 736 5052 Fausti
761 4999 979 5069 pagani,
1014 4997 1199 5052 Florus
1224 4998 1291 5051 ad
1320 4997 1471 5051 Rom.
1506 5014 1615 5052 xw.

286 5090 394 5146 Cor
421 5091 653 5145 hominis
682 5106 781 5146 nec
809 5091 994 5146 videre
1022 5106 1299 5160 possumus
1318 5131 1334 5155 ,
1370 5106 1468 5145 nec
1496 5091 1795 5146 ostendere.

224 5182 357 5237 Deus
384 5183 534 5249 dicit,
560 5182 689 5248 Qua:
717 5184 886 5253 palam
911 5194 1028 5236 sunt
1048 5225 1062 5249 ,
1098 5182 1235 5235 vobis
1249 5197 1270 5246 ;
1291 5197 1403 5252 qua:
1428 5184 1621 5235 occulta
1645 5192 1763 5236 sunt
1781 5224 1796 5247 ,

222 5276 362 5328 mihi.
408 5274 606 5331 Paulus
636 5275 763 5329 dicit
791 5275 1107 5345 Apostolus,
1142 5294 1159 5325 ε
1198 5274 1441 5338 Fratres,
1478 5276 1639 5329 nolite
1676 5285 1799 5329 ante

228 5383 245 5415 ι
278 5374 486 5435 tempus
507 5365 746 5435 judicare
772 5365 1057 5434 quidquam
1077 5405 1092 5429 ,
1118 5364 1289 5418 donec
1308 5363 1483 5418 veniat
1508 5364 1761 5417 Dominus
1781 5406 1796 5429 ,

228 5472 249 5506 ι
280 5465 333 5510 et
355 5457 620 5510 illuminet
641 5454 950 5510 abscondita
981 5455 1347 5517 tenebrarum,
1362 5462 1415 5509 et
1440 5453 1800 5508 manifestabit

230 5564 249 5598 ι
278 5549 627 5618 cogitationes
650 5548 927 5615 cordium;
962 5557 1010 5601 et
1045 5556 1167 5600 tunc
1189 5548 1300 5601 laus
1329 5547 1432 5601 erit
1461 5547 1744 5615 unicuique
1770 5545 1800 5600 ξι

231 5656 248 5689 ι
283 5638 388 5693 Deo
424 5658 443 5692 ι
476 5639 531 5710 (l
558 5637 676 5693 Cor.
709 5654 762 5692 tv
787 5678 809 5704 ,
837 5639 913 5709 5).
943 5638 1057 5691 Non
1092 5646 1242 5707 potes
1272 5638 1531 5706 inspicere
1559 5652 1651 5689 cor
1679 5636 1798 5689 novi

225 5729 511 5785 christiani.
556 5730 713 5797 Quid,
741 5746 835 5784 cor
863 5731 1058 5786 veteris
1081 5729 1352 5786 christiani
1381 5729 1567 5797 potes?
1598 5728 1798 5783 Dicturi

1421 334 1836 391 FRAGMENTA
1878 337 2269 395 SERSIONUM.

3345 342 3481 402 I730

1898 451 2060 516 estis,
2097 450 2199 505 Sed
2228 466 2293 505 ex
2332 452 2647 518 necessitate
2688 454 2932 510 credidit.
2972 455 3159 512 Posset
3193 465 3247 513 et
3285 457 3353 514 de
3390 460 3484 515 illo

1899 541 1999 595 dici
2023 584 2037 608 ,
2064 542 2129 595 de
2156 558 2262 611 quo
2289 544 2446 612 paulo
2484 554 2609 599 ante
2650 546 3032 617 loquebamur,
3069 548 3172 616 Qui
3208 552 3349 621 prius
3384 550 3483 607 fuit

1901 633 2239 701 blasphemus,
2272 644 2320 688 et
2345 647 2647 705 persecutor,
2675 648 2719 691 et
2746 638 3020 709 injuriosus
3042 641 3094 713 (I
3130 642 3258 696 Tim.
3287 660 3336 709 t,
3365 647 3480 717 I5).

1903 723 1963 776 Et
1996 724 2092 792 ipsi
2119 725 2261 778 enim
2294 726 2535 795 qutedam
2561 730 2849 784 necessitas
2877 731 3101 800 impacta
3130 743 3210 788 est
3240 736 3481 792 :cmlesti

1902 830 2031 870 voce
2060 827 2351 885 prostratus
2376 828 2487 883 est;
2528 828 2583 873 ut
2610 820 2786 875 lumen
2817 822 3067 891 haberet,
3096 826 3269 882 lumen
3304 829 3481 898 perdi-

1900 908 1996 962 dit.
2028 910 2227 965 Minare
2266 912 2405 980 quod
2447 913 2718 979 volueris,
2763 925 2817 969 et
2853 928 3107 984 quantum
3147 922 3376 976 volueris
3414 924 3481 978 da

1901 1001 2116 1056 cuilibet
2142 1002 2343 1057 homini
2370 1022 2382 1056 ε
2412 1006 2536 1073 quid
2567 1006 2774 1061 dulcius
2801 1008 2897 1061 ista
2929 1009 3085 1064 lucc?
3111 1012 3277 1078 Quam
3306 1022 3481 1069 tamen

1903 1095 2096 1151 Paulus
2123 1098 2219 1152 nisi
2257 1100 2607 1168 perdidisset,
2637 1111 2888 1157 aeternam
2920 1120 3024 1158 non
3064 1107 3374 1174 accepisset.
3410 1109 3484 1162 De

1903 1190 2221 1245 necessitate
2256 1192 2499 1251 credidit.
2528 1194 2663 1262 Quid
2704 1196 2918 1250 timuit?
2952 1197 3164 1251 Dicatur
3198 1200 3326 1253 mihi
3356 1200 3483 1270 quid

1904 1279 2096 1333 timuit.
2121 1280 2423 1337 Clamantes
2443 1285 2605 1338 oves?
2629 1282 2768 1339 Oves
2795 1287 3026 1340 clamare
3051 1298 3305 1356 possunt,
3337 1305 3483 1342 mor-

1902 1368 2030 1424 dere
2060 1386 2163 1424 non
2188 1383 2428 1441 possunt.
2457 1373 2634 1428 Potuit
2656 1383 2710 1429 et
2732 1376 2782 1429 iu
2807 1376 2921 1445 ipso
2941 1376 3172 1432 clamore
3192 1379 3369 1432 ovium
3394 1380 3485 1434 Dei

1903 1461 2180 1517 advertere
2206 1464 2427 1533 gloriam
2450 1466 2565 1531 Dei,
2590 1475 2643 1520 et
2674 1466 2863 1522 timere
2888 1467 3145 1536 judicium
3177 1468 3291 1523 Dei.
3326 1468 3485 1523 Exci-

1905 1560 2046 1607 tatus
2067 1564 2146 1607 est
2169 1568 2197 1606 a
2223 1570 2410 1609 somno
2440 1556 2668 1625 quodam
2700 1557 2878 1623 modo,
2909 1566 2965 1611 ut
2994 1558 3359 1615 consideraret
3387 1560 3485 1613 im-

1905 1644 2036 1712 pleri
2061 1644 2126 1699 de
2147 1643 2362 1699 Christo
2384 1661 2501 1716 qua:
2522 1657 2643 1702 sunt
2665 1648 2916 1718 praedicta
2937 1649 3003 1703 de
3022 1648 3256 1717 Christo,
3284 1660 3485 1706 tantum

1903 1749 2061 1804 posse
2088 1751 2281 1790 nomen
2312 1738 2540 1801 Christi,
2573 1749 2773 1793 tantum
2805 1742 3095 1809 prmvalere
3122 1743 3339 1811 gloriam
3368 1745 3483 1798 Dei.

1906 1825 2086 1895 Itaque
2116 1826 2351 1883 breviter
2377 1829 2496 1883 dico
2527 1831 2780 1885 Charitati
2811 1840 3036 1898 vestra};
3072 1833 3360 1888 Ecclesium
3396 1836 3485 1889 Dei

1904 1918 2166 1988 alloquor,
2193 1920 2442 1989 populum
2477 1920 2567 1975 Dei
2595 1922 2836 1991 alloquor
2865 1922 2957 1976 :Si
2982 1922 3227 1987 credidit,
3258 1934 3310 1978 tu
3339 1925 3487 1979 inve-

1905 2009 2057 2075 nisti;
2095 2010 2137 2063 si
2167 2010 2378 2076 timuit,
2412 2020 2465 2064 tu
2494 2012 2684 2065 vicisti.
2720 2012 2935 2067 Interim
2956 2054 2970 2078 ,
3001 2012 3221 2081 fratres,
3249 2015 3315 2069 ad
3344 2016 3485 2085 quod

1905 2110 2127 2169 possunt
2161 2101 2441 2167 homines,
2481 2103 2618 2157 ultra
2660 2103 2814 2158 nobis
2852 2119 2956 2157 non
2999 2119 3317 2175 usurpemus
3344 2109 3483 2177 quod

1903 2206 2219 2247 concessum
2253 2208 2357 2247 non
2388 2201 2491 2248 cst.
2517 2194 2800 2262 Apostolus
2819 2193 2949 2249 dicit
2981 2212 2994 2248 :
3020 2193 3291 2264 ln/irmum
3316 2208 3484 2252 autent

1903 2282 1956 2335 in
1987 2283 2089 2350 [ide
2126 2283 2362 2353 recipito,
2408 2300 2508 2337 non
2550 2285 2603 2337 in
2642 2285 3084 2348 diiudicationibus
3128 2287 3485 2356 cogitationum

1910 2376 2081 2445 (Rom.
2117 2392 2221 2441 xiv,
2253 2377 2330 2446 f).
2365 2377 2476 2429 Non
2505 2376 2658 2431 nobis
2686 2391 3003 2446 usurpemus
3027 2377 3313 2447 dijudicare
3336 2380 3484 2450 cogi-

1908 2469 2133 2523 tationes
2148 2471 2371 2524 aliorum
2391 2486 2405 2523 :
2425 2470 2517 2525 scd
2538 2470 2645 2523 Deo
2664 2472 2996 2538 praebeamus
3017 2473 3362 2542 cogitationes
3388 2489 3485 2528 no-

1904 2568 2065 2624 stras,
2083 2559 2242 2614 etiam
2266 2576 2362 2629 pro
2383 2560 2486 2615 illis
2504 2560 2572 2615 de
2591 2561 2782 2630 quibus
2801 2562 2934 2617 forte
2949 2562 3142 2632 aliquid
3162 2563 3486 2621 dubitamus.

1905 2646 2065 2703 Forte
2081 2648 2283 2704 dubitat
2296 2649 2491 2719 aliquid
2508 2650 2713 2704 novitas
2730 2651 2916 2721 ipsius.
2931 2653 3121 2706 Amate
3134 2652 3488 2709 abundantius

1904 2737 2235 2793 dubitantem
2261 2757 2274 2793 :
2296 2755 2478 2793 amore
2500 2746 2682 2794 vestro
2707 2751 2889 2795 curate
2911 2741 2978 2795 de
3000 2742 3159 2795 corde
3181 2742 3371 2796 infirmi
3392 2742 3489 2797 du-

1906 2828 2213 2884 bitationem
2225 2870 2236 2882 .
2250 2827 2559 2884 Interiorem
2578 2828 2763 2883 faciem
2780 2829 2977 2895 videte,
2991 2830 3057 2886 de
3072 2846 3170 2901 qua
3189 2832 3404 2901 gaudea'
3416 2831 3484 2897 is;

1904 2932 1999 2972 cor
2025 2919 2133 2973 Deo
2156 2917 2491 2984 committite,
2507 2933 2607 2989 pro
2627 2934 2731 2988 quo
2751 2920 2935 2973 oretis.
2954 2918 3145 2974 Sciatis
3165 2936 3284 2974 eum
3310 2921 3487 2976 deseri

1904 3024 1935 3063 a
1949 3009 2122 3074 malis,
2138 3008 2456 3077 suscipiatur
2468 3007 2681 3062 avobis.
2699 3008 2823 3062 Plus
2838 3017 3012 3063 amate
3032 3010 3300 3064 hominem
3310 3027 3488 3081 ,quam

1904 3100 2051 3170 prius
2076 3099 2310 3154 odoratis
2335 3114 2593 3154 errorem.
2625 3099 2714 3153 Sic
2742 3100 2886 3154 venit
2920 3100 3167 3155 Christus
3205 3117 3375 3172 tegros
3401 3118 3489 3157 sa-

1906 3192 2129 3259 narc,de
2142 3208 2246 3261 quo
2259 3191 2599 3262 Evangelium
2617 3191 2918 3245 audivimus
2935 3210 2976 3245 ει
2992 3191 3121 3260 Quia
3139 3209 3241 3246 non
3257 3202 3339 3247 est
3352 3209 3492 3264 Opus

1910 3303 1931 3337 ι
1957 3286 2101 3339 sanis
2122 3284 2378 3349 medicus,
2394 3282 2486 3339 sed
2508 3283 2645 3337 male
2668 3282 3015 3337 trahentibus»
3045 3283 3257 3353 (Matth.
3288 3284 3485 3356 ix,12).

1912 3393 1930 3426 ι
1972 3376 2036 3428 Ει
2072 3375 2190 3443 quis
2228 3384 2310 3429 est.
2338 3373 2500 3428 homo
2523 3374 2611 3443 qui
2642 3388 2762 3428 cum
2794 3372 3085 3443 perdiderit
3115 3390 3270 3428 unam
3298 3391 3485 3443 ovem,

1911 3485 1931 3519 t
1966 3480 2143 3521 nonne
2172 3464 2422 3534 relinquit
2462 3465 2745 3534 nonaginta
2784 3480 2973 3519 novem
3006 3465 3056 3518 in
3102 3466 3403 3531 montibus,
3434 3477 3490 3522 ct

1910 3576 1929 3609 ‹
1966 3559 2006 3612 ἱι
2030 3572 2272 3628 qumrere
2303 3572 2460 3610 uuam
2500 3572 2619 3624 qua:
2658 3556 2885 3625 perierat
2910 3595 2924 3622 ,
2968 3564 3022 3610 et
3064 3572 3183 3610 cum
3228 3556 3491 3612 invenerit

1911 3670 1929 3703 ι
1964 3649 2158 3721 gaudet
2186 3649 2252 3704 de
2285 3649 2413 3704 illa?
2439 3648 2528 3702 Sic
2555 3647 2750 3718 gaudet
2777 3647 2935 3702 Pater
2965 3663 3115 3703 meus
3144 3648 3210 3704 de
3238 3665 3344 3705 uno
3375 3666 3491 3719 pte-

1911 3760 1928 3793 ι
1967 3741 2204 3807 nitente,
2237 3756 2394 3810 quam
2419 3739 2487 3794 de
2514 3740 2800 3808 nonaginta
2840 3753 3027 3794 novem
3064 3739 3254 3809 justis,
3296 3741 3489 3811 quibus

1910 3850 1929 3883 ι
1967 3846 2073 3885 non
2102 3839 2185 3885 est
2212 3846 2343 3900 opus
2362 3830 2671 3899 pmnitentia
2704 3848 2722 3880 ι
2757 3828 2865 3902 (Id.
2893 3846 3051 3896 xvm,
3074 3828 3264 3897 12-14,
3293 3842 3337 3885 et
3361 3831 3487 3885 Luc.

1908 3940 2000 3989 xv,
2029 3926 2165 3994 4-7).
2190 3924 2278 3980 Sic
2304 3939 2520 3994 prorsus
2546 3924 2690 3978 venit
2712 3923 2956 3979 Christus
2978 3940 3149 3995 aegros
3179 3939 3389 3991 sanare,
3414 3926 3490 3981 sic

1905 4032 1963 4071 se
1991 4016 2135 4070 novit
2155 4016 2222 4071 de
2249 4017 2477 4070 inimicis
2505 4016 2617 4070 suis
2640 4015 2947 4070 misericors
2969 4016 3257 4069 vindicare.
3284 4016 3489 4083 Quibus

1907 4105 2041 4159 forte
2067 4106 2276 4159 animus
2296 4104 2440 4159 dolet
2466 4104 2803 4159 consortibus
2832 4105 2945 4173 ejus
2969 4106 3187 4169 erroris,
3213 4106 3279 4159 ad
3303 4106 3487 4161 horam

1908 4197 2205 4252 irascuntur
2226 4238 2240 4261 ,
2271 4204 2451 4265 postea
2484 4195 2724 4249 fortassis
2754 4196 3119 4249 imitabuntur.
3149 4196 3348 4265 itaque,
3380 4196 3487 4250 fra-

1907 4298 2049 4355 tres,
2079 4287 2518 4342 commendamus
2558 4302 2678 4341 eum
2718 4294 2772 4365 et
2814 4287 3146 4342 orationibus
3174 4287 3390 4353 vestris,
3435 4298 3489 4343 et

1904 4379 2173 4434 dilectioni
2214 4388 2434 4443 vestrae,
2471 4386 2525 4433 et
2552 4377 2800 4433 amicitiae
2839 4377 3196 4443 fidelissima},
3226 4388 3281 4434 et
3304 4394 3487 4436 susce-

1905 4472 2072 4542 ptioni
2101 4471 2420 4525 infirmitatis
2444 4471 2581 4541 ejus.
2612 4471 2893 4540 Quomodo
2926 4472 3156 4542 punitis,
3195 4473 3271 4526 sic
3306 4474 3485 4543 sequi-

1908 4573 1994 4617 tur
2020 4582 2032 4617 :
2062 4563 2254 4617 bonam
2284 4563 2421 4621 viam
2453 4563 2643 4619 docete
2665 4605 2679 4630 ,
2718 4564 2910 4619 bonam
2944 4565 2996 4617 in
3040 4563 3191 4617 vobis
3233 4564 3486 4617 inveniat.

1906 4653 2019 4710 Iam
2048 4653 2217 4709 factus
2238 4654 2581 4721 Christianus,
2611 4654 2879 4710 discernat
2901 4653 3025 4723 quid
3054 4654 3259 4707 intersit
3282 4653 3419 4707 inter
3438 4654 3491 4709 id

1906 4745 2047 4815 quod
2076 4745 2276 4799 dimisit
2303 4753 2357 4799 et
2385 4746 2435 4799 id
2462 4745 2603 4815 quod
2642 4746 2862 4799 invenit.
2896 4744 3068 4797 Vitam
3104 4744 3270 4813 ipsius
3295 4755 3348 4800 et
3379 4754 3493 4800 stu~

1906 4833 2053 4889 dium
2083 4835 2224 4889 circa
2249 4834 2407 4888 fidem
2430 4834 2624 4889 Christi
2650 4834 2943 4903 posteriora
2974 4842 3209 4903 tempora
3240 4820 3491 4905 compro-

1908 4925 2107 4980 babunt
2139 4944 2152 4980 :
2178 4941 2321 4980 nunc
2344 4936 2519 4981 autem
2541 4967 2556 4991 ,
2586 4923 2777 4979 fratres
2815 4925 2952 4993 mei,
2982 4940 3087 4979 non
3114 4926 3210 4981 fuit
3239 4942 3491 4994 necesse,

1908 5034 2011 5073 non
2040 5017 2137 5072 fuit
2178 5019 2385 5072 consilii
2422 5027 2690 5087 pastorum
2734 5018 2996 5088 repellere
3026 5021 3354 5089 pulsantem,
3388 5022 3490 5075 dif-

1907 5111 2044 5166 ferre
2071 5119 2419 5181 qntercutem.
2459 5110 2533 5164 De
2568 5110 2793 5165 occultis
2833 5110 3010 5165 cordis
3049 5113 3185 5167 velle
3230 5114 3486 5183 judicare,

1905 5210 1959 5254 et
2005 5216 2189 5255 vocem
2234 5200 2567 5254 manifestam
2613 5216 2718 5255 non
2764 5210 3083 5271 acceptare,
3131 5216 3231 5260 ne:
3279 5196 3491 5259 cettsilii

1909 5292 2026 5357 fuit,
2061 5308 2157 5347 nec
2188 5292 2447 5363 propositi
2467 5293 2656 5347 nostri.
2687 5293 2939 5349 Novimus
2965 5295 3106 5349 enim
3143 5280 3489 5366 quemadmo-

1905 5385 2031 5439 dum
2080 5385 2315 5439 miuctur
2360 5385 2662 5440 misericors
2709 5384 2798 5438 illa
2846 5384 2941 5439 Dei
2995 5386 3209 5439 avaritia
3259 5386 3489 5455 undique

1906 5478 2048 5530 lucra
2095 5476 2383 5546 quaerentis
2429 5476 2494 5529 de
2539 5476 2758 5545 pecunia
2809 5492 2924 5541 sua,
2974 5484 3027 5529 et
3072 5476 3297 5530 dicentis
3340 5478 3490 5547 pigro

1906 5585 2060 5623 servo
2084 5569 2325 5639 judicare
2346 5569 2539 5625 volenti
2562 5569 2700 5639 quod
2725 5584 2829 5622 non
2855 5568 3086 5633 videbat,
3109 5579 3161 5623 et
3182 5570 3318 5621 circa
3344 5570 3488 5625 lucra

1907 5659 2202 5729 colligenda
2235 5660 2440 5713 Domini
2481 5660 2801 5730 torpescenti
2829 5679 2840 5714 :
2880 5680 2897 5711 ι
2927 5658 3091 5715 Serve
3126 5674 3350 5730 nequam
3375 5698 3390 5724 ,
3420 5675 3487 5715 ex

1913 5772 1928 5803 ι
1966 5768 2057 5806 ore.
2088 5760 2176 5805 tuo
2204 5761 2254 5807 te
2284 5751 2603 5809 condemno.
2636 5752 2715 5808 Tu
2743 5768 2827 5810 me
2848 5752 3026 5813 dixisti
3062 5752 3330 5809 hominem
3366 5766 3480 5806 mo-
