4026 6362
562 295 692 354 175i

563 428 586 462 ι
625 409 840 472 lestum,
870 411 1070 461 metere
1095 399 1186 456 ubi
1212 413 1319 454 non
1337 393 1620 459 seminavi,
1649 391 1901 462 colligere
1921 389 2010 445 ubi
2035 404 2140 443 non

564 521 584 556 ι
621 505 832 572 sparsi:
863 517 882 550 ι
909 507 1135 552 noveras
1157 505 1284 562 ergo
1311 488 1590 544 avaritiam
1619 499 1812 540 uncam.
1841 501 1860 533 ‹
1890 481 1971 536 Tu
1989 481 2145 535 dares

565 613 585 646 ι
623 591 901 663 pecuniam
943 599 1118 641 meam
1159 579 1562 642 nummulariis,
1609 590 1708 645 ego
1753 573 1972 628 veniens
2022 586 2144 625 cum

565 703 584 736 ι
621 683 797 738 usuris
820 678 1087 750 exigerem
1121 694 1140 727 ι
1167 672 1318 746 (Luc.
1343 687 1432 727 xix
1458 712 1474 738 ,
1503 668 1597 736 22,
1623 667 1737 738 25).
1764 664 1870 720 Nos
1890 678 2018 733 ergo
2039 678 2146 718 non

562 775 828 845 potuimus
855 769 956 825 nisi
985 781 1209 835 erogare
1235 764 1513 835 pecuniam
1542 759 1884 816 dominicam.
1917 755 2148 810 Exactor

560 872 648 925 ille
672 868 806 934 erit,
837 881 940 920 non
965 874 1166 919 tantum
1191 861 1388 931 ipsius,
1419 857 1514 913 sed
1535 866 1588 911 et
1613 853 1851 910 omnium
1881 857 2146 905 nostrum.

563 961 882 1034 lmpleamus
915 973 1044 1028 ergo
1071 954 1306 1011 oflicium
1337 947 1711 1022 praerogatoris
1731 987 1746 1013 ,
1788 959 1894 998 non
1920 955 2147 1034 usurpet

561 1029 681 1108 mus
710 1051 883 1107 locum
919 1044 1202 1104 exactoris.
1246 1043 1458 1112 Itaque,
1492 1038 1685 1094 fratres
1719 1036 1858 1100 mei,
1889 1047 2025 1104 opus
2057 1029 2150 1084 Dei

562 1146 616 1201 in
642 1142 820 1199 animo
848 1140 1038 1195 habete
1066 1135 1246 1193 :alind
1281 1131 1621 1204 qumrebatis,
1652 1126 1795 1182 aliud
1825 1122 2149 1194 disponeba-

565 1239 667 1302 tis,
709 1233 852 1290 aliud
894 1229 1192 1287 invenistis.
1235 1226 1379 1297 Opus
1420 1221 1632 1278 Domini
1678 1215 2148 1280 commendamus,

565 1335 706 1389 servi
732 1331 1030 1389 conservis.
1062 1329 1189 1384 Plus
1226 1326 1279 1380 in
1308 1338 1376 1380 eo
1410 1322 1691 1391 diligamus
1717 1313 1860 1387 quod
1895 1309 2154 1366 Dominus

567 1434 750 1481 noster
771 1424 909 1488 fecit,
942 1435 1098 1492 quam
1127 1418 1177 1473 id
1199 1414 1340 1488 quod
1369 1413 1546 1468 facere
1578 1408 1908 1465 volebamus.
1937 1401 2152 1458 Meliora

567 1516 708 1570 enim
731 1522 856 1570 sunt
873 1527 1032 1583 Opera
1057 1510 1242 1580 ipsius.
1263 1507 1329 1562 Et
1349 1516 1594 1574 magnam
1615 1507 1670 1556 et
1695 1498 1940 1554 devotam
1967 1506 2152 1547 vocem

569 1608 684 1678 ejus
719 1607 1016 1662 audivimus
1058 1619 1072 1656 :
1110 1588 1429 1671 'hlajoratum
1473 1595 1634 1660 nolo,
1678 1590 2002 1648 christianus
2035 1599 2156 1640 esse

569 1701 713 1755 volo.
756 1697 1068 1764 Lmtamini,
1119 1694 1420 1758 exsultate,
1461 1688 1691 1758 amplius
1722 1697 1881 1754 quam
1921 1678 2156 1736 oderatis

571 1803 764 1846 amate.
789 1791 934 1861 Opus
964 1804 1121 1844 suum
1147 1787 1361 1844 Christo
1380 1781 1710 1839 orationibus
1737 1773 2109 1834 eommendate
2137 1789 2154 1825 :

571 1884 806 1938 aninmm
837 1883 1044 1937 lidelem
1065 1923 1081 1947 ,
1113 1880 1277 1950 pium,
1305 1876 1532 1931 amicum
1556 1869 1869 1928 rudimentis
1890 1866 2034 1923 senis
2065 1879 2159 1920 ex-

573 1973 770 2028 hibete.
794 1971 929 2039 Quid
954 1972 1173 2026 interest
1191 1969 1333 2024 enim
1357 1966 1480 2037 quia
1507 1962 1698 2018 videtis
1719 1961 1828 2031 jam
1852 1964 2156 2030 provectam

573 2065 826 2119 :ntatem?
872 2064 1012 2118 llora
1055 2077 1194 2118 nona
1241 2059 1388 2114 venit
1436 2057 1504 2112 ad
1555 2056 1804 2120 vincam,
1854 2049 2157 2108 mercedem

573 2156 831 2226 arqualem
860 2163 1174 2224 accepturus
1195 2194 1210 2219 ,
1239 2161 1343 2207 etc.

573 2272 660 2328 Ea:
688 2273 932 2328 Sermone
957 2274 1019 2324 de
1045 2268 1224 2323 Natali
1253 2265 1414 2321 sancti
1445 2263 1696 2332 Quadrati
1721 2261 1799 2332 (a)
1820 2301 1837 2328 ,
1861 2257 2001 2314 Beda
2026 2271 2159 2312 non-

973 2361 1094 2414 dum
1122 2359 1355 2429 vulgatus
1383 2356 1452 2409 ad
1482 2354 1523 2409 Il
1548 2353 1666 2409 Cor.
1693 2368 1768 2407 tv.

647 2477 839 2532 Beatus
874 2472 1144 2544 apostolus
1172 2469 1372 2526 Paulus
1409 2465 1650 2522 adhibuit
1689 2461 2053 2519 testimonium
2092 2458 2159 2516 de

576 2566 864 2638 Scripturis
882 2606 895 2629 ,
923 2565 974 2619 in
1005 2577 1110 2634 quo
1133 2561 1286 2616 nobis
1312 2558 1536 2630 gloriam
1562 2565 1852 2627 martyrum
1883 2566 2161 2608 commen-

577 2660 740 2716 davit.
775 2657 990 2727 Propter
1017 2655 1153 2726 quod
1177 2653 1418 2724 scriptum
1445 2660 1536 2715 est,
1561 2649 1766 2718 inquit,
1795 2645 1998 2702 Credidi
2037 2659 2161 2715 pro-

578 2761 688 2822 pter
723 2751 858 2821 quod
884 2748 1078 2802 locutus
1115 2762 1248 2801 sunt.
1281 2744 1345 2798 Et
1372 2760 1463 2797 nos
1492 2742 1771 2806 credimus,
1798 2747 2003 2810 prapter
2027 2735 2163 2806 quod

582 2842 890 2914 etloqaimur
915 2841 932 2910 (
953 2838 994 2893 11
1018 2838 1217 2903 Comv,
1252 2833 1424 2904 l'5).Si
1447 2829 1962 2888 enimtmtummodo
1984 2825 2162 2882 credi-

578 2934 802 2998 dissent,
825 2941 880 2987 et
899 2947 1004 2986 non
1027 2931 1391 3002 loquerentur,
1413 2943 1515 2981 non
1541 2933 1864 2996 paterentur.
1883 2919 2164 2977 Credendo

578 3022 1045 3096 apprchendernnt
1072 3021 1253 3085 vitam,
1277 3030 1332 3074 et
1359 3017 1623 3090 loquendo
1662 3017 1978 3071 invenerunt
2015 3026 2162 3067 moro

583 3128 688 3174 tem
711 3136 725 3185 ;
756 3118 849 3172 sed
873 3125 1122 3178 mortem,
1147 3115 1197 3168 in
1224 3128 1327 3182 qua
1348 3124 1541 3181 corpus
1561 3107 1904 3179 eorruptibile
1930 3105 2164 3161 semina-

581 3219 748 3274 rctur,
767 3217 822 3263 ct
846 3206 1174 3275 incorruptio
1205 3213 1511 3259 meteretnr.
1542 3201 1704 3256 lstum
1726 3215 1960 3263 sensum,
1980 3199 2032 3254 id
2062 3207 2163 3265 est,

581 3298 722 3370 quod
752 3297 1021 3354 credimus
1059 3305 1277 3368 propter
1315 3293 1455 3364 quod
1496 3303 1550 3348 et
1584 3291 1876 3362 loquimur,
1914 3290 2019 3344 alio
2048 3289 2168 3345 loco

583 3389 724 3446 idem
757 3388 1031 3460 apostolus
1073 3387 1151 3442 sic
1188 3385 1471 3455 explicavit
1500 3401 1513 3436 :
1548 3381 1709 3437 Corde
1745 3382 1964 3436 creditur
1989 3381 2057 3433 ad
2071 3382 2167 3451 ju-

582 3483 794 3548 stitiam,
819 3497 905 3535 ore
924 3489 1091 3532 autem
1113 3477 1362 3549 confessio
1384 3477 1439 3546 [it
1460 3479 1530 3529 ad
1547 3477 1762 3530 salutem
1782 3472 1959 3546 (Rom.
1978 3489 2033 3538 ι,
2054 3473 2165 3542 10).

585 3571 670 3626 Ex
691 3572 934 3626 Sermone
953 3569 1016 3624 de
1034 3570 1191 3623 tribus
1211 3567 1383 3639 virgis,
1408 3565 1545 3620 Beda
1566 3575 1613 3620 et
1639 3563 1826 3619 Florus
1845 3564 1914 3617 ad
1937 3564 1952 3618 Ι
1981 3562 2098 3617 Cor.
2124 3579 2163 3616 ι.

657 3661 833 3730 Quare
861 3669 1038 3714 autem
1064 3659 1236 3730 primo
1263 3658 1524 3727 ignobiles
1543 3699 1558 3724 ,
1588 3670 1783 3726 paucos
1811 3655 2086 3725 imperitos
2116 3664 2171 3710 et

587 3751 856 3821 impolitos
879 3750 1097 3821 elegerit
1126 3749 1401 3816 Dominus,
1429 3763 1549 3803 eum
1580 3747 1801 3802 haberet
1830 3756 1954 3801 ante
1983 3745 2170 3802 oculos

587 3856 716 3896 suos
745 3840 953 3895 turbam
984 3855 1258 3910 magnam,
1293 3839 1345 3894 in
1374 3839 1771 3910 comparatione
1804 3837 2015 3908 quidem
2053 3838 2172 3894 illo-

589 3949 707 3988 rum
732 3932 1103 4003 pauperiorum
1130 3931 1427 4001 paueiorcs,
1458 3930 1551 3986 sed
1573 3930 1624 3984 in
1645 3945 1840 4001 genere
1860 3944 1956 3984 suo
1975 3930 2172 3985 multos

588 4024 803 4088 divites,
837 4021 1253 4087 uobiles,doctos
1271 4063 1285 4088 ,
1311 4023 1609 4092 sapientes,
1636 4037 1770 4092 quos
1799 4030 1981 4092 postea
2012 4023 2170 4077 etiam

589 4116 839 4186 collegit,
870 4116 1088 4184 exponit
1128 4114 1416 4184 Apostolus
1463 4121 1856 4168 sacramentum
1899 4131 1912 4168 :
1954 4113 2174 4183 Inﬁrma

591 4207 742 4278 hujus
764 4207 936 4260 mundi
955 4204 1100 4274 elegit
1132 4204 1268 4258 Deus
1287 4245 1302 4272 ,
1325 4213 1378 4258 ut
1399 4205 1676 4272 confundat
1709 4205 1900 4275 fortia;
1937 4213 1982 4257 et
2020 4205 2177 4258 stulta

592 4298 742 4368 hujus
764 4295 942 4349 mundi
969 4295 1113 4365 elegit
1126 4293 1283 4359 Deus,
1303 4305 1356 4348 ut
1376 4296 1654 4366 confundat
1673 4295 1954 4364 sapientes;
1969 4303 2014 4347 et
2034 4294 2179 4365 igno-

594 4390 714 4447 bilia
743 4389 895 4459 hujus
929 4388 1105 4440 mundi
1135 4387 1280 4460 elegit
1306 4385 1478 4452 Deus,
1516 4396 1564 4440 et
1595 4403 1654 4440 ea
1678 4402 1790 4452 qua
1825 4403 1924 4440 non
1948 4397 2065 4440 sunt
2085 4428 2100 4453 ,
2125 4387 2178 4442 id

594 4489 697 4546 est,
723 4495 826 4536 non
849 4487 1242 4550 computantur,
1265 4488 1318 4532 ut
1338 4495 1450 4549 qua:
1467 4487 1582 4532 sunt
1603 4487 1902 4532 evacuentur
1927 4477 1974 4550 (1
1997 4478 2114 4533 Cor.
2136 4495 2175 4546 ι,

596 4575 665 4630 27
685 4587 730 4631 et
750 4574 868 4648 28).
903 4574 1132 4629 Venerat
1160 4573 1302 4628 enim
1327 4572 1519 4627 docere
1541 4571 1915 4639 humilitatem,
1932 4581 1986 4627 et
2010 4588 2178 4644 expu-

596 4685 760 4740 gnare
794 4668 1118 4738 superbiam.
1145 4665 1378 4721 Venerat
1402 4664 1620 4719 humilis
1646 4665 1785 4720 Deus
1809 4683 1822 4718 :
1849 4665 1991 4720 nullo
2023 4665 2180 4721 modo

599 4762 688 4818 hic
724 4761 870 4830 prius
899 4759 1034 4813 altos
1072 4766 1367 4828 qumreret,
1398 4757 1489 4828 qui
1535 4765 1639 4810 tam
1681 4755 1896 4812 humilis
1939 4766 2176 4812 venerat.

597 4851 802 4916 Primo,
833 4851 952 4921 quia
978 4851 1138 4919 elegit
1167 4849 1310 4904 nasci
1339 4848 1406 4904 de
1439 4849 1525 4902 illa
1557 4848 1772 4912 femina,
1800 4865 1918 4919 qum
1945 4847 2180 4919 deSpon-

598 4956 710 5000 sata
741 4953 858 5000 erat
885 4943 1047 4998 fabro.
1090 4943 1204 4998 Non
1235 4943 1392 5013 elegit
1435 4958 1562 5014 ergo
1602 4943 1809 5009 amplos
1844 4943 2080 5007 natales,
2114 4958 2183 4998 ne

597 5036 652 5092 in
696 5035 796 5090 hac
833 5044 971 5090 terra
1016 5034 1264 5089 nobilitas
1305 5034 1625 5104 snperbiret.
1657 5033 1775 5088 Non
1805 5034 1965 5104 elegit
1991 5033 2180 5088 saltem

599 5131 746 5186 nasci
775 5130 828 5184 in
856 5129 1181 5200 amplissima
1210 5128 1442 5191 civitate,
1467 5126 1560 5182 sed
1590 5135 1746 5182 natus
1771 5135 1854 5182 est
1883 5127 1936 5182 in
1966 5126 2182 5182 Bethle-

602 5221 727 5277 hem
767 5220 951 5287 Judm,
996 5235 1114 5291 qum
1160 5233 1260 5274 nec
1302 5218 1532 5275 civitatis
1573 5221 1790 5274 nomine
1829 5227 2184 5288 nuncupatur.

601 5311 879 5381 llodiequc
916 5310 1060 5364 illam
1101 5309 1288 5364 incola:
1321 5308 1424 5364 loci
1465 5307 1608 5361 illius
1647 5308 1826 5362 villam
1866 5308 2138 5378 appellant
2171 5325 2184 5363 :

602 5414 709 5460 tam
734 5419 892 5475 parva
916 5444 931 5470 ,
955 5412 1060 5458 tam
1084 5403 1270 5472 exigua
1289 5443 1304 5468 ,
1329 5415 1495 5471 prope
1524 5399 1666 5454 nulla
1693 5407 1775 5454 est
1793 5441 1808 5466 ,
1839 5401 1940 5454 nisi
1968 5399 2189 5470 pristina

603 5497 816 5552 Domini
852 5494 1052 5550 Christi
1096 5493 1370 5548 nativitate
1409 5490 1797 5546 nobilitaretur.
1844 5491 2016 5562 Elegit
2062 5505 2191 5561 ergo

665 5607 738 5668 (a)
769 5611 821 5655 tn
855 5604 1132 5668 calendario
1188 5601 1560 5668 Carthaginiensi.
1581 5613 1772 5668 mense.
1805 5600 2192 5668 augustoncele-

596 5661 764 5779 teratu;
788 5666 1080 5726 quadratus,
1105 5672 1156 5714 et
1178 5671 1354 5727 martyr
1364 5661 1413 5712 'a
1435 5662 1647 5714 t‘ossidio
1683 5661 1858 5712 dicitur
1873 5661 1941 5712 'in
1963 5661 2192 5724 tndieulo,

655 5743 704 5790 p.
763 5762 777 5778 .

1804 284 1858 331 δ.
1899 271 2264 332 Auhbb'l'lNl
2305 268 2606 326 EPISCOPI

3693 265 3816 323 1752

2255 387 2530 452 iulirmos',
2563 397 2851 455 pauperes,
2883 380 3124 437 indoctos
3157 399 3171 437 :
3199 395 3302 435 non
3341 379 3462 451 quia
3499 380 3709 450 reliquit
3729 384 3810 436 llr-

2252 491 2399 542 mos,
2429 474 2620 530 divites
2639 517 2654 541 ,
2682 473 2950 544 sapientes
2970 514 2986 538 ,
3011 472 3246 535 nobiles;
3277 470 3370 525 sed
3393 470 3437 524 si
3466 470 3608 539 ipsos
3630 471 3811 539 primos

2253 570 2506 639 eligeret,
2539 567 2727 622 merito
2753 566 3054 622 divitiarum
3090 579 3302 618 suarum
3325 606 3338 626 ,
3365 563 3555 616 merito
3589 563 3816 617 substan-

2255 662 2445 715 tiarum
2467 701 2482 725 ,
2509 659 2703 714 merito
2738 658 2992 713 natalium
3028 656 3126 710 sibi
3157 655 3277 724 eligi
3306 653 3644 714 viderentur,
3673 665 3816 725 atque

2255 751 2420 806 inﬂati
2449 752 2517 807 de
2547 750 2630 805 his
2654 750 2843 817 rebus,
2871 750 3097 803 salutem
3132 747 3444 801 humiiitatis
3481 763 3584 800 non
3627 749 3817 816 recipe-

2253 854 2408 910 rent,
2453 845 2570 898 sine
2607 859 2709 914 qua
2753 857 2909 898 nemo
2953 851 3126 911 potest
3164 840 3339 895 redire
3367 839 3433 892 ad
3462 839 3603 893 illam
3635 839 3813 905 vitam,

2256 936 2398 991 unde
2426 953 2529 990 non
2559 935 2861 989 laberemur
2887 934 2986 988 nisi
3016 949 3110 1003 per
3136 931 3463 1002 superbiam.

2255 1027 2386 1081 Item
2405 1044 2467 1081 ea:
2490 1027 2732 1082 Sermone
2751 1026 2814 1080 de
2833 1025 2986 1079 tribus
3001 1025 3173 1095 virgis,
3193 1023 3332 1078 Beda
3352 1023 3575 1076 nondum
3597 1023 3817 1093 vulgatus

2841 1117 2945 1170 adl
2979 1115 3155 1170 Thess.
3188 1132 3244 1170 tt.

2329 1210 2524 1264 Factus
2543 1226 2654 1264 sum
2684 1209 2922 1278 parvulus
2947 1209 2998 1261 in
3022 1209 3183 1262 medio
3215 1219 3452 1271 vestrum.
3481 1222 3718 1278 tanquam
3740 1227 3822 1262 uu-

2258 1303 2360 1356 trix
2399 1307 2570 1373 fovens
2597 1301 2730 1371 ﬁlios
2754 1318 2871 1356 suos
2906 1301 2946 1372 (I
2981 1304 3156 1358 Thess.
3189 1317 3245 1366 ll,
3274 1303 3352 1373 7).
3383 1302 3507 1357 Ideo
3546 1317 3652 1355 non
3682 1301 3817 1360 dixit.

2257 1393 2442 1461 Mater,
2469 1393 2593 1464 quia
2609 1395 2890 1464 aliquando
2907 1409 3105 1452 matres
3123 1398 3204 1452 vel
3229 1395 3567 1452 delicatiores
3589 1404 3732 1455 sunt.
3749 1395 3823 1449 vel

2259 1485 2436 1540 minus
2475 1495 2716 1541 amantes
2763 1486 2899 1542 ﬁlios
2937 1502 3082 1552 suos,
3127 1504 3247 1541 cum
3290 1487 3594 1558 pepererint
3623 1485 3823 1540 tradunt

2257 1578 2378 1634 aliis
2409 1579 2736 1634 nutriendos.
2766 1580 2995 1634 Rursum
3029 1581 3072 1635 si
3099 1582 3272 1634 Solum
3303 1580 3544 1643 dixisset,
3578 1579 3827 1647 Tanquam

2259 1670 2432 1724 nutrix
2455 1672 2653 1742 fovens;
2680 1681 2733 1726 et
2758 1689 2864 1726 non
2892 1672 3201 1732 addidiSset.
3245 1673 3377 1741 ﬁlios
3405 1688 3560 1725 suos:
3584 1681 3823 1741 tanquam

2259 1762 2361 1815 alia
2394 1763 2633 1830 pariente
2669 1763 2980 1819 nutriendos
3010 1765 3285 1833 accepisse
3315 1764 3602 1818 videretur.
3655 1763 3720 1816 Et
3745 1779 3831 1816 nu-

2263 1853 2447 1908 tricem
2476 1868 2534 1908 se
2558 1852 2710 1918 dixit,
2742 1855 2864 1925 quia
2906 1855 3112 1917 alebat;
3135 1865 3191 1910 et
3223 1855 3358 1909 filios
3386 1871 3531 1919 suos,
3561 1870 3696 1924 quos
3733 1855 3832 1923 ipse

2262 1952 2562 2014 pepererat,
2611 1944 2827 1999 dicens:
2862 1944 2984 1999 Filii
3023 1947 3154 2011 mei,
3197 1963 3322 2015 quos
3366 1947 3547 2000 iterum
3595 1948 3832 2015 parturio,

2259 2035 2584 2104 quoadusque
2600 2035 2826 2090 Christus
2851 2039 3152 2108 reformetur
3175 2037 3225 2090 in
3247 2038 3381 2091 vobis
3405 2037 3597 2106 (Galat.
3628 2053 3703 2102 tv,
3732 2037 3833 2107 l9).

2262 2125 2409 2180 Parit
2446 2135 2646 2192 autem,
2696 2129 2833 2182 sicut
2873 2128 3009 2198 parit
3051 2129 3291 2184 Ecclesia
3322 2129 3374 2182 in
3406 2139 3560 2184 utero
3588 2143 3712 2196 suo,
3742 2143 3836 2182 non

2262 2217 2465 2272 semine
2491 2233 2609 2273 suo.

2298 2305 2383 2362 Ex
2409 2308 2653 2363 Sermone
2674 2308 2738 2364 de
2762 2309 2890 2364 bono
2923 2309 3254 2379 Nuptiarum,
3283 2310 3423 2364 Deda
3451 2321 3497 2366 et
3527 2309 3719 2366 Florus
3748 2310 3811 2364 ad

2915 2400 2931 2455 l
2968 2401 3087 2457 Cor.
3118 2417 3208 2455 vn.

2343 2490 2445 2558 Qui
2469 2483 2627 2562 potest
2654 2509 2854 2560 capere,
2894 2495 3061 2563 capiat
3088 2492 3296 2566 (Matth.
3333 2510 3442 2558 xix,
3472 2494 3579 2563 12).
3610 2493 3720 2548 Sed
3749 2509 3841 2548 non

2269 2596 2504 2650 possum,
2536 2583 2722 2653 inquit.
2752 2582 2863 2638 Non
2890 2583 3074 2653 potes?
3095 2583 3210 2638 Non
3245 2599 3478 2654 possum.
3510 2586 3778 2654 Su~cipiat
3800 2595 3845 2639 te

2269 2675 2544 2730 nutritoria
2566 2677 2582 2707 ⁸
2611 2675 2850 2745 qumdam
2884 2677 3122 2746 Apostoli
3163 2678 3472 2739 auctoritas.
3507 2688 3564 2732 ut
3601 2679 3650 2730 si
3677 2695 3729 2730 se
3757 2695 3846 2731 non

2267 2767 2541 2828 continent,
2579 2766 2789 2820 nubant.
2820 2766 2937 2821 Fiat
2977 2767 3197 2838 aliquid,
3244 2768 3383 2822 unde
3423 2769 3766 2838 perveniatur
3787 2767 3845 2822 ad

2269 2857 2496 2911 veniam.
2527 2857 2793 2913 Pertineat
2819 2857 2884 2912 ad
2916 2859 3143 2924 veniam,
3176 2875 3241 2913 ne
3269 2860 3500 2913 irruatur
3522 2860 3572 2913 in
3594 2869 3847 2915 internum

2271 2963 2502 3017 pmnam.
2532 2948 2648 3002 Fiat
2689 2949 2832 3018 quod
2858 2949 3020 3022 ,lieet,
3065 2950 3202 3005 unde
3239 2952 3541 3018 ignoscatur
3569 2951 3719 3020 quod
3752 2967 3846 3005 non

2269 3040 2413 3094 licet.
2446 3040 2556 3094 lloc
2595 3040 2791 3094 iudicat
2827 3041 2966 3111 quod
2999 3042 3268 3112 sequitur:
3291 3041 3500 3096 Mallem
3530 3059 3613 3098 eos
3653 3044 3848 3100 nubere.

2269 3148 2418 3200 quam
2449 3131 2528 3184 uri
2559 3131 2601 3201 (Ι
2635 3131 2750 3186 Cor.
2784 3148 2872 3196 vn,
2919 3133 3001 3203 9).
3035 3132 3328 3194 Concessit.
3374 3134 3610 3202 inquam,
3666 3134 3851 3203 aliquid

2272 3222 2670 3276 incontinentia:
2701 3223 2820 3292 quia
2845 3223 3014 3292 majus
3045 3223 3250 3277 tinniit:
3281 3223 3454 3277 timuit
3481 3238 3678 3293 pinnas
3705 3233 3852 3278 mter-

2271 3327 2387 3377 nas,
2419 3313 2591 3367 timuit
2610 3313 2748 3383 quod
2771 3322 3042 3383 CXSpCClal
3071 3324 3126 3368 et
3164 3324 3341 3368 tnanct
3362 3313 3660 3369 adulteros.
3693 3316 3854 3370 Etiam

2273 3403 2375 3458 hoc
2397 3403 2540 3474 quod
2565 3405 2829 3474 conjugati
2869 3405 2990 3459 victi
3017 3406 3443 3476 concupiscentia
3468 3413 3696 3461 utuntur
3725 3408 3852 3461 invi-

2273 3511 2389 3550 cem
2415 3498 2548 3550 ultra
2581 3498 2950 3551 necessitatem
2980 3497 3174 3552 liberos
3201 3498 3541 3568 procreandi,
3583 3516 3777 3569 ponam
3807 3500 3854 3552 in

2275 3589 2356 3643 his
2382 3605 2481 3660 pro
2509 3589 2700 3659 quibus
2741 3589 2976 3659 quotidie
3013 3590 3224 3654 dicitur,
3267 3589 3472 3644 Dimitte
3509 3593 3658 3645 nobis
3697 3591 3856 3646 debita

2277 3689 2472 3747 nostra,
2500 3682 2624 3735 sicut
2640 3690 2685 3734 et
2703 3697 2793 3736 nos
2810 3681 3104 3734 dimittimus
3120 3681 3424 3737 debitoribus
3444 3685 3632 3736 nostris
3651 3683 3732 3755 (11
3738 3683 3856 3735 atth.

2277 3788 2348 3839 vr,
2380 3773 2490 3843 12).
3361 3769 3364 3771 λ

2278 3861 2363 3917 Ea:
2383 3863 2627 3918 Sermone
2649 3863 2712 3917 de
2733 3881 2793 3918 eo
2821 3864 2958 3934 quod
2985 3865 3225 3934 scriptum
3254 3865 3346 3930 est,
3379 3864 3591 3932 Matth.,
3617 3883 3734 3932 cap.
3754 3881 3860 3926 xvi,

2349 3952 2438 4020 24,
2462 3953 2518 4009 Si
2535 3954 2654 4024 quis
2668 3955 2778 4008 vult
2794 3965 2913 4025 post
2928 3970 3012 4010 me
3030 3957 3232 4019 venire,
3252 3957 3478 4027 abneget
3491 3958 3859 4027 sen'ietipsum:

2349 4042 2491 4098 Beda
2514 4046 2737 4098 nondum
2768 4045 2995 4116 vulgatus
3015 4047 3082 4099 ad
3108 4048 3123 4100 Ι
3150 4046 3323 4101 Thess.
3353 4064 3406 4102 ν.

2353 4135 2600 4206 Corripite
2640 4136 2904 4207 inquietos,
2949 4139 3276 4192 consolantini
3319 4139 3712 4208 pusillanimes,
3760 4149 3864 4194 etc.

2281 4225 2504 4292 Quando
2539 4227 2680 4281 videt
2709 4227 2870 4283 homo
2896 4228 3124 4299 aliquem
3156 4231 3291 4284 male
3318 4232 3604 4299 viventem,
3651 4243 3708 4287 et
3738 4233 3872 4286 forte

2282 4319 2479 4388 aliquid
2510 4320 2762 4374 Ecclesia:
2793 4331 3154 4389 prwstantem,
3201 4334 3253 4377 et
3305 4338 3412 4378 non
3453 4339 3575 4378 eum
3623 4324 3868 4394 corripit,

2285 4409 2466 4463 animo
2496 4409 2644 4480 fugit.
2675 4410 2810 4478 Quid
2837 4420 2940 4476 est,
2971 4412 3148 4466 animo
3171 4412 3386 4484 fugere?
3420 4415 3657 4470 Timere.
3689 4417 3874 4471 Timor

2283 4507 2366 4552 est
2394 4497 2511 4568 fuga
2540 4500 2778 4554 interior.
2813 4500 2986 4568 Quare
3014 4502 3195 4557 timet?
3219 4503 3352 4570 Quia
3374 4506 3748 4560 mercenarius
3773 4514 3872 4560 est.

2283 4589 2360 4646 Ne
2386 4591 2520 4645 forte
2542 4591 2629 4647 ille
2656 4592 2795 4647 male
2820 4593 3044 4663 accipiat
3069 4595 3208 4662 quod
3239 4596 3544 4665 corripitur,
3572 4606 3631 4652 et
3658 4614 3769 4652 non
3790 4597 3880 4651 det

2285 4682 2425 4752 quod
2451 4683 2587 4738 solet
2611 4683 2710 4756 (a).
2743 4683 2893 4740 Videt
2935 4685 3113 4755 lupum
3141 4687 3462 4755 venientem,
3492 4687 3543 4742 id
3573 4699 3660 4743 est
3688 4690 3879 4743 diabo-

2287 4775 2395 4830 lum
2422 4777 2562 4832 male
2587 4777 2812 4832 viventis
2840 4779 2974 4833 colla
3001 4779 3360 4848 frangentem;
3408 4789 3463 4834 et
3508 4780 3642 4851 fugit
3671 4783 3881 4844 animo,

2288 4869 2521 4924 abstinet
2545 4869 2612 4924 ab
2641 4870 2754 4924 utili
2782 4872 3140 4940 correptione,
3188 4872 3374 4941 plenus
3406 4873 3615 4929 timore.
3649 4874 3759 4942 Qui
3791 4889 3884 4944 au-

2292 4969 2397 5015 tem
2437 4970 2618 5029 pastor
2645 4969 2747 5025 est,
2794 4970 2849 5016 et
2885 4972 2968 5016 est
3009 4964 3056 5018 ei
3088 4979 3213 5018 cura
3242 4979 3339 5033 pro
3369 4965 3584 5031 ovibus,
3615 4983 3734 5022 non
3762 4981 3886 5021 eum

2289 5050 2536 5113 dimittat,
2547 5059 2601 5105 et
2619 5049 2744 5114 facit
2766 5050 2908 5121 quod
2929 5053 3005 5106 ait
3018 5053 3324 5123 Apostolus,
3343 5054 3590 5126 Corripite
3604 5056 3890 5128 inquietos,

2289 5143 2619 5198 consolamini
2641 5143 3008 5213 pusillanimes,
3025 5154 3129 5200 etc.
3144 5145 3260 5201 Non
3277 5162 3406 5218 ergo
3421 5156 3570 5217 putet
3584 5149 3714 5218 quis
3745 5150 3891 5219 pium

2294 5244 2582 5307 pastorem,
2606 5235 2689 5290 vel
2719 5237 2809 5305 qui
2834 5250 2894 5292 se
2933 5236 3063 5292 dicit
3093 5247 3380 5307 pastorem,
3408 5241 3530 5311 quia
3555 5255 3667 5295 non
3700 5243 3898 5296 reddet

2293 5328 2490 5384 malum
2514 5342 2614 5398 pro
2631 5327 2795 5393 malo,
2815 5343 2935 5383 cum
2966 5329 3152 5384 reddat
3178 5331 3356 5400 potius
3380 5333 3576 5388 malum
3595 5347 3703 5401 pro
3725 5333 3898 5388 bono.

2297 5420 2390 5475 llle
2418 5419 2559 5474 enim
2587 5419 2689 5474 etsi
2717 5429 2960 5489 peccator
2983 5431 3066 5477 est
3087 5424 3366 5489 scelestus,
3393 5423 3461 5480 de
3487 5424 3644 5479 bonis
3666 5427 3791 5481 suis
3809 5426 3906 5481 dat

2299 5510 2586 5567 Ecclesiae:
2619 5510 2708 5566 ille
2736 5521 2911 5566 autem
2941 5512 3137 5568 malum
3171 5530 3268 5585 pro
3295 5514 3438 5572 bono
3466 5515 3515 5571 ei
3559 5514 3774 5585 reddit,
3818 5517 3903 5571 cui

2363 5667 2380 5699 ⁸
2407 5665 2530 5716 Beda
2556 5667 2603 5715 in
2624 5671 2754 5725 Mss,
2781 5665 3109 5716 nutrieatoria.

2361 5728 2438 5791 (a)
2472 5728 2585 5778 vide
2607 5740 2759 5778 serm.
2791 5728 2964 5790 137,n.
3006 5728 3077 5778 12.
