4062 6368
246 332 383 390 1733

242 448 504 506 subtrahit
529 447 941 518 correptionctn.
984 444 1089 500 Sed
1129 444 1379 515 quoniam
1417 444 1518 499 hoc
1547 453 1713 498 totum
1752 442 1821 497 de

239 539 527 595 dilectione
561 539 859 592 faciendum
898 545 1009 602 est;
1042 534 1323 606 unquando
1361 545 1537 589 autem
1583 534 1824 589 homines

240 640 577 699 correptores
593 646 718 684 suos
739 639 924 699 putant
942 628 1184 681 inimicos
1201 641 1356 681 suos:
1379 625 1498 681 ideo
1517 640 1636 680 cum
1660 624 1826 678 dixi5«

241 732 341 785 set,
371 721 621 787 Corripue
649 721 924 791 inquietos;
945 718 1188 788 subjecit,
1210 717 1538 772 consolamini
1558 716 1826 786 pusillani-

242 831 361 866 rues.
394 811 556 865 Forte
595 811 737 864 enim
778 811 843 865 de
880 809 1217 879 correptione
1257 808 1439 877 incipit
1478 806 1729 873 deiicere,
1771 813 1827 860 et

242 903 616 975 perturbatur:
648 911 770 955 tunc
794 911 842 956 te
867 909 1074 970 Oportet
1094 900 1376 955 consolari.
1406 898 1823 968 Suscipiteinﬁr-

241 1009 383 1046 mos:
415 1009 483 1047 ne
512 1008 605 1061 per
635 992 991 1046 inﬁrmitatem
1020 990 1230 1045 cadant.
1259 989 1317 1045 Si
1348 989 1575 1044 titubare
1600 1003 1719 1043 eum
1743 989 1821 1042 le-

238 1086 309 1138 cit
338 1082 645 1149 inﬁrmitas,
669 1083 787 1136 sinu
816 1096 913 1136 suo
933 1081 1186 1151 suscipiat
1208 1080 1460 1134 charitas.
1484 1079 1551 1133 Et
1574 1095 1694 1133 cmn
1723 1080 1821 1132 ista

239 1174 483 1239 dixisset,
525 1172 717 1242 adjecit
756 1173 808 1227 in
850 1172 1159 1239 novissimo,
1209 1171 1382 1225 Videte
1410 1188 1471 1224 ne
1493 1171 1602 1238 quis
1632 1171 1823 1224 malum

238 1282 328 1335 pro
357 1266 498 1319 malo
526 1265 682 1318 alicui
707 1263 884 1318 reddat
932 1262 972 1332 (1
1004 1261 1178 1316 Thess.
1209 1277 1247 1326 ι,
1283 1262 1369 1329 14,
1403 1261 1515 1330 15).
1546 1260 1686 1331 Ergo
1716 1276 1821 1314 non

238 1368 316 1414 est
355 1358 558 1413 malum
602 1356 869 1425 correptio
908 1354 954 1408 si
998 1354 1085 1408 sit.
1120 1353 1225 1409 Sed
1268 1353 1403 1409 bona
1442 1353 1576 1417 ovis,
1608 1352 1820 1422 quando

237 1449 526 1517 corripitur
554 1463 583 1501 a
614 1448 897 1518 praeposito
919 1460 1036 1512 suo,
1061 1445 1186 1516 quid
1214 1444 1377 1517 dicit}
1420 1445 1717 1499 Emendabit
1744 1461 1823 1499 me

230 1542 397 1610 justus
420 1540 476 1593 in
505 1538 845 1593 misericordia
868 1535 1036 1609 (Psal.
1066 1552 1191 1599 CXL,
1224 1536 1302 1607 5).

240 1630 318 1684 Ex
350 1631 599 1685 Sermone
625 1630 689 1683 de
707 1646 764 1683 eo
788 1628 921 1699 quod
939 1629 1010 1681 ait
1034 1627 1301 1693 Dominus,
1328 1627 1451 1681 Luc.
1480 1644 1595 1698 cap.
1626 1643 1698 1694 xt,
1730 1625 1818 1691 10,

305 1723 400 1788 11,
460 1723 630 1779 Petite
656 1731 709 1778 et
735 1720 1004 1792 accipietis
1027 1738 1041 1775 :
1064 1719 1205 1775 Beda
1234 1719 1455 1773 nondum
1494 1719 1725 1790 vulgatus
1754 1717 1823 1771 ad

303 1816 349 1871 ll
376 1815 495 1870 Cor.
524 1831 618 1869 xu.

301 1906 615 1962 Invenimus
640 1906 807 1961 malos
832 1904 1029 1976 petisse
1057 1912 1113 1961 et
1136 1903 1427 1975 accepisse,
1451 1912 1504 1959 et
1528 1903 1695 1959 honos
1724 1918 1819 1974 pe-

236 2001 367 2053 tisse
392 2008 449 2053 et
478 2013 583 2053 non
610 1997 901 2067 accepisse.
939 1996 1076 2063 Quid
1104 1997 1247 2051 enim
1278 1995 1428 2065 pejus
1458 1995 1819 2050 darmonibus?

237 2090 302 2144 Et
321 2100 510 2145 tamen
544 2103 730 2159 porcos
757 2089 1021 2158 petierunt
1045 2095 1099 2142 et
1118 2094 1435 2157 acceperunt
1463 2086 1671 2157 (Matth.
1704 2103 1817 2152 vut,

235 2183 322 2245 51,
371 2181 487 2252 52).
522 2181 589 2235 Et
616 2180 883 2235 invenitur
912 2179 1051 2234 Deus
1101 2193 1207 2233 non
1260 2176 1452 2234 fecisse
1494 2178 1817 2233 desiderium

234 2273 640 2343 Apostolorum,
668 2282 719 2326 et
749 2271 998 2341 implesse
1042 2270 1363 2326 desiderium
1410 2270 1815 2326 daunoniorum.

233 2364 370 2433 Quid
416 2378 549 2434 ergo
572 2363 817 2427 dicimus,
851 2362 951 2416 nisi
995 2362 1116 2433 quia
1144 2363 1280 2416 nouit
1316 2361 1566 2416 Dominus
1595 2362 1681 2431 qui
1704 2371 1820 2417 sunt

233 2458 343 2526 ejus
372 2456 441 2526 (ll
476 2454 607 2509 Tim.
638 2471 695 2519 ιι,
728 2453 837 2527 19),
866 2462 1121 2509 eteorum
1149 2455 1310 2509 omnis
1331 2455 1417 2524 qui
1442 2454 1565 2525 petit
1596 2452 1821 2523 accipit?

233 2548 338 2603 Sed
366 2548 545 2603 adhuc
574 2548 641 2604 de
684 2547 940 2618 Apostolo
968 2547 1244 2618 scrupulus
1283 2556 1476 2611 restat;
1523 2563 1629 2602 non
1676 2546 1818 2602 enim

236 2642 349 2709 ipse
374 2656 483 2694 non
513 2650 629 2695 erat
649 2641 787 2695 inter
812 2655 905 2696 eos
929 2640 1015 2710 qui
1044 2647 1166 2694 sunt
1189 2639 1324 2709 ejus,
1342 2639 1433 2709 qui
1456 2638 1590 2694 hanc
1606 2647 1821 2695 senten-

236 2731 358 2783 tiam
390 2731 552 2794 dixit,
580 2729 731 2784 Novit
762 2729 1006 2785 Dominus
1034 2730 1120 2802 qui
1144 2739 1258 2784 sunt
1285 2731 1415 2802 ejus.
1466 2730 1601 2800 Ergo
1631 2744 1818 2785 omnes

233 2821 321 2889 qui
345 2830 474 2875 sunt
490 2822 625 2890 ejus,
651 2830 831 2891 petunt
850 2832 901 2876 et
922 2821 1203 2892 accipiunt.
1228 2820 1331 2875 Sed
1352 2821 1641 2891 quzerimns
1661 2820 1817 2891 quid?

233 2914 307 2968 Ea
334 2913 532 2984 quippe
564 2930 682 2984 qua:
710 2923 926 2983 propter
950 2914 1110 2968 vitam
1154 2913 1309 2967 istam
1347 2914 1692 2982 temporalem
1723 2927 1817 2982 pe-

235 3011 438 3068 tuntur,
458 3003 744 3074 aliquando
762 3012 999 3072 prosunt,
1016 3004 1298 3074 aliquando
1309 3004 1501 3058 obsunt
1516 3021 1531 3059 :
1544 3014 1593 3058 et
1608 3003 1818 3075 quando

234 3109 292 3148 ea
314 3095 412 3148 scit
451 3094 589 3147 Deus
618 3093 825 3159 obesse,
865 3109 968 3148 non
996 3109 1055 3148 ca
1079 3094 1167 3148 dat
1192 3093 1614 3149 desiderantibus
1643 3103 1696 3149 et
1729 3108 1820 3163 pe-

236 3185 472 3239 tentibus
506 3185 657 3239 suis:
695 3184 962 3253 quomodo
1011 3200 1110 3240 nec
1154 3185 1391 3241 medicus
1434 3185 1523 3240 dat
1564 3185 1817 3256 quidquid

235 3289 381 3345 aeger
407 3276 652 3344 petierit;
696 3285 751 3330 et
795 3276 1021 3331 amando
1052 3286 1226 3347 negat,
1270 3277 1412 3347 quod
1456 3293 1559 3331 non
1590 3277 1817 3333 amando

236 3366 576 3422 concederet.
604 3366 832 3422 Exaudit
860 3381 988 3439 ergo
1016 3381 1204 3424 omnes
1228 3383 1353 3423 suos
1378 3369 1443 3424 ad
1464 3378 1716 3425 mternam
1734 3384 1820 3424 sa-

235 3457 435 3522 lutem;
470 3475 577 3513 non
606 3474 790 3514 omnes
820 3460 1035 3514 exaudit
1068 3459 1135 3513 ad
1181 3461 1525 3531 temporalem
1556 3461 1816 3533 cupidita—

238 3559 339 3605 tem
364 3568 376 3578 ·
398 3559 456 3603 et
477 3550 599 3604 ideo
620 3565 726 3605 non
746 3550 961 3605 exaudit
983 3551 1049 3606 ad
1076 3551 1198 3617 hoc,
1223 3560 1277 3606 ut
1304 3553 1551 3608 exaudiat
1575 3553 1641 3609 ad
1664 3553 1815 3609 illud.

241 3641 476 3710 Denique
496 3642 655 3696 etiam
680 3641 793 3712 ipsa
822 3643 982 3699 verba
1011 3644 1309 3699 considera.
1342 3646 1562 3714 Quando
1592 3662 1697 3702 non
1724 3663 1816 3703 ac-

236 3734 377 3802 cepit
403 3743 623 3803 propter
647 3735 787 3805 quod
810 3746 891 3792 ter
912 3737 1190 3791 Dominum
1214 3740 1434 3810 rogavit,
1460 3740 1622 3794 aitilli
1646 3759 1659 3795 :
1687 3740 1817 3813 Suf-

237 3824 343 3891 ﬁcit
372 3824 462 3877 tibi
490 3827 656 3895 gratia
683 3844 824 3893 mea;
851 3845 968 3882 nam
997 3831 1152 3883 virtus
1180 3830 1233 3884 in
1250 3830 1544 3901 inﬁrmitate
1564 3834 1821 3903 perﬁcitur

238 3913 304 3984 (ll
334 3913 458 3969 Cor.
482 3931 575 3977 xu,
608 3916 684 3987 9).
713 3918 851 3986 Quid
870 3934 899 3972 a
928 3934 1014 3974 me
1041 3920 1314 3975 desideras
1343 3932 1394 3975 ut
1425 3922 1743 3977 auleratura
1770 3934 1820 3980 te

237 4006 488 4060 stimulus
513 4008 710 4073 carnis,
738 4024 893 4078 quem
926 4011 1196 4080 accepisti,
1231 4026 1299 4067 ne
1319 4013 1372 4067 in
1411 4015 1514 4068 tuis
1550 4015 1821 4069 revelatio-

237 4096 396 4149 nibus
433 4097 745 4153 extollaris?
778 4098 967 4170 Utique
1005 4110 1287 4170 propterea
1325 4102 1425 4158 hoc
1465 4106 1657 4172 poscis,
1697 4106 1819 4175 quia

238 4185 333 4240 tibi
364 4187 623 4255 prodesse
652 4188 843 4243 nescis.
875 4189 1046 4245 Crede
1088 4191 1296 4247 medico
1324 4208 1339 4247 :
1367 4193 1506 4263 quod
1550 4194 1817 4264 imposuit,

236 4291 364 4332 acre
388 4286 491 4341 est,
516 4278 609 4333 sed
633 4279 788 4343 utile;
824 4279 948 4335 facit
967 4280 1228 4347 dolorem,
1258 4283 1351 4338 sed
1382 4285 1603 4352 parturit
1625 4286 1822 4340 sanita-

238 4379 368 4426 tem.
424 4369 598 4425 Virtus
634 4372 687 4425 in
728 4372 1019 4442 inﬁrmitate
1047 4374 1321 4443 perﬁcitur.
1353 4375 1543 4432 Tolcra
1585 4394 1713 4449 ergo
1743 4380 1823 4435 in-

240 4462 571 4528 ﬁrmitatem,
604 4463 649 4517 si
691 4462 963 4520 desideras
1006 4466 1319 4521 sanitatem:
1345 4469 1510 4523 tolera
1543 4469 1822 4526 inﬁrmita-

238 4560 369 4618 tem,
400 4552 447 4606 si
479 4551 751 4609 desideras
778 4555 1178 4625 perfectionem,
1209 4558 1331 4628 quia
1356 4560 1512 4615 virtus
1528 4562 1580 4614 in
1600 4562 1822 4632 inﬁrmi-

238 4653 341 4696 tate
367 4644 650 4714 perﬁcitur.

240 4733 323 4789 Ea:
345 4736 591 4791 Sermone
615 4736 678 4792 de
701 4737 859 4793 verbis
882 4740 1131 4810 Apostoli,
1151 4740 1265 4797 Non
1294 4752 1375 4800 est
1395 4744 1548 4800 nobis
1571 4745 1825 4802 collucta-

492 4828 589 4894 tio,
616 4838 710 4881 etc.
736 4827 878 4884 Beda
898 4842 943 4885 et
965 4830 1013 4883 F
1014 4832 1152 4887 lorus
1171 4834 1240 4887 ad
1258 4833 1453 4905 Ephes.
1474 4851 1548 4891 νι.

316 4916 437 4971 Non
461 4928 537 4972 est
560 4920 700 4973 nobis
732 4921 1018 4977 colluctatio
1038 4926 1278 4980 adversus
1314 4943 1515 4982 carnem
1543 4939 1589 4984 et
1612 4931 1824 5000 sangui-

242 5025 377 5063 nem.
401 5009 535 5075 Quia
557 5026 665 5066 non
699 5021 900 5068 tantum
924 5024 976 5070 te
1000 5015 1160 5070 homo
1185 5018 1538 5088 persequitur,
1583 5020 1678 5075 sed
1708 5022 1823 5076 dia-

243 5097 394 5153 holus
428 5114 526 5169 per
552 5100 729 5167 illum;
761 5111 814 5155 ct
838 5112 1120 5174 antequam
1155 5114 1204 5159 te
1236 5106 1392 5161 ltcdat
1419 5109 1470 5161 in
1496 5124 1743 5179 corpore,
1765 5126 1825 5168 se

239 5190 436 5245 occidit
454 5192 505 5246 in
530 5192 710 5247 corde.
740 5192 859 5248 Non
887 5204 960 5249 est
980 5194 1121 5251 nobis
1140 5195 1428 5253 colluctatio
1455 5200 1694 5258 adversus
1713 5221 1826 5259 car-

241 5297 350 5334 nem
377 5291 425 5335 et
459 5285 787 5355 sanguinem;
819 5285 1118 5342 hominibus
1142 5287 1397 5345 adversus
1436 5290 1700 5361 homines,
1733 5296 1824 5366 qui

241 5386 364 5428 caro
386 5383 441 5428 et
465 5376 679 5444 sanguis
708 5385 865 5431 sunt:
894 5378 983 5431 sed
1007 5380 1242 5433 adversus
1267 5382 1517 5453 principes
1536 5394 1582 5438 et
1608 5395 1827 5455 potesta-

245 5475 333 5531 tes,
359 5478 580 5522 rectores
627 5470 939 5525 tenebrarum
968 5474 1148 5527 harum
1182 5473 1395 5546 (Ephes.
1444 5494 1516 5543 Vl,
1550 5478 1669 5551 12),
1703 5480 1824 5549 quia

244 5560 512 5628 quomodo
541 5577 634 5616 eos
664 5564 752 5633 qui
772 5564 859 5618 lux
887 5576 1031 5631 sunt,
1055 5566 1297 5624 Christus
1318 5571 1575 5640 gubernat
1596 5586 1648 5627 et
1671 5574 1822 5644 regit;

245 5649 321 5704 sic
343 5666 437 5705 eos
472 5653 561 5723 qui
605 5655 838 5712 tenebra:
864 5666 1006 5724 sunt,
1048 5658 1111 5711 ad
1153 5674 1309 5716 omne
1339 5663 1534 5716 malum
1583 5664 1825 5722 diabolus

247 5742 538 5812 pmcipitat
566 5753 619 5799 et
646 5745 877 5817 inStigat.
913 5749 1023 5804 lloc
1043 5766 1170 5823 ergo
1195 5768 1292 5808 nos
1320 5753 1564 5810 hortatur
1593 5757 1821 5826 Aposto-

1462 326 1877 384 FRAGMENTA
1916 325 2309 385 SERMONUM.

3374 339 3509 399 U35

1935 441 2037 507 lus,
2067 452 2123 496 ut
2152 458 2256 497 non
2286 452 2467 497 contra
2503 444 2768 502 hominem
2804 449 3023 517 malum,
3059 451 3154 507 sed
3181 461 3365 509 contra
3394 456 3511 511 dia-

1932 534 2110 588 bolum
2155 536 2243 605 qui
2286 552 2405 590 cum
2438 537 2524 592 illc
2568 550 2838 608 operatur,
2879 557 3125 609 oremus;
3165 554 3219 601 et
3259 547 3513 619 quidquiu

1932 639 2214 695 possumus
2260 626 2530 693 faciamus,
2566 637 2619 683 ut
2659 630 2899 688 diabolus
2940 636 3233 705 expellatur
3260 647 3314 693 et
3354 639 3513 694 homo

1933 718 2204 771 liberetur.
2231 717 2511 786 Quomodo
2527 719 2666 774 enim
2694 722 2738 775 si
2764 722 2829 776 ad
2857 724 3084 795 aliquem
3106 727 3158 781 in
3178 729 3359 798 praelia
3384 743 3516 785 cou-

1930 808 2168 861 stitntnm
2196 808 2265 864 de
2293 818 2440 878 parte
2460 810 2760 866 adversaria
2778 825 3013 870 armatus
3038 832 3176 887 equo
3199 819 3393 876 sedens
3411 836 3508 877 ve-

1931 897 2056 961 niat,
2091 912 2195 951 non
2227 914 2384 969 equo,
2417 900 2509 954 sed
2543 901 2706 970 equiti
2736 903 3007 970 irascitur;
3036 917 3090 961 et
3113 918 3367 978 quantum
3406 927 3509 982 po-

1931 995 2051 1052 test,
2080 988 2181 1042 hoc
2209 1004 2368 1059 agere
2394 992 2558 1059 cupit,
2588 1000 2646 1045 ut
2668 994 2900 1062 equitem
2924 998 3205 1065 percutiat,
3234 1009 3290 1054 et
3312 1016 3505 1072 equum

1931 1080 2230 1147 possideat:
2255 1080 2333 1135 sic
2368 1082 2507 1136 circa
2538 1082 2780 1139 homines
2815 1085 2982 1143 malos
3006 1089 3267 1157 agendum
3311 1103 3427 1159 est;
3456 1104 3512 1149 et

1930 1185 2034 1226 non
2079 1182 2265 1226 contra
2311 1173 2451 1240 illos,
2495 1175 2587 1230 sed
2627 1185 2809 1231 contra
2841 1193 2961 1233 eum
2992 1181 3081 1251 qui
3112 1182 3233 1238 illos
3271 1184 3507 1255 instigat,

1930 1263 2054 1318 totis
2082 1262 2282 1318 viribus
2313 1264 2659 1320 laborandum
2680 1278 2760 1321 est
2793 1284 2808 1334 ;
2842 1279 2898 1324 ut
2921 1270 3047 1325 dum
3074 1271 3315 1329 diabolus
3342 1276 3509 1330 vinci.

1931 1364 2033 1420 tur,
2067 1356 2247 1412 infelix
2275 1359 2359 1413 ille
2380 1373 2537 1430 quem
2564 1360 2837 1429 possidere
2857 1373 3094 1433 coeperat
3124 1365 3399 1421 liberetur.

2000 1446 2082 1500 Ea:
2101 1447 2275 1501 eodem
2298 1448 2562 1517 Sermone,
2588 1449 2726 1505 Beda
2746 1462 2794 1505 et
2819 1452 3011 1508 Florus
3038 1454 3106 1507 ad
3135 1454 3151 1508 Ι
3185 1454 3304 1510 Cor.
3341 1472 3435 1512 xtl.

2000 1538 2101 1605 Qui
2136 1541 2260 1595 dicit
2281 1558 2332 1596 se
2352 1542 2405 1595 in
2425 1540 2624 1597 Christo
2652 1559 2874 1611 manere,
2905 1544 3048 1599 debet
3070 1545 3198 1601 sicut
3210 1546 3307 1613 ,ille
3325 1548 3505 1602 ambu-

1926 1630 2045 1684 lavit
2063 1640 2110 1685 et
2135 1632 2244 1702 ipse
2269 1632 2527 1687 ambulare
2546 1632 2589 1706 (Ι
2609 1633 2763 1688 Joan.
2796 1650 2854 1692 ιι.
2888 1635 2965 1707 6).
2995 1635 3123 1703 Qua:
3149 1644 3236 1693 est
3267 1637 3368 1692 ista
3402 1638 3506 1706 via,

1926 1722 1979 1777 in
2007 1738 2107 1794 qua
2137 1723 2381 1779 Christus
2405 1725 2726 1780 ambulavit?
2750 1727 2880 1792 Qua:
2921 1737 3004 1782 est
3030 1727 3153 1793 alia,
3186 1729 3285 1783 nisi
3323 1729 3505 1784 chari-

1926 1824 2026 1880 tas,
2050 1814 2117 1869 de
2145 1830 2247 1885 qua
2268 1816 2397 1871 dicit
2428 1817 2731 1886 Apostolus,
2764 1817 2945 1871 Adhuc
2980 1820 3506 1887 supereminentiorem

1924 1906 2055 1959 uiam
2079 1906 2361 1962 demonstro
2382 1908 2517 1962 vobis
2537 1907 2578 1980 (Ι
2597 1907 2717 1963 Cor.
2738 1925 2829 1974 xu,
2860 1910 2989 1980 5i)?
3014 1909 3067 1966 Si
3094 1926 3222 1981 ergo
3236 1910 3506 1967 Christum

1924 1996 2166 2051 volumus
2207 1997 2423 2063 imitari,
2470 2013 2568 2068 per
2596 1999 2763 2069 ipsam
2796 2000 2935 2054 viam
2978 2001 3237 2057 debemus
3263 2018 3504 2069 currere,

1923 2105 2081 2159 quam
2111 2089 2353 2145 Christus
2386 2099 2441 2146 et
2470 2090 2523 2145 in
2553 2105 2711 2147 cruce
2738 2092 2975 2162 pendens
3003 2093 3248 2161 dignatus
3276 2104 3360 2150 est
3390 2110 3507 2149 am-

1922 2179 2129 2235 bulare.
2158 2179 2213 2234 in
2242 2196 2401 2235 cruce
2436 2181 2579 2235 enim
2614 2180 2752 2236 ﬁxus
2777 2190 2910 2247 erat,
2959 2190 3014 2237 et
3052 2184 3327 2239 charitatis
3362 2186 3504 2239 viam

1922 2284 2162 2337 currens,
2193 2285 2289 2339 pro
2309 2270 2419 2325 suis
2444 2270 2880 2340 persecutoribus
2898 2273 3247 2343 supplicabat.
3269 2274 3505 2344 Denique

1923 2361 2001 2415 sic
2023 2361 2185 2416 dixit:
2218 2360 2393 2427 Pater,
2416 2363 2619 2434 ignosce
2639 2362 2763 2430 illis,
2789 2365 2909 2433 quia
2933 2366 3159 2419 nesciunt
3175 2367 3297 2437 quid
3313 2368 3507 2437 facium

1924 2449 2075 2521 (Luc.
2108 2448 2258 2518 x’xtn,
2287 2451 2399 2525 54).
2440 2452 2507 2507 Et
2548 2467 2647 2508 nos
2682 2468 2811 2523 ergo
2853 2469 2950 2525 pro
2989 2455 3235 2510 omnibus
3277 2457 3507 2512 inimicis

1925 2543 2119 2597 nostris
2170 2541 2272 2598 hoc
2312 2542 2510 2613 jngitcr
2553 2544 2945 2614 supplicemus,
2994 2554 3051 2599 ut
3092 2546 3194 2600 illis
3244 2547 3498 2602 Dominus

1922 2632 2349 2689 emendationem
2381 2650 2590 2690 morum
2619 2643 2673 2691 et
2702 2635 3078 2706 indulgentiam
3098 2638 3292 2694 tribuat
3318 2654 3506 2709 pecca-

1923 2733 2096 2778 torum
2105 2762 2119 2776 .

1924 2813 2006 2868 Ea:
2026 2813 2289 2880 Sermone,
2322 2814 2502 2882 Qualis
2521 2815 2697 2871 debeat
2721 2818 2985 2890 episcopus
3008 2835 3132 2884 esse,
3156 2828 3203 2873 et
3224 2820 3308 2873 ubi
3330 2838 3502 2891 repre-

1992 2906 2164 2960 hendit
2205 2906 2400 2962 Paulus
2440 2907 2845 2965 Petrum:Beda
2890 2912 3114 2966 nondum
3158 2914 3389 2984 uulgatus
3432 2915 3503 2969 ad

1992 2996 2013 3051 1
2043 2995 2175 3050 Tim.
2204 3013 2282 3052 ιιι.

1996 3087 2204 3158 Oportet
2221 3106 2338 3161 ergo
2356 3090 2643 3161 episcopum
2662 3092 3146 3163 irreprehensibilem
3171 3111 3276 3149 esse
3304 3094 3344 3170 (l
3369 3094 3502 3153 Tim.

1923 3196 2000 3248 ιιι,
2026 3180 2106 3251 ‘2).
2139 3180 2266 3249 Quis
2296 3182 2397 3236 hoc
2422 3183 2610 3253 negat?
2636 3182 2742 3238 Sed
2773 3199 2892 3237 cum
2924 3194 3166 3254 oporteat
3191 3186 3501 3257 episcopum

1922 3272 2439 3344 irreprebcnsibilcm
2466 3290 2605 3339 esse,
2638 3276 2891 3345 numquid
2920 3276 3389 3345 reprehensibilem
3412 3279 3507 3334 de-

1921 3373 2007 3420 cet
2033 3378 2151 3419 esse
2171 3364 2551 3419 christianum?
2579 3366 2873 3436 Episcopus
2901 3382 3094 3421 nomen
3124 3382 3354 3438 graecum
3384 3379 3501 3425 est:

1921 3455 2085 3512 latine
2113 3472 2238 3511 vero
2262 3458 2658 3527 superintcntor
2679 3457 2759 3512 vel
2778 3456 3019 3511 visitator
3041 3456 3146 3513 dici
3175 3468 3364 3527 potest.
3393 3459 3503 3515 Nos

1921 3546 2155 3617 episcOpi
2189 3561 2392 3610 sumus,
2431 3546 2524 3601 sed
2551 3547 2824 3601 vobiscum
2862 3547 3134 3602 christiani
3164 3562 3366 3602 sumus.
3396 3548 3503 3604 Nos

1922 3640 2135 3711 proprie
2161 3654 2410 3694 vocamur
2431 3654 2459 3692 a
2482 3639 2781 3695 visitatione
2802 3655 2816 3691 :
2838 3640 3192 3695 communiter
3224 3656 3412 3697 omnes
3438 3642 3505 3696 ab

1922 3732 2186 3787 unctione.
2216 3731 2273 3785 Si
2302 3731 2481 3785 unctio
2505 3730 2804 3785 communis
2840 3740 2941 3796 est,
2959 3740 3013 3785 et
3040 3730 3179 3784 lucta
3208 3731 3506 3785 communis

1922 3834 2021 3881 est.
2053 3826 2230 3893 Quare
2259 3835 2434 3879 autem
2465 3837 2562 3877 nos
2582 3823 2879 3891 visitamus,
2898 3825 2941 3877 si
2961 3823 3087 3877 nihil
3114 3823 3233 3877 boni
3253 3830 3333 3877 est
3362 3823 3503 3892 qttod

1924 3917 1976 3972 in
2004 3916 2155 3971 vobis
2182 3914 2489 3971 videamus?

2066 4006 2150 4059 Ea;
2168 4005 2413 4060 Sermone
2444 4006 2507 4060 de
2529 4005 2771 4072 Sabbato,
2793 4005 2979 4058 Florus
2997 4006 3066 4057 ad
3087 4003 3128 4057 ll
3150 4004 3263 4057 Cor.
3285 4019 3363 4058 ut.

1996 4094 2121 4152 Cum
2141 4107 2309 4150 autem
2331 4113 2599 4150 conversus
2619 4097 2771 4167 fuerit
2794 4096 2863 4147 ad
2881 4094 3067 4159 Deum,
3096 4099 3351 4164 auferetur
3374 4095 3508 4147 vela-

1928 4202 2062 4241 men.
2094 4186 2371 4252 Velamen,
2406 4200 2509 4239 non
2538 4186 2747 4257 Moyses
2772 4194 3090 4239 evacuatur:
3116 4185 3375 4250 velamen,
3400 4200 3505 4237 non

1927 4279 2031 4334 lex.
2063 4277 2336 4333 Attendite
2360 4276 2627 4348 quomodo
2660 4275 2915 4329 Dominus
2945 4274 3166 4339 venerit,
3200 4283 3253 4328 et
3277 4288 3506 4327 evacua-

1927 4381 2013 4428 tur
2053 4372 2295 4427 vclamen
2328 4370 2578 4441 :quando
2606 4368 2855 4440 pependit
2881 4367 2931 4422 in
2958 4366 3122 4437 ligno,
3156 4366 3330 4421 velum
3369 4366 3506 4419 scis-

1927 4478 2045 4519 sum
2085 4471 2187 4519 est.
2228 4463 2273 4517 0
2302 4478 2549 4532 magnum
2588 4459 2928 4533 mysterium!
2958 4474 2991 4513 ο
3021 4458 3286 4513 inell'abile
3322 4472 3503 4511 sacra-

1927 4554 2193 4611 mentum!
2226 4553 2669 4623 Transgressores
2696 4551 2827 4622 legis
2867 4550 3260 4615 cruciﬁxcrunt,
3298 4558 3352 4603 et
3373 4547 3506 4617 legis

1927 4655 2133 4702 secreta
2161 4654 2461 4715 patuerunt.
2490 4644 2674 4699 Nonne
2698 4660 2824 4697 crux
2856 4644 2941 4698 illa
2970 4643 3132 4697 clavis
3148 4642 3242 4695 l'uit
3264 4641 3507 4695 Domini?

1927 4737 2139 4805 Tenuit,
2171 4746 2225 4792 et
2246 4737 2425 4793 clausa
2455 4737 2713 4793 dissolvit.
2759 4736 2860 4792 Sed
2891 4735 3056 4791 Jndgei
3096 4735 3254 4790 etiam
3282 4734 3506 4790 discisso

1927 4830 2049 4885 velo
2065 4838 2368 4900 coopertam
2387 4829 2585 4883 habent
2608 4828 2794 4883 faciem
2814 4826 2912 4900 (ιι).
2934 4825 3044 4881 Nos
3066 4836 3254 4893 autem,
3272 4826 3345 4881 ait
3363 4828 3508 4895 Apo-

1927 4921 2117 4987 stolus,
2140 4920 2356 4975 revelata
2376 4921 2503 4991 facie
2518 4921 2729 4991 gloriam
2748 4919 2840 4971 Dei
2859 4920 3189 4988 speculantes,
3212 4919 3264 4973 in
3280 4918 3505 4969 eamdem

1928 5012 2198 5082 imaginem
2219 5015 2637 5083 transformamur
2663 5010 2725 5064 dc
2746 5010 2907 5080 gloria
2929 5010 2979 5063 in
3004 5011 3238 5081 gloriam,
3268 5018 3505 5079 tanquam

1929 5120 1964 5156 ιι
2004 5102 2207 5156 Domini
2231 5102 2426 5171 Spiritu
2448 5100 2517 5171 (ll
2536 5100 2652 5155 Cor.
2674 5117 2750 5166 ιιι,
2782 5100 2868 5167 16,
2900 5101 3010 5173 18).

1932 5194 2015 5250 Ea:
2054 5195 2298 5251 Sermone
2339 5193 2402 5248 de
2452 5192 2689 5247 Calendis
2734 5192 2997 5246 Ianuariis
3042 5205 3215 5246 contra
3248 5189 3506 5260 Paganos,

2283 5285 2507 5339 Joannes
2529 5285 2771 5339 diaconus
2791 5285 2842 5338 in
2864 5283 3159 5338 Leviticum.

2001 5380 2289 5450 Apostolus
2317 5379 2505 5435 Petrus
2530 5378 2656 5433 dicit
2679 5377 2748 5433 ad
2776 5378 3088 5443 Ecclesiam,
3111 5393 3229 5447 qua:
3266 5383 3348 5431 est
3380 5387 3439 5427 cc
3451 5389 3506 5425 r-

1931 5486 2031 5542 pus
2058 5471 2289 5527 Christi:
2317 5470 2467 5525 Plebs
2501 5480 2698 5535 sancta,
2739 5471 2907 5546 regat'e
2935 5469 3267 5523 sacerdotium
3287 5465 3331 5537 (1
3364 5464 3507 5518 Pctr.

1932 5580 1991 5631 ιι,
2009 5562 2087 5635 9).
2110 5563 2258 5619 Tunc
2282 5560 2423 5619 etum
2438 5579 2572 5618 unus
2588 5563 2836 5619 sacerdos
2854 5562 3164 5633 ungebatur,
3184 5558 3341 5613 modo
3354 5557 3507 5611 Chn-

1932 5660 2086 5713 stiam
2103 5671 2290 5711 omnes
2308 5666 2595 5727 unguntur.
2637 5656 2938 5727 Ungehatur
2968 5665 3021 5709 et
3064 5669 3174 5718 rex,
3219 5649 3510 5720 angebatur

1996 5771 2071 5833 (tt)
2105 5770 2220 5822 Vide
2242 5784 2390 5821 εει-ιιι.
2426 5770 2533 5832 500,
2557 5784 2606 5819 ιι.
2628 5770 2677 5818 3.
