4062 6368
539 288 682 348 1735

537 413 595 464 et
611 405 884 471 sacerdos,
922 404 1104 461 cmteri
1145 417 1252 458 non
1281 401 1632 472 ungebantur.
1664 401 1951 472 Utramque
1993 418 2117 472 per—

539 511 728 554 sonam
753 495 970 568 gerebat
999 493 1272 559 Dominus,
1302 509 1406 547 non
1428 493 1483 547 in
1507 492 1696 563 ﬁgura,
1715 495 1808 548 sed
1829 494 1936 563 jam
1961 495 2012 547 in
2031 509 2124 548 ve-

541 588 720 651 ritate,
748 595 802 641 et
833 585 974 654 regis
999 592 1054 639 et
1078 583 1389 638 sacerdotis.
1420 583 1501 638 0b
1531 585 1630 638 hoc
1656 584 1725 638 de
1752 585 1865 653 ipso
1897 584 2124 638 Domino

541 678 670 734 dicit
711 676 1018 746 Apostolus,
1051 673 1151 740 Qui
1177 679 1338 746 factus
1363 685 1434 728 est
1458 676 1505 729 ei
1532 693 1594 729 ex
1618 677 1805 729 semine
1849 675 2014 729 David
2040 693 2122 729 se-

476 789 482 801 ’
541 772 764 825 cundum
790 786 991 823 carnem
1021 769 1191 840 (Rom.
1220 786 1259 835 ι,
1281 771 1356 838 ὅ).
1384 771 1522 824 Ecce
1550 785 1679 838 ergo
1708 771 1908 839 regium
1934 785 2120 839 genus.

543 861 622 915 Ex
651 860 856 914 semine
885 861 1061 930 itaque
1090 860 1251 914 David
1281 869 1498 930 propter
1527 860 1742 915 Mariam
1773 860 2017 914 Christus
2043 861 2126 914 di-

541 951 702 1016 citur,
733 950 854 1020 quia
881 950 969 1005 illa
1004 959 1119 1006 erat
1143 967 1210 1006 ex
1247 953 1451 1006 semine
1476 952 1658 1005 David.
1690 952 1796 1006 Sed
1822 966 1929 1021 quo
1955 967 2123 1021 genus

543 1040 600 1097 in
617 1040 778 1097 Maria
797 1042 851 1097 ⁸2
870 1042 1134 1111 Scriptum
1159 1052 1242 1098 est
1275 1044 1328 1096 in
1357 1043 1645 1112 Evangelia
1661 1043 1996 1106 sacerdotem
2023 1042 2126 1096 Za-

543 1131 779 1187 chariam
797 1132 1044 1188 habuisse
1068 1147 1288 1188 uxorem
1310 1133 1580 1188 Elisabetb
1602 1133 1669 1188 de
1696 1133 1902 1187 ﬁliabus
1923 1134 2122 1188 Aaron.

545 1221 688 1292 Ergo
713 1222 782 1278 de
809 1237 1004 1293 genere
1028 1224 1372 1289 sacerdotali;
1392 1226 1512 1294 quia
1534 1234 1640 1279 tota
1658 1225 1769 1294 ipsa
1793 1225 1959 1279 tribus
1976 1225 2123 1280 Levi.

547 1311 746 1367 Dicitur
773 1322 950 1369 autem
995 1314 1046 1368 in
1075 1314 1360 1384 Evangelia
1390 1314 1567 1368 Mariae
1601 1314 1792 1385 virgini
1821 1315 1888 1370 ab
1913 1317 2125 1385 angelo,

547 1401 772 1474 Cognata
799 1411 886 1457 tua
911 1403 1170 1460 Elisabellt
1213 1405 1362 1476 (Luc.
1403 1421 1442 1470 ι,
1474 1406 1586 1477 56).
1618 1406 1675 1462 Si
1704 1421 1830 1476 ergo
1861 1407 2127 1463 Elisabeth

549 1510 651 1548 una
681 1494 748 1550 de
776 1495 985 1575 ﬁliabus
1011 1499 1185 1553 Aaron
1219 1499 1510 1554 sacerdotis
1536 1511 1758 1570 cognata
1785 1512 1900 1557 erat
1928 1502 2126 1568 Μαι-ξω,

551 1597 660 1638 non
684 1583 956 1641 dubitatur
978 1588 1235 1658 virginem
1267 1589 1487 1644 Mariam
1517 1607 1624 1645 non
1653 1600 1856 1647 tantum
1885 1592 1949 1647 ad
1982 1608 2133 1662 rega-

548 1674 676 1743 lem,
697 1677 792 1732 sed
810 1679 967 1734 etiam
997 1681 1063 1735 ad
1092 1682 1479 1738 sacerdotalem
1505 1685 1814 1754 sanguinem
1836 1687 2127 1754 pertinere.

548 1767 880 1842 Quapropter
893 1772 1031 1828 inest
1049 1774 1102 1828 in
1122 1775 1344 1830 Domino
1367 1778 1660 1833 secundum
1685 1779 1953 1835 hominem
1971 1797 2128 1850 quem

548 1862 802 1932 suscepit,
834 1873 1058 1934 utraque
1083 1879 1332 1935 persona,
1366 1869 1507 1938 regia
1530 1878 1584 1924 et
1613 1872 1978 1928 sacerdotalis.
2009 1874 2132 1929 ldeo

549 1968 677 2025 ergo
701 1964 824 2010 tunc
853 1953 906 2010 in
937 1956 1102 2025 ﬁgura
1131 1958 1236 2012 duo
1261 1961 1613 2030 angebantur,
1644 1978 1738 2018 rex
1765 1975 1818 2019 et
1856 1965 2128 2029 sacerdos,

549 2045 694 2115 quod
721 2046 776 2100 in
801 2046 892 2130 illo
912 2048 1086 2117 capite
1111 2059 1294 2104 nostro
1316 2053 1638 2122 completum
1672 2065 1776 2122 est,
1806 2057 1964 2126 cujus
1991 2058 2130 2113 idem

549 2146 652 2188 nos
668 2132 957 2190 Ecelesiam
981 2146 1143 2192 totam
1159 2153 1354 2210 corpus
1373 2156 1492 2197 esse
1507 2144 1846 2201 manifestum
1862 2155 1964 2204 est.
1983 2147 2134 2206 Unde

550 2223 744 2280 merito
761 2240 930 2296 genus
955 2228 1156 2299 regium
1183 2241 1238 2286 et
1262 2233 1594 2291 sacerdotale
1620 2236 1866 2293 dicimur.

549 2309 682 2370 Item
703 2330 769 2371 ea:
791 2314 1035 2372 Sermone
1053 2319 1115 2374 de
1135 2318 1370 2377 Calendis
1388 2322 1653 2380 Ianuariis
1674 2337 1848 2382 contra
1871 2329 2131 2402 Paganos,

1009 2408 1236 2467 Joannes
1265 2413 1529 2482 diaconus,
1559 2415 1685 2471 ibid.
1799 2445 1803 2452 ι
1903 2417 1920 2430 ⁶

624 2495 684 2551 In
735 2497 839 2554 illis
868 2499 1138 2558 veteribus
1184 2508 1532 2562 sacramentis
1560 2509 1648 2564 ille
1695 2511 2136 2582 prmﬁgurabatur

551 2604 690 2646 unus
710 2590 966 2648 Dominus
989 2603 1173 2651 noster
1210 2596 1366 2653 Jesus
1395 2599 1662 2656 Christus.
1692 2602 1840 2658 Unus
1883 2608 2134 2664 sacerdos

552 2679 782 2736 intrabat
811 2680 864 2734 in
899 2693 1080 2738 sancta
1131 2695 1434 2742 sanctorum
1460 2705 1474 2742 :
1505 2691 1730 2758 populus
1755 2702 1930 2748 autem
1962 2698 2137 2752 omnis

551 2768 680 2826 foris
707 2772 898 2828 stabat.
925 2773 1190 2846 Numquid
1221 2779 1380 2834 modo
1417 2781 1686 2852 episcopis
1709 2785 1776 2839 ad
1809 2788 1974 2843 altare
2001 2791 2135 2844 assi-

556 2860 820 2916 stentibus
847 2877 940 2917 vos
963 2863 1091 2920 loris
1115 2867 1262 2932 estis,
1300 2883 1363 2922 ac
1389 2885 1493 2925 non
1535 2872 1722 2928 intus?
1750 2874 1982 2933 lntrabat
2012 2888 2138 2936 tunc

617 3023 638 3056 ι
661 3029 801 3075 Forte
825 3039 843 3076 ε
867 3025 960 3076 Sed
981 3028 1215 3092 quomodo
1235 3031 1532 3084 sacerdotale
1545 3046 1694 3098 genus
1716 3035 1768 3087 in
1789 3038 1946 3090 Maria
1960 3039 1986 3092 .9

1916 3131 2137 3140 ————.....

795 3153 1046 3165 ——-—-———

1997 282 2357 338 APPENDIX.

980 3224 2100 3502 ﬂppenbix

869 3567 1861 3736 epEnUM
1975 3581 2161 3740 s.

3671 270 3808 329 1738

2232 416 2369 455 unus
2389 398 2639 455 sacerdos
2669 398 2721 452 in
2776 403 2956 452 sancta
3006 402 3312 450 sanctorum
3351 393 3517 451 semel
3562 394 3615 450 in
3645 410 3812 452 anno.

2232 492 2418 544 Annus
2446 498 2613 544 totum
2653 499 2860 559 tempus
2896 486 3176 556 signiﬁcat.
3219 485 3395 541 Semel
3430 500 3562 557 ergo
3617 486 3670 540 in
3701 495 3811 543 toto

2235 592 2472 650 tempore
2516 580 2726 634 intravit
2756 580 2807 633 in
2838 587 3019 632 sancta
3065 585 3394 642 sanctorum,
3426 592 3532 631 non
3566 576 3808 646 ﬁgurata,

2209 673 2329 738 sed
2355 687 2497 734 vera,
2529 671 2663 724 ultra
2707 671 3006 725 velamenta
3036 669 3312 732 caelorum,
3361 683 3498 721 unus
3557 668 3814 724 sacerdos

2234 770 2415 816 noster
2431 776 2711 831 resurgens
2737 776 2767 814 a
2787 760 3010 814 mortuis
3034 760 3289 812 Dominus
3334 757 3491 813 Jesus
3532 758 3804 826 Christus,

2233 853 2462 908 oﬁ‘erens
2486 867 2543 907 se
2584 853 2754 921 ipsum
2783 865 2878 920 pro
2919 841 3092 904 nobis.
3124 850 3363 915 Intravit,
3409 859 3463 904 et
3489 850 3556 903 ibi
3578 859 3684 904 est.
3710 851 3812 905 Po-

2235 947 2389 1014 pulus
2408 955 2582 999 autem
2604 943 2777 997 adhuc
2792 942 3064 997 nobiscum
3089 943 3213 996 loris
3233 951 3338 997 stat
3360 960 3371 994 ε
3389 942 3623 997 nondum
3640 959 3804 997 resnr.

2235 1037 2470 1092 reximus
2499 1037 2575 1091 ire
2621 1037 2675 1090 in
2717 1035 2925 1089 obviam
2955 1034 3188 1097 Christo.
3219 1043 3274 1088 et
3317 1048 3529 1104 semper
3564 1051 3685 1090 cum
3719 1035 3814 1090 illo

2237 1127 2459 1183 interius
2509 1141 2853 1196 permanere,
2885 1141 3006 1180 cum
3059 1127 3295 1181 dicturus
3336 1135 3418 1180 est
3465 1127 3605 1181 bono
3637 1142 3819 1191 servo,

2238 1220 2384 1274 Intra
2409 1221 2462 1272 in
2502 1219 2745 1290 gaudium
2772 1217 2979 1271 Domini
3022 1216 3137 1289 lai(
3165 1217 3350 1270 Matth.
3379 1233 3508 1286 xxv,
3538 1217 3604 1272 21
3635 1218 3675 1287 ).
3707 1218 3824 1273 lloc

2237 1327 2364 1382 ergo
2403 1311 2725 1381 ﬁgurabatur
2775 1318 2898 1364 tunc
2946 1324 3040 1379 per
3065 1325 3228 1363 unum
3267 1306 3597 1363 sacerdotem
3636 1302 3814 1362 solum

2238 1406 2522 1460 intrantem
2562 1402 2613 1457 in
2643 1411 2823 1457 sancta
2845 1410 3149 1456 sanctorum
3177 1409 3230 1457 et
3243 1401 3492 1470 populum
3515 1399 3641 1454 l‘oris
3660 1408 3820 1454 stan-

2237 1503 2366 1560 tem,
2390 1494 2530 1564 quod
2556 1509 2698 1548 nunc
2723 1494 2994 1562 impletum
3025 1502 3107 1548 est
3137 1509 3231 1562 per
3259 1493 3541 1546 Dominum
3564 1499 3811 1546 nostrum

2237 1587 2419 1642 Jesum
2444 1585 2714 1640 Christum
2744 1585 2914 1640 solum
2955 1586 3240 1640 intrantem
3267 1599 3424 1654 supra
3465 1593 3668 1639 secreta
3705 1599 3828 1638 caa-

2241 1678 2431 1743 lorum,
2449 1686 2503 1734 et
2518 1679 2768 1748 pupulum
2785 1678 2957 1733 adhuc
2989 1677 3119 1732 foris
3143 1686 3468 1748 gementem,
3491 1676 3826 1756 speisalvum

2240 1771 2479 1835 factum;
2519 1779 2913 1840 exspectantem
2964 1769 3384 1840 redemptionem
3429 1771 3670 1839 corporis
3713 1769 3824 1834 sui,

2238 1879 2356 1933 qua:
2385 1863 2555 1918 futura
2579 1863 2737 1916 estin
2775 1863 3170 1918 resurrectione
3199 1869 3552 1916 mortuorum.

2241 1954 2374 2009 Item
2409 1971 2472 2010 ea:
2497 1954 2742 2010 Sermone
2759 1954 2822 2008 de
2866 1953 3104 2010 Calendis
3148 1951 3411 2007 Ianuariis
3448 1961 3623 2007 contra
3650 1951 3834 2023 Paga-

2632 2062 2746 2114 nos,
2762 2044 2987 2100 Joannes
3011 2045 3274 2112 diaconus,
3296 2044 3420 2098 ibid.

2311 2136 2430 2209 Ipse
2451 2136 2593 2193 enim
2618 2151 2858 2194 summus
2887 2135 3136 2193 sacerdos
3179 2149 3368 2206 preces
3395 2142 3609 2192 nostras
3633 2132 3826 2202 oll'ert,

2240 2228 2331 2297 qui
2357 2228 2698 2298 semetipsum
2744 2226 3110 2284 holocaustum
3153 2241 3253 2298 pro
3278 2227 3432 2283 nobis
3469 2225 3678 2282 obtulit.
3707 2225 3835 2296 Ipse

2241 2324 2324 2371 cst
2349 2317 2552 2386 quinos
2579 2315 2838 2387 perducit,
2871 2316 3215 2386 interponens
3244 2332 3322 2382 se,
3349 2331 3454 2371 non
3490 2323 3547 2370 ut
3567 2315 3832 2370 interclu-

2241 2406 2354 2474 dat,
2373 2406 2466 2462 sed
2485 2406 2747 2478 utdirigat
2769 2425 2784 2473 ;
2812 2421 2917 2462 non
2938 2416 2997 2462 ut
3019 2417 3248 2478 separet,
3275 2407 3369 2463 sed
3394 2417 3449 2462 ut
3473 2407 3826 2472 reconciliet;

2244 2511 2352 2550 non
2383 2506 2440 2550 ut
2490 2497 2764 2566 impediat,
2828 2496 2926 2554 sed
2974 2506 3033 2552 ut
3077 2498 3456 2569 impedimenta
3499 2499 3825 2568 disrumpat.

2244 2587 2363 2658 Ipse
2383 2596 2466 2643 est
2503 2587 2735 2659 pontifex
2793 2604 2931 2644 unus
2955 2599 3009 2644 et
3037 2589 3286 2645 sacerdos
3311 2605 3468 2655 unus,
3516 2589 3608 2660 qui
3651 2587 3836 2660 ρι’ωΐιο

2245 2679 2530 2747 gurabatur
2559 2679 2610 2733 in
2655 2679 2886 2750 antiquis
2922 2679 3284 2735 sacerdotibus
3314 2680 3427 2734 Dei.
3456 2678 3578 2734 ldeo
3618 2694 3837 2749 quaere-

2247 2767 2402 2822 batur
2424 2768 2674 2825 sacerdos
2695 2769 2810 2825 sine
2841 2769 3042 2824 macula
3069 2771 3351 2840 corporis;
3387 2770 3510 2840 quia
3555 2769 3644 2824 ille
3669 2769 3831 2824 solus

2247 2857 2362 2912 sine
2391 2859 2595 2914 macula
2653 2861 2852 2930 peccati
2903 2859 3036 2915 vixit
3082 2861 3243 2915 etiam
3289 2860 3343 2915 in
3390 2875 3553 2916 carne
3593 2859 3835 2914 mortali.

2246 2947 2378 3004 Nam
2401 2949 2540 3019 quod
2570 2950 2621 3004 in
2641 2965 2863 3019 corpore
2886 2950 3320 3020 prmﬁgurabatur
3344 2951 3578 3017 illorum,
3601 2949 3653 3003 in
3686 2949 3838 3004 illius

2251 3038 2357 3091 vita
2384 3039 2780 3108 signiﬁcabatur
2809 3041 3059 3094 futurum.
3141 3069 3145 3074 ‘

2252 3585 3456 3750 AUGUSTIN
3467 3589 3550 3744 Ι

1943 3835 2442 3908 COMPLECTENS

1410 3971 2017 4051 SERMONES
2081 3981 2976 4073 SUPPOSITITIOS,
3064 4019 3075 4030 ο

850 4120 929 4180 ΙΝ
973 4120 1351 4195 QUATUOR
1392 4121 1727 4186 CLASSES
1769 4127 2158 4194 SUBJECTO
2199 4135 2405 4197 NUNC
2447 4138 2759 4201 PRIMUM
2802 4139 3098 4201 ORDINE
3139 4141 3545 4204 DIGESTOS.

889 4275 1087 4318 PRIMA
1128 4278 1366 4321 CLASSIS
1412 4281 1729 4326 CONTINET
1777 4285 2100 4334 SERMONES

967 4355 1050 4395 DE
1097 4354 1458 4402 SCRIPTURIS
1504 4361 1771 4408 γΕτΕιυε
1818 4367 1898 4409 ET
1946 4369 2094 4412 Νονι

965 4433 1386 4478 TESTAMENTI.

2287 4294 2604 4353 SECUNDA,
2649 4297 2972 4343 SERMONES
3014 4301 3097 4342 DE
3149 4303 3467 4346 TEMPORE.

2283 4375 2540 4431 TERTIA,
2590 4377 2914 4423 SEBMONES
2970 4381 3054 4422 DE
3093 4381 3366 4425 SANCTIS.

2281 4452 2558 4509 ρυΑιιΤΑ,
2610 4455 2934 4501 SERMONES
2984 4460 3066 4500 DE
3117 4461 3424 4504 DIVEBSIS.

758 4539 841 4586 His
862 4537 1094 4588 classibus
1113 4539 1282 4591 inserti
1305 4551 1418 4593 sunt
1439 4551 1695 4597 Sermones
1715 4555 1914 4600 Cassam:
1940 4553 2150 4616 episcopi
2173 4555 2485 4616 Arelatensis,
2508 4568 2686 4621 praeter
2720 4573 2807 4610 eos
2827 4562 2909 4626 qui
2929 4564 3251 4614 inscribuntur
3275 4566 3333 4615 ad
3358 4568 3620 4619 Monachus.

794 4645 1306 4725 Comparavimus
1337 4669 1539 4712 omnes
1569 4673 1667 4714 eas
1707 4655 2004 4719 editiones
2038 4659 2228 4722 initio
2259 4664 2426 4726 Retr.
2454 4671 2508 4722 et
2530 4661 2844 4737 Confess.,
2867 4678 2914 4730 t.
2945 4671 3004 4744 1,
3035 4681 3422 4733 memoratas.
3500 4675 3586 4734 M.

2003 4803 2405 4836 ψ

1561 4892 2164 5002 CLASSIS
2236 4901 2796 5014 ΡΒΙΜΑ.

1476 5053 1576 5108 DE
1621 5055 1925 5111 VETERI
1967 5057 2062 5112 ET
2099 5058 2310 5116 NOVO
2349 5063 2923 5123 TESTAMENTO.

1033 5185 1261 5242 SERMO
1298 5187 1549 5244 PRIMUS
1577 5189 1671 5262 (a).

563 5277 1183 5354 Dedigno‘dignoscentia:
1210 5279 1326 5332 boni
1353 5291 1400 5354 et
1429 5282 1568 5334 mali.
1589 5281 1720 5354 Gen.
1743 5299 1807 5347 tt,
1837 5283 2015 5350 16,17
2045 5283 2139 5354 (ὁ).

633 5349 686 5402 1.
728 5347 1007 5403 Solvuntur
1045 5365 1189 5402 arma
1224 5351 1520 5419 qurestiones
1562 5352 1626 5405 de
1666 5355 1844 5407 arbore
1889 5347 2137 5424 paradisi.

645 5476 699 5601 (ιζ
729 5475 838 5527 Alia:
855 5513 871 5537 ,
889 5479 938 5527 in
961 5485 1091 5528 tomo
1112 5492 1256 5528 nono.

645 5539 674 5589 ὸ
730 5540 988 5600 Augustino
1010 5540 1064 5601 in
1093 5540 1256 5601 quibus

645 5539 695 5601 ὸ)
730 5540 988 5600 Augustino
1010 5540 1064 5601 in,
1093 5540 1378 5601 quibusdam
1403 5555 1433 5591 e
1478 5545 1734 5594 veteribus
1755 5544 1890 5594 libris
1912 5547 2136 5598 tributus.

559 5600 828 5671 Bellarmiui
840 5601 1017 5671 judicio
1038 5600 1233 5671 dubius,
1253 5605 1428 5652 Erasmi
1461 5613 1624 5671 autem
1650 5605 1824 5671 Verlini
1849 5615 1900 5656 et
1919 5609 2138 5671 \‘indingi

560 5663 802 5732 sententia
835 5661 909 5732 est
947 5661 1309 5732 supposititius,
1353 5672 1499 5732 atque
1523 5667 1569 5714 in
1593 5667 1624 5714 9
1662 5668 1775 5716 tomi
1817 5661 2140 5731 Appendicein

557 5737 649 5792 per
682 5725 1000 5774 tmanienses
1034 5725 1265 5784 reiectus.
1294 5725 1538 5778 Ambrosw
1559 5743 1757 5792 quoque
1776 5725 2036 5792 perperam
2057 5734 2140 5780 ad-

2253 5196 2501 5277 Legimus
2543 5202 2595 5255 in
2629 5203 2822 5277 Genesi
2866 5205 3064 5262 dixisse
3100 5209 3382 5266 Dominum
3422 5214 3486 5267 ad
3521 5213 3717 5277 Adam.
3754 5213 3843 5272 Ex

2249 5271 2386 5354 omni
2415 5272 2704 5354 ligno-quod
2726 5283 2798 5354 est
2823 5277 2875 5328 in
2907 5279 3350 5354 paradiso,‘rdctis
3373 5299 3391 5345 ;
3416 5284 3478 5337 de
3503 5285 3641 5354 ligno
3668 5271 3841 5340 autem

2248 5339 2602 5425 dignoscantiw
2631 5345 2818 5425 bonift
2852 5339 2974 5400 mali
2994 5389 3008 5409 ,
3046 5339 3194 5425 quod
3213 5361 3286 5425 est
3315 5339 3567 5408 in'medio'
3583 5339 3837 5425 paradisi,

2249 5425 2349 5482 non
2379 5411 2531 5465 edetis
2557 5429 2692 5482 :qua
2734 5415 2815 5468 die
2854 5428 3020 5471 autem
3059 5411 3290 5482 Meritis.
3331 5435 3488 5477 morte
3529 5411 3836 5480 moriemini.

2247 5478 2435 5535 Multos
2462 5478 2678 5550 scimus,
2705 5483 2895 5540 fratres
2919 5487 3238 5556 charissimi,
3261 5478 3327 5546 de
3351 5493 3449 5548 hac
3475 5478 3838 5567 arhOrequaL-v-

2245 5611 2471 5688 scriptus
2506 5611 2624 5673 fuit,
2672 5622 2724 5664 et
2767 5618 2825 5688 ia
2855 5617 2962 5688 ejus
3013 5630 3216 5688 operum
3260 5627 3392 5688 temo
3429 5624 3451 5671 ‘l
3482 5637 3604 5688 eum
3658 5625 3839 5688 insigni

2247 5674 2481 5737 varietate.
2528 5689 2756 5726 excusas.
2797 5674 2959 5726 Exstat
2994 5674 3100 5726 sine
3139 5687 3345 5732 auctoris
3371 5686 3561 5733 nomine
3600 5690 3647 5735 in
3675 5674 3840 5737 vet‘én

2243 5736 2523 5787 corbeiensi
2547 5738 2669 5788 libro
2691 5749 2805 5790 ante
2828 5752 2980 5790 annos
2999 5741 3149 5802 mille,
3176 5747 3245 5794 uti
3267 5747 3474 5802 videtur,
3492 5749 3750 5804 descripto.
