4062 6368
180 396 416 464 ’1737

263 523 488 578 stiones
515 533 681 574 varias
709 519 942 595 movisse
961 561 975 586 ,
1001 520 1093 595 qui
1131 517 1310 595 dicant
1334 517 1504 595 Adam
1532 533 1641 595 non
1683 519 1876 595 volun-

265 602 391 648 tate
437 606 717 662 peccasse,
755 592 877 662 quia
921 593 972 644 in
1014 592 1100 645 illa
1142 591 1334 646 arbore
1377 591 1474 645 fuit
1514 591 1878 661 dignoscentia

267 665 409 719 boni
454 675 508 717 et
555 663 678 717 mali
710 682 724 718 :
753 673 806 717 et
840 662 968 717 dum
1005 662 1234 717 hominis
1264 663 1474 733 culpam
1505 678 1762 717 excusare
1792 663 1877 716 ni-

268 744 490 801 ‘tuntur,
535 735 613 788 sic
658 734 768 788 Deo
812 733 1074 788 conditori
1123 732 1366 803 injuriam
1419 734 1631 788 faciunt.
1675 733 1878 801 Quibus

267 807 424 860 ratio
452 805 721 859 reddenda
753 813 868 870 est,
900 819 967 858 ne
992 803 1191 858 diutius
1219 804 1540 874 quaestiones
1569 819 1734 858 vanas
1761 820 1878 859 mo-

266 885 478 941 veant,
510 886 602 930 aut
631 890 800 946 usque
838 875 1012 929 adhuc
1057 877 1108 928 in
1154 891 1338 930 errore
1380 875 1557 929 taliter
1597 875 1879 930 sentiendo

268 947 484 1003 lateant
512 967 525 999 :
557 945 652 1000 sed
681 945 726 1000 si
753 947 938 1001 volunt
970 960 1159 1012 nosse,
1199 955 1407 1000 taceant
1443 957 1494 1000 et
1533 946 1779 1011 audiant;
1811 963 1878 1003 ne

269 1017 445 1073 stulta
488 1017 786 1088 loquendo,
829 1017 938 1088 Deo
975 1016 1270 1071 convicium
1317 1017 1531 1072 faciant.
1565 1017 1681 1073 Una
1721 1019 1880 1072 arbor

269 1089 380 1143 fuit
406 1091 459 1142 in
483 1087 661 1142 medio
679 1087 931 1158 paradisi,
956 1088 1239 1156 explorans
1265 1089 1495 1141 hominis
1514 1090 1837 1143 voluntatem
1861 1107 1875 1144 :

271 1159 337 1215 in
383 1175 448 1214 ea
484 1161 591 1213 vita
626 1159 908 1230 pendebat,
939 1160 989 1213 in
1029 1173 1089 1212 ea
1122 1166 1177 1213 et
1205 1174 1348 1212 mors
1379 1175 1471 1227 per
1502 1161 1879 1230 transgressio-

268 1245 404 1286 nem
437 1231 638 1285 latebat
665 1249 678 1284 :
710 1231 758 1284 in
786 1247 847 1284 ea
875 1230 1117 1299 apparuit
1162 1230 1624 1300 transgressio,_in
1650 1245 1752 1300 qua
1783 1232 1876 1284 fir-

268 1311 423 1355 mata
465 1301 637 1355 fuerat
677 1302 804 1369 legis
835 1298 1141 1370 praeceptio.
1175 1301 1317 1354 Dixit
1351 1302 1508 1364 Deus,
1543 1298 1626 1354 Ex
1651 1298 1788 1354 onini
1815 1303 1878 1356 li-

263 1389 380 1443 gno
425 1373 564 1444 quod
600 1380 672 1426 est
710 1374 761 1424 in
798 1371 1056 1444 paradiso,
1091 1371 1280 1444 edetis;
1322 1372 1384 1424 de
1422 1371 1512 1424 illa
1551 1387 1664 1425 vero
1698 1374 1878 1427 arbore

263 1442 396 1512 qua:
418 1442 496 1496 est
522 1445 574 1495 in
602 1444 764 1496 medio
791 1443 1046 1510 paradisi,
1082 1458 1181 1495 non
1210 1442 1382 1504 rdetis,
1413 1458 1474 1495 ne
1502 1452 1660 1496 morte
1687 1445 1878 1497 moria-

267 1515 427 1566 mini.
460 1514 513 1567 In
544 1513 643 1568 hoc
676 1515 838 1568 verbo
875 1513 957 1566 lex
996 1521 1111 1566 erat
1149 1527 1178 1565 a
1216 1514 1324 1567 Deo
1362 1514 1532 1582 posita
1565 1513 1786 1580 homini,
1820 1515 1875 1570 in

265 1599 341 1638 (:a
387 1586 485 1638 fuit
527 1584 800 1653 pra‘mium
831 1585 846 1614 ¹
874 1584 1216 1638 constitutum
1247 1599 1366 1638 cum
1410 1584 1461 1637 in
1503 1585 1876 1642 terminatione

266 1657 564 1710 sentcntiie
587 1655 728 1709 Deus
749 1654 898 1718 dixit,
924 1653 984 1708 Si
1013 1655 1350 1722 gustaueritis,
1371 1665 1529 1708 morte
1555 1656 1876 1721 moriemini;

268 1735 336 1780 et
356 1726 604 1781 diabolus
623 1726 778 1792 dixit,
799 1723 921 1779 Non
946 1738 1105 1778 morte
1123 1726 1404 1779 moriemini
1421 1743 1441 1791 ;
1469 1736 1521 1781 et
1549 1727 1695 1780 stetit
1718 1728 1876 1781 homo

270 1795 424 1852 inter
458 1798 624 1852 Deum
657 1797 930 1858 factorem,
961 1803 1018 1850 et
1044 1795 1314 1851 diabolum
1345 1797 1708 1865 deceptorem.
1734 1798 1877 1853 Deus

268 1877 512 1938 mortem
536 1869 784 1933 minatur,
810 1866 856 1920 si
876 1867 1082 1921 arboris
1105 1867 1306 1921 fructus
1330 1875 1606 1938 tangatur;
1631 1868 1877 1923 diabolus

269 1937 411 1992 deos
441 1938 646 1993 futuros
668 1953 790 1993 esse
810 1953 904 1992 eos
930 1939 1210 2008 promittit,
1238 1938 1281 1992 si
1309 1937 1469 1992 arbdr
1500 1939 1586 1992 illa
1611 1939 1872 1994 violetur:

268 2017 332 2063 ct
359 2011 596 2081 appetita
635 2020 714 2064 est
748 2024 1013 2064 venenosa
1053 2008 1278 2063 dulcedo
1306 2011 1348 2076 ',
1377 2018 1430 2063 et
1459 2017 1764 2080 contempta
1792 2018 1875 2067 est

266 2081 567 2152 salubritas
593 2089 863 2152 perpettue
885 2081 1053 2135 vitae.-

345 2151 400 2205 2.
449 2149 608 2206 Mors
635 2149 704 2205 in,
726 2151 904 2205 arbore
941 2155 1215 2222 factauon
1254 2150 1371 2220 fuit.
1397 2150 1500 2222 Sed
1530 2149 1657 2222 dicit
1685 2151 1875 2220 aliquis

267 2223 654 2290 calumniator,
674 2222 835 2278 Vides
855 2220 975 2292 quia
1008 2222 1057 2275 in
1087 2221 1173 2274 illa
1196 2223 1384 2292 arbore
1416 2220 1513 2275 fuit
1539 2221 1673 2275 facta
1697 2223 1875 2277 mors?

268 2293 722 2364 licspondeamus
750 2291 900 2347 vanae
921 2292 1218 2362 quaastioni.
1249 2291 1363 2345 Non
1395 2291 1490 2364 fuit
1513 2294 1669 2362 plane
1698 2293 1749 2346 in
1781 2308 1874 2348 ea-

265 2363 400 2419 dem
446 2366 640 2420 arbore
691 2365 845 2426 facta,
892 2363 986 2418 sed
1033 2365 1244 2417 inventa
1289 2378 1385 2432 per
1428 2363 1876 2418 hominemzham

311 2437 522 2492 robatio
575 2437 672 2490 fuit
726 2435 993 2498 hominis,
1052 2450 1158 2488 non
1215 2434 1460 2502 deceptio
1508 2435 1798 2490 Salv'atoris
1830 2435 1871 2488 ⁸.

303 2507 408 2563 iam
462 2508 507 2562 si
550 2507 690 2563 Deus
739 2506 1008 2560 hominem
1061 2519 1166 2558 non
1197 2513 1448 2571 amasset,
1481 2521 1580 2560 nec
1620 2513 1673 2560 et
1718 2503 1877 2560 fecis-

267 2589 389 2641 set;
422 2593 525 2633 nec
554 2588 607 2633 et
645 2587 798 2632 antea
830 2584 1217 2646 prtemoneret,
1251 2575 1295 2629 si
1322 2575 1643 2631 mortificare
1670 2577 1872 2632 voluis-

266 2659 376 2703 set.
401 2649 562 2718 Quod
591 2649 634 2702 si
663 2658 816 2704 antea
842 2663 950 2701 non
977 2655 1357 2718 prannoneret,
1391 2663 1493 2701 non
1519 2656 1633 2703 erat
1661 2647 1872 2704 miseri-

269 2717 482 2783 cordia,
525 2720 618 2774 sed
670 2721 946 2788 impietas;
977 2733 1078 2774 nec
1117 2717 1340 2786 justitia,
1371 2718 1463 2772 sed
1501 2718 1777 2787 injustitia,
1817 2728 1876 2774 ut

270 2791 388 2860 ipse
419 2790 839 2846 misericorditer
869 2791 1080 2845 fecisset
1105 2788 1398 2860 hominem,
1425 2797 1479 2842 et
1516 2788 1624 2843 labi
1661 2789 1876 2860 fecisset

268 2859 492 2931 iniuste.
542 2862 666 2917 lla-e
716 2862 959 2931 impietas
1005 2876 1104 2931 nec
1154 2860 1206 2913 in
1252 2859 1468 2931 homine
1509 2873 1628 2914 esse
1673 2859 1870 2931 debet:

268 2929 480 3003 quanto
501 2934 665 3003 magis
692 2929 872 2987 nec’in
903 2929 1202 3003 Dcofuisse
1221 2930 1484 3003 credenda
1505 2939 1603 3003 est,
1633 2931 1723 3001 qui
1754 2930 1874 2986 fons

268 2999 492 3072 pietatis
533 2999 873 3059 et'bonitatis
912 3002 1032 3057 est?
1056 3001 1183 3070 Quis
1221 2999 1712 3072 hominum,fratrés
1741 3003 1871 3070 mei,

267 3070 408 3142 opus
439 3091 595 3128 suum
628 3075 802 3143 perire
834 3073 1080 3142 patiatur,
1106 3081 1196 3125 aut
1221 3070 1479 3143 fabricam
1517 3086 1665 3126 suam
1705 3073 1874 3129 ruina:

269 3145 468 3210 tradat,
499 3156 590 3199 aut
619 3142 782 3200 filium
813 3160 971 3214 quem
1007 3142 1282 3214 genuitiii
1301 3144 1502 3197 foveam
1538 3143 1728 3198 mortis
1765 3144 1872 3199 im-

309 3215 492 3286 ingat?
517 3217 571 3269 Si
613 3217 662 3270 in
701 3212 915 3270 homine
955 3212 1053 3286 ista
1087 3212 1373 3286 crudelitas
1402 3229 1506 3286 non
1529 3221 1649 3286 est;
1677 3229 1776 3286 nec
1818 3215 1872 3270 in

309 3229 492 3286 rugat!
517 3229 571 3269 Si
613 3233 662 3270 in
701 3229 915 3270 nounue
955 3229 1053 3268 iSta
1087 3229 1373 3267 cruuentas
1402 3229 1506 3267 non
1536 3229 1649 3279 est;
1677 3229 1776 3270 nec
1818 3231 1870 3270 in

267 3229 383 3341 Ben
422 3287 613 3342 credas
654 3287 836 3352 fuisse,
867 3287 954 3356 qui
987 3285 1240 3338 fabricam
1283 3299 1454 3352 suam,
1493 3283 1547 3338 id
1578 3293 1667 3356 est
1699 3285 1870 3340 homi-

266 3371 396 3412 nem
418 3398 435 3422 ,
467 3357 607 3412 bene
632 3355 928 3427 disposuit,
960 3365 1013 3409 et
1043 3355 1341 3427 imminenti
1367 3356 1480 3426 ejus
1507 3355 1675 3427 ruina:
1704 3356 1871 3412 desti-

267 3443 394 3482 nam
442 3429 692 3497 praecepti
723 3426 758 3459 ⁷⁸
787 3427 1033 3491 sutiulsit,
1065 3441 1130 3480 ne
1173 3426 1420 3491 caderet;
1451 3426 1544 3481 sed
1581 3435 1727 3497 stare
1763 3443 1871 3482 non

267 3496 464 3580 potuit.
497 3496 709 3580 Quare?
739 3500 883 3580 Quia
914 3498 1098 3580 audire
1131 3497 1294 3580 Deum
1338 3497 1526 3580 noluit.
1563 3496 1720 3580 Quid
1742 3513 1871 3580 ergo

269 3567 604 3639 imputamns
630 3571 757 3632 Deo,
786 3571 828 3624 si
857 3569 1025 3623 Adam
1053 3567 1278 3628 cecidit;
1310 3569 1400 3639 qui
1429 3579 1483 3623 ut
1512 3570 1745 3637 caderet,
1777 3567 1870 3626 Dei

267 3651 600 3711 praeceptum
637 3640 993 3710 contempsit?

340 3713 392 3766 5.
439 3709 606 3765 Arbor
634 3729 730 3766 non
761 3722 867 3765 erat
907 3709 1060 3763 mala.
1096 3709 1191 3763 Res
1221 3709 1371 3763 mala:
1410 3725 1512 3762 non
1550 3719 1752 3778 natura,
1782 3713 1871 3766 sed

267 3783 406 3836 malo
439 3799 556 3836 usu.
586 3783 678 3837 Dic
709 3783 869 3847 mihi,
897 3781 1060 3836 arbor
1104 3781 1219 3849 ipsa
1261 3781 1400 3835 bona
1445 3779 1561 3847 fuit,
1595 3797 1661 3835 an
1694 3783 1870 3837 mala?

268 3851 521 3907 Dicturus
552 3869 627 3918 cs,
659 3854 789 3907 Mala
816 3872 829 3907 :
854 3854 989 3906 mala
1019 3853 1218 3922 utique,
1244 3851 1310 3906 de
1337 3867 1438 3921 qua
1471 3851 1632 3905 homo
1655 3867 1869 3921 pomum

268 3924 534 3994 rapiendo
566 3926 848 3979 mulctatus
874 3935 955 3979 est
977 3935 1147 3977 morte
1165 3924 1382 3994 “.Ergn,
1406 3923 1565 3977 arbor
1584 3923 1681 3976 fuit
1707 3925 1866 3991 mala,

267 4008 336 4047 an
377 3997 741 4065 transgressio
781 3995 1049 4048 mandati?
1076 3996 1234 4049 l’lane
1283 3995 1478 4047 arbor:
1505 4009 1625 4047 nam
1656 3994 1700 4048 si
1733 3997 1868 4050 mala

267 4080 376 4118 neu
410 4066 622 4131 fuisset,
654 4067 818 4120 Adam
850 4082 954 4120 non
984 4066 1266 4121 cecidisset
1286 4065 1325 4114 °.
1353 4065 1476 4118 Haec
1501 4065 1634 4118 dicis
1656 4082 1759 4118 non
1790 4067 1871 4120 in-

269 4136 504 4191 tendens
535 4140 780 4190 virtutem
812 4137 1226 4207 Scripturarum.
1255 4135 1385 4188 Nam
1435 4136 1590 4207 sicut,
1614 4137 1869 4204 scriptum

268 4217 353 4260 est
393 4210 447 4260 in
483 4208 570 4261 illa
602 4209 790 4262 arbore
829 4206 987 4260 fuisse
1017 4207 1439 4276 dignoscentiam
1471 4206 1595 4259 boni
1627 4216 1680 4259 et
1709 4208 1864 4274 mali;

267 4277 341 4331 ita
375 4279 632 4344 scriptum
663 4289 744 4332 est
763 4319 778 4343 ,
804 4277 870 4330 Et
897 4278 1018 4331 vidit
1047 4278 1182 4330 Deus
1221 4293 1334 4345 qua:
1362 4277 1500 4346 fecit,
1530 4286 1576 4330 et
1602 4292 1712 4329 ecce
1738 4277 1870 4330 bona

267 4349 420 4401 valde
444 4347 598 4416 (Gen.
631 4365 667 4415 ι,
693 4350 803 4417 3i).
829 4349 959 4403 lllud
991 4349 1165 4403 credis
1190 4347 1330 4418 quod
1359 4356 1409 4418 te
1435 4347 1485 4399 in
1514 4362 1749 4401 errorem
1783 4349 1867 4418 in-

268 4418 466 4484 ducat;
497 4430 550 4474 et
581 4422 679 4474 hoc
711 4436 818 4475 non
845 4420 1019 4474 credis
1044 4419 1184 4488 quod
1211 4417 1279 4476 ’tc
1318 4417 1384 4471 ad
1416 4418 1637 4471 salutem
1669 4417 1868 4486 perdu-

269 4491 390 4560 cat?
431 4491 518 4544 \‘is
567 4505 726 4544 nosse
769 4491 859 4560 qui
906 4490 1269 4553 calumniaris,
1302 4489 1425 4558 quia
1457 4489 1615 4560 arbor
1641 4489 1730 4542 illa
1759 4504 1869 4544 non

268 4559 368 4615 fuit
397 4562 561 4628 mala,
585 4563 679 4616 sed
709 4559 844 4616 bona
871 4578 885 4627 ;
915 4576 1014 4615 nec
1050 4562 1103 4615 in
1141 4576 1204 4615 ea
1241 4561 1374 4614 facta
1407 4568 1488 4613 est
1513 4575 1542 4612 a
1567 4559 1673 4614 Deo
1700 4573 1864 4627 mors,

271 4631 369 4686 sed
388 4632 552 4685 homo
574 4633 672 4686 sibi
701 4644 930 4687 mortem
955 4632 1189 4686 creavit?
1209 4632 1300 4686 Dic
1323 4630 1470 4690 mihi,
1497 4630 1868 4697 calumniator,

271 4702 476 4758 ferrum
520 4704 719 4757 bonum
765 4711 869 4768 est,
907 4717 975 4756 an
1015 4702 1250 4756 malum?
1276 4701 1404 4756 Sine
1431 4700 1593 4756 dubio
1628 4701 1872 4756 dicturus

269 4789 351 4839 es,
383 4775 598 4828 Malum.
634 4776 698 4828 Et
748 4789 914 4845 quare
966 4774 1185 4835 malum,
1227 4783 1281 4827 et
1322 4788 1446 4845 ιιειη⁸
1473 4772 1707 4845 bonum;
1746 4787 1871 4826 cum

271 4847 455 4900 omnia
484 4861 605 4916 qua:
633 4842 778 4901 Deus
801 4846 946 4914 fecit,
969 4845 1110 4900 bona
1134 4845 1243 4899 sint
1260 4842 1452 4899 valde?
1477 4843 1646 4911 Quale
1671 4842 1870 4898 bonum

347 5043 368 5076 ³
382 5049 568 5106 ιιιιίεδ.
588 5041 798 5106 duobus,
813 5040 1071 5106 mentium

348 5105 575 5174 fotiquot
597 5112 725 5174 Mss,
749 5100 959 5174 dulcedo
974 5100 1184 5174 mortis._
1278 5163 1331 5174 ﬂ
1381 5167 1413 5174 _
1610 5166 1623 5174 ‘
1692 5162 1702 5174 .

343 5158 546 5234 ftn__ri_u.
569 5173 674 5234 ne,
696 5158 882 5234 iatutis.
907 5172 966 5215 At
982 5166 1033 5214 in
1049 5163 1369 5234 δμωαί-ιιι
1381 5167 1478 5234 ες.)
1499 5158 1754 5234 saluta-ris;

340 5229 364 5260 δ
383 5229 508 5297 Editi
524 5263 541 5288 ,
586 5223 874 5297 destinatam
930 5223 1186 5297 prwc'epto.
1226 5223 1392 5297 Melius
1566 5258 1583 5284 ,

273 5285 535 5363 prweepti.’
550 5293 745 5363 uestina
775 5285 955 5363 quippe
992 5285 1320 5363 sumitur‘pro
1345 5286 1557 5363 fabricae
1603 5285 1867 5363 fulcimine.

275 5348 348 5402 Sic
378 5348 509 5402 Beda
553 5354 606 5400 in
629 5348 833 5415 Historia
861 5348 1172 5415 'Anglorum,
1212 5348 1297 5397 lib.
1345 5349 1393 5406 5,
1432 5362 1553 5415 cap.
1600 5349 1696 5398 i7:
1733 5368 1764 5415 μ
1787 5356 1872 5415 Fa-

282 5431 305 5460 (
327 5424 461 5465 ctum
507 5422 587 5465 est
621 5421 676 5464 ut
719 5413 914 5464 acclinis
935 5411 1160 5472 destinae,
1182 5425 1292 5474 qua:
1317 5411 1626 5474 extrinsecus
1649 5411 1872 5461 ecclesiae

283 5494 309 5546 ii
328 5490 417 5546 pro
455 5478 724 5546 munimine
762 5477 1135 5546 eratapposita,
1169 5473 1409 5546 a’etc._1n_
1445 5473 1684 5546 ejusdem
1700 5473 1872 5546 capitis

276 5534 419 5590 tit'ulo
440 5539 592 5588 editio
615 5552 737 5588 nova
753 5534 1022 5598 substituit,
1055 5554 1077 5581 ι
1096 5541 1294 5598 apposta
1311 5534 1559 5597 Ecclesiae;
1584 5552 1605 5580 ι
1637 5537 1722 5585 ubi
1745 5534 1871 5584 anti-

375 5637 389 5662 ,
423 5620 446 5647 ι
467 5600 661 5651 destina
678 5599 918 5662 Ecclesiae.
943 5615 967 5644 ι
989 5597 1144 5662 Utitur
1165 5597 1482 5662 eademvoee
1507 5599 1799 5662 Augustinus
1823 5598 1872 5662 in

375 5637 389 5662 ,
423 5620 446 5647 α
467 5615 661 5651 aesuna
678 5615 918 5651 ωειθειξιε.
943 5615 967 5644 1
993 5615 1144 5647 υιιιυι·
1165 5615 1338 5647 880811]
1362 5615 1482 5648 VOCC
1507 5615 1799 5660 Augustinus
1823 5615 1872 5646 In

278 5615 373 5712 2::
392 5676 547 5714 serm.
575 5662 650 5725 12,
677 5670 721 5712 s.
753 5660 940 5711 Braulio
982 5661 1035 5710 in
1058 5661 1160 5709 vita
1181 5666 1225 5709 s.
1267 5659 1434 5709 tsidori
1475 5658 1652 5723 Hispal.
1668 5659 1816 5722 apri].
1840 5657 1872 5707 4

279 5728 576 5858 έρξῗὲῗιτιίο
597 5793 704 5856 Mss.
731 5791 802 5858 At.
810 5785 946 5846 editi,
962 5789 1171 5858 mutatus
1185 5790 1264 5858 ea
1280 5784 1332 5858 in
1348 5791 1564 5858 meum,

277 5849 286 5893 ι
317 5849 364 5920 ,⁸
383 5857 615 5920 micon,
639 5847 684 5899 si
703 5845 1138 5912 malanonfuisset,
1179 5845 1360 5899 homini
1397 5853 1598 5898 mortem
1633 5857 1728 5896 non
1762 5858 1870 5912 pro-

281 5917 506 5976 mm.

564 5995 791 6058 Sutor.
838 5996 1116 6059 Auens'r.
1161 5994 1239 6058 V.

1769 398 1851 459 SE
1860 397 1999 456 RMO
2036 399 2076 455 l.

3430 415 3569 476 i738

1991 519 2125 575 dicis
2167 534 2286 577 esse
2323 521 2555 600 ferrum,
2594 525 3010 600 unde‘homines
3035 527 3408 600 perimuntur?
3431 534 3572 592 Audi

1988 605 2128 670 ergo
2143 611 2153 645 :
2181 594 2625 670 non‘ferrumest
2652 598 2882 670 malum;
2910 600 3003 655 sed
3026 594 3114 670 qui
3143 601 3211 657 ad
3238 601 3446 660 facinus
3469 607 3574 662 uti-

1988 662 2074 717 tur
2102 662 2266 744 ferro,
2295 665 2410 744 ipse
2436 667 2606 721 malus
2634 679 2735 744 est.
2765 662 2900 744 Nam
2925 673 3006 726 vis
3032 662 3190 728 nosse
3215 674 3338 744 quia
3370 676 3570 732 bonum

1985 744 2067 815 e_s_t
2109 736 2339 815 ferrum?
2367 736 2512 792 Unus
2551 752 2616 815 eo
2646 740 2810 815 utitur
2837 741 2916 815 ad
2935 736 3486 815 putandum-vineam,
3515 758 3572 804 et

1985 807 2121 888 alius
2287 809 2695 888 perpetrandum
2727 807 3068 888 homicidium
3100 815 3276 888 ;_alius
3309 833 3370 874 se
3404 807 3574 888 pascit

1985 874 2152 942 ferro,
2190 874 2324 953 alius
2369 874 2706 953 innocentem
2748 883 2960 950 perimit
2997 884 3172 953 gladio
3205 903 3217 939 :
3251 874 3571 946 unus-ferro

1984 962 2167 1017 agrum
2197 951 2342 1016 colit,
2373 951 2510 1023 alius
2541 953 2590 1005 in
2620 951 2771 1007 fauce
2801 953 2942 1008 ferro
2975 951 3320 1023 ‘sanguinem
3353 959 3524 1016 fundit
3553 980 3567 1015 :

1983 1034 2122 1073 unus
2160 1029 2424 1095 operatur
2449 1020 2594 1076 ferro
2634 1031 2702 1095 ut
2726 1024 2890 1078 vitam
2936 1020 3196 1081 susteniet
3233 1043 3405 1095 suam,
3437 1033 3571 1088 alius

1984 1099 2163 1172 autem
2202 1089 2345 1172 ferro
2379 1093 2540 1172 vitam
2577 1094 2734 1164 eripit
2758 1095 3005 1172 alienam.
3031 1096 3162 1151 Nam
3189 1108 3243 1172 et
3262 1089 3424 1170 judei
3451 1104 3567 1172 gla-

1983 1159 2127 1232 dium
2173 1171 2369 1229 portat,
2407 1174 2464 1217 ut
2511 1165 2562 1218 in
2604 1159 2752 1219 reum
2795 1167 3200 1232 animadvertat,
3233 1159 3569 1229 iiiiioeeniein

1982 1231 2243 1286 absolvat.
2282 1233 2469 1288 Adhuc
2511 1235 2667 1301 audi,
2698 1236 2743 1288 si
2774 1245 2943 1300 vacat,
2976 1231 3345 1296 calumniator.
3377 1244 3569 1298 Vinum

1982 1301 2181 1356 bonum
2207 1303 2338 1358 dicis
2362 1319 2501 1379 esse,
2526 1321 2593 1358 an
2613 1306 2818 1379 malum
2835 1307 2858 1360 ?
2878 1308 3012 1362 Puto
3031 1310 3172 1379 quod
3200 1310 3394 1367 bonum
3419 1315 3566 1372 dicas

1982 1386 2253 1449 essenon
2283 1375 2479 1449 malum
2499 1391 2512 1439 ;
2538 1375 2716 1449 ethoc”
2736 1379 2997 1448 aequitatis
3021 1375 3240 1449 judicio,
3267 1399 3370 1437 non
3397 1386 3569 1441 ebrie-

1983 1444 2108 1516 ia-tis
2138 1444 2414 1516 beneficio.
2440 1446 2582 1516 Ergo
2607 1444 2816 1501 bonum
2835 1457 2918 1503 est
2939 1444 3137 1504 viuum.
3163 1444 3366 1508 Bonum
3389 1457 3564 1511 valde.

1983 1513 2148 1579 Bene,
2192 1515 2335 1585 quod
2389 1516 2439 1570 in
2487 1513 2612 1572 vino
2658 1518 2935 1574 confessus
2975 1535 3035 1576 es
3074 1522 3268 1578 bonam
3315 1540 3435 1581 esse
3473 1527 3568 1581 Dei

1983 1595 2277 1668 creaturam
2304 1595 2393 1668 εει
2418 1602 2517 1658 ego
2546 1587 2806 1668 conﬁteor
2833 1590 3025 1668 bonam
3065 1607 3205 1668 esse.
3233 1595 3408 1668 Quare
3443 1613 3569 1668 ergo

1987 1671 2122 1727 unus
2168 1658 2358 1727 accipit
2403 1673 2524 1712 cum
2573 1659 2878 1725 sobrietate,
2929 1662 3063 1717 alius
3107 1664 3172 1718 ad
3219 1658 3569 1722 ebrietatem?

1983 1725 2246 1807 Numquid
2278 1725 2398 1807 quia
2428 1745 2565 1807 uuus
2597 1730 2668 1807 de
2703 1746 2770 1807 eo
2805 1732 3039 1807 ebriatufr
3066 1742 3125 1807 et
3145 1737 3313 1807 turpis
3337 1738 3564 1807 videtur,

1986 1797 2108 1878 ideo
2130 1799 2266 1878 mala
2289 1800 2516 1878 dicenda
2533 1811 2615 1878 est
2636 1802 2728 1856 Dei
2744 1806 3026 1878 creatura?
3047 1805 3196 1862 Alius
3217 1797 3396 1864 sobrie
3413 1797 3566 1878 bibit,

1981 1876 2035 1921 et
2055 1869 2216 1948 Deum
2230 1871 2289 1948 in
2309 1871 2420 1940 ipsa
2439 1871 2726 1948 sobrietate
2744 1873 3009 1948 benedieit
3034 1894 3048 1931 :
3070 1891 3191 1931 nam
3219 1880 3306 1948 qui
3333 1869 3567 1934 inebria;

1985 1947 2095 2014 tur,
2130 1940 2182 1993 in
2227 1941 2428 2014 foveam
2461 1942 2620 2014 cadit,
2653 1952 2705 1997 et
2733 1944 3012 2014 aliquoties
3035 1940 3277 2004 mortem
3322 1951 3563 2007 incurrit.

1981 2008 2096 2089 Qibi
2121 2026 2257 2080 quos
2284 2012 2436 2066 nobis
2459 2013 2714 2089 Dominus
2734 2008 2918 2089 largiri
2945 2017 3190 2089 dignatus
3213 2030 3295 2076 est
3317 2022 3382 2075 ad
3413 2033 3566 2076 uten-

1980 2079 2151 2145 dum,’
2178 2097 2282 2135 non
2323 2092 2444 2136 sunt
2475 2085 2618 2160 mali,
2656 2085 2747 2160 sed
2779 2079 2901 2140 boni
2933 2105 2945 2140 :
2978 2079 3032 2142 ei
3061 2098 3237 2144 tamen
3266 2093 3310 2146 si
3336 2094 3566 2160 amplius

1982 2163 2391 2232 priesuinantur,
2416 2156 2696 2232 perniciosi
2722 2166 2846 2212 sunt
2864 2167 2918 2212 et
2939 2160 3129 2232 nocivi.
3155 2156 3565 2232 Numquidideo

1981 2221 2205 2304 dicenda
2233 2233 2314 2304 est
2339 2221 2477 2278 mala
2507 2226 2602 2304 Dei
2624 2231 3035 2304 creatura,'quia
3059 2241 3232 2304 nocet,
3261 2221 3351 2287 aut
3375 2235 3567 2304 aliqui-

1981 2291 2081 2346 bus
2109 2295 2404 2368 perniciosa
2434 2296 2547 2351 est?
2571 2296 2675 2352 Sed
2703 2299 2824 2368 quia
2855 2299 2906 2353 in
2929 2291 3228 2368 perniciem"
3245 2305 3430 2359 salutis
3452 2291 3564 2360 sua:

1981 2365 2207 2442 amplius
2255 2365 2884 2442 prze_suinunt,_et'quod
2925 2365 3064 2442 Deus
3106 2375 3289 2442 generi
3333 2376 3566 2432 humano

1981 2434 2204 2515 iargitus
2227 2434 2329 2515 est,
2360 2439 2488 2508 ipsis
2518 2434 2895 2515 nocivum-Arest.
2923 2440 2994 2498 Et
3016 2434 3135 2510 quae
3157 2444 3394 2500 dicturus
3420 2462 3561 2515 sum,

1980 2504 2128 2584 bene.
2159 2504 2406 2584 omnibus
2435 2520 2558 2564 nota
2590 2520 2732 2565 sunt.
2762 2512 2971 2584 scimus
3000 2504 3205 2584 aliquos
3240 2517 3408 2572 multo
3441 2504 3564 2572 vino

1981 2585 2036 2631 et
2064 2577 2183 2653 cibo
2208 2580 2567 2653 przefocatos:
2596 2582 2850 2653 numquid
2882 2584 2932 2637 in
2962 2577 3208 2640 vino'aut
3237 2586 3290 2640 in
3321 2589 3440 2643 cibo
3469 2590 3568 2645 fuit

1981 2648 2166 2702 mors?
2195 2649 2347 2723 Absit
2372 2669 2385 2704 :
2409 2651 2500 2723 sed
2533 2648 2937 2723 intemperantia
2969 2655 3204 2710 ciborum
3235 2658 3360 2712 fecit
3389 2675 3481 2714 eos
3510 2662 3564 2715 in

1981 2727 2208 2774 mortem
2235 2721 2446 2776 cadere.
2468 2721 2556 2777 Sic
2583 2733 2638 2778 et
2665 2721 2862 2778 ferrum
2889 2740 2993 2779 non
3025 2725 3144 2781 ideo
3169 2727 3452 2783 dicendum
3481 2741 3565 2787 est

1981 2790 2201 2870 maium,
2231 2793 2353 2861 quia
2381 2792 2455 2870 de
2482 2809 2547 2847 eo
2569 2795 2719 2870 latro
2744 2796 3246 2870 facithomicidium
3277 2800 3418 2870 :rsed
3448 2802 3563 2870 ipse

1980 2862 2152 2935 malus
2180 2871 2280 2935 est,
2305 2863 2394 2932 qui
2421 2877 2487 2918 ‘eo
2503 2865 2670 2935 utitur
2693 2865 2760 2920 ad
2783 2866 3148 2935 perimendum
3174 2862 3563 2927 hominemflta

1980 2939 2035 2985 et
2062 2931 2146 3011 illa
2175 2931 2463 3011 arbornon
2492 2933 2589 3011 fuit
2614 2931 2897 3011 malafsed
2934 2938 3070 2991 bona
3095 2955 3108 3003 ;
3137 2942 3232 2994 sed
3273 2939 3370 2995 fuit
3405 2943 3566 3011 plane

1980 3002 2177 3081 malum
2209 3005 2349 3074 quod
2377 3005 2536 3061 homo
2562 3007 2657 3081 Dei
2687 3019 3011 3081 praeceptqu
3045 3002 3517 3081 transgressus-est
3544 3028 3560 3068 :

1978 3087 2102 3147 nam
2133 3074 2330 3147 bonum
2368 3087 2446 3131 est
2485 3074 2736 3147 quidquid
2779 3074 2916 3132 Deus
2956 3078 3156 3134 homini
3193 3074 3266 3136 ad
3309 3083 3564 3138 utendum

1981 3143 2779 3224 iribueredignatusesthccc
2804 3149 2872 3204 de
2897 3150 3044 3224 Novo
3066 3150 3408 3224 Testamento
3439 3171 3564 3224 pro-

1979 3213 2504 3292 ferotestiniouium,
2528 3219 2812 3292 bonaesse
2830 3222 3006 3275 omnia
3029 3238 3146 3292 qua:
3168 3223 3308 3278 Deus
3333 3213 3480 3280 fecit.
3506 3225 3563 3281 ln

1979 3285 2202 3363 Actibus
2246 3289 2621 3363 Apostolorum
2668 3291 2922 3363 legimus,
2955 3285 3289 3348 obdormisse
3319 3293 3560 3363 Petrum,

1981 3365 2034 3434 et
2063 3357 2473 3434 visumvtdisse,
2504 3360 2698 3434 deponi
2723 3357 2794 3417 de
2818 3364 2955 3417 coelo
2980 3377 3072 3417 vas
3095 3365 3361 3434 quoddam
3382 3357 3566 3423 candi;

1979 3425 2105 3480 dum
2134 3439 2191 3482 ut
2221 3425 2465 3505 linteum,
2501 3433 2555 3485 in
2577 3425 2693 3505 'quo
2730 3441 2886 3505 erant
2909 3425 3294 3505 quadrupedia,
3331 3438 3564 3494 volatilia

1979 3508 2035 3575 et
2063 3500 2331 3575 serpentia
2362 3511 2514 3556 terra:
2536 3500 2726 3575 posita.
2746 3500 2964 3575 Etdiiiit
2985 3504 3049 3556 ad
3072 3500 3192 3559 eum
3217 3500 3316 3560 vo’x
3339 3524 3350 3557 :
3374 3508 3559 3575 Surge,

1979 3567 2164 3634 Patre,
2186 3572 2385 3624 victima
2425 3582 2470 3625 et
2510 3567 2780 3627 manduca.
2818 3574 2882 3627 Et
2911 3574 3101 3629 Petrus
3127 3575 3202 3629 ait
3227 3594 3239 3630 :
3262 3576 3421 3640 Absit,
3454 3567 3566 3633 [30;

1978 3641 2113 3693 mine
2127 3657 2154 3715 _;
2178 3645 2413 3715 quoniam
2442 3659 2698 3715 (tanquam
2716 3645 2909 3715 comedi
2934 3661 3079 3699 omne
3104 3661 3369 3700 commune
3391 3657 3439 3702 et
3465 3650 3564 3703 im-

1977 3711 2239 3764 mundum.
2286 3712 2384 3786 Qui
2424 3711 2600 3786 dixit:
2631 3713 2778 3786 Quod
2815 3713 2954 3786 Deus
2981 3717 3363 3786 'eanctiﬁcavit,
3406 3728 3460 3772 tu
3500 3735 3566 3774 ne

1979 3798 2243 3836 commune
2271 3784 2458 3837 dixeris
2487 3783 2621 3908 ςΑοι.
2649 3800 2703 3848 x,
2730 3785 2944 3857 11-15).
2972 3785 3110 3852 Quid
3136 3783 3238 3853 est,
3271 3789 3564 3845 calumnia-

1979 3854 2096 3906 tor?
2135 3854 2270 3908 Ecce
2300 3870 2406 3908 non
2437 3872 2496 3907 so
2522 3871 2608 3908 um
2647 3854 2820 3908 bona.
2848 3856 2943 3908 sed
2982 3867 3036 3908 et
3076 3857 3402 3908 sanctificata
3443 3877 3563 3908 esse

1979 3854 2096 3906 tor?
2135 3854 2270 3908 Ecce
2300 3870 2406 3908 non
2437 3854 2608 3908 solum
2647 3854 2820 3922 bona,
2848 3854 2943 3912 sed
2982 3867 3036 3912 et
3076 3857 3402 3914 sanctificata
3443 3877 3563 3917 esse

1977 3925 2153 3977 omnia
2181 3925 2360 3979 divino
2383 3941 2476 3980 ore
2505 3927 2860 3994 probavimus.

2047 3995 2101 4047 4.
2143 3994 2417 4067 Peccatum
2444 3998 2538 4050 soli
2567 3997 2692 4051 Adw
2719 3997 3093 4067 imputandum,
3129 4016 3228 4052 non
3255 4001 3446 4063 arbori,
3473 4013 3562 4055 aut

1976 4063 2106 4118 Deo.
2133 4066 2306 4119 Arbor
2347 4066 2461 4120 hare
2501 4083 2606 4120 non
2653 4069 2747 4122 fuit
2787 4063 2944 4132 inala,
2975 4063 3258 4134 sedbona,
3293 4087 3389 4124 nec
3418 4072 3472 4124 in
3500 4088 3561 4126 ea

1975 4136 2173 4205 aliquid
2215 4137 2340 4190 mali
2380 4140 2550 4206 potuit
2586 4139 2804 4206 reperiri
2830 4157 2844 4191 :
2868 4139 2962 4192 sed
2995 4141 3153 4194 homo
3183 4139 3279 4193 fuit
3302 4157 3332 4195 a
3361 4153 3560 4196 semet-

1975 4206 2094 4279 ipso
2141 4207 2332 4279 malus,
2374 4208 2650 4279 quiimale
2693 4224 2840 4279 usus
2867 4220 2950 4262 est
2994 4209 3134 4264 bono
3173 4211 3312 4279 quod
3365 4213 3564 4268 fecerat

1977 4277 2139 4331 Deus.
2170 4277 2228 4349 lu
2263 4277 2365 4332 hoc
2393 4278 2530 4349 mala
2559 4279 2804 4332 voluntas
2833 4278 3062 4334 hominis
3099 4277 3472 4349 cog—noscitur;
3507 4296 3564 4338 ut

1975 4350 2059 4402 cui
2088 4348 2262 4402 omnis
2289 4347 2564 4417 paradisus
2592 4349 2853 4419 subjacuit
2874 4390 2888 4414 ,
2931 4351 2998 4404 ad
3042 4347 3288 4405 arborem
3335 4353 3561 4408 interdi-

1975 4427 2114 4472 ctam
2153 4433 2370 4473 manum
2411 4419 2708 4474 extendens
2748 4429 2974 4474 mortem
3021 4423 3258 4476 incurrit.
3301 4423 3356 4477 Si
3402 4440 3560 4484 unam

1975 4489 2226 4562 arborem
2269 4491 2316 4544 ei
2347 4489 2614 4562 divinitas
2660 4491 2941 4561 largiretur
2961 4534 2976 4556 ,
3002 4501 3056 4546 et
3080 4493 3255 4546 omnis
3284 4495 3564 4562 paradisus

1975 4557 2165 4636 fuisset
2187 4560 2502 4636 interdictus
2525 4579 2539 4626 ;
2565 4557 2808 4636 sufficere
2829 4562 3086 4636 debuerat
3105 4564 3243 4631 quod
3270 4557 3563 4636 eilargitus

1977 4637 2061 4703 est
2087 4630 2244 4703 Deus.
2274 4630 2380 4686 Sed
2409 4633 2530 4703 quia
2557 4634 2783 4703 amplius
2810 4634 2980 4687 voluit
3003 4630 3161 4702 quam
3202 4635 3343 4702 quod
3382 4630 3451 4690 ei'
3470 4653 3564 4693 vo-

1975 4699 2155 4776 luntas
2185 4699 2459 4772 largientis
2485 4699 2734 4776 indulsit;
2763 4712 2819 4758 et
2848 4704 2949 4776 hoc
2973 4699 3324 4776 quodhabuit
3361 4709 3560 4776 amisit,

1977 4781 2032 4828 et
2079 4773 2131 4827 in
2180 4781 2411 4829 mortem
2459 4775 2801 4828 nihilominus
2848 4773 3090 4829 incurrit.
3122 4775 3405 4832 Peccatum
3432 4773 3564 4834 Adae

1976 4843 2062 4920 cui
2090 4843 2595 4920 imputandumest?
2618 4847 2728 4920 Deo
2752 4846 2842 4920 qui
2869 4846 3094 4920 monuit,
3134 4856 3227 4902 aut
3260 4851 3309 4920 ei
3345 4850 3433 4920 qui
3471 4866 3566 4906 au-

1977 4914 2095 4969 dire
2125 4914 2333 4990 uoluit?
2357 4915 2566 4990 medico
2596 4916 2683 4983 qui
2711 4917 2986 4990 vulnerato
3014 4917 3332 4990 observandi
3363 4914 3567 4990 praece-

1978 4993 2130 5056 ptum
2159 4985 2322 5062 dedit,
2348 4994 2440 5038 aut
2463 4987 2738 5040 vulnerato
2769 4987 2860 5062 _qui
2900 4997 3086 5043 contra
3129 4989 3320 5044 medici
3362 4985 3565 5062 praece-

1977 5066 2126 5138 ptum
2158 5058 2319 5138 uo‘xiu
2364 5071 2520 5138 poma
2559 5057 2821 5126 gustando
2864 5074 3076 5138 causam
3125 5057 3564 5138 transgressionis

1978 5126 2237 5200 incurrit?
2258 5126 2584 5200 Medicorum
2611 5142 2698 5182 ars
2729 5138 2830 5195 est,
2861 5139 2917 5183 ut
2943 5130 3022 5184 eis
3056 5147 3189 5200 quos
3219 5126 3450 5188 viderint
3481 5137 3565 5188 ni-

1977 5200 2082 5275 mia
2109 5197 2426 5275 mgritudine
2455 5199 2778 5275 laborantes,
2805 5215 2867 5254 ea
2900 5197 3218 5275 prohibeant
3243 5221 3362 5273 quae
3389 5207 3566 5275 perui-

1977 5271 2118 5324 ciosa
2139 5269 2428 5344 saluti_,_aut
2451 5269 2741 5339 periculum
2767 5269 3074 5344 procurent.
3094 5273 3246 5342 Quod
3259 5269 3315 5328 'si
3337 5269 3568 5344 ari-gratus

1977 5348 2160 5412 contra
2188 5340 2381 5394 medici
2413 5349 2731 5410 praeceptum
2753 5357 2846 5411 per
2867 5340 3327 5412 intemperantiam
3350 5340 3563 5402 eontra-

1977 5411 2061 5485 ria
2085 5427 2326 5485 sumens,
2354 5421 2581 5466 mortem
2609 5412 2854 5466 inciderit
2877 5429 2890 5476 ;
2918 5415 3042 5484 quid
3076 5417 3306 5483 pertinet
3337 5419 3566 5485 medico,

1977 5483 2067 5552 qui
2107 5483 2402 5552 praevidens
2445 5497 2700 5550 causam,
2747 5483 3178 5539 observationem
3223 5487 3448 5542 indixit?
3493 5483 3568 5544 Ita

2041 5598 2216 5666 {Apud
2236 5599 2552 5666 Ambrosium,
2572 5598 2623 5650 in
2651 5597 2758 5650 acie
2798 5597 2935 5666 ferri.
2968 5597 3137 5649 Melius
3167 5601 3362 5651 codices
3397 5606 3566 5666 nostri,

1975 5659 2226 5725 iurati—ce;
2263 5661 2314 5711 id
2349 5669 2443 5725 est,
2477 5663 2547 5725 _in
2599 5659 2808 5725 angusto
2868 5663 3052 5725 viarum
3109 5674 3378 5724 congressu
3395 5700 3408 5724 ,
3452 5659 3570 5717 insi;

1975 5722 2070 5773 diis
2089 5731 2148 5786 et,
2161 5722 2427 5786 latrociniis
2445 5722 2853 5786 idoneo.liavoce
2885 5724 3036 5786 utitur
3073 5722 3378 5786 Auguétiuus,
3398 5722 3568 5780 'enarr.

1976 5786 2028 5834 in
2050 5785 2220 5835 Psalm.
2245 5785 2325 5846 86,
2360 5803 2382 5832 tt
2413 5794 2511 5837 Hoc
2543 5787 2660 5836 fecit
2705 5785 2790 5836 ille
2811 5787 2958 5846 latro,
2985 5785 3154 5836 fortior
3169 5787 3219 5835 in
3254 5800 3401 5839 cruce
3423 5803 3568 5846 quam

1985 5864 2009 5893 ι
2030 5850 2081 5896 in
2118 5849 2287 5916 fauce;
2319 5866 2341 5895 ι
2371 5862 2531 5916 euerr.
2553 5850 2620 5916 in
2650 5849 2822 5899 Psalm.
2847 5848 2935 5909 53,
2960 5859 3151 5898 necnon
3185 5848 3237 5898 in
3257 5848 3570 5916 Evangelium

1983 5912 2181 5961 Joannis
2203 5919 2358 5964 tract.
2393 5913 2441 5974 7,
2465 5926 2516 5962 ιι.
2544 5911 2619 5962 12.

2678 5997 3234 6082 (Cinquantc-ct‘nq
3253 6002 3298 6076 λ
