4062 6368
505 407 650 469 1⁸143

506 521 770 580 amicitias
799 515 1064 590 ponimus,
1096 515 1222 590 dum
1253 513 1332 590 eis
1357 513 1426 590 ad
1452 513 1908 590 cupiditatemch
1935 513 2092 590 luxu—

507 596 642 650 riam
680 585 1074 652 consentimus,
1125 587 1240 640 sine
1282 585 1446 641 dubio
1499 586 1614 642 hinc
1663 587 1892 642 amicitia
1943 585 2097 640 nobis

510 665 740 721 efﬁcitur
769 664 820 715 in
849 660 1078 714 ruinam.
1111 658 1176 712 Et
1205 657 1326 712 ideo
1351 665 1604 726 quantum
1635 672 1941 728 po-isumus,
1974 671 2096 728 cum

509 736 606 791 Dei
646 731 910 804 adiutorio
957 743 1054 804 pro
1095 729 1266 782 salute
1314 729 1507 783 anima:
1561 727 1899 804 laboremus;
1945 735 1999 782 et
2043 727 2096 780 in

507 821 638 876 agro
667 801 843 876 cordis
869 801 1072 876 nostri,
1113 815 1271 876 quem
1303 807 1516 868 peccata
1545 801 1630 854 vel
1661 801 1884 876 crimina
1912 811 2096 876 posse-

507 869 735 938 dérant,
776 873 1000 928 virtutes
1044 869 1398 926 inti-omittere
1425 886 1708 934 curenms,
1755 879 1814 924 ut
1861 870 1912 924 in
1945 869 2098 923 nobis

509 946 792 1018 impleatur
833 942 960 1018 illud
1002 941 1144 1014 quod
1191 942 1392 1018 beatus
1429 941 1576 1018 Isaac
1622 941 1676 994 in
1727 938 2096 1018 typongbristi

507 1009 832 1072 benedicens
878 1009 1044 1068 ﬁliuni
1090 1028 1242 1068 suum
1286 1012 1462 1067 dixit:
1495 1009 1627 1066 Ecce
1670 1009 1796 1066 odor
1836 1010 1932 1080 ﬁlii
1979 1011 2096 1080 mei,

506 1087 636 1142 sicut
685 1085 812 1156 odor
854 1087 966 1156 agri
1005 1083 1175 1156 pleni,
1228 1085 1308 1138 cui
1353 1083 1600 1156 benedixit
1645 1079 1894 1156 Dominus
1929 1079 2095 1156 (Gen.

506 1104 636 1142 sicut
685 1104 812 1140 οαοι·
854 1104 964 1156 (1ng
1045 1104 1175 1148 tem,
1228 1104 1308 1138 cut
1353 1104 1600 1136 uenenum
1645 1104 1894 1136 uenimus
1941 1104 2095 1148 (ben.

505 1173 679 1238 xxvii,
710 1155 802 1238 ‘27)
831 1175 843 1209 :
877 1104 1760 1238 quotripse_przesta‘reodignetur,
1809 1153 1898 1234 cui
1929 1152 2100 1238 honor

509 1235 566 1284 et
605 1223 908 1298 imperium'
934 1223 1246 1282 cum'Patrc
1287 1237 1343 1282 et
1370 1225 1570 1296 Spiritu
1603 1233 1789 1280 sancto
1819 1225 1872 1278 in
1903 1223 2098 1279 saecula

507 1300 847 1356 saeculorum.
877 1299 1050 1354 Amen
1081 1299 1120 1350 ³.

1052 1387 1284 1446 SEBMO
1324 1387 1387 1443 ιιι
1443 1388 1544 1460 (a).

963 1501 1043 1556 De
1079 1501 1221 1556 beato
1259 1499 1516 1554 Abraham
1555 1499 1653 1574 (b).

583 1599 636 1653 1.
667 1595 928 1651 Abraham
942 1595 1342 1666 justiﬁcatnsea:
1356 1593 1490 1666 ﬁde.
1509 1623 1581 1666 ~7-
1600 1591 1823 1666 Credidit
1845 1591 2101 1666 Abraham

511 1670 644 1734 Deo,
689 1677 735 1722 et
761 1661 1171 1736 deputa'tttnt'estt
1193 1663 1270 1717 illi
1297 1661 1377 1716 ad
1397 1664 1652 1736 justitiam
1691 1661 2096 1736 (Gentsxvtﬁt),

513 1733 654 1796 Ecce
680 1739 796 1794 sine
821 1733 984 1806 opere
1019 1735 1340 1806 justiﬁeatur
1376 1733 1440 1788 ex
1483 1734 1588 1806 lidc
1608 1775 1624 1800 ,
1663 1743 1718 1788 et
1745 1733 1996 1806 quidquid
2027 1734 2100 1788 illi

511 1813 670 1879 legali
703 1805 882 1879 posset
907 1805 1573 1879 observationeconlerri,
1621 1805 2102 1879 totumcredulitas

511 1828 562 1867 te
601 1828 670 1866 an
703 1828 882 1879 posset
907 1828 1279 1862 ouservautmc
1308 1828 1573 1872 cuntcrt‘t,
1621 1828 1786 1860 unum
1815 1828 2099 1860 creuuttus

511 1828 626 1938 so‘ia
673 1881 909 1935 donavit.
963 1880 1082 1948 Ipse
1125 1878 1226 1933 sibi
1274 1876 1447 1930 fuerat
1477 1877 1612 1948 ilex,
1650 1877 1750 1948 qui
1797 1875 1964 1945 legem
1993 1891 2099 1930 non

513 1960 812 2022 acceperat,
847 1946 1034 2022 natura
1063 1957 1238 2022 tamen
1269 1947 1523 2022 quidquid
1557 1947 1688 2016 legis
1719 1946 1892 2000 fuerat
1917 1949 2102 2022 obser-

511 2018 670 2078 vabat
701 2023 874 2094 (Rom.
907 2037 978 2082 ιι,
1013 2019 1424 2094 lli)._A_bra_ham
1454 2018 1612 2094 Pater
1653 2027 1836 2094 noster
1867 2019 2098 2072 radicem

513 2095 635 2149 ﬁdei
667 2089 1004 2161 noininisque
1031 2089 1307 2145 christiani
1342 2089 1587 2152 habebat,
1621 2091 1706 2158 qui
1736 2104 1854 2161 cum
1887 2105 1948 2142 ex
1979 2105 2103 2158 pro-

517 2167 742 2234 prietate
765 2159 992 2232 genuina
1022 2161 1086 2234 ad
1113 2161 1315 2214 incerta
1337 2169 1500 2234 atque
1522 2161 1800 2234 peregrina
1826 2159 2103 2234 juberetur

514 2230 662 2290 exire
683 2276 697 2300 ,
732 2230 838 2288 tota
869 2232 1150 2287 devotione
1176 2231 1464 2298 complevit
1495 2247 1507 2281 :
1533 2230 1621 2300 cui,
1663 2231 1716 2284 in
1749 2245 1806 2284 re
1835 2243 1938 2284 tam
1968 2231 2100 2286 dura

513 2307 656 2360 nulla
684 2299 945 2360 dubitatio
985 2303 1110 2364 fuit,
1139 2301 1232 2356 sed
1261 2301 1580 2372 sententiam
1611 2299 1701 2372 Dei
1733 2311 1982 2370 tanquam
2011 2302 2100 2372 qui

514 2387 699 2446 Optare
727 2375 1014 2446 videretur,
1047 2373 1270 2446 accepit.
1318 2370 1419 2424 Exi
1441 2413 1456 2436 ,
1495 2371 1683 2446 inquit
1707 2373 1958 2426 lloniiuus
1983 2411 1996 2428 .
2033 2370 2104 2428 de

515 2443 648 2501 terra
677 2457 760 2500 tua
792 2455 836 2498 et
873 2445 935 2498 de
971 2445 1266 2514 cognatione
1293 2452 1380 2494 tua
1401 2484 1415 2506 ,
1457 2444 1638 2514 ettueni
1667 2443 1718 2495 in
1743 2451 1927 2496 terram
1949 2459 2102 2510 quant

515 2527 858 2572 monstravero
909 2515 994 2567 tibi
1031 2512 1200 2584 (Gen.
1245 2529 1314 2566 xit
1339 2555 1353 2576 ,
1392 2514 1476 2580 1).
1511 2513 1712 2584 Novum
1773 2515 2102 2584 probaturus

514 2603 715 2658 genus,
751 2586 966 2641 habenti
997 2583 1244 2658 propria,
1286 2583 1470 2658 exsilia
1517 2583 1750 2658 indicere
1776 2583 2099 2654 peregrina,

515 2655 760 2728 ingerere
791 2658 1024 2728 laborem
1057 2656 1263 2708 itineris
1289 2655 1611 2728 quiescenti.
1643 2655 1907 2728 imperare
1939 2671 2105 2724 penu-

515 2723 648 2784 riam
681 2726 972 2798 poSsidenti
993 2765 1006 2788 ,
1038 2735 1090 2780 et
1119 2735 1391 2798 tantarum
1413 2723 1731 2798 facultatum
1759 2723 1978 2780 duiuino
2005 2743 2102 2780 ne-

516 2795 816 2856 cessitatmn
865 2801 1138 2866 imponere
1185 2795 1578 2864 peregrinandi.
1631 2797 1882 2851 Libenter
1926 2809 2102 2854 tamen

517 2871 652 2926 fides
691 2869 896 2936 accepit
935 2867 1188 2937 quidquid
1227 2867 1452 2920 arduum
1483 2868 1760 2922 videbatur
1789 2869 2100 2924 incredulis.

514 2943 610 2996 Cui
643 2957 747 2995 non
778 2951 858 2994 est
903 2941 1070 3008 magis
1113 2937 1268 2992 dulce
1315 2939 1586 3007 proprium
1631 2941 1896 3008 tugurium
1944 2955 2102 3008 quam

517 3015 706 3083 palatia
739 3011 1040 3083 peregrina,
1091 3019 1144 3083 et
1191 3010 1484 3062 voluntaria
1523 3025 1646 3083 casa
1687 3027 1850 3083 quam
1899 3009 2102 3079 digesta

517 3079 808 3153 praetoria?
851 3082 994 3135 Leve
1023 3079 1270 3148 Cuiquam
1303 3091 1528 3153 nonest
1569 3081 1838 3136 dimittere
1867 3083 2100 3150 propria,

523 3151 579 3209 et
605 3154 794 3207 sectari
823 3154 992 3206 aliena
1021 3153 1255 3214 incerta;
1303 3151 1568 3207 dimittere
1595 3153 1734 3222 quod
1763 3153 1920 3216 scias,
1953 3169 2104 3222 qum-

516 3241 638 3282 rere
668 3223 809 3294 quod
855 3225 1086 3292 ignoras.
1137 3223 1267 3288 Quis
1314 3223 1456 3294 enim
1505 3225 1713 3292 propria
1761 3223 1877 3278 sine
1917 3224 2104 3280 dolore

516 3293 782 3360 deseruit,
829 3303 919 3348 aut
947 3296 1063 3348 sine
1107 3293 1353 3363 lat-rymis
1383 3293 1702 3364 dereliquit?
1749 3294 1844 3348 Cui
1889 3311 1991 3350 non
2023 3304 2106 3352 est

515 3368 706 3421 durum
739 3367 856 3420 illos
897 3364 1142 3418 ροηδε-ξος
1173 3364 1426 3418 natalium
1471 3367 1742 3434 parietes,
1793 3365 1966 3420 dulcia
2015 3367 2102 3420 illa

515 3437 696 3492 limina
743 3446 902 3505 atque
930 3435 1210 3488 amabilem
1257 3435 1466 3500 larem,
1513 3453 1670 3504 quem
1717 3447 1771 3490 et
1825 3447 2102 3506 parentum

517 3509 776 3563 memoria
815 3517 863 3560 et
899 3506 1065 3576 ipsius
1109 3507 1340 3559 infantia:
1373 3507 1670 3562 rudimenta
1701 3508 2101 3576 commendant,

515 3580 604 3634 ubi
633 3577 892 3632 cunabula
921 3578 1006 3630 illa
1037 3577 1156 3630 novi
1187 3589 1240 3630 et
1271 3593 1392 3630 mox
1422 3579 1643 3632 orientis
1667 3577 1902 3632 hominis
1931 3579 2104 3634 famu-

515 3649 799 3712 labantur,
847 3648 932 3702 ubi
979 3663 1165 3702 secura
1213 3647 1456 3702 alludens
1501 3647 1718 3702 infantia
1783 3649 1924 3704 inter
1971 3649 2105 3706 lucis

517 3721 844 3791 primordia,
895 3729 986 3791 aut
1031 3719 1266 3788 pueriles
1315 3719 1438 3791 anni
1491 3721 1832 3791 simplicitate
1895 3719 2102 3788 felices,

518 3789 653 3861 quos
681 3791 780 3846 sibi
809 3791 945 3842 inter
977 3790 1204 3844 lascivos
1231 3799 1390 3858 atque
1417 3789 1583 3858 ipsius
1609 3791 1780 3861 artatis
1807 3790 1954 3861 lusus
1979 3807 2099 3846 vcr-

519 3859 712 3918 naeulo
741 3861 970 3930 genuina
1001 3861 1116 3913 solo
1147 3861 1438 3915 necessitas
1463 3859 1789 3915 exhibebat?
1825 3859 1966 3914 Inter
1991 3862 2106 3917 huic

517 3949 650 4000 ergo
695 3941 802 3986 tam
847 3931 1074 3994 blanda,
1127 3941 1231 3984 tam
1277 3931 1485 3990 dulcia,
1533 3948 1650 4000 qua:
1697 3933 1841 3986 omni
1895 3931 2106 3988 fuerant

515 4001 828 4058 difﬁcultate
869 4003 1216 4071 relinquenda
1241 4043 1254 4062 ,
1291 4001 1410 4068 Exi,
1439 4003 1541 4068 ait,
1573 4003 1636 4056 de
1675 4011 1808 4055 terra
1833 4011 1940 4056 tua.
1972 4005 2104 4068 Quis

517 4073 620 4130 hoc
651 4075 764 4128 sine.
795 4073 914 4126 ﬁdei
943 4075 1142 4126 viribus
1170 4074 1393 4128 libenter
1417 4074 1664 4128 audiret?
1693 4073 1884 4128 Levius
1911 4075 2106 4143 proba-

515 4157 702 4212 retur,
735 4147 777 4198 si
807 4145 888 4198 vel
915 4159 1108 4198 unmen
1157 4144 1256 4196 lori
1304 4158 1413 4214 quo
1461 4146 1828 4214 perrexisset,
1874 4145 2100 4200 audiret.

517 4215 880 4272 Proﬁciscitnr
901 4257 913 4276 ,
947 4217 1147 4284 pergit,
1193 4216 1335 4270 socia
1363 4215 1568 4269 scilicet
1591 4215 1937 4278 credulitate,
1969 4233 2104 4271 con-

513 4287 640 4358 juge
670 4289 864 4340 comite
889 4328 902 4346 ,
957 4297 994 4338 ιι
1021 4301 1240 4340 securus
1261 4327 1277 4352 ,
1329 4285 1368 4338 it
1399 4284 1564 4340 fri-tus
1588 4327 1601 4348 ,
1653 4287 1970 4358 promissum
2001 4287 2102 4343 sibi

515 4357 640 4412 ﬁdei
687 4358 954 4410 laboribus
1001 4369 1319 4422 exacturus,
1371 4359 1489 4425 plus
1525 4373 1756 4425 sperans
1803 4359 1868 4412 de
1899 4357 2105 4414 incerto

521 4445 680 4498 quam
713 4429 882 4480 fuerat
915 4442 1134 4498 securus
1161 4427 1228 4481 de
1260 4428 1492 4496 proprio.
1521 4427 1564 4482 lt
1587 4443 1714 4498 ergo
1741 4443 1836 4498 per
1863 4429 2104 4484 desertas

519 4497 852 4562 srolituilines,
883 4513 980 4567 per
1005 4497 1172 4552 invias
1195 4499 1374 4562 sedes,
1405 4513 1498 4565 per
1525 4497 1726 4554 naturae
1744 4497 1982 4565 secreta,
2015 4501 2104 4556 ubi

523 4567 756 4628 hominis
781 4570 1079 4642 vestigium
1111 4569 1337 4642 necdum
1372 4568 1520 4642 rudis
1563 4579 1702 4624 terra
1739 4581 2120 4642 cognoverat:-

520 4655 574 4697 ει
615 4642 754 4695 inter
805 4641 890 4694 illa
938 4639 1116 4694 omnia
1147 4655 1266 4710 quae
1311 4639 1404 4694 Dei
1448 4641 1681 4712 imperio
1724 4639 2101 4712 dereliquerat,

520 4727 628 4768 non
661 4713 962 4782 tugurium,
993 4726 1100 4764 non
1125 4725 1340 4782 casam,
1369 4710 1462 4765 sed
1488 4710 1626 4767 inter
1653 4713 1764 4782 ipsa
1793 4710 2104 4782 camporum

518 4780 882 4840 silesccntium
933 4780 1568 4854 formidolosaﬂsecreta,
1620 4780 1816 4854 hospes
1869 4780 2103 4840 tantum-

521 4856 682 4910 modo
709 4857 830 4910 cmli
876 4866 1174 4923 terra'que,
1221 4852 1426 4907 nullum
1467 4852 1752 4926 sull'ugiunt
1795 4869 1902 4925 quo
1927 4855 2104 4911 diver-

518 4933 676 4992 ιρι-ει,
705 4927 1024 4980 inveniebat.

588 4996 642 5050 2.
679 4993 802 5068 Tres
831 4995 1048 5068 Aitgelos
1077 4995 1334 5050 Abraham
1359 4995 1571 5066 suscipit
1596 4995 1844 5068 hospitio.
1883 4997 2107 5068 Excepit

520 5079 699 5124 tamen
729 5066 995 5122 Abraham
1032 5069 1364 5136 peregrinum
1395 5083 1625 5136 quercus
1649 5066 1810 5122 arbor
1837 5066 2102 5136 humana;

519 5155 636 5210 qtae
663 5141 962 5192 venientem
985 5138 1250 5192 Abraham
1277 5145 1436 5210 atque
1457 5139 1642 5210 testivo
1661 5139 1774 5194 sole
1799 5140 2102 5207 decoctum,

517 5209 844 5266 alumnitatis
891 5224 1002 5262 suae
1050 5209 1360 5264 umbraculo
1406 5209 1670 5264 refoveret
1703 5229 1715 5262 ε
1749 5211 1898 5280 cujus
1941 5211 2100 5268 silve-

517 5281 717 5353 sCentis
749 5281 980 5353 nemoris
1009 5291 1215 5353 comata
1247 5279 1510 5353 luxuries,
1545 5281 1598 5334 in
1625 5279 1866 5353 mstivum
1897 5290 2106 5353 tempus

515 5352 656 5408 diem
711 5361 764 5406 et
811 5352 1016 5406 urentis
1057 5351 1186 5406 solis
1231 5349 1558 5420 vaporiferos
1605 5351 1782 5408 radios
1835 5349 2104 5410 ramorum

581 5529 596 5562 ⁸
627 5535 730 5578 .uss.
757 5531 828 5578 sic
853 5528 1064 5588 habent,
1095 5533 1329 5592 privatam
1360 5527 1599 5594 dignetur,
1619 5529 1828 5592 quivirit
1851 5533 1896 5580 et
1919 5537 2086 5595 regnat

513 5601 624 5643 tum
655 5599 811 5650 t'atre,
839 5599 934 5641 etc.

577 5655 650 5719 (ᾳ)
683 5653 820 5711 olim,
836 5653 1160 5719 deTempore
1183 5653 1262 5712 68,
1289 5661 1342 5705 et
1361 5663 1486 5718 post,
1507 5656 1560 5705 in
1576 5655 1848 5719 Appendice
1871 5656 1950 5719 57.

577 5715 952 5782 (bimenstris
991 5719 1328 5780 inauuseriptis
1363 5715 1481 5768 non
1513 5715 1772 5782 reperitur.
1819 5717 1982 5768 Editus
2016 5731 2106 5782 per

515 5779 882 5846 Attterliaeltium
921 5787 974 5828 et
1003 5779 1247 5828 Frasmuni
1282 5782 1370 5846 fuit
1393 5795 1502 5846 cum
1540 5779 1846 5846 sermonibus
1885 5779 2106 5842 Augusti-

516 5841 698 5912 nianis;
723 5849 832 5912 post
857 5853 974 5912 vero
1007 5845 1446 5912 per_lm'anicpses
1473 5845 1520 5893 in
1551 5843 1824 5912 Appendice
1861 5841 2107 5912 cuni_spu-

513 5905 630 5964 riis,
671 5905 949 5958 remeante
985 5907 1202 5958 neruine.
1226 5907 1398 5958 Confer
1441 5905 1724 5960 sermonem
1745 5907 1773 5958 7
1793 5905 2098 5970 Appendicis.

1957 395 2322 460 APPENDIX.

3651 404 3797 466 ιιιι

2199 519 2496 592 frequentia
2525 515 2914 592 suspendebat;
2947 523 3004 571 ut
3024 513 3278 588 quidquid
3307 515 3502 588 injuria
3529 523 3792 592 temporis

2201 589 2488 662 irrogabat,
2541 605 2717 662 omne
2741 589 2978 644 auferret
3019 599 3072 662 et
3125 603 3397 662 ramorum
3424 599 3494 662 _et
3543 589 3794 650 foliorum

2203 659 2460 718 densitas.
2513 661 2811 734 Ingreditur
2857 675 2984 734 ergo
3033 659 3210 714 lucum
3258 659 3466 734 arboris
3497 663 3792 734 Abraham,

2203 735 2304 789 sub
2345 750 2446 805 qua
2489 731 3227 805 construiturqualecumque
3254 731 3577 805 suﬁ'ugium;
3623 731 3794 805 angu;

2203 751 2304 789 sun
2345 751 2446 805 qua
2489 751 2813 788 consmntur
2840 751 3227 802 qualecumque
3254 751 3577 803 suuugtum;
3623 751 3690 790 an
3731 753 3794 790 u-

2202 815 2343 862 stum
2383 803 2998 886 quidemhhomini,_.sed
3037 801 3655 886 sufﬁcietistmajestati.
3693 751 3796 886 Bi-

2203 893 2367 948 gnum
2401 873 2575 931 tamen
2607 875 2716 948 Deo
2747 873 2999 942 palatium
3034 873 3168 929 ﬁdes
3195 873 3386 930 devota
3417 873 3690 948 pingebat,
3741 879 3794 932 in

2203 945 2309 1018 quo
2347 947 2536 1003 fuisset
2577 946 2826 1018 maiestas
2873 959 3102 1018 superna
3151 961 3427 1018 pransura.
3477 945 3611 1002 Cum
3663 963 3797 1018 ergo

2204 1015 2312 1074 illic
2362 1015 2828 1090 positustcuriosis
2868 1015 3035 1070 oculis
3077 1017 3270 1072 cmlum
3307 1018 3620 1090 intentaret,
3667 1015 3798 1076 ecce

2204 1089 2380 1146 subito
2430 1091 2479 1144 in
2528 1089 2686 1144 trium
2711 1089 2946 1142 virorum
2985 1102 3214 1157 persona
3252 1089 3502 1158 majestas
3545 1089 3796 1159 incorpo-

2203 1177 2294 1216 rea
2336 1162 2402 1217 dc
2433 1161 2656 1215 scendit.
2695 1159 2966 1225 Accurrit,
3001 1167 3276 1226 pr0perat,
3309 1175 3499 1215 manus
3525 1161 3797 1230 supplices

2205 1233 2407 1298 tendit,
2451 1243 2506 1286 et
2545 1231 2926 1286 transenntimu
2970 1245 3141 1300 genua
3179 1231 3452 1286 osculatur
3491 1249 3505 1285 :
3539 1231 3794 1298 Domine,

2203 1305 2308 1368 ait,
2339 1305 2382 1358 si
2410 1304 2576 1358 inveni
2617 1303 3138 1374 gratiamﬂcoramute‘,
3182 1317 3246 1374 ne
3286 1302 3541 1374 transieris
3579 1319 3797 1374 puerum

2205 1384 2348 1428 tuum
2386 1374 2560 1446 (Gen.
2609 1371 2780 1438 imi,
2831 1373 2958 1498 5.3.
3023 1371 3258 1438 Videtis,
3305 1371 3589 1428 Abraham
3623 1375 3797 1430 tribus

2205 1447 2474 1498 occurrit.
2513 1455 2586 1498 ιοι
2639 1459 2800 1498 unum
2865 1459 2892 1496 τι
2933 1449 3071 1497 orat.
3117 1442 3280 1498 Trina
3320 1444 3534 1498 unitas.
3583 1453 3637 1498 et
3687 1459 3796 1498 una

2205 1442 2474 1510 occurrit,
2513 1455 2586 1499 .et
2639 1459 2800 1499 unum
2865 1442 3071 1498 adorat.
3117 1442 3280 1498 Trina
3320 1444 3534 1510 unitas,
3583 1453 3637 1498 et
3687 1459 3796 1500 una

2205 1515 2461 1572 Trinitas.
2512 1517 2764 1572 Sumatur
2837 1529 3004 1584 aqua,
3053 1515 3296 1570 laventur
3369 1514 3534 1584 pedes
3584 1517 3794 1582 vestri,

2204 1597 2259 1644 et
2303 1589 2608 1656 refrigerata
2649 1587 2746 1642 sub
2790 1585 2980 1640 arbore
3025 1585 3126 1639 ista
3153 1627 3168 1652 ,
3223 1596 3277 1640 et
3323 1585 3538 1656 alierum
3575 1601 3794 1656 panem,

2207 1669 2262 1714 et
2283 1655 2710 1716 mandueabitis:
2759 1665 2812 1712 et
2859 1665 3039 1724 postea
3091 1656 3384 1712 transibitis
3421 1655 3475 1710 in
3514 1655 3652 1712 viam
3701 1655 3800 1713 ve-

2205 1737 2393 1784 stram.
2433 1731 2498 1784 Et
2553 1729 2809 1784 dixerunt
2847 1727 2932 1800 ei,
2973 1727 3082 1800 Fac
3116 1737 3182 1800 tut
3233 1727 3406 1782 dixisti
3455 1725 3594 1800 (Id.
3623 1743 3750 1784 xvttt
3775 1771 3794 1792 ,

2205 1803 2299 1872 5).
2367 1801 2552 1856 Servat
2611 1815 2824 1872 seraper
2887 1799 2938 1852 in
3007 1799 3158 1872 bonis
3217 1799 3473 1872 tenorem
3517 1799 3633 1872 sui_
3671 1815 3798 1869 pcr-

2207 1868 2342 1928 fecta
2387 1873 2590 1938 jnstitia
2615 1915 2630 1939 ,
2681 1869 2838 1926 offert
2881 1869 3178 1940 peregrinis
3223 1868 3507 1938 hospitium
3547 1869 3636 1936 qui
3673 1868 3797 1926 non

2207 1944 2368 1998 habet
2411 1955 2644 2004 tectum;
2691 1951 2746 1996 et
2775 1957 2892 1994 cum
2940 1942 3006 1994 sit
3049 1941 3194 1994 omni
3222 1940 3492 1994 domicilio
3520 1941 3796 2008 viduatus,

2205 2015 2573 2078 domicilium,
2629 2013 2786 2082 quale
2817 2013 3108 2065 necessitas
3149 2011 3506 2080 procurabat,
3553 2011 3800 2066 exhibuit

2209 2086 2624 2140 transeuntibus.
2648 2081 2726 2138 Et
2755 2083 2880 2136 lit-ct
2926 2083 3014 2136 illa
3043 2082 3250 2136 minora
3283 2081 3479 2136 fuerint
3519 2099 3636 2152 quas
3664 2082 3800 2136 olfe-

2205 2159 2492 2222 rehantur,
2527 2157 2764 2210 locorum
2803 2153 3061 2222 angustiis
3111 2153 3528 2224 magnitudinem
3571 2153 3800 2208 dederat

2207 2228 2362 2288 ﬁdes.
2393 2245 2510 2297 qum.
2539 2225 2812 2280 eruitemni
2845 2241 2962 2297 unn_
2977 2225 3174 2297 meruit
3201 2240 3230 2278 a
3260 2227 3388 2297 Deo.
3424 2225 3702 2297 Divertunt
3726 2225 3796 2280 ad

2205 2294 2422 2354 arboris
2447 2300 2734 2367 hospitium
2760 2338 2774 2358 ,
2825 2295 2966 2366 quod
2993 2295 3260 2367 Abraham
3305 2295 3414 2350 Deo
3443 2295 3562 2367 jam
3593 2294 3802 2351 fecerat

2205 2371 2446 2438 dignum.
2484 2365 2684 2423 Interea
2712 2365 3082 2436 conspergitur
3109 2366 3387 2438 similago,
3426 2365 3564 2438 ﬁunt
3599 2381 3800 2438 encry-

2209 2443 2344 2510 phiae
2368 2444 2382 2473 ¹
2405 2443 2504 2512 (α),
2537 2447 2800 2494 mactatur
2825 2449 2876 2492 et
2903 2438 3115 2512 vitulus.
3139 2437 3250 2512 Etsi
3279 2437 3383 2512 illis
3407 2437 3796 2512 divinitas_non

2207 2508 2384 2580 eguit;
2414 2508 2630 2581 'justitia
2663 2521 2860 2574 tamen,
2892 2509 3030 2579 quod
3061 2509 3278 2577 aptabat
3299 2550 3316 2581 ρ
3337 2509 3622 2581 impendit.
3655 2508 3802 2564 Ecce

2207 2579 2270 2636 ad
2325 2579 2608 2636 humanam
2663 2596 2902 2636 mensam
2951 2581 3186 2634 cmlestis
3233 2579 3534 2635 sublimitas
3578 2593 3800 2634 recum-

2207 2655 2401 2714 bebat,
2435 2656 2586 2709 eihus
2628 2655 2865 2722 capitur,
2912 2651 3271 2722 pransitatur,
3321 2661 3372 2722 et
3421 2649 3800 2704 contubernali

2207 2727 2474 2794 colloquio
2515 2727 2650 2779 inter
2699 2721 2968 2778 hominem
3014 2730 3068 2776 et
3107 2722 3274 2777 Deum
3319 2721 3592 2776 familiaria
3631 2723 3798 2777 verba

2207 2809 2517 2850 ﬂl|S('(‘llllll'.

2281 2870 2331 2922 5.
2371 2867 2704 2937 Hospitalitas
2734 2883 2832 2920 non
2863 2875 2933 2919 est
2967 2865 3076 2918 sine
3115 2863 3360 2918 mercede.
3405 2863 3474 2918 Et
3502 2863 3622 2933 quia
3653 2862 3800 2937 apud

2208 2939 2375 2994 Deum
2405 2935 2728 2992 inli-mﬁuosa
2761 2937 3094 3006 hospitalitas
3119 2951 3238 2990 esse
3263 2950 3370 3006 non
3397 2937 3585 3006 potuit.
3615 2935 3798 3006 statim

2209 3013 2435 3080 pretium
2483 3009 2746 3064 meret-dis
2789 3009 2994 3077 accepit
3028 3006 3238 3080 :Adatur
3267 3005 3406 3060 ﬁlius
3435 3005 3590 3080 seni,
3633 3005 3802 3080 datur

2205 3077 2492 3154 posteritas
2521 3079 2863 3154 dcspcranti,
2896 3077 3098 3154 accepit
3129 3087 3377 3154 senectus
3401 3077 3542 3144 quod
3575 3077 3800 3154 minime

2210 3149 2380 3222 potuit
2401 3153 2596 3206 habere
2619 3151 2890 3222 juventus.
2911 3149 2990 3202 Ad
3013 3151 3129 3222 hoc,
3153 3149 3341 3222 inquit,
3359 3157 3559 3222 tempus
3573 3149 3798 3222 veniam,

2209 3219 2254 3276 et
2272 3226 2364 3278 erit
2395 3224 2543 3278 Sane
2555 3219 2690 3290 ﬁlius
2714 3220 2866 3291 (Gen.
2885 3237 3036 3292 xvut,
3053 3219 3162 3292 10).
3178 3219 3419 3292 Cumque
3429 3219 3626 3292 seniles
3641 3220 3792 3286 anni,

2207 3303 2262 3347 et
2288 3303 2530 3348 cinortua
2555 3289 2702 3346 Sara:
2724 3289 2937 3348 viscera
2965 3291 3068 3346 hoc
3094 3289 3249 3360 posse
3281 3291 3394 3345 ﬁeri
3425 3289 3796 3361 denegarem;

2208 3365 2356 3420 dedit
2413 3375 2588 3420 tmnen
2637 3364 2831 3418 divina:
2881 3363 3220 3432 promissioni
3271 3361 3560 3432 credulitas
3611 3361 3796 3414 ﬁdem.

2211 3435 2441 3502 Patrem,
2465 3437 2654 3506 inquit,
2680 3431 2954 3506 multarunt
2973 3436 3194 3505 gentium
3217 3433 3364 3504 posui
3378 3431 3550 3506 Ate(ld_.
3569 3448 3698 3506 xvtt,
3717 3433 3798 3506 5),

2209 3507 2466 3576 Repletus
2491 3503 2574 3562 est
2603 3507 2753 3560 bonis
2776 3547 2789 3570 ,
2830 3505 2952 3574 quia
2976 3503 3119 3575 quod
3145 3505 3190 3560 ci
3220 3503 3493 3576 promisit,
3535 3503 3800 3576 implevit.

2209 3574 2348 3634 Ecce
2391 3583 2440 3632 in
2489 3580 2606 3647 ipso
2647 3577 2886 3648 margine
2932 3574 3261 3648 senectutis,
3310 3575 3544 3630 nondum
3573 3574 3802 3648 prolatis

2209 3650 2413 3720 legibus
2439 3643 2789 3720 recitatisque
2813 3689 2827 3712 ,
2855 3647 3146 3720 asserimus
3169 3647 3434 3720 Abraham
3462 3645 3602 3720 quod
3635 3643 3802 3720 fuerit

2208 3715 2530 3786 religiosus;
2575 3730 2628 3773 ct
2667 3719 2756 3788 qui
2785 3721 2956 3774 fuerat
2981 3719 3032 3774 in
3059 3717 3264 3772 cultura
3291 3716 3521 3788 justiot',
3557 3715 3716 3772 fuerit
3742 3717 3796 3772 in

2209 3792 2526 3847 credulitate
2557 3787 2844 3861 probatior.
2891 3789 3028 3861 Ecce
3057 3789 3198 3861 enim
3227 3787 3392 3844 senex
3429 3787 3518 3842 ille
3549 3789 3794 3861 maritus,

2207 3863 2298 3931 qui
2347 3863 2520 3917 adhuc
2557 3858 2726 3916 ultum
2777 3877 2882 3915 non
2913 3859 3180 3931 habebat,
3231 3861 3281 3912 in
3313 3873 3420 3914 uno
3441 3867 3627 3931 tamen
3655 3858 3802 3931 Deus

2209 3929 2630 3988 innumerabiles
2653 3931 3014 4001 promittebat.
3044 3929 3186 3986 Ecce
3209 3929 3482 3986 exhaustis
3503 3929 3801 3985 visceribus

2209 4005 2341 4058 dixit
2369 4005 2510 4059 Deus
2539 4003 2603 4056 ad
2636 4001 2925 4068 Abraham,
2959 4001 3176 4070 Suspice
3203 4003 3256 4056 in
3284 4001 3484 4064 caelum,
3513 4011 3559 4054 et
3587 4017 3800 4055 numera

2207 4077 2382 4128 stellas
2411 4091 2430 4128 :
2457 4076 2529 4128 sic
2557 4075 2650 4128 erit
2677 4089 2842 4128 semen
2874 4084 3034 4126 tuum.
3065 4074 3130 4126 Et
3159 4073 3369 4128 credidit
3385 4071 3639 4126 Abraham
3663 4070 3796 4140 Deo,

2209 4155 2254 4200 et
2281 4147 2576 4216 deputatum
2601 4155 2674 4200 est
2701 4145 2776 4216 illi
2805 4145 2874 4198 ad
2898 4144 3142 4216 iustitiam
3171 4141 3282 4216 (Id.
3311 4144 3506 4216 xv,5e_t
3529 4143 3607 4213 6).
3639 4143 3798 4216 Deie-

2208 4213 2396 4271 cerunt
2422 4217 2567 4273 Sara:
2598 4215 2780 4272 venire
2807 4215 3120 4280 muliebria;
3163 4213 3284 4284 quia
3327 4213 3443 4284 jam
3477 4213 3612 4268 lassa
3643 4213 3799 4284 defe-

2209 4297 2394 4343 cerant
2427 4289 2688 4343 membra.
2721 4286 2912 4342 Totum
2943 4301 3137 4356 corpus
3165 4283 3405 4341 sulcatur
3432 4283 3485 4338 in
3512 4299 3706 4356 rugas,
3739 4283 3801 4339 ﬁt

2209 4367 2452 4428 perarata
2499 4357 2714 4422 fronte,
2763 4367 2818 4412 et
2857 4355 3116 4412 exhausta
3161 4365 3456 4428 senectute.
3507 4355 3800 4428 Deﬁciente

2209 4427 2470 4500 Sanguine
2519 4431 2570 4484 in
2613 4429 2766 4484 venis
2809 4429 2978 4500 tristis
3025 4437 3274 4484 senectus
3317 4427 3650 4500 delassaturt;
3702 4427 3800 4482 sed

2209 4497 2392 4570 divine
2433 4501 2634 4570 judicio
2685 4499 2858 4553 artatis
2911 4499 3091 4554 fervor
3141 4497 3468 4556 accenditur.
3523 4497 3800 4570 Meliorem

2209 4569 2336 4634 facit
2363 4567 2540 4626 divina
2572 4571 2858 4642 promissio
2887 4579 3135 4642 matrem,
3167 4585 3326 4640 quam
3356 4577 3486 4624 tetas
3516 4584 3622 4642 non
3655 4567 3800 4642 fece-

2209 4651 2294 4698 rat
2321 4639 2597 4713 generare'.
2628 4641 2846 4712 Accepit
2872 4641 3098 4713 genitrix
3131 4639 3360 4713 nomen,
3393 4640 3534 4713 quod
3564 4641 3614 4694 ei
3641 4639 3802 4694 steri-

2209 4711 2343 4784 litas
2359 4715 2614 4784 temporis
2637 4711 2992 4768 subtraxerat.
3023 4712 3206 4784 Longe
3231 4711 3606 4768 deﬁcientibus
3631 4727 3802 4768 mem-

2209 4783 2320 4840 bris
2347 4783 2494 4842 lsaac
2525 4785 2823 4853 concipitur
2856 4803 2868 4838 :
2898 4783 3072 4838 subito
3097 4783 3284 4838 iiianes
3313 4797 3378 4838 ac
3405 4791 3802 4838 marcescentes

2209 4871 2361 4910 vena:
2390 4857 2628 4912 redivivo
2656 4857 2914 4926 sanguine
2953 4853 3294 4918 ferbuerunt,
3325 4863 3380 4908 ct
3405 4863 3646 4926 emortua
3683 4853 3800 4910 seni

2209 4928 2414 4982 viscera
2459 4927 2716 4982 calefacto
2760 4925 3019 4996 sanguine
3057 4935 3310 4995 vaporata
3335 4967 3350 4990 ,
3384 4925 3645 4996 usquead
3673 4940 3803 4994 par-

2213 5005 2324 5052 tum
2357 4998 2627 5068 inquilinis
2653 5005 2778 5052 sunt
2812 4995 3081 5052 caloribus
3105 4999 3358 5050 animata.
3389 4995 3649 5068 Juven_ilis
3671 5005 3806 5050 aetas

2211 5063 2452 5136 incaluit,
2501 5077 2556 5124 et
2595 5069 2856 5124 calefacto
2901 5069 3158 5138 sanguine
3199 5071 3506 5138 vaporavit._
3537 5063 3624 5120 Fit
3649 5081 3806 5138 ianus

2213 5141 2340 5204 feta,
2373 5141 2432 5194 lit
2454 5156 2620 5196 senex
2643 5141 2858 5210 gravida
2882 5181 2896 5202 ,
2921 5136 3117 5194 crescit
3141 5146 3328 5193 venter
3356 5153 3450 5210 per
3477 5136 3599 5210 dies
3617 5137 3805 5206 singu-

2211 5211 2314 5276 los,
2346 5221 2400 5268 et
2427 5209 2835 5266 convalescente
2865 5219 3049 5280 partu,
3101 5209 3445 5280 tumescentis
3469 5209 3603 5264 uteri
3625 5223 3807 5280 caan

2212 5283 2363 5338 sinus
2388 5283 2711 5338 extenditur.
2757 5281 2838 5336 Fit
2865 5277 3074 5336 sarcina
3093 5322 3111 5347 ,
3140 5289 3194 5334 et
3220 5277 3553 5334 desideratus
3581 5278 3808 5334 aﬁ‘ectus

2211 5369 2280 5407 ex
2306 5354 2597 5408 visceribus
2624 5351 2799 5416 lassis,
2824 5367 2960 5406 onus
2983 5353 3204 5406 nimium
3225 5361 3474 5420 exoptata
3497 5351 3806 5420 posteritas.

2211 5423 2466 5479 Portabat
2495 5434 2700 5478 utcrutn
2730 5439 2944 5491 gravem
2974 5423 3093 5477 talis
3119 5431 3311 5492 mater,
3333 5437 3452 5492 quae
3487 5420 3659 5476 inanis
3685 5435 3808 5475 am-

2215 5497 2396 5550 bulare
2425 5496 2508 5549 vix
2541 5503 2739 5565 posset.
2784 5495 2888 5549 Sed
2917 5495 3040 5564 quia
3081 5491 3414 5565 credulitatis
3449 5492 3660 5548 fuerant
3685 5505 3807 5565 qua

2213 5575 2494 5637 acceperat
2519 5563 2555 5634 ,⁷
2585 5567 2788 5624 defecta
2813 5563 3018 5620 viscera
3067 5565 3201 5620 fides
3245 5563 3471 5619 validior
3510 5563 3804 5619 animabat.

2281 5738 2296 5769 ι
2323 5745 2443 5796 Ann,
2470 5733 2714 5802 engrisia'.
2734 5733 2904 5785 melius
2925 5739 3000 5782 Er.
3029 5739 3080 5782 et
3101 5739 3231 5792 l.ov.,
3256 5729 3554 5796 encryphitc.

2275 5821 2348 5934 ἕρ
2382 5822 2454 5870 sic
2473 5819 2586 5869 dicti
2602 5819 2902 5870 subcineritii
2939 5829 3092 5890 panes
3124 5829 3152 5866 a
3179 5817 3330 5866 verbo
3309 5825 3532 5930 m(srmo,
3557 5811 3807 5880 (gerum

2275 5900 2278 5932 ι
2371 5883 2486 5932 dum
2510 5889 2800 5934 oouuuntur.
2847 5881 2939 5932 sub
2955 5893 3127 5932 cinere
3161 5880 3308 5930 absco
3373 5883 3530 5928 antur.

2213 5880 2341 5948 quid
2371 5883 2486 5932 dum
2510 5889 2800 5948 coquuntur,
2847 5880 3127 5932 suh'cinere
3161 5880 3530 5930 abscondantur.
