4062 6368
261 357 407 423 17⁸3

442 476 589 560 enim
618 473 798 560 paravi
826 480 1068 560 pro'ioio
1088 471 1310 560 mundo,
1341 481 1398 529 tu
1415 471 1525 560 iam
1549 473 1858 560 deliberasti

264 545 316 608 ἰῖι
348 551 472 629 tilio
499 545 796 629 tuonuod
828 545 888 629 in
931 545 1218 629 Unigenito
1255 561 1380 629 ineo
1403 546 1677 629 disposui,
1712 556 1764 600 ιιι
1802 548 1858 604 in

264 633 356 679 tuo
383 622 546 677 unico
576 618 842 690 perfecisti
870 638 883 674 :
917 616 1056 674 unde
1098 616 1561 674 benedicentur'in
1594 626 1645 673 te
1670 633 1859 674 omnes

260 703 476 766 gentes.
506 695 699 748 Amen.

796 782 1026 841 saeuo
1071 781 1181 839 vut
1225 780 1322 857 (a).

332 879 413 934 De
436 894 594 951 puero
610 878 888 942 Abraham,
906 878 993 949 qui
1015 878 1199 931 missus
1221 885 1293 931 est
1308 876 1377 930 ad
1394 876 1669 932 Rebeccam
1688 876 1785 950 (b).

332 976 387 1030 1.
436 973 797 1029 luramentum
818 988 907 1042 per
933 972 1099 1041 fentur
1128 970 1364 1024 Abrahae.
1392 970 1559 1026 Paulo
1587 980 1710 1025 ante
1739 983 1860 1025 cum

259 1046 441 1101 divina
466 1045 629 1100 lectio
653 1045 938 1114 legeretur,
971 1042 1439 1114 audivimusiquod
1468 1042 1657 1114 beatus
1687 1042 1859 1096 Abra-

260 1117 383 1171 ham
420 1116 693 1171 vocaverit
714 1112 941 1184 puerum
983 1129 1159 1179 suum,
1188 1122 1242 1168 et
1268 1112 1460 1167 dixerit
1493 1112 1733 1184 ei,ﬁPone
1748 1130 1861 1184 mae

260 1205 384 1243 num
401 1201 544 1240 tuam
565 1188 659 1242 sub
680 1183 845 1255 femur
864 1200 1048 1255 meum,
1071 1194 1127 1237 ut
1150 1184 1381 1251 adjurem
1402 1194 1450 1237 te
1464 1200 1551 1253 per
1566 1183 1730 1239 Deum
1750 1183 1863 1238 caeli

261 1268 306 1314 et
341 1269 526 1324 terrae,
566 1267 618 1311 ut
642 1254 743 1311 nan
783 1254 1004 1325 accipias
1042 1270 1252 1309 uxorem
1300 1256 1407 1324 ﬁlio
1431 1271 1539 1308 meo
1564 1256 1626 1309 de
1661 1256 1864 1324 ﬁliabus

259 1331 484 1400 regionis
500 1330 653 1399 hujus
674 1326 824 1395 (Gen.
843 1342 989 1400 thv,
1002 1325 1059 1393 2,
1074 1337 1167 1389 etc.
1190 1326 1209 1397 )
1227 1342 1241 1391 ;
1275 1326 1491 1400 etquod
1511 1326 1596 1400 ille
1609 1326 1863 1400 ohed‘iens

260 1396 507 1470 posuerit
535 1396 749 1453 manum
789 1399 888 1453 sub
939 1397 1185 1470 femore,
1221 1405 1276 1452 et
1318 1396 1577 1470 juraverit
1618 1398 1690 1470 ei.
1741 1398 1864 1470 llzec

260 1467 406 1526 enim
436 1473 641 1538 omnia,
671 1470 883 1537 fratres,
907 1485 1026 1539 quae
1052 1469 1104 1522 in
1146 1467 1487 1523 Testamento
1521 1467 1697 1523 Veteri
1726 1468 1864 1524 reci-

260 1551 469 1609 tantur,
497 1545 545 1597 si
574 1550 777 1596 tantum
826 1538 1121 1596 secundum
1152 1540 1383 1595 litteram
1409 1539 1736 1595 voluerimus
1771 1554 1863 1595 ac-

259 1615 472 1683 cipere,
500 1621 594 1667 aut
624 1628 843 1682 parvum
864 1654 879 1679 ,
907 1620 999 1667 aut
1036 1611 1243 1683 nullum
1269 1611 1476 1666 lucrum
1518 1612 1711 1683 animae
1736 1626 1865 1665 con-

260 1681 575 1755 sequemur.
599 1681 736 1750 Quid
762 1683 906 1738 enim
933 1683 1089 1737 nobis
1116 1681 1349 1755 prodest,
1376 1683 1463 1752 qui
1487 1682 1553 1737 ad
1580 1682 1863 1755 ecclesiam

259 1752 701 1810 ald—audiendum
753 1755 844 1807 Dei
874 1752 1364 1810 verbum’ﬁdeliter
1408 1753 1777 1820 convenimus,
1818 1752 1865 1809 si

262 1826 421 1881 nobis
461 1826 691 1891 dicatur,
727 1824 870 1895 quod
902 1824 1171 1879 Abraham
1199 1824 1403 1879 miserit
1432 1840 1654 1894 puerum
1683 1840 1861 1891 suum,

228 1904 241 1914 ”
262 1907 320 1953 ut
342 1898 415 1953 de
438 1898 660 1968 regione
702 1896 1003 1968 longinqua
1027 1895 1317 1968 adduceret
1344 1910 1564 1950 uxorem
1606 1895 1714 1968 tilio
1741 1911 1859 1963 suo,

260 1984 382 2023 cum
433 1966 591 2024 et'in
627 1967 744 2021 istis
781 1967 1085 2035 regionibus
1108 1966 1210 2021 hoc
1248 1967 1551 2036 frequenter
1588 1966 1864 2021 videamus

260 2037 380 2095 ﬁeri
408 2038 435 2091 ?
460 2038 573 2093 Nos
600 2054 752 2103 vero,
782 2035 994 2103 fratres,
1017 2045 1301 2107 sequentes
1332 2035 1541 2093 beatum
1563 2037 1864 2108 apostolum

259 2108 855 2191 ifauluinhcredamus
876 2108 998 2191 quia
1028 2108 1354 2191 omniaquae
1378 2109 1573 2191 scrith
1599 2107 1747 2190 Sunt,
1759 2107 1865 2191 _Ju—

256 2179 393 2240 (imis
432 2181 487 2239 in
515 2180 683 2251 ﬁgura
713 2179 1116 2251 contingebant,
1151 2180 1303 2251 nobis
1345 2188 1523 2234 autem
1550 2179 1603 2233 in
1634 2180 1863 2251 veritate

258 2254 531 2324 completa
560 2249 687 2307 sunt
738 2249 963 2324 (l_(_1or.
1001 2267 1072 2316 ι,
1106 2252 1167 2306 11
1192 2249 1231 2323 ).
1275 2251 1568 2324 Dixit‘crgo
1595 2249 1863 2304 Abraham

258 2324 328 2380 ad
356 2320 584 2394 puerum
603 2320 781 2389 suum,
805 2322 952 2394 Mitte
974 2320 1345 2394 manum'tumn
1368 2320 1477 2394 sub
1487 2327 1652 2394 femur
1674 2337 1861 2394 meum2

258 2405 306 2450 et
323 2391 455 2465 jura
497 2412 584 2463 per
608 2394 772 2447 Deum
801 2393 917 2465 caeli
931 2402 980 2447 et
1007 2402 1172 2465 terrae.
1195 2391 1331 2460 Quid
1364 2391 1587 2457 esthoc,
1620 2391 1813 2465 fratres
1839 2392 1864 2446 ?

257 2462 348 2522 Sic
373 2462 515 2521 dixit
542 2466 731 2521 beatus
760 2464 1050 2528 Abraham,
1078 2463 1226 2518 Mitte
1262 2480 1469 2517 manum
1497 2472 1637 2516 tuam
1662 2462 1754 2516 sub
1790 2466 1866 2534 fe:

259 2555 379 2591 mur
408 2554 576 2591 meum
605 2552 624 2589 :
655 2546 905 2606 tanquam
929 2534 1172 2602 diceret,
1204 2534 1353 2589 Mitte
1381 2549 1594 2588 manum
1623 2541 1766 2606 tuam
1792 2533 1864 2587 ad

257 2610 433 2665 altare
478 2616 616 2663 :aut
653 2604 887 2669 diceret,
934 2606 1080 2661 Mitte
1120 2621 1334 2660 manum
1383 2614 1528 2660 tuam
1574 2605 1643 2660 ad
1685 2618 1865 2659 arcam

261 2679 592 2735 Testamenti
627 2695 641 2732 :
674 2688 796 2745 aut,
833 2676 1074 2732 Extende
1116 2692 1329 2731 manum
1357 2676 1423 2730 ad
1449 2678 1700 2745 templum
1727 2676 1820 2731 Dei
1847 2692 1861 2728 :

255 2760 309 2805 et
345 2752 478 2820 jura
500 2751 645 2804 mihi.
675 2748 872 2820 Femur
914 2749 1166 2820 tangebat
1186 2791 1210 2820 ,ί
1232 2757 1287 2803 et
1322 2763 1416 2820 per
1452 2747 1621 2820 Deum
1651 2748 1773 2820 coeli
1812 2755 1866 2802 et

256 2818 424 2876 terra:
462 2821 694 2891 iurabat.
742 2819 859 2875 Non
897 2818 1040 2873 enim
1078 2819 1291 2891 errabat
1335 2819 1520 2891 beatus
1562 2818 1861 2891 Abraham,

256 2888 482 2962 quando
508 2892 609 2946 hoc
640 2891 755 2946 fieri
786 2891 1083 2960 imperabat
1110 2907 1124 2945 :
1154 2890 1249 2971 sed
1284 2890 1407 2961 quia
1434 2889 1729 3014 papphetia:
1757 2888 1866 2958 spi-

262 2964 378 3014 ritu
413 2965 662 3014 repletus.
706 2970 930 3014 noverat
957 2960 1025 3014 de
1048 2975 1254 3014 semine
1300 2975 1399 3014 suo
1438 2961 1478 3014 C
1521 2961 1708 3014 ristum
1745 2960 1864 3014 coeli

262 2960 378 3019 ritu
412 2965 663 3033 repletus,
706 2970 930 3017 noverat
957 2960 1025 3033 de
1048 2962 1254 3017 semine
1278 2975 1399 3033 suo
1438 2960 1708 3033 Christum
1745 2960 1864 3015 coeli

257 3045 318 3091 et
363 3031 524 3090 terra:
555 3034 838 3093 Dominum
878 3032 1228 3086 nasciturum.
1277 3031 1402 3086 Ideo
1430 3031 1642 3102 quando
1680 3045 1866 3087 servus

259 3119 399 3161 suus
429 3105 604 3160 femur
624 3105 766 3159 illius
789 3103 1151 3173 contingebat,
1186 3118 1291 3157 non
1321 3118 1418 3173 per
1454 3103 1667 3158 carnale
1695 3118 1867 3157 mem-

260 3176 444 3258 brum,
472 3176 568 3258 sed
592 3176 876 3258 per-licunt
899 3173 1085 3229 vivum
1114 3182 1171 3257 et
1190 3189 1375 3258 verum
1396 3173 1867 3258 jurarnentaprfe-

258 3248 462 3303 stabat.
505 3243 641 3315 Quia
682 3246 953 3301 Abraham
989 3245 1173 3315 genuit
1199 3243 1364 3309 Isaac,
1396 3243 1541 3299 Isaac
1570 3246 1756 3315 genuit
1777 3244 1866 3300 Ja-

257 3319 383 3382 θοι),
437 3314 605 3373 Iacob
628 3319 812 3387 genuit
833 3314 1028 3387 Iudam
1054 3332 1073 3370 :
1100 3314 1185 3387 de,
1206 3316 1359 3384 cujus
1388 3314 1594 3372 semine
1621 3315 1867 3371 Christus

262 3389 527 3460 Dominus
550 3386 704 3443 natus
722 3396 805 3444 est
829 3388 849 3460 (
872 3386 1109 3460 Matthtt
1128 3429 1146 3460 ,_
1165 3386 1352 3457 2-16).

331 3460 391 3515 2.
413 3459 805 3516 Serqubraho:
823 3455 1037 3514 occurrit
1051 3457 1296 3529 Rebecca,
1313 3455 1464 3529 quam
1480 3457 1587 3521 ille,
1600 3455 1769 3512 habito
1781 3474 1867 3529 pa-

260 3540 462 3586 rentum
478 3532 750 3601 fratrisque
758 3540 805 3583 et
816 3531 977 3599 ipsius
986 3545 1251 3594 consensu,
1268 3526 1419 3601 Isaac
1430 3527 1632 3601 domino
1644 3545 1735 3601 suo
1750 3526 1869 3583 uico-

265 3619 374 3683 Lem
392 3598 749 3683 accipin—4b.}
763 3598 895 3683 stetit
905 3602 1059 3683 justo
1076 3605 1281 3683 (optem,
1302 3609 1348 3653 et
1364 3599 1492 3681 diaii
1512 3598 1564 3652 in
1579 3599 1729 3683 corde
1741 3615 1833 3654 suo
1846 3616 1867 3656 :

265 3673 489 3728 Domine
508 3672 647 3728 Deus
684 3672 877 3726 domini
898 3672 1015 3738 mei,
1048 3670 1091 3725 si
1120 3670 1281 3741 fecisti
1319 3670 1719 3741 misericordiam
1751 3687 1867 3725 cum

262 3745 476 3798 domino
495 3760 633 3810 meo,
657 3759 770 3798 ecce
791 3753 868 3796 sto
901 3741 968 3795 ad
992 3740 1216 3813 puteum,
1241 3749 1293 3813 et
1312 3740 1498 3813 puella
1535 3757 1649 3811 qua:
1681 3742 1869 3813 uenerit

262 3816 478 3870 haurire
494 3832 707 3887 quatit,
719 3815 773 3887 5i
797 3814 844 3867 ei
868 3810 1043 3887 dissero
1058 3853 1074 3879 ,
1116 3810 1357 3887 Daptihi
1370 3810 1553 3887 bibere,
1592 3821 1639 3866 et
1662 3812 1754 3866 illa
1780 3828 1867 3867 re-

265 3887 532 3957 sponderit
543 3881 691 3952 mihi,
710 3884 774 3938 Et
792 3895 844 3937 tu
861 3883 988 3950 bibe,
1004 3893 1050 3957 et
1061 3883 1265 3957 camelis
1283 3884 1383 3938 tuis
1396 3881 1631 3957 hauriam
1645 3900 1831 3957 aquam
1846 3901 1868 3951 ,-

265 3952 382 4028 ipsa
406 3968 481 4012 est
520 3972 673 4026 quam
717 3955 1016 4028 praeparasti
1042 3954 1248 4028 domino
1283 3971 1392 4009 meo
1432 3952 1602 4008 Isaac.
1635 3953 1869 4008 Necdum

430 4029 486 4083 in
510 4025 663 4083 corde
701 4025 794 4082 suo
825 4025 976 4081 uerba
1005 4025 1372 4095 compleverat,
1410 4033 1468 4095 ei
1483 4041 1594 4078 ecce
1626 4028 1870 4095 apparuit

265 4092 522 4166 Rebecca,
561 4099 745 4154 habens
787 4098 1019 4168 hydriam
1042 4097 1095 4168 in
1122 4092 1364 4168 'scapula.
1420 4092 1488 4168 Et
1514 4096 1643 4168 dixit
1661 4092 1733 4149 ad
1758 4112 1869 4150 eam

258 4188 396 4242 pater
423 4188 445 4225 :
479 4165 568 4242 _Da
592 4170 715 4242 mihi
735 4165 917 4242 bibere.
945 4170 1009 4221 At
1033 4167 1125 4222 illa
1145 4165 1255 4242 cito-
1269 4165 1499 4242 deposuit
1526 4166 1780 4242 hydriam,
1825 4175 1871 4221 et

257 4236 399 4297 dixit
428 4257 449 4296 :
468 4240 607 4295 Ettu
628 4241 752 4307 bibe,
775 4240 995 4304 domine,
1016 4249 1060 4293 et
1077 4236 1282 4293 camelis
1298 4236 1398 4291 tuis
1414 4237 1649 4290 hauriam
1663 4255 1867 4309 aquam.

264 4312 337 4366 Et
362 4329 486 4367 cum
509 4314 865 4384 interrogasset
886 4313 1030 4383 cujus
1054 4309 1336 4384 esset_ﬁl_ia,
1365 4309 1626 4384 reipondit
1645 4310 1710 4375 ei,
1737 4310 1871 4384 quod

259 4384 382 4453 ﬁlia
424 4393 558 4438 esset
595 4379 893 4453 Bathuelis,
922 4379 968 4435 et
996 4397 1142 4436 soror
1170 4379 1364 4453 Laban.
1412 4379 1479 4434 Et
1506 4380 1788 4453 incuruauit
1816 4396 1872 4453 se

258 4451 447 4521 homo,
493 4464 545 4508 et
581 4453 810 4508 adoravit
835 4452 1020 4519 Deum,
1053 4469 1110 4506 eo
1138 4452 1272 4524 quod
1316 4462 1593 4524 agnouerat
1611 4451 1749 4522 quod
1772 4452 1873 4521 ipsi

257 4534 438 4581 essent
459 4534 698 4597 parentes
724 4524 916 4597 domini
946 4526 1023 4578 sui
1050 4523 1269 4578 Abrahte
1288 4523 1395 4597 Le:
1426 4523 1636 4597 protulit
1672 4524 1874 4597 inaures

257 4597 338 4650 ad
380 4593 672 4651 ornandam
673 4596 880 4720 Jaciem
905 4612 1068 4659 suam,
1094 4604 1140 4649 et
1164 4593 1395 4648 armillas
1425 4593 1591 4666 posuit
1616 4594 1668 4647 in
1704 4595 1871 4647 mani-

258 4666 362 4720 :bus
401 4669 538 4720 eius.
569 4666 666 4720 Ati
712 4684 745 4720 a
782 4666 968 4720 uadens
1011 4666 1262 4720 nuntiavit
1290 4665 1586 4720 parentibus
1622 4665 1759 4720 suis.
1785 4666 1871 4720 aui

258 4666 362 4722 ὧν
401 4665 745 4739 ejusaAtilla
782 4666 983 4739 uadens_
1011 4666 1262 4720 nuntiavit
1289 4665 1586 4739 parentibus
1622 4665 1759 4739 suis,
1785 4666 1874 4735 qui

262 4735 517 4794 abeuntes
542 4737 902 4793 benedixerunt
945 4735 1133 4801 Deum,
1162 4746 1208 4791 et
1241 4753 1353 4789 cum
1378 4737 1565 4806 gaudio
1599 4745 1646 4790 et
1685 4737 1877 4792 honore

263 4819 608 4879 susceperunt
646 4825 858 4879 puerum
884 4807 1120 4863 Abrahae.
1150 4809 1214 4860 At
1244 4808 1330 4862 ille
1351 4808 1544 4879 tacuius
1587 4815 1657 4862 est
1676 4808 1764 4879 _ad
1791 4824 1875 4862 eos

264 4880 338 4935 de
378 4877 654 4946 Rebecca,
677 4889 730 4933 ut
754 4895 865 4934 eam
891 4882 1071 4934 darent
1096 4878 1302 4932 domino
1342 4895 1433 4933 suo
1455 4877 1628 4931 Isaac.
1662 4877 1690 4931 Ι
1698 4879 1754 4932 lli
1780 4895 1876 4933 au-

268 4961 374 5007 tem
417 4946 663 5006 dixerunt
705 4966 722 5004 :
752 4950 1036 5004 Clamemus
1080 4951 1294 5020 puellte,
1332 4960 1378 5004 et
1412 4966 1699 5020 qureramus
1737 4951 1876 5005 illius

270 5023 610 5079 uoluntatem.
657 5021 879 5091 Cumque
932 5031 1108 5076 uocata
1143 5031 1300 5091 esset,
1342 5020 1581 5075 dixerunt
1620 5022 1689 5075 ad
1709 5039 1819 5076 eam
1857 5038 1876 5077 :

277 5093 487 5220 zisdire
524 5110 640 5148 cum
668 5090 872 5147 [tantine
921 5093 1015 5146 isto
1048 5092 1074 5145 Ρ
1117 5090 1184 5145 At
1211 5090 1303 5145 illa
1339 5092 1648 5163 respondens
1686 5093 1817 5148 dixit
1858 5108 1877 5149 :

329 5181 361 5219 a
399 5181 509 5219 am.

329 5181 487 5219 aaam
494 5204 509 5219 ο

312 5254 317 5261 ί
348 5238 406 5292 '5.
439 5235 703 5306 Abraham
723 5243 772 5290 et
794 5250 962 5290 servus
987 5234 1172 5306 ipsius,
1194 5250 1407 5306 quorum
1430 5235 1629 5306 ﬁgurte.
1655 5234 1878 5289 Rebecca

272 5305 591 5378 desponsata
632 5303 783 5361 Isaac
818 5309 983 5377 figura
1011 5303 1288 5378 Ecclesiae.
1311 5303 1501 5378 ΔΝυηό,
1526 5305 1719 5378 fratres
1749 5307 1876 5360 cha-

273 5375 516 5443 tissimi,
547 5387 805 5446 quantum
837 5375 1146 5446 possumus,
1178 5375 1413 5430 breviter
1435 5377 1560 5446 quid
1592 5377 1690 5431 ista
1718 5378 1880 5446 signi-

272 5447 466 5514 ﬁcent,
487 5446 786 5503 videamus.
814 5448 1006 5502 Beatus
1029 5446 1311 5508 Abraham,
1332 5446 1473 5517 quod
1502 5464 1721 5517 puerum
1752 5449 1882 5502 diri-

272 5520 459 5590 gebat,
502 5528 562 5574 ut
588 5521 859 5589 acciperet
894 5533 1112 5573 uxorem
1142 5517 1248 5573 lilio
1269 5532 1396 5583 suo,
1436 5528 1617 5590 typum
1654 5518 1881 5574 habebat

368 5631 424 5743 ἵ)
454 5630 602 5689 Alias,
624 5630 692 5680 de
713 5638 952 5704 Tempore
974 5630 1079 5702 73..

416 5701 507 5765 μυ
546 5693 824 5765 iuveniles
860 5705 989 5765 nune
1010 5704 1215 5765 rerum
1236 5690 1515 5765 οοιιοοεεψιῖο
1556 5693 1734 5765 Iebus
1778 5702 1885 5746 erat

286 5754 684 5814 Lovaniensibus,
699 5754 892 5819 verlino
905 5762 957 5804 et
975 5763 996 5801 κ
1007 5754 1207 5819 indingo
1225 5756 1574 5817 supposititius.
1589 5757 1729 5805 Nobis
1740 5769 1884 5819 porro

290 5818 486 5867 videtur
529 5830 646 5882 esse
681 5818 877 5882 caesarii
910 5816 1228 5871 At‘elatenSis.
1253 5816 1306 5866 In
1327 5816 1669 5882 manuscriptis
1704 5816 1886 5873 nostris

288 5892 391 5932 non
406 5880 572 5945 potuit
586 5880 816 5945 reperiri.

1715 352 1948 412 SERMO
1966 406 1969 409 η
1985 353 2120 415 VIII.

3411 367 3557 432 ΠΜ

1971 476 2066 561 ρρί
2092 475 2288 561 fanis,
2308 477 2459 561 sicut
2492 485 2548 536 et
2575 481 2802 561 quando
2824 497 2947 561 eum
2973 485 3030 544 in
3056 485 3372 546 holocausta
3397 489 3554 549 obtu-

1968 547 2185 632 lit,‘Dei
2226 547 2399 632 Patris
2432 547 2722 632 imaginem
2750 557 3052 632 ﬁgurabat;
3076 575 3213 632 puer
3232 568 3409 617 autem
3436 547 3555 632 eius

1967 619 2188 674 verbum
2217 619 2946 704 propheticumdesignabati
2973 619 3111 685 Misit
3130 646 3257 702 ergo
3284 619 3553 704 Abraham

1971 706 2188 773 pncrum
2221 706 2375 747 suum
2406 695 2459 748 in
2497 695 2769 773 regionem
2810 699 3146 773 longinquam
3171 695 3274 769 [ιη
3303 702 3424 756 inde
3468 718 3556 757 ac—

1967 765 2172 838 ciperet
2201 778 2439 838 uxorem
2468 765 2599 838 _tilio
2627 781 2724 821 suo
2755 787 2767 822 :
2800 765 2925 838 quia
2956 765 3181 828 mist-rat
3216 774 3358 829 Deus
3399 774 3557 829 Pater

1968 833 2591 915 proplttgiicutn_verbunt
2618 854 2709 915 per
2736 833 3035 897 universam
3066 853 3257 899 terram
3280 887 3294 911 ,
3318 853 3377 899 ut
3408 859 3557 915 quaa—

1968 914 2113 985 [eret
2150 906 2445 985 Ecclesiam
2475 908 3076 985 catholicamspousam
3124 906 3554 985 Uttigenitttsuo.

1969 976 2037 1057 Et
2058 976 2332 1057 quomodo
2357 994 2456 1057 per
2492 994 2732 1057 puerum
2758 976 2981 1037 Abrahae
3009 985 3164 1057 beato
3192 976 3336 1041 Isaac
3360 1002 3555 1057 sponsa

1970 1046 2250 1124 adducitur
2292 1064 2318 1124 ;_
2355 1046 2427 1104 ita
2479 1046 2573 1119 per
2624 1052 2841 1106 verbum
2904 1056 3267 1124 pr0pheticum
3317 1046 3555 1114 Ecclesia

1970 1117 2218 1199 Gentium
2254 1117 2532 1199 ad_verum
2568 1136 2820 1199 Sponsum
2850 1117 3120 1199 Christum
3158 1129 3225 1183 de
3254 1129 3556 1199 longinquis

1969 1190 2610 1270 regionibusdnvitaturg
2655 1193 2757 1270 Ubi
2808 1198 3298 1270 tamen__invenitur
3345 1190 3553 1270 Sponsa

1972 1260 2079 1338 illa,
2109 1278 2228 1332 qure
2254 1260 2743 1338 Christosocianda
2767 1268 2922 1338 erat?
2952 1267 3073 1334 Ubi,
3101 1270 3199 1323 nisi
3228 1269 3295 1323 ad
3322 1260 3558 1338 aquam?

1975 1330 2171 1410 verum
2197 1344 2305 1410 est,
2344 1334 2641 1410 cbariisimi
2670 1379 2683 1400 ,
2730 1330 3091 1410 nisiEcclesia
3132 1340 3197 1394 ad
3239 1330 3428 1410 aquam
3458 1342 3559 1395 Ba-

1971 1404 2149 1472 ptismi
2186 1404 2440 1469 venisset,
2488 1405 2702 1461 Christo
2741 1409 2938 1464 sociata
2970 1426 3073 1464 non
3108 1420 3267 1467 esset.
3291 1404 3557 1467 'l'lcbecca

1971 1488 2100 1550 ergo
2135 1474 2363 1550 Abrahae
2403 1492 2623 1550 puerum
2653 1478 2851 1550 invenit
2876 1480 2941 1534 ad
2981 1492 3217 1550 puteum,
3245 1493 3297 1537 et
3326 1483 3559 1538 Ecclesia

1971 1545 2176 1600 invenit
2223 1545 2606 1620 Christumad
2651 1549 2903 1620 Baptismi
2951 1545 3360 1608 sacramentum.
3415 1553 3554 1620 Quid

1972 1624 2148 1672 tamen
2195 1626 2325 1694 post_
2361 1617 2699 1694 luccfactum
2730 1617 2863 1676 est?
2903 1622 3127 1694 Protulit
3172 1641 3303 1694 puer
3344 1617 3559 1694 inaures

1970 1701 2179 1752 aureas,
2210 1698 2263 1743 et
2294 1688 2555 1745 dextralia
2595 1706 2779 1753 aurea.
2819 1703 2872 1747 et
2899 1692 3044 1748 dedit
3083 1710 3145 1749 ca
3174 1688 3455 1751 Rebeccae.
3499 1693 3557 1750 In

1970 1757 2074 1833 iiiis
2102 1759 2373 1833 inaurihus
2402 1762 2577 1816 aureis
2601 1762 3033 1833 signiﬁcabantur
3058 1766 3218 1822 verba
3242 1767 3415 1821 divina
3458 1785 3471 1822 :
3504 1766 3558 1820 in

1971 1828 2076 1883 illis
2100 1830 2324 1906 armillis
2354 1828 2772 1906 aureis,__opera
2809 1845 2989 1890 sancta
3016 1852 3029 1899 ;
3053 1837 3175 1906 quia
3217 1839 3270 1894 in
3315 1838 3558 1892 manibus

1970 1915 2129 1977 opera
2170 1900 2534 1977 designantur.
2564 1900 2848 1977 Yideatttus
2874 1900 3142 1977 quomodo
3192 1909 3306 1964 hmc
3350 1907 3558 1964 dederit

1969 1968 2214 2045 Christus
2257 1972 2530 2045 Ecclesiae.
2576 1975 2713 2030 Puer
2753 1968 3106 2045 ergo’obtulit
3134 1980 3347 2036 inaures
3370 1992 3560 2034 aureas

1968 2042 2035 2097 ad
2085 2043 2376 2098 ornandam
2410 2042 2596 2099 facient
2630 2042 2904 2110 Rebeccm,
2942 2058 2995 2102 et
3022 2050 3263 2105 Christus
3289 2052 3445 2105 verba
3473 2050 3558 2104 di-

1967 2114 2091 2169 vina
2123 2115 2424 2184 margaritis
2454 2116 2702 2171 omnibus
2743 2120 3049 2185 pretiosiora
3077 2120 3223 2176 dedit
3265 2121 3555 2176 Ecclesiae:

1969 2195 2021 2240 et
2049 2184 2284 2239 armillas
2320 2187 2494 2254 posuit
2536 2186 2586 2240 in
2623 2188 2865 2243 manibus
2903 2189 3179 2255 Rebeccm,
3225 2203 3277 2246 et
3312 2192 3559 2247 Christus

1969 2255 2115 2326 dedit
2157 2272 2317 2325 opera
2364 2265 2547 2310 sancta
2575 2258 2626 2310 in
2658 2274 2845 2313 manus
2883 2259 3155 2317 Ecclesiae.
3185 2262 3555 2326 Considerate.

1972 2325 2159 2404 fratres
2202 2326 2498 2404 charissiiui
2520 2369 2534 2392 ,
2566 2338 2619 2404 et
2647 2329 2873 2399 gaudete
2901 2372 2914 2394 ,
2948 2339 3003 2385 et
3029 2333 3136 2388 Deo
3162 2334 3355 2404 gratias
3384 2334 3523 2402 agite
3542 2374 3557 2398 ,

1967 2397 2093 2521 guia
2133 2398 2274 2480 quod
2325 2398 2375 2450 in
2420 2398 2524 2453 illis
2567 2397 2844 2468 figuratum
2878 2410 2991 2467 est,
3040 2404 3091 2456 in
3144 2397 3298 2458 n'ohis
3346 2397 3561 2458 Chi-isto

2008 2477 2202 2521 ouante
2251 2468 2525 2521 tmpletum
2578 2479 2659 2521 cst
2706 2488 2720 2521 :
2769 2481 2822 2521 et
2868 2473 3135 2521 nttomndo
3177 2475 3412 2521 Rebecca
3462 2489 3561 2521 nec

2008 2468 2525 2541 onante_impletum
2578 2479 2659 2524 cst
2706 2488 2720 2525 :
2769 2481 2822 2525 et
2868 2473 3135 2541 quomodo
3174 2475 3412 2530 Rebecca
3462 2489 3562 2528 nec

1970 2538 2182 2592 inaures
2212 2538 2410 2593 habere
2440 2541 2630 2609 potuit,
2660 2550 2762 2596 nec
2800 2538 3034 2598 armillas
3061 2545 3111 2599 in
3154 2546 3417 2608 manibus,
3457 2544 3559 2599 nisi

1971 2609 2119 2665 Isaac
2143 2625 2240 2683 per
2264 2624 2474 2683 servum
2500 2626 2655 2683 suum
2682 2614 3063 2670 transmitteret
3092 2633 3107 2679 ;
3138 2617 3207 2671 ita
3240 2625 3291 2671 et
3322 2616 3559 2671 Ecclesia

1971 2696 2070 2734 nec
2096 2680 2275 2754 verba
2294 2679 2544 2754 divinain
2572 2684 2811 2748 auribus,
2842 2700 2941 2737 nec
2968 2701 3129 2754 opera
3154 2696 3334 2742 sancta
3362 2687 3562 2742 habere

1972 2751 2230 2828 potuisset
2261 2751 2310 2805 in
2345 2752 2605 2818 manibus,
2626 2754 2737 2828 nisi
2767 2756 2881 2828 hinc
2915 2751 3258 2812 illi—Christus
3287 2773 3383 2828 per
3408 2770 3558 2828 suam

1969 2822 2191 2895 gratiam
2237 2829 2289 2876 et
2319 2837 2410 2891 per
2450 2837 2574 2878 suos
2612 2824 2891 2891 Apostolos
2921 2828 3253 2884 contulisset.
3284 2822 3433 2895 Quod
3474 2842 3562 2881 au-

1972 2903 2077 2947 tem
2119 2894 2438 2963 interrogata
2466 2895 2640 2965 puella
2668 2911 2698 2949 a
2716 2897 3055 3020 parentibus,
3093 2909 3269 2952 utrum
3299 2894 3457 2953 vellet
3482 2899 3562 2954 ire

1972 2980 2091 3020 cum
2123 2980 2285 3020 puero
2308 3006 2324 3020 .
2365 2966 2639 3020 resnondit
2658 3008 2671 3020 .
2758 2967 2857 3019 ado
2888 2982 2905 3020 :
2930 2977 3114 3020 aperte
3156 2969 3257 3020 hoc
3287 2970 3338 3020 in
3366 2968 3560 3020 Eccle-

1971 2980 2091 3039 cnm
2123 2980 2285 3039 puero
2308 3006 2324 3030 ,
2365 2966 2685 3039 respondit,
2714 2966 2857 3039 Vada
2888 2982 2905 3021 :
2930 2977 3114 3039 aperte
3156 2969 3257 3023 hoc
3287 2970 3338 3023 in
3366 2968 3560 3025 Eccle-

1955 3036 2047 3109 '_sia
2086 3035 2329 3109 videmus
2373 3035 2600 3109 impleri.
2648 3035 2723 3091 Ibi
2764 3035 3121 3109 interrogatur
3161 3041 3406 3095 voluntas
3442 3039 3563 3097 Re-

1969 3107 2167 3172 becca),
2200 3105 2285 3160 hic
2311 3105 2597 3176 requiritur
2633 3109 2877 3163 voluntas
2904 3105 3173 3166 Ecclesiae.
3203 3111 3458 3166 Rebeccae
3480 3109 3563 3165 di-

1970 3179 2110 3252 citur
2129 3220 2144 3243 ,
2164 3249 2173 3252 A
2196 3176 2386 3252 Vis__ire
2416 3194 2530 3231 cum
2553 3179 2753 3252 homine
2776 3180 2873 3252 isto
2901 3180 2933 3252 ἶ
2961 3190 3014 3236 et
3041 3180 3346 3252 respondet,
3392 3179 3557 3237 Vada.

1971 3247 2225 3322 Ecclesiae
2259 3247 2506 3322 dicitnr)
2551 3248 2741 3304 Credis
2784 3250 2854 3322 in,
2887 3247 3155 3308 Christum
3186 3254 3210 3305 ?
3237 3258 3291 3309 et
3332 3247 3564 3322 respon-

1970 3318 2094 3387 det,
2136 3318 2330 3374 Credo.
2388 3318 2629 3375 Rebecca
2682 3336 2786 3375 non
2827 3321 3111 3379 duceretur
3161 3323 3225 3378 ad
3266 3318 3561 3380 Isaae'nisi

1972 3390 2190 3468 diceret,
2221 3389 2401 3468 Vholo_:
2449 3406 2547 3446 nec
2576 3391 2814 3447 Ecclesia
2850 3392 3062 3457 Christo
3084 3394 3421 3468 jungeretur,
3459 3394 3559 3450 nisi

1971 3460 2171 3516 diceret
2189 3502 2202 3521 .
2244 3459 2436 3516 Credo.

2042 3530 2266 3605 4.1saac
2291 3532 2490 3605 ueniens
2510 3532 2561 3586 in
2585 3550 2765 3605 agrum
2783 3576 2798 3599 ,
2827 3534 2995 3605 ﬁgura
3021 3533 3207 3590 Christi
3241 3535 3297 3591 in
3315 3535 3560 3591 mundum

1971 3604 2184 3685 genturi.
2201 3602 2422 3685 Accepit
2440 3618 2566 3685 ergo
2584 3602 2716 3685 puer
2729 3602 3049 3685 Rebeccam.
3070 3617 3126 3685 ei
3138 3608 3377 3685 exhibuit
3390 3606 3558 3685 Isaac:

1973 3673 2262 3729 Videamus
2292 3682 2466 3727 tamen
2513 3673 2603 3728 ubi
2632 3690 2753 3730 eum
2780 3676 3059 3733 invenerit.
3108 3677 3313 3733 Invenit
3341 3693 3462 3734 eum
3492 3676 3562 3734 ad

1973 3752 2189 3869 puteum
2232 3743 2547 3799 Juramenti.
2591 3744 2809 3811 Videte,
2858 3746 3067 3814 fratres,
3102 3764 3233 3818 puer
3275 3748 3421 3804 Isaac
3448 3748 3561 3805 Re.

2011 3831 2191 3869 eccam
2243 3814 2309 3868 ad
2352 3827 2566 3869 puteum
2613 3817 2851 3869 invenit.
2888 3829 2940 3869 et
2986 3821 3177 3869 iterum
3210 3821 3384 3869 insnm
3416 3819 3561 3869 Isaac

2011 3831 2191 3892 eccam
2243 3814 2325 3892 ad_
2350 3827 2566 3884 puteum
2613 3817 2816 3892 invenit
2838 3860 2851 3881 ,
2888 3829 2940 3892 et
2986 3814 3177 3875 iterum
3210 3821 3384 3892 ipsum
3416 3819 3564 3892 Isaac

1974 3886 2217 3941 Rebecca
2261 3885 2327 3940 ad
2385 3896 2599 3956 puteum
2635 3888 2854 3943 invenit.
2886 3888 3082 3945 Verum
3107 3901 3188 3947 est
3233 3885 3250 3944 Ξ
3285 3906 3383 3948 nec
3402 3888 3561 3945 Chri4

1974 3967 2089 4013 stus
2132 3956 2457 4024 Ecclesiam,
2488 3972 2587 4012 nec
2616 3958 2851 4013 Ecclesia
2884 3960 3155 4016 Christum
3196 3962 3418 4028 invenit,
3459 3960 3562 4016 nisi

1973 4030 2040 4103 ad
2075 4029 2341 4103 Baptismi
2367 4039 2780 4103 sacram_entum.
2822 4029 3035 4103 Exierat
3074 4048 3233 4103 ergo,
3261 4034 3399 4087 sicut
3434 4031 3565 4103 dicit

1974 4097 2274 4173 Scriptura,
2329 4099 2513 4154 beatus
2543 4097 2707 4173 [suae
2760 4102 2834 4173 ad,
2867 4097 3228 4173 uesperum'in
3268 4118 3448 4173 agrum
3493 4102 3564 4155 ad

1976 4171 2341 4242 meditandum.
2372 4174 2514 4239 Ager
2540 4171 2629 4225 ille
2657 4172 2838 4242 mundi
2870 4171 3087 4242 figuram
3125 4171 3369 4227 habebat.
3400 4173 3562 4229 Exie-

1975 4251 2057 4296 rat
2100 4240 2245 4295 Isaac
2285 4241 2335 4294 in
2360 4256 2583 4310 agrum,
2630 4242 2750 4311 quia
2778 4240 3018 4297 Christus
3060 4251 3314 4298 venturus
3350 4254 3466 4299 erat
3507 4242 3563 4299 in

1977 4311 2236 4382 mundum
2278 4328 2290 4362 :
2339 4311 2481 4365 Isaac
2518 4311 2587 4367 ad
2620 4327 2902 4382 vesperum
2936 4314 3074 4379 diei,
3106 4316 3346 4370 Christus
3375 4315 3427 4369 in
3458 4314 3564 4371 [ine

1977 4380 2616 4457 mundi._lsaacergo_atl
2641 4380 3001 4457 meditandum
3040 4387 3090 4440 in
3129 4401 3315 4457 agrum
3344 4399 3555 4457 proces-

1977 4455 2046 4526 sit
2075 4473 2085 4507 :
2117 4454 2240 4524 quia
2261 4451 2501 4526 Christus
2524 4454 2575 4508 in
2609 4454 2865 4509 mundum
2890 4451 3213 4526 pugnaturus
3240 4451 3422 4512 contra
3450 4456 3566 4511 dia-

1976 4525 2157 4597 bolum
2192 4525 2356 4597 venit,
2388 4532 2445 4579 ut
2469 4541 2591 4579 eum
2619 4526 2855 4581 vinceret
2875 4525 3039 4597 juste,
3079 4530 3201 4582 dum
3227 4528 3294 4582 ab
3317 4543 3383 4582 eo
3417 4526 3567 4583 occi-

1978 4596 2194 4651 deretur
2234 4595 2426 4664 injuste
2467 4612 2482 4661 ;
2512 4605 2569 4650 ut
2608 4595 2889 4651 moriendo
2909 4609 3133 4653 mortem
3160 4599 3482 4665 destrueret,
3510 4607 3566 4655 et

1978 4666 2308 4741 resurgendo
2350 4668 2509 4722 vitam
2558 4668 2896 4741 cretleniibus
2937 4669 3287 4741 condonaret,
3321 4672 3384 4724 Et
3425 4685 3564 4741 quo-

1979 4738 2139 4811 modo
2184 4737 2330 4811 Isaac
2360 4739 2718 4811 gorporahter
2753 4738 3015 4811 Rebecca,
3060 4741 3138 4794 sic
3166 4739 3378 4796 Christo
3403 4737 3565 4811 spiri-y

1983 4810 2193 4865 tualiter
2238 4808 2550 4881 jungeretur
2594 4808 2865 4874 Ecclesia,
2911 4811 3175 4880 accipiens
3221 4811 3273 4866 in
3318 4808 3567 4881 praesenti

1982 4882 2271 4953 pretiosam
2296 4879 2509 4953 arrham
2549 4882 2862 4953 sanguinem
2904 4879 3088 4949 sponsi
3128 4882 3255 4953 sui,
3283 4879 3569 4953 acceptura

1981 4950 2158 5007 dotem
2201 4950 2538 5020 postmodum
2578 4952 2725 5020 regni
2757 4952 2857 5005 sui.
2905 4953 3072 5021 Quam
3105 4970 3219 5009 rem
3247 4950 3432 5008 beatus
3468 4954 3568 5009 Pe-

1984 5033 2096 5078 trus
2124 5022 2394 5091 apostolus
2421 5021 2692 5077 evidenter
2717 5023 2975 5092 enuntiat,
3007 5024 3188 5080 dicens
3219 5042 3233 5078 :
3281 5023 3400 5079 Non
3434 5025 3571 5079 enim

1983 5093 2173 5176 inquit,
2190 5092 2446 5176 redempti
2470 5093 2589 5176 estis
2605 5108 2730 5176 auro
2760 5103 2804 5146 et
2834 5103 3087 5176 argenio,‘
3093 5096 3180 5150 sed
3208 5096 3423 5176 pretioso
3448 5111 3572 5176 san-

1983 5164 2132 5237 guine
2152 5172 2423 5237 __tanquam
2464 5164 2599 5237 agni
2619 5164 2928 5237 inmaculati
2954 5169 2970 5234 (
2995 5166 3014 5220 I
3046 5164 3260 5237 Petrtt,
3311 5167 3377 5222 18
3399 5209 3411 5230 ,
3446 5165 3569 5237 19).

2054 5236 2107 5309 5.
2141 5233 2419 5309 Synagoga
2448 5232 2535 5309 per
2559 5232 2764 5309 Suram,
2803 5232 3031 5309 Ecclesia
3055 5255 3142 5309 per
3175 5236 3446 5292 Rebeccam
3472 5232 3572 5309 ad-

1983 5307 2233 5361 umbrata.
2250 5305 2534 5375 -—Accepit
2557 5305 2684 5375 ergo
2704 5306 2851 5361 Isaac
2876 5305 3196 5375 Rebeccam,
3223 5317 3276 5362 et
3302 5307 3574 5363 intromisit

1985 5394 2094 5431 eam
2123 5377 2175 5430 in
2206 5375 2578 5430 tabernaculum
2602 5376 2778 5431 matris
2799 5394 2906 5433 sua
2933 5395 2953 5435 :
2973 5381 3177 5436 accepit
3198 5378 3444 5434 Christus
3472 5379 3577 5436 Ec-

1986 5449 2205 5523 clesiain
2227 5489 2241 5512 ,
2276 5456 2330 5502 et
2353 5463 2471 5523 eam
2519 5449 2597 5523 in_
2613 5446 2732 5501 loco
2777 5450 3050 5523 constituit
3095 5446 3409 5523 Synagogae.
3472 5450 3577 5509 Per

1987 5519 2353 5573 inﬁdelitatem
2385 5520 2527 5573 enim
2550 5518 2841 5591 rSynagoga
2879 5538 2910 5573 a
2946 5522 3054 5575 Deo
3080 5518 3329 5591 separata
3346 5530 3403 5576 et
3425 5532 3570 5576 mor-

1990 5600 2078 5644 tua
2108 5598 2222 5663 est,
2263 5599 2317 5645 et
2361 5605 2455 5663 per
2492 5590 2649 5663 [idem
2689 5590 2925 5647 Ecclesia
2962 5590 3173 5663 Christo
3208 5591 3488 5663 conjuncta
3523 5599 3579 5647 et

1990 5662 2252 5716 viviticata
2279 5671 2378 5715 est.
2411 5662 2629 5732 Accepit
2649 5677 2776 5731 ergo
2806 5663 2950 5718 Isaac
2963 5662 3282 5728 Rebeccam,
3313 5662 3436 5717 etin
3464 5671 3579 5716 tan-

1993 5743 2098 5786 tum
2140 5734 2334 5799 dilexit,
2366 5741 2421 5785 ut
2445 5733 2671 5787 dolorem
2709 5735 2793 5801 qui
2820 5751 2884 5789 ea:
2909 5746 3067 5789 morte
3099 5735 3274 5789 matris
3302 5733 3582 5801 acciderat,-

1995 5813 2309 5875 temperaret.
2357 5803 2497 5875 Mors
2535 5805 2676 5859 enim
2715 5806 2861 5861 Sara:
2906 5805 3281 5864 inﬁdelitatem
3322 5806 3585 5870 signiﬁcat

1997 5874 2311 5949 Syuagogte.
2339 5874 2559 5941 Moritur
2577 5891 2704 5948 ergo
2727 5875 2880 5948 Sara,
2908 5887 2965 5936 et
2983 5879 3037 5937 in
3061 5879 3179 5939 loco
3195 5879 3315 5953 ejus
3338 5877 3582 5959 Rebecca
