  <div class='ocr_page' id='page_1' title='image "/cluster/home/n/w/nwhite01/storage/ocr_20150623/39/hvd.32044015471485/147.png"; bbox 0 0 4062 6368; ppageno 0'>
   <div class='ocr_carea' id='block_1_1' title="bbox 1675 248 1765 272">
    <p class='ocr_par' dir='ltr' id='par_1_1' title="bbox 1675 248 1765 272">
     <span class='ocr_line' id='line_1_1' title="bbox 1675 248 1765 272; baseline -0.011 -6"><span class='ocrx_word' id='word_1_1' title='bbox 1675 248 1765 272; x_wconf 63' lang='grc' dir='ltr'><strong>διν..</strong></span> 
     </span>
    </p>
   </div>
   <div class='ocr_carea' id='block_1_2' title="bbox 543 352 689 416">
    <p class='ocr_par' dir='ltr' id='par_1_2' title="bbox 543 352 689 416">
     <span class='ocr_line' id='line_1_2' title="bbox 543 352 689 416; baseline -0.021 0"><span class='ocrx_word' id='word_1_2' title='bbox 543 352 689 416; x_wconf 72' lang='grc'><strong>176¹1</strong></span> 
     </span>
    </p>
   </div>
   <div class='ocr_carea' id='block_1_3' title="bbox 543 458 2130 532">
    <p class='ocr_par' dir='ltr' id='par_1_3' title="bbox 543 458 2130 532">
     <span class='ocr_line' id='line_1_3' title="bbox 543 458 2130 532; baseline -0.008 -1"><span class='ocrx_word' id='word_1_3' title='bbox 543 471 713 532; x_wconf 85' lang='lat' dir='ltr'><strong>nostri</strong></span> <span class='ocrx_word' id='word_1_4' title='bbox 751 468 877 526; x_wconf 82' lang='lat' dir='ltr'><strong>Jesu</strong></span> <span class='ocrx_word' id='word_1_5' title='bbox 907 458 1101 521; x_wconf 81' lang='lat' dir='ltr'><strong>Christi</strong></span> <span class='ocrx_word' id='word_1_6' title='bbox 1150 461 1425 518; x_wconf 75' lang='lat' dir='ltr'><strong>consecuti</strong></span> <span class='ocrx_word' id='word_1_7' title='bbox 1465 474 1652 519; x_wconf 87' lang='lat' dir='ltr'><strong>sumus</strong></span> <span class='ocrx_word' id='word_1_8' title='bbox 1674 503 1689 528; x_wconf 97' lang='lat'><strong>,</strong></span> <span class='ocrx_word' id='word_1_9' title='bbox 1733 459 1800 517; x_wconf 85' lang='lat' dir='ltr'><strong>ad</strong></span> <span class='ocrx_word' id='word_1_10' title='bbox 1847 475 1980 531; x_wconf 91' lang='lat' dir='ltr'><strong>quos</strong></span> <span class='ocrx_word' id='word_1_11' title='bbox 2021 475 2130 518; x_wconf 85' lang='lat' dir='ltr'><strong>non</strong></span> 
     </span>
    </p>
   </div>
   <div class='ocr_carea' id='block_1_4' title="bbox 543 534 2128 603">
    <p class='ocr_par' dir='ltr' id='par_1_4' title="bbox 543 534 2128 603">
     <span class='ocr_line' id='line_1_4' title="bbox 543 534 2128 603; baseline -0.008 -3"><span class='ocrx_word' id='word_1_12' title='bbox 543 544 729 603; x_wconf 86' lang='lat' dir='ltr'><strong>umbra</strong></span> <span class='ocrx_word' id='word_1_13' title='bbox 779 537 971 594; x_wconf 80' lang='lat' dir='ltr'><strong>veteris</strong></span> <span class='ocrx_word' id='word_1_14' title='bbox 1018 534 1375 595; x_wconf 75' lang='lat' dir='ltr'><strong>Testameuti.</strong></span> <span class='ocrx_word' id='word_1_15' title='bbox 1416 534 1512 589; x_wconf 88' lang='lat' dir='ltr'><strong>sed</strong></span> <span class='ocrx_word' id='word_1_16' title='bbox 1564 535 1674 603; x_wconf 88' lang='lat' dir='ltr'><strong>ipsa</strong></span> <span class='ocrx_word' id='word_1_17' title='bbox 1713 534 1907 587; x_wconf 88' lang='lat' dir='ltr'><strong>veritas</strong></span> <span class='ocrx_word' id='word_1_18' title='bbox 1947 544 2128 599; x_wconf 86' lang='lat' dir='ltr'><strong>venit;</strong></span> 
     </span>
    </p>
   </div>
   <div class='ocr_carea' id='block_1_5' title="bbox 541 605 2134 686">
    <p class='ocr_par' dir='ltr' id='par_1_5' title="bbox 541 605 2134 686">
     <span class='ocr_line' id='line_1_5' title="bbox 541 605 2134 686; baseline 0.005 -34"><span class='ocrx_word' id='word_1_19' title='bbox 541 623 799 686; x_wconf 53' lang='lat' dir='ltr'><strong>quantum</strong></span> <span class='ocrx_word' id='word_1_20' title='bbox 823 621 1163 686; x_wconf 18' lang='lat' dir='ltr'><strong>ipossumtts,</strong></span> <span class='ocrx_word' id='word_1_21' title='bbox 1190 620 1312 686; x_wconf 80' lang='lat' dir='ltr'><strong>cttm</strong></span> <span class='ocrx_word' id='word_1_22' title='bbox 1333 685 1337 686; x_wconf 9' lang='grc' dir='ltr'>ί</span> <span class='ocrx_word' id='word_1_23' title='bbox 1357 606 1450 661; x_wconf 89' lang='lat' dir='ltr'><strong>Dei</strong></span> <span class='ocrx_word' id='word_1_24' title='bbox 1481 605 1665 686; x_wconf 66' lang='lat' dir='ltr'><strong>gratia</strong></span> <span class='ocrx_word' id='word_1_25' title='bbox 1707 605 2134 686; x_wconf 71' lang='lat' dir='ltr'><strong>labori-mus,_iit</strong></span> 
     </span>
    </p>
   </div>
   <div class='ocr_carea' id='block_1_6' title="bbox 581 676 2135 747">
    <p class='ocr_par' dir='ltr' id='par_1_6' title="bbox 581 676 2135 747">
     <span class='ocr_line' id='line_1_6' title="bbox 581 676 2135 747; baseline -0.005 -11"><span class='ocrx_word' id='word_1_26' title='bbox 581 684 683 738; x_wconf 91' lang='lat' dir='ltr'><strong>uod</strong></span> <span class='ocrx_word' id='word_1_27' title='bbox 715 676 867 736; x_wconf 82' lang='lat' dir='ltr'><strong>nobis</strong></span> <span class='ocrx_word' id='word_1_28' title='bbox 894 677 1119 732; x_wconf 89' lang='lat' dir='ltr'><strong>contulit</strong></span> <span class='ocrx_word' id='word_1_29' title='bbox 1143 676 1443 746; x_wconf 76' lang='lat' dir='ltr'><strong>judicatus,</strong></span> <span class='ocrx_word' id='word_1_30' title='bbox 1480 676 1744 747; x_wconf 77' lang='lat' dir='ltr'><strong>integrum</strong></span> <span class='ocrx_word' id='word_1_31' title='bbox 1792 676 2024 730; x_wconf 90' lang='lat' dir='ltr'><strong>inveniat</strong></span> <span class='ocrx_word' id='word_1_32' title='bbox 2047 676 2135 745; x_wconf 81' lang='lat' dir='ltr'><strong>ju-</strong></span> 
     </span>
    </p>
   </div>
   <div class='ocr_carea' id='block_1_7' title="bbox 540 703 2131 818">
    <p class='ocr_par' dir='ltr' id='par_1_7' title="bbox 540 703 2131 818">
     <span class='ocr_line' id='line_1_7' title="bbox 581 703 2131 747; baseline -0.005 -11"><span class='ocrx_word' id='word_1_33' title='bbox 581 703 683 738; x_wconf 86' lang='lat' dir='ltr'><strong>nou</strong></span> <span class='ocrx_word' id='word_1_34' title='bbox 715 703 867 736; x_wconf 69' lang='lat' dir='ltr'><strong>IIOUIS</strong></span> <span class='ocrx_word' id='word_1_35' title='bbox 894 703 1119 732; x_wconf 73' lang='grc' dir='ltr'><strong>υίηιιυιιι</strong></span> <span class='ocrx_word' id='word_1_36' title='bbox 1143 703 1443 746; x_wconf 68' lang='lat' dir='ltr'><strong>juuwauta,</strong></span> <span class='ocrx_word' id='word_1_37' title='bbox 1480 703 1744 747; x_wconf 61' lang='grc' dir='ltr'>ιιιιιἘῖυιιι</span> <span class='ocrx_word' id='word_1_38' title='bbox 1792 703 2024 730; x_wconf 70' lang='lat' dir='ltr'><strong>&quot;unum</strong></span> <span class='ocrx_word' id='word_1_39' title='bbox 2047 703 2131 745; x_wconf 70' lang='lat' dir='ltr'><strong>ju-</strong></span> 
     </span>
     <span class='ocr_line' id='line_1_8' title="bbox 540 703 2131 818; baseline -0.006 -6"><span class='ocrx_word' id='word_1_40' title='bbox 540 703 830 812; x_wconf 70' lang='lat' dir='ltr'><strong>dicaturus.</strong></span> <span class='ocrx_word' id='word_1_41' title='bbox 861 749 962 818; x_wconf 88' lang='lat' dir='ltr'><strong>Qui</strong></span> <span class='ocrx_word' id='word_1_42' title='bbox 1013 749 1104 803; x_wconf 92' lang='lat' dir='ltr'><strong>tibi</strong></span> <span class='ocrx_word' id='word_1_43' title='bbox 1153 757 1296 802; x_wconf 86' lang='lat' dir='ltr'><strong>tanta</strong></span> <span class='ocrx_word' id='word_1_44' title='bbox 1326 747 1584 818; x_wconf 88' lang='lat' dir='ltr'><strong>contulit,</strong></span> <span class='ocrx_word' id='word_1_45' title='bbox 1616 748 1713 801; x_wconf 84' lang='lat' dir='ltr'><strong>scit</strong></span> <span class='ocrx_word' id='word_1_46' title='bbox 1755 755 2010 818; x_wconf 86' lang='lat' dir='ltr'><strong>quantum</strong></span> <span class='ocrx_word' id='word_1_47' title='bbox 2043 761 2131 802; x_wconf 83' lang='lat' dir='ltr'><strong>re-</strong></span> 
     </span>
    </p>
   </div>
   <div class='ocr_carea' id='block_1_8' title="bbox 543 816 2132 897">
    <p class='ocr_par' dir='ltr' id='par_1_8' title="bbox 543 816 2132 897">
     <span class='ocr_line' id='line_1_9' title="bbox 543 816 2132 897; baseline -0.007 -18"><span class='ocrx_word' id='word_1_48' title='bbox 543 832 744 897; x_wconf 80' lang='lat' dir='ltr'><strong>poscat.</strong></span> <span class='ocrx_word' id='word_1_49' title='bbox 763 816 906 897; x_wconf 83' lang='lat' dir='ltr'><strong>ldem</strong></span> <span class='ocrx_word' id='word_1_50' title='bbox 927 823 1169 897; x_wconf 74' lang='lat' dir='ltr'><strong>ipsecum</strong></span> <span class='ocrx_word' id='word_1_51' title='bbox 1189 818 1416 882; x_wconf 89' lang='lat' dir='ltr'><strong>venerit,</strong></span> <span class='ocrx_word' id='word_1_52' title='bbox 1434 817 1736 897; x_wconf 66' lang='lat' dir='ltr'><strong>redditurus</strong></span> <span class='ocrx_word' id='word_1_53' title='bbox 1749 816 1987 897; x_wconf 75' lang='lat' dir='ltr'><strong>estquod</strong></span> <span class='ocrx_word' id='word_1_54' title='bbox 2007 832 2132 897; x_wconf 53' lang='lat' dir='ltr'><strong>pro:</strong></span> 
     </span>
    </p>
   </div>
   <div class='ocr_carea' id='block_1_9' title="bbox 543 887 2132 959">
    <p class='ocr_par' dir='ltr' id='par_1_9' title="bbox 543 887 2132 959">
     <span class='ocr_line' id='line_1_10' title="bbox 543 887 2132 959; baseline -0.004 -10"><span class='ocrx_word' id='word_1_55' title='bbox 543 887 686 951; x_wconf 76' lang='lat' dir='ltr'><strong>misit</strong></span> <span class='ocrx_word' id='word_1_56' title='bbox 713 911 726 948; x_wconf 93' lang='lat'>:</span> <span class='ocrx_word' id='word_1_57' title='bbox 758 893 852 947; x_wconf 91' lang='lat' dir='ltr'><strong>sed</strong></span> <span class='ocrx_word' id='word_1_58' title='bbox 898 887 1251 959; x_wconf 79' lang='lat' dir='ltr'><strong>requisiturus</strong></span> <span class='ocrx_word' id='word_1_59' title='bbox 1295 898 1376 944; x_wconf 87' lang='lat' dir='ltr'><strong>est</strong></span> <span class='ocrx_word' id='word_1_60' title='bbox 1424 888 1563 958; x_wconf 89' lang='lat' dir='ltr'><strong>quod</strong></span> <span class='ocrx_word' id='word_1_61' title='bbox 1588 887 1843 953; x_wconf 79' lang='lat' dir='ltr'><strong>redemit;</strong></span> <span class='ocrx_word' id='word_1_62' title='bbox 1889 896 1943 943; x_wconf 90' lang='lat' dir='ltr'><strong>et</strong></span> <span class='ocrx_word' id='word_1_63' title='bbox 1991 887 2132 957; x_wconf 88' lang='lat' dir='ltr'><strong>quod</strong></span> 
     </span>
    </p>
   </div>
   <div class='ocr_carea' id='block_1_10' title="bbox 540 959 2129 1032">
    <p class='ocr_par' dir='ltr' id='par_1_10' title="bbox 540 959 2129 1032">
     <span class='ocr_line' id='line_1_11' title="bbox 540 959 2129 1032; baseline -0.004 -11"><span class='ocrx_word' id='word_1_64' title='bbox 540 966 686 1021; x_wconf 90' lang='lat' dir='ltr'><strong>dedit</strong></span> <span class='ocrx_word' id='word_1_65' title='bbox 715 965 765 1018; x_wconf 92' lang='lat' dir='ltr'><strong>in</strong></span> <span class='ocrx_word' id='word_1_66' title='bbox 798 963 970 1032; x_wconf 85' lang='lat' dir='ltr'><strong>primo</strong></span> <span class='ocrx_word' id='word_1_67' title='bbox 1006 961 1284 1032; x_wconf 85' lang='lat' dir='ltr'><strong>adventu,</strong></span> <span class='ocrx_word' id='word_1_68' title='bbox 1327 969 1610 1014; x_wconf 77' lang='lat' dir='ltr'><strong>exacturus</strong></span> <span class='ocrx_word' id='word_1_69' title='bbox 1637 968 1719 1032; x_wconf 83' lang='lat' dir='ltr'><strong>est</strong></span> <span class='ocrx_word' id='word_1_70' title='bbox 1744 959 1833 1032; x_wconf 66' lang='lat' dir='ltr'><strong>in</strong></span> <span class='ocrx_word' id='word_1_71' title='bbox 1872 959 2129 1032; x_wconf 71' lang='lat' dir='ltr'><strong>secundo.</strong></span> 
     </span>
    </p>
   </div>
   <div class='ocr_carea' id='block_1_11' title="bbox 540 1028 2132 1104">
    <p class='ocr_par' dir='ltr' id='par_1_11' title="bbox 540 1028 2132 1104">
     <span class='ocr_line' id='line_1_12' title="bbox 540 1028 2132 1104; baseline 0.012 -13"><span class='ocrx_word' id='word_1_72' title='bbox 540 1037 708 1092; x_wconf 69' lang='lat' dir='ltr'><strong>Nemo</strong></span> <span class='ocrx_word' id='word_1_73' title='bbox 735 1028 862 1104; x_wconf 80' lang='lat' dir='ltr'><strong>ergo</strong></span> <span class='ocrx_word' id='word_1_74' title='bbox 888 1030 1112 1104; x_wconf 85' lang='lat' dir='ltr'><strong>Christo</strong></span> <span class='ocrx_word' id='word_1_75' title='bbox 1150 1032 1374 1104; x_wconf 87' lang='lat' dir='ltr'><strong>Domino</strong></span> <span class='ocrx_word' id='word_1_76' title='bbox 1400 1039 1584 1104; x_wconf 82' lang='lat' dir='ltr'><strong>nostro</strong></span> <span class='ocrx_word' id='word_1_77' title='bbox 1615 1028 1839 1104; x_wconf 37' lang='lat' dir='ltr'><strong>fetida?</strong></span> <span class='ocrx_word' id='word_1_78' title='bbox 1857 1030 1993 1104; x_wconf 61' lang='lat' dir='ltr'><strong>&quot;Pal?</strong></span> <span class='ocrx_word' id='word_1_79' title='bbox 2029 1043 2132 1104; x_wconf 64' lang='grc' dir='ltr'><strong>Ρτθ</strong></span> 
     </span>
    </p>
   </div>
   <div class='ocr_carea' id='block_1_12' title="bbox 540 1100 2133 1173">
    <p class='ocr_par' dir='ltr' id='par_1_12' title="bbox 540 1100 2133 1173">
     <span class='ocr_line' id='line_1_13' title="bbox 540 1100 2133 1173; baseline -0.004 -11"><span class='ocrx_word' id='word_1_80' title='bbox 540 1106 715 1163; x_wconf 91' lang='lat' dir='ltr'><strong>bouis.</strong></span> <span class='ocrx_word' id='word_1_81' title='bbox 743 1100 873 1173; x_wconf 76' lang='lat' dir='ltr'><strong>Quis</strong></span> <span class='ocrx_word' id='word_1_82' title='bbox 916 1113 1000 1157; x_wconf 90' lang='lat' dir='ltr'><strong>est</strong></span> <span class='ocrx_word' id='word_1_83' title='bbox 1027 1103 1117 1171; x_wconf 90' lang='lat' dir='ltr'><strong>qui</strong></span> <span class='ocrx_word' id='word_1_84' title='bbox 1146 1102 1403 1173; x_wconf 86' lang='lat' dir='ltr'><strong>itaimpie</strong></span> <span class='ocrx_word' id='word_1_85' title='bbox 1427 1101 1577 1171; x_wconf 91' lang='lat' dir='ltr'><strong>agit?</strong></span> <span class='ocrx_word' id='word_1_86' title='bbox 1605 1100 1705 1167; x_wconf 86' lang='lat' dir='ltr'><strong>Qui</strong></span> <span class='ocrx_word' id='word_1_87' title='bbox 1731 1100 1924 1173; x_wconf 86' lang='lat' dir='ltr'><strong>accipit</strong></span> <span class='ocrx_word' id='word_1_88' title='bbox 1950 1100 2133 1155; x_wconf 59' lang='lat' dir='ltr'><strong>dulce-</strong></span> 
     </span>
    </p>
   </div>
   <div class='ocr_carea' id='block_1_13' title="bbox 540 1171 2135 1241">
    <p class='ocr_par' dir='ltr' id='par_1_13' title="bbox 540 1171 2135 1241">
     <span class='ocr_line' id='line_1_14' title="bbox 540 1171 2135 1241; baseline -0.004 -7"><span class='ocrx_word' id='word_1_89' title='bbox 540 1177 742 1241; x_wconf 85' lang='lat' dir='ltr'><strong>dinem,</strong></span> <span class='ocrx_word' id='word_1_90' title='bbox 770 1171 833 1229; x_wconf 47' lang='lat' dir='ltr'><strong>&#39;et</strong></span> <span class='ocrx_word' id='word_1_91' title='bbox 868 1172 1041 1228; x_wconf 81' lang='lat' dir='ltr'><strong>reddit</strong></span> <span class='ocrx_word' id='word_1_92' title='bbox 1067 1172 1493 1235; x_wconf 89' lang='lat' dir='ltr'><strong>amaritudinem;</strong></span> <span class='ocrx_word' id='word_1_93' title='bbox 1523 1172 1613 1241; x_wconf 89' lang='lat' dir='ltr'><strong>qui</strong></span> <span class='ocrx_word' id='word_1_94' title='bbox 1640 1171 2044 1240; x_wconf 90' lang='lat' dir='ltr'><strong>accipitvitam,</strong></span> <span class='ocrx_word' id='word_1_95' title='bbox 2078 1178 2135 1227; x_wconf 85' lang='lat' dir='ltr'><strong>et</strong></span> 
     </span>
    </p>
   </div>
   <div class='ocr_carea' id='block_1_14' title="bbox 539 1242 2133 1312">
    <p class='ocr_par' dir='ltr' id='par_1_14' title="bbox 539 1242 2133 1312">
     <span class='ocr_line' id='line_1_15' title="bbox 539 1242 2133 1312; baseline -0.004 -8"><span class='ocrx_word' id='word_1_96' title='bbox 539 1247 773 1304; x_wconf 84' lang='lat' dir='ltr'><strong>restituit</strong></span> <span class='ocrx_word' id='word_1_97' title='bbox 820 1254 1097 1300; x_wconf 89' lang='lat' dir='ltr'><strong>mortem:</strong></span> <span class='ocrx_word' id='word_1_98' title='bbox 1142 1253 1369 1297; x_wconf 88' lang='lat' dir='ltr'><strong>mortem</strong></span> <span class='ocrx_word' id='word_1_99' title='bbox 1427 1244 1568 1297; x_wconf 91' lang='lat' dir='ltr'><strong>enim</strong></span> <span class='ocrx_word' id='word_1_100' title='bbox 1614 1242 1880 1306; x_wconf 86' lang='lat' dir='ltr'><strong>restituit,</strong></span> <span class='ocrx_word' id='word_1_101' title='bbox 1931 1242 2021 1312; x_wconf 89' lang='lat' dir='ltr'><strong>qui</strong></span> <span class='ocrx_word' id='word_1_102' title='bbox 2074 1256 2133 1297; x_wconf 90' lang='lat' dir='ltr'><strong>se</strong></span> 
     </span>
    </p>
   </div>
   <div class='ocr_carea' id='block_1_15' title="bbox 540 1312 2185 1388">
    <p class='ocr_par' dir='ltr' id='par_1_15' title="bbox 540 1312 2185 1388">
     <span class='ocr_line' id='line_1_16' title="bbox 540 1312 2185 1388; baseline -0.003 -14"><span class='ocrx_word' id='word_1_103' title='bbox 540 1320 713 1388; x_wconf 89' lang='lat' dir='ltr'><strong>ipsum</strong></span> <span class='ocrx_word' id='word_1_104' title='bbox 761 1318 898 1388; x_wconf 89' lang='lat' dir='ltr'><strong>male</strong></span> <span class='ocrx_word' id='word_1_105' title='bbox 940 1313 1167 1388; x_wconf 79' lang='lat' dir='ltr'><strong>vivendo</strong></span> <span class='ocrx_word' id='word_1_106' title='bbox 1212 1312 1654 1388; x_wconf 82' lang='lat' dir='ltr'><strong>interﬁcit._Quis</strong></span> <span class='ocrx_word' id='word_1_107' title='bbox 1705 1322 1785 1388; x_wconf 73' lang='lat' dir='ltr'><strong>est</strong></span> <span class='ocrx_word' id='word_1_108' title='bbox 1825 1312 1915 1382; x_wconf 89' lang='lat' dir='ltr'><strong>qui</strong></span> <span class='ocrx_word' id='word_1_109' title='bbox 1960 1313 2134 1388; x_wconf 82' lang='lat' dir='ltr'><strong>reddit</strong></span> <span class='ocrx_word' id='word_1_110' title='bbox 2174 1356 2185 1369; x_wconf 95' lang='lat'><strong>.</strong></span> 
     </span>
    </p>
   </div>
   <div class='ocr_carea' id='block_1_16' title="bbox 540 1382 2128 1466">
    <p class='ocr_par' dir='ltr' id='par_1_16' title="bbox 540 1382 2128 1466">
     <span class='ocr_line' id='line_1_17' title="bbox 540 1382 2128 1466; baseline -0.005 -22"><span class='ocrx_word' id='word_1_111' title='bbox 540 1382 678 1466; x_wconf 20' lang='lat' dir='ltr'><strong>malta</strong></span> <span class='ocrx_word' id='word_1_112' title='bbox 709 1402 807 1466; x_wconf 63' lang='lat' dir='ltr'><strong>pro</strong></span> <span class='ocrx_word' id='word_1_113' title='bbox 848 1385 1044 1466; x_wconf 38' lang='lat' dir='ltr'><strong>bonis-‘1</strong></span> <span class='ocrx_word' id='word_1_114' title='bbox 1069 1385 1161 1440; x_wconf 89' lang='lat' dir='ltr'><strong>llle</strong></span> <span class='ocrx_word' id='word_1_115' title='bbox 1196 1385 1434 1466; x_wconf 49' lang='lat' dir='ltr'><strong>quicum</strong></span> <span class='ocrx_word' id='word_1_116' title='bbox 1475 1382 1851 1466; x_wconf 20' lang='lat' dir='ltr'><strong>debe‘rct‘dare</strong></span> <span class='ocrx_word' id='word_1_117' title='bbox 1879 1384 2128 1466; x_wconf 42' lang='lat' dir='ltr'><strong>prop-ria,</strong></span> 
     </span>
    </p>
   </div>
   <div class='ocr_carea' id='block_1_17' title="bbox 540 1454 2131 1529">
    <p class='ocr_par' dir='ltr' id='par_1_17' title="bbox 540 1454 2131 1529">
     <span class='ocr_line' id='line_1_18' title="bbox 540 1454 2131 1529; baseline -0.004 -14"><span class='ocrx_word' id='word_1_118' title='bbox 540 1461 679 1529; x_wconf 87' lang='lat' dir='ltr'><strong>rapit</strong></span> <span class='ocrx_word' id='word_1_119' title='bbox 706 1454 901 1529; x_wconf 83' lang='lat' dir='ltr'><strong>aliena;</strong></span> <span class='ocrx_word' id='word_1_120' title='bbox 931 1457 1020 1526; x_wconf 88' lang='lat' dir='ltr'><strong>qui</strong></span> <span class='ocrx_word' id='word_1_121' title='bbox 1044 1471 1142 1527; x_wconf 90' lang='lat' dir='ltr'><strong>pro</strong></span> <span class='ocrx_word' id='word_1_122' title='bbox 1168 1454 1427 1529; x_wconf 83' lang='lat' dir='ltr'><strong>charitate</strong></span> <span class='ocrx_word' id='word_1_123' title='bbox 1450 1455 1624 1510; x_wconf 86' lang='lat' dir='ltr'><strong>reddit</strong></span> <span class='ocrx_word' id='word_1_124' title='bbox 1650 1454 1853 1529; x_wconf 83' lang='lat' dir='ltr'><strong>odium,</strong></span> <span class='ocrx_word' id='word_1_125' title='bbox 1880 1454 2131 1510; x_wconf 68' lang='lat' dir='ltr'><strong>invidiam</strong></span> 
     </span>
    </p>
   </div>
   <div class='ocr_carea' id='block_1_18' title="bbox 540 1525 2129 1602">
    <p class='ocr_par' dir='ltr' id='par_1_18' title="bbox 540 1525 2129 1602">
     <span class='ocr_line' id='line_1_19' title="bbox 540 1525 2129 1602; baseline -0.004 -17"><span class='ocrx_word' id='word_1_126' title='bbox 540 1525 640 1602; x_wconf 82' lang='lat' dir='ltr'><strong>pro</strong></span> <span class='ocrx_word' id='word_1_127' title='bbox 681 1525 1005 1602; x_wconf 75' lang='lat' dir='ltr'><strong>benignitate</strong></span> <span class='ocrx_word' id='word_1_128' title='bbox 1028 1525 1172 1602; x_wconf 55' lang='lat' dir='ltr'><strong>{pro</strong></span> <span class='ocrx_word' id='word_1_129' title='bbox 1221 1527 1517 1602; x_wconf 69' lang='lat' dir='ltr'><strong>humilitate</strong></span> <span class='ocrx_word' id='word_1_130' title='bbox 1538 1525 1882 1602; x_wconf 70' lang='lat' dir='ltr'><strong>superbiam,</strong></span> <span class='ocrx_word' id='word_1_131' title='bbox 1912 1540 2009 1602; x_wconf 77' lang='lat' dir='ltr'><strong>pro</strong></span> <span class='ocrx_word' id='word_1_132' title='bbox 2038 1540 2129 1578; x_wconf 87' lang='lat' dir='ltr'><strong>ca-</strong></span> 
     </span>
    </p>
   </div>
   <div class='ocr_carea' id='block_1_19' title="bbox 540 1595 2134 1665">
    <p class='ocr_par' dir='ltr' id='par_1_19' title="bbox 540 1595 2134 1665">
     <span class='ocr_line' id='line_1_20' title="bbox 540 1595 2134 1665; baseline -0.004 -9"><span class='ocrx_word' id='word_1_133' title='bbox 540 1595 1021 1657; x_wconf 72' lang='lat' dir='ltr'><strong>stitateluiuriam.</strong></span> <span class='ocrx_word' id='word_1_134' title='bbox 1052 1595 1180 1664; x_wconf 83' lang='lat' dir='ltr'><strong>Quis</strong></span> <span class='ocrx_word' id='word_1_135' title='bbox 1207 1604 1291 1651; x_wconf 86' lang='lat' dir='ltr'><strong>est</strong></span> <span class='ocrx_word' id='word_1_136' title='bbox 1313 1597 1400 1665; x_wconf 88' lang='lat' dir='ltr'><strong>qui</strong></span> <span class='ocrx_word' id='word_1_137' title='bbox 1423 1595 1641 1651; x_wconf 89' lang='lat' dir='ltr'><strong>Christo</strong></span> <span class='ocrx_word' id='word_1_138' title='bbox 1670 1595 1844 1650; x_wconf 82' lang='lat' dir='ltr'><strong>reddit</strong></span> <span class='ocrx_word' id='word_1_139' title='bbox 1869 1597 2005 1650; x_wconf 91' lang='lat' dir='ltr'><strong>mala</strong></span> <span class='ocrx_word' id='word_1_140' title='bbox 2036 1611 2134 1665; x_wconf 91' lang='lat' dir='ltr'><strong>pro</strong></span> 
     </span>
    </p>
   </div>
   <div class='ocr_carea' id='block_1_20' title="bbox 541 1665 2133 1739">
    <p class='ocr_par' dir='ltr' id='par_1_20' title="bbox 541 1665 2133 1739">
     <span class='ocr_line' id='line_1_21' title="bbox 541 1665 2133 1739; baseline -0.004 -12"><span class='ocrx_word' id='word_1_141' title='bbox 541 1671 737 1727; x_wconf 89' lang='lat' dir='ltr'><strong>bonis?</strong></span> <span class='ocrx_word' id='word_1_142' title='bbox 761 1669 855 1725; x_wconf 84' lang='lat' dir='ltr'><strong>ille</strong></span> <span class='ocrx_word' id='word_1_143' title='bbox 883 1668 973 1739; x_wconf 90' lang='lat' dir='ltr'><strong>qui</strong></span> <span class='ocrx_word' id='word_1_144' title='bbox 1020 1683 1140 1723; x_wconf 92' lang='lat' dir='ltr'><strong>cum</strong></span> <span class='ocrx_word' id='word_1_145' title='bbox 1182 1666 1402 1739; x_wconf 81' lang='lat' dir='ltr'><strong>deberet</strong></span> <span class='ocrx_word' id='word_1_146' title='bbox 1440 1666 1655 1739; x_wconf 83' lang='lat' dir='ltr'><strong>lectioni</strong></span> <span class='ocrx_word' id='word_1_147' title='bbox 1681 1666 1952 1739; x_wconf 81' lang='lat' dir='ltr'><strong>insistere,</strong></span> <span class='ocrx_word' id='word_1_148' title='bbox 1982 1676 2037 1739; x_wconf 87' lang='lat' dir='ltr'><strong>et</strong></span> <span class='ocrx_word' id='word_1_149' title='bbox 2065 1665 2133 1721; x_wconf 91' lang='lat' dir='ltr'><strong>ad</strong></span> 
     </span>
    </p>
   </div>
   <div class='ocr_carea' id='block_1_21' title="bbox 541 1736 2130 1807">
    <p class='ocr_par' dir='ltr' id='par_1_21' title="bbox 541 1736 2130 1807">
     <span class='ocr_line' id='line_1_22' title="bbox 541 1736 2130 1807; baseline -0.005 -8"><span class='ocrx_word' id='word_1_150' title='bbox 541 1742 834 1799; x_wconf 76' lang='lat' dir='ltr'><strong>Ecclesium</strong></span> <span class='ocrx_word' id='word_1_151' title='bbox 878 1736 1129 1803; x_wconf 83' lang='lat' dir='ltr'><strong>currere,</strong></span> <span class='ocrx_word' id='word_1_152' title='bbox 1157 1737 1304 1807; x_wconf 82' lang='lat' dir='ltr'><strong>eligit</strong></span> <span class='ocrx_word' id='word_1_153' title='bbox 1331 1739 1506 1807; x_wconf 80' lang='lat' dir='ltr'><strong>potius</strong></span> <span class='ocrx_word' id='word_1_154' title='bbox 1546 1736 1611 1791; x_wconf 91' lang='lat' dir='ltr'><strong>ad</strong></span> <span class='ocrx_word' id='word_1_155' title='bbox 1658 1736 1869 1807; x_wconf 88' lang='lat' dir='ltr'><strong>tabulas</strong></span> <span class='ocrx_word' id='word_1_156' title='bbox 1915 1737 2130 1803; x_wconf 88' lang='lat' dir='ltr'><strong>ludere,</strong></span> 
     </span>
    </p>
   </div>
   <div class='ocr_carea' id='block_1_22' title="bbox 541 1806 2131 1884">
    <p class='ocr_par' dir='ltr' id='par_1_22' title="bbox 541 1806 2131 1884">
     <span class='ocr_line' id='line_1_23' title="bbox 541 1806 2131 1884; baseline -0.004 -15"><span class='ocrx_word' id='word_1_157' title='bbox 541 1812 844 1884; x_wconf 90' lang='lat' dir='ltr'><strong>spectacula</strong></span> <span class='ocrx_word' id='word_1_158' title='bbox 869 1810 1088 1876; x_wconf 83' lang='lat' dir='ltr'><strong>furiosa,</strong></span> <span class='ocrx_word' id='word_1_159' title='bbox 1108 1809 1189 1864; x_wconf 79' lang='lat' dir='ltr'><strong>vel</strong></span> <span class='ocrx_word' id='word_1_160' title='bbox 1206 1806 1449 1874; x_wconf 81' lang='lat' dir='ltr'><strong>cruenta,</strong></span> <span class='ocrx_word' id='word_1_161' title='bbox 1467 1808 1551 1862; x_wconf 87' lang='lat' dir='ltr'><strong>vel</strong></span> <span class='ocrx_word' id='word_1_162' title='bbox 1575 1809 1745 1884; x_wconf 84' lang='lat' dir='ltr'><strong>turpia</strong></span> <span class='ocrx_word' id='word_1_163' title='bbox 1769 1806 2131 1884; x_wconf 82' lang='lat' dir='ltr'><strong>frequentare;</strong></span> 
     </span>
    </p>
   </div>
   <div class='ocr_carea' id='block_1_23' title="bbox 540 1878 2137 1954">
    <p class='ocr_par' dir='ltr' id='par_1_23' title="bbox 540 1878 2137 1954">
     <span class='ocr_line' id='line_1_24' title="bbox 540 1878 2137 1954; baseline -0.003 -15"><span class='ocrx_word' id='word_1_164' title='bbox 540 1878 598 1940; x_wconf 70' lang='lat' dir='ltr'><strong>ei</strong></span> <span class='ocrx_word' id='word_1_165' title='bbox 623 1898 782 1954; x_wconf 90' lang='lat' dir='ltr'><strong>quem</strong></span> <span class='ocrx_word' id='word_1_166' title='bbox 813 1889 1024 1954; x_wconf 79' lang='lat' dir='ltr'><strong>oportet</strong></span> <span class='ocrx_word' id='word_1_167' title='bbox 1057 1888 1273 1951; x_wconf 89' lang='lat' dir='ltr'><strong>peccata</strong></span> <span class='ocrx_word' id='word_1_168' title='bbox 1303 1894 1395 1933; x_wconf 87' lang='lat' dir='ltr'><strong>sua</strong></span> <span class='ocrx_word' id='word_1_169' title='bbox 1423 1878 1625 1954; x_wconf 77' lang='lat' dir='ltr'><strong>orando</strong></span> <span class='ocrx_word' id='word_1_170' title='bbox 1646 1878 1667 1941; x_wconf 38' lang='lat'><strong>,’</strong></span> <span class='ocrx_word' id='word_1_171' title='bbox 1694 1878 1920 1954; x_wconf 81' lang='lat' dir='ltr'><strong>legendo</strong></span> <span class='ocrx_word' id='word_1_172' title='bbox 1941 1920 1955 1944; x_wconf 94' lang='lat'><strong>,</strong></span> <span class='ocrx_word' id='word_1_173' title='bbox 1993 1879 2137 1934; x_wconf 84' lang='lat' dir='ltr'><strong>elec-</strong></span> 
     </span>
    </p>
   </div>
   <div class='ocr_carea' id='block_1_24' title="bbox 541 1948 2131 2026">
    <p class='ocr_par' dir='ltr' id='par_1_24' title="bbox 541 1948 2131 2026">
     <span class='ocr_line' id='line_1_25' title="bbox 541 1948 2131 2026; baseline -0.004 -16"><span class='ocrx_word' id='word_1_174' title='bbox 541 1948 794 2026; x_wconf 77' lang='lat' dir='ltr'><strong>mosynas</strong></span> <span class='ocrx_word' id='word_1_175' title='bbox 823 1948 1071 2026; x_wconf 66' lang='lat' dir='ltr'><strong>faciendo</strong></span> <span class='ocrx_word' id='word_1_176' title='bbox 1102 1965 1420 2026; x_wconf 79' lang='lat' dir='ltr'><strong>consumere</strong></span> <span class='ocrx_word' id='word_1_177' title='bbox 1439 1991 1455 2014; x_wconf 98' lang='lat'><strong>,</strong></span> <span class='ocrx_word' id='word_1_178' title='bbox 1493 1948 1671 2026; x_wconf 79' lang='lat' dir='ltr'><strong>studet</strong></span> <span class='ocrx_word' id='word_1_179' title='bbox 1695 1950 1872 2026; x_wconf 77' lang='lat' dir='ltr'><strong>potius</strong></span> <span class='ocrx_word' id='word_1_180' title='bbox 1901 1962 2096 2026; x_wconf 80' lang='lat' dir='ltr'><strong>augere</strong></span> <span class='ocrx_word' id='word_1_181' title='bbox 2116 1989 2131 2015; x_wconf 92' lang='lat'><strong>,</strong></span> 
     </span>
    </p>
   </div>
   <div class='ocr_carea' id='block_1_25' title="bbox 540 2019 2134 2091">
    <p class='ocr_par' dir='ltr' id='par_1_25' title="bbox 540 2019 2134 2091">
     <span class='ocr_line' id='line_1_26' title="bbox 540 2019 2134 2091; baseline -0.003 -11"><span class='ocrx_word' id='word_1_182' title='bbox 540 2033 598 2081; x_wconf 90' lang='lat' dir='ltr'><strong>et</strong></span> <span class='ocrx_word' id='word_1_183' title='bbox 624 2019 850 2091; x_wconf 80' lang='lat' dir='ltr'><strong>amplius</strong></span> <span class='ocrx_word' id='word_1_184' title='bbox 896 2023 1191 2077; x_wconf 88' lang='lat' dir='ltr'><strong>cumulare.</strong></span> <span class='ocrx_word' id='word_1_185' title='bbox 1219 2022 1350 2086; x_wconf 87' lang='lat' dir='ltr'><strong>Quis</strong></span> <span class='ocrx_word' id='word_1_186' title='bbox 1396 2029 1480 2075; x_wconf 91' lang='lat' dir='ltr'><strong>est</strong></span> <span class='ocrx_word' id='word_1_187' title='bbox 1528 2020 1618 2090; x_wconf 92' lang='lat' dir='ltr'><strong>qui</strong></span> <span class='ocrx_word' id='word_1_188' title='bbox 1658 2019 1835 2074; x_wconf 89' lang='lat' dir='ltr'><strong>reddit</strong></span> <span class='ocrx_word' id='word_1_189' title='bbox 1864 2019 2005 2075; x_wconf 85' lang='lat' dir='ltr'><strong>mala</strong></span> <span class='ocrx_word' id='word_1_190' title='bbox 2036 2034 2134 2091; x_wconf 87' lang='lat' dir='ltr'><strong>pro</strong></span> 
     </span>
    </p>
   </div>
   <div class='ocr_carea' id='block_1_26' title="bbox 539 2040 2134 2164">
    <p class='ocr_par' dir='ltr' id='par_1_26' title="bbox 539 2040 2134 2164">
     <span class='ocr_line' id='line_1_27' title="bbox 540 2040 2134 2132; baseline -0.003 -52"><span class='ocrx_word' id='word_1_191' title='bbox 540 2040 598 2081; x_wconf 68' lang='lat' dir='ltr'><strong>ei.</strong></span> <span class='ocrx_word' id='word_1_192' title='bbox 624 2040 850 2132; x_wconf 64' lang='lat' dir='ltr'><strong>amplius</strong></span> <span class='ocrx_word' id='word_1_193' title='bbox 896 2040 1191 2077; x_wconf 86' lang='lat' dir='ltr'><strong>cummare.</strong></span> <span class='ocrx_word' id='word_1_194' title='bbox 1219 2040 1350 2086; x_wconf 66' lang='grc' dir='ltr'>υιιιε</span> <span class='ocrx_word' id='word_1_195' title='bbox 1396 2040 1480 2075; x_wconf 73' lang='grc' dir='ltr'><strong>εει</strong></span> <span class='ocrx_word' id='word_1_196' title='bbox 1528 2040 1618 2090; x_wconf 73' lang='lat' dir='ltr'><strong>qur</strong></span> <span class='ocrx_word' id='word_1_197' title='bbox 1658 2040 1835 2101; x_wconf 71' lang='grc' dir='ltr'><strong>Γεᾳιιιι</strong></span> <span class='ocrx_word' id='word_1_198' title='bbox 1864 2040 2005 2075; x_wconf 84' lang='lat' dir='ltr'><strong>mata</strong></span> <span class='ocrx_word' id='word_1_199' title='bbox 2036 2040 2134 2091; x_wconf 88' lang='lat' dir='ltr'><strong>pro</strong></span> 
     </span>
     <span class='ocr_line' id='line_1_28' title="bbox 539 2091 2134 2164; baseline -0.003 -15"><span class='ocrx_word' id='word_1_200' title='bbox 539 2094 730 2150; x_wconf 87' lang='lat' dir='ltr'><strong>bonis.</strong></span> <span class='ocrx_word' id='word_1_201' title='bbox 765 2095 866 2162; x_wconf 88' lang='lat' dir='ltr'><strong>Qui</strong></span> <span class='ocrx_word' id='word_1_202' title='bbox 890 2109 985 2164; x_wconf 91' lang='lat' dir='ltr'><strong>pro</strong></span> <span class='ocrx_word' id='word_1_203' title='bbox 1012 2095 1129 2147; x_wconf 89' lang='lat' dir='ltr'><strong>luce</strong></span> <span class='ocrx_word' id='word_1_204' title='bbox 1168 2091 1450 2164; x_wconf 80' lang='lat' dir='ltr'><strong>tenebras,</strong></span> <span class='ocrx_word' id='word_1_205' title='bbox 1490 2105 1585 2160; x_wconf 88' lang='lat' dir='ltr'><strong>pro</strong></span> <span class='ocrx_word' id='word_1_206' title='bbox 1615 2092 1943 2164; x_wconf 80' lang='lat' dir='ltr'><strong>benignitate</strong></span> <span class='ocrx_word' id='word_1_207' title='bbox 1981 2092 2134 2164; x_wconf 87' lang='lat' dir='ltr'><strong>mali-</strong></span> 
     </span>
    </p>
   </div>
   <div class='ocr_carea' id='block_1_27' title="bbox 542 2162 2136 2235">
    <p class='ocr_par' dir='ltr' id='par_1_27' title="bbox 542 2162 2136 2235">
     <span class='ocr_line' id='line_1_29' title="bbox 542 2162 2136 2235; baseline -0.003 -15"><span class='ocrx_word' id='word_1_208' title='bbox 542 2166 689 2229; x_wconf 85' lang='lat' dir='ltr'><strong>tiam,</strong></span> <span class='ocrx_word' id='word_1_209' title='bbox 720 2180 818 2235; x_wconf 91' lang='lat' dir='ltr'><strong>pro</strong></span> <span class='ocrx_word' id='word_1_210' title='bbox 847 2162 1136 2235; x_wconf 80' lang='lat' dir='ltr'><strong>sobrietate</strong></span> <span class='ocrx_word' id='word_1_211' title='bbox 1160 2162 1474 2235; x_wconf 82' lang='lat' dir='ltr'><strong>ebrietatem</strong></span> <span class='ocrx_word' id='word_1_212' title='bbox 1502 2203 1515 2227; x_wconf 91' lang='lat'><strong>,</strong></span> <span class='ocrx_word' id='word_1_213' title='bbox 1545 2176 1641 2231; x_wconf 91' lang='lat' dir='ltr'><strong>pro</strong></span> <span class='ocrx_word' id='word_1_214' title='bbox 1668 2162 2023 2235; x_wconf 10' lang='lat' dir='ltr'><strong>eleermosyuis</strong></span> <span class='ocrx_word' id='word_1_215' title='bbox 2050 2176 2136 2216; x_wconf 88' lang='lat' dir='ltr'><strong>ra-</strong></span> 
     </span>
    </p>
   </div>
   <div class='ocr_carea' id='block_1_28' title="bbox 579 2176 2135 2305">
    <p class='ocr_par' dir='ltr' id='par_1_28' title="bbox 579 2176 2135 2305">
     <span class='ocr_line' id='line_1_30' title="bbox 584 2176 2135 2300; baseline -0.003 -81"><span class='ocrx_word' id='word_1_216' title='bbox 584 2180 689 2229; x_wconf 90' lang='lat' dir='ltr'><strong>am,</strong></span> <span class='ocrx_word' id='word_1_217' title='bbox 720 2180 818 2235; x_wconf 90' lang='lat' dir='ltr'><strong>pro</strong></span> <span class='ocrx_word' id='word_1_218' title='bbox 847 2176 1136 2220; x_wconf 80' lang='lat' dir='ltr'><strong>soonetate</strong></span> <span class='ocrx_word' id='word_1_219' title='bbox 1160 2176 1474 2216; x_wconf 81' lang='lat' dir='ltr'><strong>ebrietatem</strong></span> <span class='ocrx_word' id='word_1_220' title='bbox 1502 2203 1515 2227; x_wconf 92' lang='lat'><strong>,</strong></span> <span class='ocrx_word' id='word_1_221' title='bbox 1545 2176 1641 2231; x_wconf 90' lang='lat' dir='ltr'><strong>pro</strong></span> <span class='ocrx_word' id='word_1_222' title='bbox 1668 2176 2023 2300; x_wconf 54' lang='lat' dir='ltr'><strong>elecmosams</strong></span> <span class='ocrx_word' id='word_1_223' title='bbox 2050 2176 2135 2216; x_wconf 87' lang='lat' dir='ltr'><strong>ra-</strong></span> 
     </span>
     <span class='ocr_line' id='line_1_31' title="bbox 579 2232 2135 2305; baseline 0 -16"><span class='ocrx_word' id='word_1_224' title='bbox 579 2237 848 2303; x_wconf 89' lang='lat' dir='ltr'><strong>acitatem,</strong></span> <span class='ocrx_word' id='word_1_225' title='bbox 876 2251 973 2305; x_wconf 86' lang='lat' dir='ltr'><strong>pro</strong></span> <span class='ocrx_word' id='word_1_226' title='bbox 995 2234 1208 2305; x_wconf 15' lang='lat' dir='ltr'><strong>justitiaﬁ</strong></span> <span class='ocrx_word' id='word_1_227' title='bbox 1225 2232 1559 2301; x_wconf 87' lang='lat' dir='ltr'><strong>iniquitatem</strong></span> <span class='ocrx_word' id='word_1_228' title='bbox 1590 2233 1837 2305; x_wconf 76' lang='lat' dir='ltr'><strong>restituit.</strong></span> <span class='ocrx_word' id='word_1_229' title='bbox 1929 2232 1985 2287; x_wconf 86' lang='lat' dir='ltr'><strong>ui</strong></span> <span class='ocrx_word' id='word_1_230' title='bbox 2006 2247 2135 2302; x_wconf 84' lang='lat' dir='ltr'><strong>ergo</strong></span> 
     </span>
    </p>
   </div>
   <div class='ocr_carea' id='block_1_29' title="bbox 539 2251 2133 2376">
    <p class='ocr_par' dir='ltr' id='par_1_29' title="bbox 539 2251 2133 2376">
     <span class='ocr_line' id='line_1_32' title="bbox 579 2251 2133 2305; baseline 0 -16"><span class='ocrx_word' id='word_1_231' title='bbox 579 2251 848 2303; x_wconf 83' lang='lat' dir='ltr'><strong>acuatem,</strong></span> <span class='ocrx_word' id='word_1_232' title='bbox 876 2251 973 2305; x_wconf 86' lang='lat' dir='ltr'><strong>pro</strong></span> <span class='ocrx_word' id='word_1_233' title='bbox 995 2251 1198 2304; x_wconf 72' lang='lat' dir='ltr'><strong>JUSllllIl</strong></span> <span class='ocrx_word' id='word_1_234' title='bbox 1225 2251 1559 2301; x_wconf 75' lang='lat' dir='ltr'><strong>lﬂlQllllalem</strong></span> <span class='ocrx_word' id='word_1_235' title='bbox 1590 2251 1837 2287; x_wconf 68' lang='grc' dir='ltr'><strong>Γεδιιιυιι.</strong></span> <span class='ocrx_word' id='word_1_236' title='bbox 1882 2251 1985 2300; x_wconf 70' lang='grc' dir='ltr'><strong>υω</strong></span> <span class='ocrx_word' id='word_1_237' title='bbox 2006 2251 2133 2302; x_wconf 84' lang='lat' dir='ltr'><strong>ergo</strong></span> 
     </span>
     <span class='ocr_line' id='line_1_33' title="bbox 539 2251 2133 2376; baseline -0.003 -15"><span class='ocrx_word' id='word_1_238' title='bbox 539 2251 659 2361; x_wconf 62' lang='lat' dir='ltr'><strong>Krec</strong></span> <span class='ocrx_word' id='word_1_239' title='bbox 687 2307 827 2361; x_wconf 89' lang='lat' dir='ltr'><strong>mala</strong></span> <span class='ocrx_word' id='word_1_240' title='bbox 872 2305 1159 2376; x_wconf 90' lang='lat' dir='ltr'><strong>adjuvante</strong></span> <span class='ocrx_word' id='word_1_241' title='bbox 1190 2304 1414 2376; x_wconf 79' lang='lat' dir='ltr'><strong>Domino</strong></span> <span class='ocrx_word' id='word_1_242' title='bbox 1454 2319 1561 2357; x_wconf 89' lang='lat' dir='ltr'><strong>non</strong></span> <span class='ocrx_word' id='word_1_243' title='bbox 1598 2302 1811 2376; x_wconf 71' lang='lat' dir='ltr'><strong>admisit</strong></span> <span class='ocrx_word' id='word_1_244' title='bbox 1831 2345 1860 2376; x_wconf 20' lang='grc' dir='ltr'><strong>,Α</strong></span> <span class='ocrx_word' id='word_1_245' title='bbox 1878 2312 2133 2376; x_wconf 80' lang='lat' dir='ltr'><strong>quantum</strong></span> 
     </span>
    </p>
   </div>
   <div class='ocr_carea' id='block_1_30' title="bbox 540 2372 2133 2448">
    <p class='ocr_par' dir='ltr' id='par_1_30' title="bbox 540 2372 2133 2448">
     <span class='ocr_line' id='line_1_34' title="bbox 540 2372 2133 2448; baseline -0.001 -17"><span class='ocrx_word' id='word_1_246' title='bbox 540 2387 747 2448; x_wconf 84' lang='lat' dir='ltr'><strong>potest,</strong></span> <span class='ocrx_word' id='word_1_247' title='bbox 779 2372 998 2448; x_wconf 66' lang='lat' dir='ltr'><strong>muueifa</strong></span> <span class='ocrx_word' id='word_1_248' title='bbox 1029 2376 1084 2448; x_wconf 86' lang='lat' dir='ltr'><strong>in</strong></span> <span class='ocrx_word' id='word_1_249' title='bbox 1122 2389 1180 2427; x_wconf 91' lang='lat' dir='ltr'><strong>se</strong></span> <span class='ocrx_word' id='word_1_250' title='bbox 1221 2374 1399 2448; x_wconf 82' lang='lat' dir='ltr'><strong>divina</strong></span> <span class='ocrx_word' id='word_1_251' title='bbox 1436 2372 1742 2448; x_wconf 77' lang='lat' dir='ltr'><strong>custodiat:</strong></span> <span class='ocrx_word' id='word_1_252' title='bbox 1774 2374 1865 2448; x_wconf 86' lang='lat' dir='ltr'><strong>qui</strong></span> <span class='ocrx_word' id='word_1_253' title='bbox 1896 2372 2025 2448; x_wconf 79' lang='lat' dir='ltr'><strong>vero</strong></span> <span class='ocrx_word' id='word_1_254' title='bbox 2050 2373 2133 2430; x_wconf 87' lang='lat' dir='ltr'><strong>his</strong></span> 
     </span>
    </p>
   </div>
   <div class='ocr_carea' id='block_1_31' title="bbox 540 2444 2132 2515">
    <p class='ocr_par' dir='ltr' id='par_1_31' title="bbox 540 2444 2132 2515">
     <span class='ocr_line' id='line_1_35' title="bbox 540 2444 2132 2515; baseline -0.003 -11"><span class='ocrx_word' id='word_1_255' title='bbox 540 2444 699 2504; x_wconf 75' lang='lat' dir='ltr'><strong>inalis</strong></span> <span class='ocrx_word' id='word_1_256' title='bbox 726 2462 786 2503; x_wconf 90' lang='lat' dir='ltr'><strong>se</strong></span> <span class='ocrx_word' id='word_1_257' title='bbox 831 2446 994 2503; x_wconf 89' lang='lat' dir='ltr'><strong>sentit</strong></span> <span class='ocrx_word' id='word_1_258' title='bbox 1039 2444 1361 2515; x_wconf 81' lang='lat' dir='ltr'><strong>obnoxium,</strong></span> <span class='ocrx_word' id='word_1_259' title='bbox 1400 2452 1456 2499; x_wconf 90' lang='lat' dir='ltr'><strong>et</strong></span> <span class='ocrx_word' id='word_1_260' title='bbox 1498 2444 1742 2515; x_wconf 82' lang='lat' dir='ltr'><strong>intelligit</strong></span> <span class='ocrx_word' id='word_1_261' title='bbox 1783 2445 2132 2510; x_wconf 85' lang='lat' dir='ltr'><strong>obvolutum,</strong></span> 
     </span>
    </p>
   </div>
   <div class='ocr_carea' id='block_1_32' title="bbox 542 2513 2136 2588">
    <p class='ocr_par' dir='ltr' id='par_1_32' title="bbox 542 2513 2136 2588">
     <span class='ocr_line' id='line_1_36' title="bbox 542 2513 2136 2588; baseline -0.001 -15"><span class='ocrx_word' id='word_1_262' title='bbox 542 2519 652 2574; x_wconf 88' lang='lat' dir='ltr'><strong>cito</strong></span> <span class='ocrx_word' id='word_1_263' title='bbox 679 2517 745 2572; x_wconf 91' lang='lat' dir='ltr'><strong>ad</strong></span> <span class='ocrx_word' id='word_1_264' title='bbox 782 2515 1107 2588; x_wconf 63' lang='lat' dir='ltr'><strong>poenitentiae</strong></span> <span class='ocrx_word' id='word_1_265' title='bbox 1159 2513 1546 2588; x_wconf 87' lang='lat' dir='ltr'><strong>medicamenta</strong></span> <span class='ocrx_word' id='word_1_266' title='bbox 1573 2513 1846 2582; x_wconf 85' lang='lat' dir='ltr'><strong>recurrat,</strong></span> <span class='ocrx_word' id='word_1_267' title='bbox 1889 2525 1943 2571; x_wconf 90' lang='lat' dir='ltr'><strong>et</strong></span> <span class='ocrx_word' id='word_1_268' title='bbox 1982 2525 2136 2588; x_wconf 88' lang='lat' dir='ltr'><strong>ante-</strong></span> 
     </span>
    </p>
   </div>
   <div class='ocr_carea' id='block_1_33' title="bbox 583 2584 2135 2654">
    <p class='ocr_par' dir='ltr' id='par_1_33' title="bbox 583 2584 2135 2654">
     <span class='ocr_line' id='line_1_37' title="bbox 583 2584 2135 2654; baseline -0.002 -11"><span class='ocrx_word' id='word_1_269' title='bbox 583 2604 702 2644; x_wconf 90' lang='lat' dir='ltr'><strong>uam</strong></span> <span class='ocrx_word' id='word_1_270' title='bbox 727 2584 903 2643; x_wconf 79' lang='lat' dir='ltr'><strong>anima</strong></span> <span class='ocrx_word' id='word_1_271' title='bbox 932 2588 1211 2642; x_wconf 68' lang='lat' dir='ltr'><strong>tenebrosa</strong></span> <span class='ocrx_word' id='word_1_272' title='bbox 1238 2584 1307 2639; x_wconf 91' lang='lat' dir='ltr'><strong>de</strong></span> <span class='ocrx_word' id='word_1_273' title='bbox 1336 2600 1559 2654; x_wconf 89' lang='lat' dir='ltr'><strong>corpore</strong></span> <span class='ocrx_word' id='word_1_274' title='bbox 1603 2587 1791 2641; x_wconf 87' lang='lat' dir='ltr'><strong>mortis</strong></span> <span class='ocrx_word' id='word_1_275' title='bbox 1819 2601 1929 2642; x_wconf 74' lang='lat' dir='ltr'><strong>suae</strong></span> <span class='ocrx_word' id='word_1_276' title='bbox 1963 2587 2135 2641; x_wconf 84' lang='lat' dir='ltr'><strong>disce-</strong></span> 
     </span>
    </p>
   </div>
   <div class='ocr_carea' id='block_1_34' title="bbox 541 2606 2132 2730">
    <p class='ocr_par' dir='ltr' id='par_1_34' title="bbox 541 2606 2132 2730">
     <span class='ocr_line' id='line_1_38' title="bbox 583 2606 2132 2654; baseline -0.002 -11"><span class='ocrx_word' id='word_1_277' title='bbox 583 2606 702 2644; x_wconf 87' lang='lat' dir='ltr'><strong>uam</strong></span> <span class='ocrx_word' id='word_1_278' title='bbox 727 2606 903 2643; x_wconf 88' lang='lat' dir='ltr'><strong>auuna</strong></span> <span class='ocrx_word' id='word_1_279' title='bbox 932 2606 1211 2642; x_wconf 73' lang='lat' dir='ltr'><strong>teneunsa</strong></span> <span class='ocrx_word' id='word_1_280' title='bbox 1238 2606 1307 2639; x_wconf 86' lang='lat' dir='ltr'><strong>ue</strong></span> <span class='ocrx_word' id='word_1_281' title='bbox 1336 2606 1559 2654; x_wconf 83' lang='lat' dir='ltr'><strong>corpore</strong></span> <span class='ocrx_word' id='word_1_282' title='bbox 1603 2606 1791 2641; x_wconf 78' lang='lat' dir='ltr'><strong>murus</strong></span> <span class='ocrx_word' id='word_1_283' title='bbox 1819 2606 1929 2642; x_wconf 72' lang='lat' dir='ltr'><strong>sua:</strong></span> <span class='ocrx_word' id='word_1_284' title='bbox 1963 2606 2132 2641; x_wconf 68' lang='grc'><strong>(11506-</strong></span> 
     </span>
     <span class='ocr_line' id='line_1_39' title="bbox 541 2606 2132 2730; baseline -0.002 -16"><span class='ocrx_word' id='word_1_285' title='bbox 541 2606 636 2714; x_wconf 60' lang='lat' dir='ltr'><strong>dat</strong></span> <span class='ocrx_word' id='word_1_286' title='bbox 657 2702 673 2725; x_wconf 96' lang='lat'><strong>,</strong></span> <span class='ocrx_word' id='word_1_287' title='bbox 702 2658 1059 2730; x_wconf 84' lang='lat' dir='ltr'><strong>eleemosynis</strong></span> <span class='ocrx_word' id='word_1_288' title='bbox 1085 2655 1343 2730; x_wconf 78' lang='lat' dir='ltr'><strong>,jejuniis</strong></span> <span class='ocrx_word' id='word_1_289' title='bbox 1370 2666 1432 2730; x_wconf 82' lang='lat' dir='ltr'><strong>et</strong></span> <span class='ocrx_word' id='word_1_290' title='bbox 1460 2656 1791 2730; x_wconf 71' lang='lat' dir='ltr'><strong>orationibus</strong></span> <span class='ocrx_word' id='word_1_291' title='bbox 1835 2657 2132 2712; x_wconf 86' lang='lat' dir='ltr'><strong>remedium</strong></span> 
     </span>
    </p>
   </div>
   <div class='ocr_carea' id='block_1_35' title="bbox 542 2726 2131 2797">
    <p class='ocr_par' dir='ltr' id='par_1_35' title="bbox 542 2726 2131 2797">
     <span class='ocr_line' id='line_1_40' title="bbox 542 2726 2131 2797; baseline -0.001 -13"><span class='ocrx_word' id='word_1_292' title='bbox 542 2731 643 2785; x_wconf 88' lang='lat' dir='ltr'><strong>sibi</strong></span> <span class='ocrx_word' id='word_1_293' title='bbox 686 2730 739 2783; x_wconf 92' lang='lat' dir='ltr'><strong>in</strong></span> <span class='ocrx_word' id='word_1_294' title='bbox 783 2728 872 2784; x_wconf 91' lang='lat' dir='ltr'><strong>die</strong></span> <span class='ocrx_word' id='word_1_295' title='bbox 911 2726 1539 2797; x_wconf 15' lang='lat' dir='ltr'><strong>necessitatisracquirat.</strong></span> <span class='ocrx_word' id='word_1_296' title='bbox 1590 2726 1680 2781; x_wconf 87' lang='lat' dir='ltr'><strong>Sic</strong></span> <span class='ocrx_word' id='word_1_297' title='bbox 1719 2742 1846 2797; x_wconf 88' lang='lat' dir='ltr'><strong>ergo</strong></span> <span class='ocrx_word' id='word_1_298' title='bbox 1879 2742 2131 2797; x_wconf 84' lang='lat' dir='ltr'><strong>agamus,</strong></span> 
     </span>
    </p>
   </div>
   <div class='ocr_carea' id='block_1_36' title="bbox 540 2795 2131 2867">
    <p class='ocr_par' dir='ltr' id='par_1_36' title="bbox 540 2795 2131 2867">
     <span class='ocr_line' id='line_1_41' title="bbox 540 2795 2131 2867; baseline -0.001 -13"><span class='ocrx_word' id='word_1_299' title='bbox 540 2799 755 2866; x_wconf 83' lang='lat' dir='ltr'><strong>fratres,</strong></span> <span class='ocrx_word' id='word_1_300' title='bbox 790 2808 847 2854; x_wconf 88' lang='lat' dir='ltr'><strong>ut</strong></span> <span class='ocrx_word' id='word_1_301' title='bbox 881 2809 1002 2853; x_wconf 88' lang='lat' dir='ltr'><strong>ante</strong></span> <span class='ocrx_word' id='word_1_302' title='bbox 1041 2796 1271 2851; x_wconf 87' lang='lat' dir='ltr'><strong>tribunal</strong></span> <span class='ocrx_word' id='word_1_303' title='bbox 1312 2795 1549 2859; x_wconf 86' lang='lat' dir='ltr'><strong>Christi,</strong></span> <span class='ocrx_word' id='word_1_304' title='bbox 1587 2806 1642 2851; x_wconf 93' lang='lat' dir='ltr'><strong>et</strong></span> <span class='ocrx_word' id='word_1_305' title='bbox 1689 2795 1943 2867; x_wconf 44' lang='lat' dir='ltr'><strong>qui—boui</strong></span> <span class='ocrx_word' id='word_1_306' title='bbox 1969 2804 2131 2865; x_wconf 84' lang='lat' dir='ltr'><strong>sunt,</strong></span> 
     </span>
    </p>
   </div>
   <div class='ocr_carea' id='block_1_37' title="bbox 541 2868 2135 2941">
    <p class='ocr_par' dir='ltr' id='par_1_37' title="bbox 541 2868 2135 2941">
     <span class='ocr_line' id='line_1_42' title="bbox 541 2868 2135 2941; baseline -0.002 -15"><span class='ocrx_word' id='word_1_307' title='bbox 541 2887 817 2935; x_wconf 86' lang='lat' dir='ltr'><strong>coronam,</strong></span> <span class='ocrx_word' id='word_1_308' title='bbox 847 2878 902 2925; x_wconf 88' lang='lat' dir='ltr'><strong>et</strong></span> <span class='ocrx_word' id='word_1_309' title='bbox 922 2869 1011 2941; x_wconf 87' lang='lat' dir='ltr'><strong>qui</strong></span> <span class='ocrx_word' id='word_1_310' title='bbox 1040 2869 1369 2941; x_wconf 79' lang='lat' dir='ltr'><strong>negligentes</strong></span> <span class='ocrx_word' id='word_1_311' title='bbox 1396 2876 1520 2941; x_wconf 79' lang='lat' dir='ltr'><strong>sunt</strong></span> <span class='ocrx_word' id='word_1_312' title='bbox 1540 2908 1554 2932; x_wconf 93' lang='lat'><strong>,</strong></span> <span class='ocrx_word' id='word_1_313' title='bbox 1574 2868 1784 2941; x_wconf 81' lang='lat' dir='ltr'><strong>veniam</strong></span> <span class='ocrx_word' id='word_1_314' title='bbox 1805 2882 2135 2939; x_wconf 88' lang='lat' dir='ltr'><strong>consequan-</strong></span> 
     </span>
    </p>
   </div>
   <div class='ocr_carea' id='block_1_38' title="bbox 541 2939 2135 3009">
    <p class='ocr_par' dir='ltr' id='par_1_38' title="bbox 541 2939 2135 3009">
     <span class='ocr_line' id='line_1_43' title="bbox 541 2939 2135 3009; baseline -0.001 -13"><span class='ocrx_word' id='word_1_315' title='bbox 541 2949 649 3007; x_wconf 91' lang='lat' dir='ltr'><strong>tur;</strong></span> <span class='ocrx_word' id='word_1_316' title='bbox 678 2951 736 2995; x_wconf 88' lang='lat' dir='ltr'><strong>ut</strong></span> <span class='ocrx_word' id='word_1_317' title='bbox 763 2941 883 2996; x_wconf 89' lang='lat' dir='ltr'><strong>illos</strong></span> <span class='ocrx_word' id='word_1_318' title='bbox 911 2939 1064 2995; x_wconf 85' lang='lat' dir='ltr'><strong>ornet</strong></span> <span class='ocrx_word' id='word_1_319' title='bbox 1090 2939 1195 2993; x_wconf 89' lang='lat' dir='ltr'><strong>vita</strong></span> <span class='ocrx_word' id='word_1_320' title='bbox 1238 2939 1474 3009; x_wconf 85' lang='lat' dir='ltr'><strong>integra,</strong></span> <span class='ocrx_word' id='word_1_321' title='bbox 1506 2939 1633 2993; x_wconf 89' lang='lat' dir='ltr'><strong>istos</strong></span> <span class='ocrx_word' id='word_1_322' title='bbox 1660 2939 1831 2993; x_wconf 85' lang='lat' dir='ltr'><strong>valeat</strong></span> <span class='ocrx_word' id='word_1_323' title='bbox 1876 2953 2135 2994; x_wconf 83' lang='lat' dir='ltr'><strong>excusare</strong></span> 
     </span>
    </p>
   </div>
   <div class='ocr_carea' id='block_1_39' title="bbox 542 3008 2135 3081">
    <p class='ocr_par' dir='ltr' id='par_1_39' title="bbox 542 3008 2135 3081">
     <span class='ocr_line' id='line_1_44' title="bbox 542 3008 2135 3081; baseline -0.002 -14"><span class='ocrx_word' id='word_1_324' title='bbox 542 3021 817 3067; x_wconf 85' lang='lat' dir='ltr'><strong>correcta:</strong></span> <span class='ocrx_word' id='word_1_325' title='bbox 849 3020 1135 3081; x_wconf 66' lang='lat' dir='ltr'><strong>praestante</strong></span> <span class='ocrx_word' id='word_1_326' title='bbox 1157 3008 1382 3064; x_wconf 82' lang='lat' dir='ltr'><strong>Domino</strong></span> <span class='ocrx_word' id='word_1_327' title='bbox 1408 3017 1592 3081; x_wconf 90' lang='lat' dir='ltr'><strong>nostro</strong></span> <span class='ocrx_word' id='word_1_328' title='bbox 1618 3009 1742 3064; x_wconf 85' lang='lat' dir='ltr'><strong>Jesu</strong></span> <span class='ocrx_word' id='word_1_329' title='bbox 1766 3008 1982 3065; x_wconf 86' lang='lat' dir='ltr'><strong>Christo</strong></span> <span class='ocrx_word' id='word_1_330' title='bbox 2004 3052 2018 3074; x_wconf 95' lang='lat'><strong>,</strong></span> <span class='ocrx_word' id='word_1_331' title='bbox 2048 3009 2135 3064; x_wconf 88' lang='lat' dir='ltr'><strong>cui</strong></span> 
     </span>
    </p>
   </div>
   <div class='ocr_carea' id='block_1_40' title="bbox 541 3080 2131 3152">
    <p class='ocr_par' dir='ltr' id='par_1_40' title="bbox 541 3080 2131 3152">
     <span class='ocr_line' id='line_1_45' title="bbox 541 3080 2131 3152; baseline -0.002 -15"><span class='ocrx_word' id='word_1_332' title='bbox 541 3091 626 3137; x_wconf 90' lang='lat' dir='ltr'><strong>est</strong></span> <span class='ocrx_word' id='word_1_333' title='bbox 644 3082 817 3138; x_wconf 90' lang='lat' dir='ltr'><strong>honor</strong></span> <span class='ocrx_word' id='word_1_334' title='bbox 842 3091 897 3137; x_wconf 91' lang='lat' dir='ltr'><strong>et</strong></span> <span class='ocrx_word' id='word_1_335' title='bbox 934 3081 1212 3152; x_wconf 86' lang='lat' dir='ltr'><strong>imperium</strong></span> <span class='ocrx_word' id='word_1_336' title='bbox 1232 3151 1237 3152; x_wconf 18' lang='grc' dir='ltr'><em>ν</em></span> <span class='ocrx_word' id='word_1_337' title='bbox 1259 3080 1903 3152; x_wconf 24' lang='grc' dir='ltr'><strong>ξιιᾉξξςυιβ-εωουιοτυιῐι.</strong></span> <span class='ocrx_word' id='word_1_338' title='bbox 1936 3081 2131 3137; x_wconf 83' lang='lat' dir='ltr'><strong>Amen.</strong></span> 
     </span>
    </p>
   </div>
   <div class='ocr_carea' id='block_1_41' title="bbox 1061 3150 1593 3222">
    <p class='ocr_par' dir='ltr' id='par_1_41' title="bbox 1061 3150 1593 3222">
     <span class='ocr_line' id='line_1_46' title="bbox 1061 3150 1593 3222; baseline -0.002 -17"><span class='ocrx_word' id='word_1_339' title='bbox 1061 3150 1459 3222; x_wconf 76' lang='lat' dir='ltr'><strong>sERMoxw</strong></span> <span class='ocrx_word' id='word_1_340' title='bbox 1496 3150 1593 3222; x_wconf 84' lang='grc' dir='ltr'><strong>(α).</strong></span> 
     </span>
    </p>
   </div>
   <div class='ocr_carea' id='block_1_42' title="bbox 1021 3219 1694 3348">
    <p class='ocr_par' dir='ltr' id='par_1_42' title="bbox 1021 3219 1694 3348">
     <span class='ocr_line' id='line_1_47' title="bbox 1021 3219 1694 3348; baseline -0.004 -70"><span class='ocrx_word' id='word_1_341' title='bbox 1021 3222 1102 3278; x_wconf 87' lang='lat' dir='ltr'><strong>De</strong></span> <span class='ocrx_word' id='word_1_342' title='bbox 1123 3222 1262 3305; x_wconf 74' lang='lat' dir='ltr'><strong>beato</strong></span> <span class='ocrx_word' id='word_1_343' title='bbox 1282 3219 1562 3304; x_wconf 16' lang='lat' dir='ltr'><strong>{oseph,vlt</strong></span> <span class='ocrx_word' id='word_1_344' title='bbox 1573 3219 1694 3348; x_wconf 44' lang='lat' dir='ltr'><strong>ibi.)</strong></span> 
     </span>
     <span class='ocr_line' id='line_1_48' title="bbox 1032 3294 1623 3348; baseline -0.007 0"><span class='ocrx_word' id='word_1_345' title='bbox 1032 3294 1272 3348; x_wconf 78' lang='lat' dir='ltr'><strong>fratribus</strong></span> <span class='ocrx_word' id='word_1_346' title='bbox 1291 3309 1414 3348; x_wconf 76' lang='lat' dir='ltr'><strong>ipsis</strong></span> <span class='ocrx_word' id='word_1_347' title='bbox 1444 3304 1623 3348; x_wconf 76' lang='lat' dir='ltr'><strong>percu.</strong></span> 
     </span>
    </p>
   </div>
   <div class='ocr_carea' id='block_1_43' title="bbox 613 3292 2132 3365">
    <p class='ocr_par' dir='ltr' id='par_1_43' title="bbox 613 3292 2132 3365">
     <span class='ocr_line' id='line_1_49' title="bbox 613 3292 2132 3365; baseline -0.001 -15"><span class='ocrx_word' id='word_1_348' title='bbox 613 3296 667 3350; x_wconf 80' lang='grc'><strong>1.</strong></span> <span class='ocrx_word' id='word_1_349' title='bbox 699 3292 901 3348; x_wconf 82' lang='lat' dir='ltr'><strong>Invidia</strong></span> <span class='ocrx_word' id='word_1_350' title='bbox 920 3310 1008 3347; x_wconf 82' lang='lat' dir='ltr'><strong>nec</strong></span> <span class='ocrx_word' id='word_1_351' title='bbox 1030 3294 1272 3365; x_wconf 74' lang='lat' dir='ltr'><strong>fratribus</strong></span> <span class='ocrx_word' id='word_1_352' title='bbox 1291 3293 1425 3365; x_wconf 70' lang='lat' dir='ltr'><strong>ipsis</strong></span> <span class='ocrx_word' id='word_1_353' title='bbox 1443 3292 1623 3365; x_wconf 75' lang='lat' dir='ltr'><strong>parcit.</strong></span> <span class='ocrx_word' id='word_1_354' title='bbox 1642 3292 1727 3348; x_wconf 84' lang='lat' dir='ltr'><strong>De</strong></span> <span class='ocrx_word' id='word_1_355' title='bbox 1752 3293 1910 3365; x_wconf 81' lang='lat' dir='ltr'><strong>beato</strong></span> <span class='ocrx_word' id='word_1_356' title='bbox 1933 3292 2132 3364; x_wconf 68' lang='lat' dir='ltr'><strong>Ioseph</strong></span> 
     </span>
    </p>
   </div>
   <div class='ocr_carea' id='block_1_44' title="bbox 541 3362 2136 3438">
    <p class='ocr_par' dir='ltr' id='par_1_44' title="bbox 541 3362 2136 3438">
     <span class='ocr_line' id='line_1_50' title="bbox 541 3362 2136 3438; baseline -0.001 -16"><span class='ocrx_word' id='word_1_357' title='bbox 541 3368 796 3438; x_wconf 88' lang='lat' dir='ltr'><strong>scriptum</strong></span> <span class='ocrx_word' id='word_1_358' title='bbox 827 3375 943 3438; x_wconf 88' lang='lat' dir='ltr'><strong>est,</strong></span> <span class='ocrx_word' id='word_1_359' title='bbox 972 3362 1162 3438; x_wconf 79' lang='lat' dir='ltr'><strong>fratres</strong></span> <span class='ocrx_word' id='word_1_360' title='bbox 1205 3362 1503 3418; x_wconf 87' lang='lat' dir='ltr'><strong>charissimi</strong></span> <span class='ocrx_word' id='word_1_361' title='bbox 1523 3404 1539 3429; x_wconf 95' lang='lat'><strong>,</strong></span> <span class='ocrx_word' id='word_1_362' title='bbox 1566 3364 1787 3438; x_wconf 21' lang='lat' dir='ltr'><strong>quod‘ei</strong></span> <span class='ocrx_word' id='word_1_363' title='bbox 1827 3362 2136 3438; x_wconf 77' lang='lat' dir='ltr'><strong>invidebant</strong></span> 
     </span>
    </p>
   </div>
   <div class='ocr_carea' id='block_1_45' title="bbox 541 3434 2133 3505">
    <p class='ocr_par' dir='ltr' id='par_1_45' title="bbox 541 3434 2133 3505">
     <span class='ocr_line' id='line_1_51' title="bbox 541 3434 2133 3505; baseline 0 -14"><span class='ocrx_word' id='word_1_364' title='bbox 541 3434 732 3492; x_wconf 73' lang='lat' dir='ltr'><strong>fratres</strong></span> <span class='ocrx_word' id='word_1_365' title='bbox 777 3437 892 3503; x_wconf 90' lang='lat' dir='ltr'><strong>sui,</strong></span> <span class='ocrx_word' id='word_1_366' title='bbox 932 3444 986 3491; x_wconf 89' lang='lat' dir='ltr'><strong>et</strong></span> <span class='ocrx_word' id='word_1_367' title='bbox 1024 3436 1146 3491; x_wconf 91' lang='lat' dir='ltr'><strong>ideo</strong></span> <span class='ocrx_word' id='word_1_368' title='bbox 1192 3449 1298 3489; x_wconf 91' lang='lat' dir='ltr'><strong>non</strong></span> <span class='ocrx_word' id='word_1_369' title='bbox 1344 3442 1588 3504; x_wconf 88' lang='lat' dir='ltr'><strong>poterant</strong></span> <span class='ocrx_word' id='word_1_370' title='bbox 1626 3436 1676 3505; x_wconf 85' lang='lat' dir='ltr'><strong>ei</strong></span> <span class='ocrx_word' id='word_1_371' title='bbox 1723 3435 1867 3505; x_wconf 90' lang='lat' dir='ltr'><strong>loqui</strong></span> <span class='ocrx_word' id='word_1_372' title='bbox 1914 3434 2133 3505; x_wconf 89' lang='lat' dir='ltr'><strong>paciﬁce</strong></span> 
     </span>
    </p>
   </div>
   <div class='ocr_carea' id='block_1_46' title="bbox 542 3504 2131 3582">
    <p class='ocr_par' dir='ltr' id='par_1_46' title="bbox 542 3504 2131 3582">
     <span class='ocr_line' id='line_1_52' title="bbox 542 3504 2131 3582; baseline -0.001 -19"><span class='ocrx_word' id='word_1_373' title='bbox 542 3507 693 3582; x_wconf 69' lang='lat' dir='ltr'><strong>(Gen.</strong></span> <span class='ocrx_word' id='word_1_374' title='bbox 725 3524 937 3582; x_wconf 53' lang='lat' dir='ltr'><strong>xxxvii,</strong></span> <span class='ocrx_word' id='word_1_375' title='bbox 966 3507 1045 3582; x_wconf 73' lang='lat'><strong>4_).</strong></span> <span class='ocrx_word' id='word_1_376' title='bbox 1080 3506 1271 3582; x_wconf 69' lang='lat' dir='ltr'><strong>Yerum</strong></span> <span class='ocrx_word' id='word_1_377' title='bbox 1310 3514 1426 3582; x_wconf 81' lang='lat' dir='ltr'><strong>est,</strong></span> <span class='ocrx_word' id='word_1_378' title='bbox 1468 3504 1831 3570; x_wconf 81' lang='lat' dir='ltr'><strong>dilectissimi,</strong></span> <span class='ocrx_word' id='word_1_379' title='bbox 1859 3504 1982 3582; x_wconf 79' lang='lat' dir='ltr'><strong>quia</strong></span> <span class='ocrx_word' id='word_1_380' title='bbox 2024 3516 2131 3561; x_wconf 91' lang='lat' dir='ltr'><strong>tam</strong></span> 
     </span>
    </p>
   </div>
   <div class='ocr_carea' id='block_1_47' title="bbox 541 3576 2132 3649">
    <p class='ocr_par' dir='ltr' id='par_1_47' title="bbox 541 3576 2132 3649">
     <span class='ocr_line' id='line_1_53' title="bbox 541 3576 2132 3649; baseline 0 -16"><span class='ocrx_word' id='word_1_381' title='bbox 541 3576 873 3649; x_wconf 74' lang='lat' dir='ltr'><strong>perniciosus</strong></span> <span class='ocrx_word' id='word_1_382' title='bbox 898 3587 980 3632; x_wconf 86' lang='lat' dir='ltr'><strong>est</strong></span> <span class='ocrx_word' id='word_1_383' title='bbox 994 3576 1206 3632; x_wconf 84' lang='lat' dir='ltr'><strong>invidiae</strong></span> <span class='ocrx_word' id='word_1_384' title='bbox 1234 3576 1560 3649; x_wconf 13' lang='lat' dir='ltr'><strong>morbus,tut</strong></span> <span class='ocrx_word' id='word_1_385' title='bbox 1581 3591 1679 3649; x_wconf 85' lang='lat' dir='ltr'><strong>nec</strong></span> <span class='ocrx_word' id='word_1_386' title='bbox 1703 3577 1999 3649; x_wconf 86' lang='lat' dir='ltr'><strong>germanis,</strong></span> <span class='ocrx_word' id='word_1_387' title='bbox 2026 3591 2132 3633; x_wconf 90' lang='lat' dir='ltr'><strong>non</strong></span> 
     </span>
    </p>
   </div>
   <div class='ocr_carea' id='block_1_48' title="bbox 540 3647 2132 3718">
    <p class='ocr_par' dir='ltr' id='par_1_48' title="bbox 540 3647 2132 3718">
     <span class='ocr_line' id='line_1_54' title="bbox 540 3647 2132 3718; baseline 0.001 -15"><span class='ocrx_word' id='word_1_388' title='bbox 540 3647 713 3704; x_wconf 87' lang='lat' dir='ltr'><strong>dicam</strong></span> <span class='ocrx_word' id='word_1_389' title='bbox 758 3649 1023 3704; x_wconf 79' lang='lat' dir='ltr'><strong>extraneis</strong></span> <span class='ocrx_word' id='word_1_390' title='bbox 1047 3691 1060 3712; x_wconf 88' lang='lat'><strong>,</strong></span> <span class='ocrx_word' id='word_1_391' title='bbox 1091 3662 1308 3717; x_wconf 86' lang='lat' dir='ltr'><strong>parcere</strong></span> <span class='ocrx_word' id='word_1_392' title='bbox 1347 3647 1537 3718; x_wconf 89' lang='lat' dir='ltr'><strong>possit.</strong></span> <span class='ocrx_word' id='word_1_393' title='bbox 1586 3648 1824 3717; x_wconf 90' lang='lat' dir='ltr'><strong>Denique</strong></span> <span class='ocrx_word' id='word_1_394' title='bbox 1865 3648 2049 3703; x_wconf 86' lang='lat' dir='ltr'><strong>statim</strong></span> <span class='ocrx_word' id='word_1_395' title='bbox 2079 3649 2132 3704; x_wconf 90' lang='lat' dir='ltr'><strong>in</strong></span> 
     </span>
    </p>
   </div>
   <div class='ocr_carea' id='block_1_49' title="bbox 540 3718 2133 3789">
    <p class='ocr_par' dir='ltr' id='par_1_49' title="bbox 540 3718 2133 3789">
     <span class='ocr_line' id='line_1_55' title="bbox 540 3718 2133 3789; baseline -0.001 -13"><span class='ocrx_word' id='word_1_396' title='bbox 540 3721 692 3776; x_wconf 86' lang='lat' dir='ltr'><strong>initio</strong></span> <span class='ocrx_word' id='word_1_397' title='bbox 719 3720 900 3775; x_wconf 87' lang='lat' dir='ltr'><strong>mundi</strong></span> <span class='ocrx_word' id='word_1_398' title='bbox 929 3720 1061 3775; x_wconf 82' lang='lat' dir='ltr'><strong>Abel</strong></span> <span class='ocrx_word' id='word_1_399' title='bbox 1083 3720 1284 3789; x_wconf 88' lang='lat' dir='ltr'><strong>justum</strong></span> <span class='ocrx_word' id='word_1_400' title='bbox 1313 3718 1443 3773; x_wconf 87' lang='lat' dir='ltr'><strong>Cain</strong></span> <span class='ocrx_word' id='word_1_401' title='bbox 1484 3718 1649 3789; x_wconf 82' lang='lat' dir='ltr'><strong>frater</strong></span> <span class='ocrx_word' id='word_1_402' title='bbox 1668 3718 1909 3789; x_wconf 12' lang='lat' dir='ltr'><strong>iinjustus</strong></span> <span class='ocrx_word' id='word_1_403' title='bbox 1939 3719 2133 3789; x_wconf 87' lang='lat' dir='ltr'><strong>occidit</strong></span> 
     </span>
    </p>
   </div>
   <div class='ocr_carea' id='block_1_50' title="bbox 547 3788 2131 3863">
    <p class='ocr_par' dir='ltr' id='par_1_50' title="bbox 547 3788 2131 3863">
     <span class='ocr_line' id='line_1_56' title="bbox 547 3788 2131 3863; baseline 0.001 -20"><span class='ocrx_word' id='word_1_404' title='bbox 547 3790 656 3863; x_wconf 87' lang='lat' dir='ltr'><strong>(Id.</strong></span> <span class='ocrx_word' id='word_1_405' title='bbox 686 3807 763 3859; x_wconf 85' lang='lat' dir='ltr'><strong>Iv,</strong></span> <span class='ocrx_word' id='word_1_406' title='bbox 794 3792 875 3863; x_wconf 79' lang='lat'><strong>8).</strong></span> <span class='ocrx_word' id='word_1_407' title='bbox 898 3788 1249 3863; x_wconf 72' lang='lat' dir='ltr'><strong>losepliergo</strong></span> <span class='ocrx_word' id='word_1_408' title='bbox 1287 3797 1503 3863; x_wconf 79' lang='lat' dir='ltr'><strong>sanctus</strong></span> <span class='ocrx_word' id='word_1_409' title='bbox 1532 3799 1586 3843; x_wconf 90' lang='lat' dir='ltr'><strong>et</strong></span> <span class='ocrx_word' id='word_1_410' title='bbox 1613 3788 1784 3844; x_wconf 91' lang='lat' dir='ltr'><strong>ﬁdelis</strong></span> <span class='ocrx_word' id='word_1_411' title='bbox 1814 3790 2022 3863; x_wconf 81' lang='lat' dir='ltr'><strong>Domini</strong></span> <span class='ocrx_word' id='word_1_412' title='bbox 2049 3788 2131 3863; x_wconf 41' lang='lat' dir='ltr'><strong>fa:</strong></span> 
     </span>
    </p>
   </div>
   <div class='ocr_carea' id='block_1_51' title="bbox 541 3859 2130 3931">
    <p class='ocr_par' dir='ltr' id='par_1_51' title="bbox 541 3859 2130 3931">
     <span class='ocr_line' id='line_1_57' title="bbox 541 3859 2130 3931; baseline -0.001 -14"><span class='ocrx_word' id='word_1_413' title='bbox 541 3859 718 3918; x_wconf 82' lang='lat' dir='ltr'><strong>mulus</strong></span> <span class='ocrx_word' id='word_1_414' title='bbox 741 3903 756 3929; x_wconf 90' lang='lat'><strong>,</strong></span> <span class='ocrx_word' id='word_1_415' title='bbox 797 3860 1219 3916; x_wconf 87' lang='lat' dir='ltr'><strong>tribulationibus</strong></span> <span class='ocrx_word' id='word_1_416' title='bbox 1249 3860 1417 3931; x_wconf 82' lang='lat' dir='ltr'><strong>magis</strong></span> <span class='ocrx_word' id='word_1_417' title='bbox 1460 3859 1636 3931; x_wconf 82' lang='lat' dir='ltr'><strong>justus</strong></span> <span class='ocrx_word' id='word_1_418' title='bbox 1683 3860 2011 3926; x_wconf 86' lang='lat' dir='ltr'><strong>ostenditur,</strong></span> <span class='ocrx_word' id='word_1_419' title='bbox 2038 3861 2130 3931; x_wconf 90' lang='lat' dir='ltr'><strong>qui</strong></span> 
     </span>
    </p>
   </div>
   <div class='ocr_carea' id='block_1_52' title="bbox 538 3929 2127 4005">
    <p class='ocr_par' dir='ltr' id='par_1_52' title="bbox 538 3929 2127 4005">
     <span class='ocr_line' id='line_1_58' title="bbox 538 3929 2127 4005; baseline -0.003 -17"><span class='ocrx_word' id='word_1_420' title='bbox 538 3934 769 4005; x_wconf 80' lang='lat' dir='ltr'><strong>primum</strong></span> <span class='ocrx_word' id='word_1_421' title='bbox 793 3948 885 4005; x_wconf 85' lang='lat' dir='ltr'><strong>per</strong></span> <span class='ocrx_word' id='word_1_422' title='bbox 915 3931 1163 4005; x_wconf 85' lang='lat' dir='ltr'><strong>invidiam</strong></span> <span class='ocrx_word' id='word_1_423' title='bbox 1192 3945 1221 3983; x_wconf 88' lang='lat' dir='ltr'><strong>a</strong></span> <span class='ocrx_word' id='word_1_424' title='bbox 1243 3929 1504 4005; x_wconf 73' lang='lat' dir='ltr'><strong>fratribus</strong></span> <span class='ocrx_word' id='word_1_425' title='bbox 1526 3929 1885 4005; x_wconf 74' lang='lat' dir='ltr'><strong>ismaelitisin</strong></span> <span class='ocrx_word' id='word_1_426' title='bbox 1913 3929 2127 4005; x_wconf 83' lang='lat' dir='ltr'><strong>servum</strong></span> 
     </span>
    </p>
   </div>
   <div class='ocr_carea' id='block_1_53' title="bbox 539 4000 2127 4072">
    <p class='ocr_par' dir='ltr' id='par_1_53' title="bbox 539 4000 2127 4072">
     <span class='ocr_line' id='line_1_59' title="bbox 539 4000 2127 4072; baseline -0.001 -14"><span class='ocrx_word' id='word_1_427' title='bbox 539 4000 806 4071; x_wconf 74' lang='lat' dir='ltr'><strong>addictus,</strong></span> <span class='ocrx_word' id='word_1_428' title='bbox 829 4004 897 4057; x_wconf 91' lang='lat' dir='ltr'><strong>ab</strong></span> <span class='ocrx_word' id='word_1_429' title='bbox 914 4003 1098 4072; x_wconf 89' lang='lat' dir='ltr'><strong>eisque</strong></span> <span class='ocrx_word' id='word_1_430' title='bbox 1124 4000 1369 4072; x_wconf 85' lang='lat' dir='ltr'><strong>venditus</strong></span> <span class='ocrx_word' id='word_1_431' title='bbox 1406 4016 1436 4054; x_wconf 90' lang='lat' dir='ltr'><strong>a</strong></span> <span class='ocrx_word' id='word_1_432' title='bbox 1460 4001 1654 4071; x_wconf 90' lang='lat' dir='ltr'><strong>quibus</strong></span> <span class='ocrx_word' id='word_1_433' title='bbox 1695 4017 1754 4056; x_wconf 90' lang='lat' dir='ltr'><strong>se</strong></span> <span class='ocrx_word' id='word_1_434' title='bbox 1779 4001 1988 4056; x_wconf 88' lang='lat' dir='ltr'><strong>viderat</strong></span> <span class='ocrx_word' id='word_1_435' title='bbox 2030 4003 2127 4056; x_wconf 86' lang='lat' dir='ltr'><strong>ad-</strong></span> 
     </span>
    </p>
   </div>
   <div class='ocr_carea' id='block_1_54' title="bbox 539 4071 2132 4143">
    <p class='ocr_par' dir='ltr' id='par_1_54' title="bbox 539 4071 2132 4143">
     <span class='ocr_line' id='line_1_60' title="bbox 539 4071 2132 4143; baseline -0.003 -14"><span class='ocrx_word' id='word_1_436' title='bbox 539 4085 771 4139; x_wconf 87' lang='lat' dir='ltr'><strong>oratum;</strong></span> <span class='ocrx_word' id='word_1_437' title='bbox 800 4074 994 4129; x_wconf 89' lang='lat' dir='ltr'><strong>deinde</strong></span> <span class='ocrx_word' id='word_1_438' title='bbox 1022 4072 1274 4143; x_wconf 55' lang='lat' dir='ltr'><strong>{Egyptio</strong></span> <span class='ocrx_word' id='word_1_439' title='bbox 1297 4071 1516 4143; x_wconf 89' lang='lat' dir='ltr'><strong>domino</strong></span> <span class='ocrx_word' id='word_1_440' title='bbox 1537 4072 1777 4136; x_wconf 89' lang='lat' dir='ltr'><strong>traditus,</strong></span> <span class='ocrx_word' id='word_1_441' title='bbox 1811 4086 2022 4141; x_wconf 89' lang='lat' dir='ltr'><strong>semper</strong></span> <span class='ocrx_word' id='word_1_442' title='bbox 2053 4082 2132 4127; x_wconf 85' lang='lat' dir='ltr'><strong>ta-</strong></span> 
     </span>
    </p>
   </div>
   <div class='ocr_carea' id='block_1_55' title="bbox 537 4142 2130 4225">
    <p class='ocr_par' dir='ltr' id='par_1_55' title="bbox 537 4142 2130 4225">
     <span class='ocr_line' id='line_1_61' title="bbox 537 4142 2130 4225; baseline -0.002 -25"><span class='ocrx_word' id='word_1_443' title='bbox 537 4160 662 4201; x_wconf 89' lang='lat' dir='ltr'><strong>men</strong></span> <span class='ocrx_word' id='word_1_444' title='bbox 716 4146 929 4225; x_wconf 87' lang='lat' dir='ltr'><strong>ingenui</strong></span> <span class='ocrx_word' id='word_1_445' title='bbox 994 4142 1157 4198; x_wconf 88' lang='lat' dir='ltr'><strong>animi</strong></span> <span class='ocrx_word' id='word_1_446' title='bbox 1211 4142 1381 4225; x_wconf 72' lang='lat' dir='ltr'><strong>tenuit</strong></span> <span class='ocrx_word' id='word_1_447' title='bbox 1431 4142 1784 4225; x_wconf 85' lang='lat' dir='ltr'><strong>dignitatem;</strong></span> <span class='ocrx_word' id='word_1_448' title='bbox 1844 4143 2130 4225; x_wconf 82' lang='lat' dir='ltr'><strong>docuitque</strong></span> 
     </span>
    </p>
   </div>
   <div class='ocr_carea' id='block_1_56' title="bbox 539 4212 2131 4285">
    <p class='ocr_par' dir='ltr' id='par_1_56' title="bbox 539 4212 2131 4285">
     <span class='ocr_line' id='line_1_62' title="bbox 539 4212 2131 4285; baseline -0.001 -12"><span class='ocrx_word' id='word_1_449' title='bbox 539 4212 795 4285; x_wconf 76' lang='lat' dir='ltr'><strong>exemplo</strong></span> <span class='ocrx_word' id='word_1_450' title='bbox 839 4232 938 4271; x_wconf 92' lang='lat' dir='ltr'><strong>suo</strong></span> <span class='ocrx_word' id='word_1_451' title='bbox 977 4223 1032 4269; x_wconf 91' lang='lat' dir='ltr'><strong>et</strong></span> <span class='ocrx_word' id='word_1_452' title='bbox 1059 4227 1244 4285; x_wconf 90' lang='lat' dir='ltr'><strong>servos</strong></span> <span class='ocrx_word' id='word_1_453' title='bbox 1272 4212 1469 4285; x_wconf 86' lang='lat' dir='ltr'><strong>liberos</strong></span> <span class='ocrx_word' id='word_1_454' title='bbox 1496 4212 1547 4267; x_wconf 89' lang='lat' dir='ltr'><strong>in</strong></span> <span class='ocrx_word' id='word_1_455' title='bbox 1590 4228 1697 4285; x_wconf 85' lang='lat' dir='ltr'><strong>non</strong></span> <span class='ocrx_word' id='word_1_456' title='bbox 1740 4214 2011 4285; x_wconf 88' lang='lat' dir='ltr'><strong>peccando</strong></span> <span class='ocrx_word' id='word_1_457' title='bbox 2032 4212 2055 4282; x_wconf 56' lang='lat'><strong>,&#39;</strong></span> <span class='ocrx_word' id='word_1_458' title='bbox 2075 4222 2131 4271; x_wconf 89' lang='lat' dir='ltr'><strong>et</strong></span> 
     </span>
    </p>
   </div>
   <div class='ocr_carea' id='block_1_57' title="bbox 542 4283 1947 4354">
    <p class='ocr_par' dir='ltr' id='par_1_57' title="bbox 542 4283 1947 4354">
     <span class='ocr_line' id='line_1_63' title="bbox 542 4283 1947 4354; baseline -0.004 -11"><span class='ocrx_word' id='word_1_459' title='bbox 542 4303 648 4343; x_wconf 90' lang='lat' dir='ltr'><strong>non</strong></span> <span class='ocrx_word' id='word_1_460' title='bbox 672 4283 1028 4342; x_wconf 76' lang='lat' dir='ltr'><strong>conditionem</strong></span> <span class='ocrx_word' id='word_1_461' title='bbox 1056 4284 1302 4354; x_wconf 86' lang='lat' dir='ltr'><strong>cuiquam</strong></span> <span class='ocrx_word' id='word_1_462' title='bbox 1332 4283 1543 4348; x_wconf 89' lang='lat' dir='ltr'><strong>obesse,</strong></span> <span class='ocrx_word' id='word_1_463' title='bbox 1575 4283 1670 4339; x_wconf 88' lang='lat' dir='ltr'><strong>sed</strong></span> <span class='ocrx_word' id='word_1_464' title='bbox 1694 4283 1947 4340; x_wconf 81' lang='lat' dir='ltr'><strong>mentem.</strong></span> 
     </span>
    </p>
   </div>
   <div class='ocr_carea' id='block_1_58' title="bbox 608 4354 2129 4426">
    <p class='ocr_par' dir='ltr' id='par_1_58' title="bbox 608 4354 2129 4426">
     <span class='ocr_line' id='line_1_64' title="bbox 608 4354 2129 4426; baseline -0.001 -14"><span class='ocrx_word' id='word_1_465' title='bbox 608 4358 663 4412; x_wconf 76' lang='grc'><strong>2.</strong></span> <span class='ocrx_word' id='word_1_466' title='bbox 677 4355 841 4426; x_wconf 84' lang='lat' dir='ltr'><strong>Culpa</strong></span> <span class='ocrx_word' id='word_1_467' title='bbox 858 4357 910 4410; x_wconf 88' lang='lat' dir='ltr'><strong>in</strong></span> <span class='ocrx_word' id='word_1_468' title='bbox 932 4372 988 4410; x_wconf 89' lang='lat' dir='ltr'><strong>eo</strong></span> <span class='ocrx_word' id='word_1_469' title='bbox 1010 4356 1096 4424; x_wconf 84' lang='lat' dir='ltr'><strong>qui</strong></span> <span class='ocrx_word' id='word_1_470' title='bbox 1117 4354 1248 4407; x_wconf 86' lang='lat' dir='ltr'><strong>male</strong></span> <span class='ocrx_word' id='word_1_471' title='bbox 1268 4354 1418 4419; x_wconf 83' lang='lat' dir='ltr'><strong>videt,</strong></span> <span class='ocrx_word' id='word_1_472' title='bbox 1444 4372 1546 4408; x_wconf 85' lang='lat' dir='ltr'><strong>non</strong></span> <span class='ocrx_word' id='word_1_473' title='bbox 1565 4356 1619 4408; x_wconf 88' lang='lat' dir='ltr'><strong>in</strong></span> <span class='ocrx_word' id='word_1_474' title='bbox 1640 4371 1696 4408; x_wconf 88' lang='lat' dir='ltr'><strong>eo</strong></span> <span class='ocrx_word' id='word_1_475' title='bbox 1712 4358 1797 4426; x_wconf 86' lang='lat' dir='ltr'><strong>qui</strong></span> <span class='ocrx_word' id='word_1_476' title='bbox 1821 4354 1954 4409; x_wconf 69' lang='lat' dir='ltr'><strong>uitale</strong></span> <span class='ocrx_word' id='word_1_477' title='bbox 1971 4355 2129 4411; x_wconf 86' lang='lat' dir='ltr'><strong>videri</strong></span> 
     </span>
    </p>
   </div>
   <div class='ocr_carea' id='block_1_59' title="bbox 541 4425 2127 4496">
    <p class='ocr_par' dir='ltr' id='par_1_59' title="bbox 541 4425 2127 4496">
     <span class='ocr_line' id='line_1_65' title="bbox 541 4425 2127 4496; baseline -0.001 -13"><span class='ocrx_word' id='word_1_478' title='bbox 541 4446 641 4485; x_wconf 83' lang='lat' dir='ltr'><strong>non</strong></span> <span class='ocrx_word' id='word_1_479' title='bbox 662 4425 784 4483; x_wconf 82' lang='lat' dir='ltr'><strong>vult.</strong></span> <span class='ocrx_word' id='word_1_480' title='bbox 803 4428 933 4480; x_wconf 83' lang='lat' dir='ltr'><strong>Cum</strong></span> <span class='ocrx_word' id='word_1_481' title='bbox 949 4435 1093 4479; x_wconf 87' lang='lat' dir='ltr'><strong>esset</strong></span> <span class='ocrx_word' id='word_1_482' title='bbox 1112 4425 1338 4479; x_wconf 88' lang='lat' dir='ltr'><strong>decorus</strong></span> <span class='ocrx_word' id='word_1_483' title='bbox 1357 4435 1410 4496; x_wconf 84' lang='lat' dir='ltr'><strong>et</strong></span> <span class='ocrx_word' id='word_1_484' title='bbox 1426 4426 1700 4495; x_wconf 87' lang='lat' dir='ltr'><strong>speciosus</strong></span> <span class='ocrx_word' id='word_1_485' title='bbox 1718 4425 1872 4490; x_wconf 89' lang='lat' dir='ltr'><strong>facie,</strong></span> <span class='ocrx_word' id='word_1_486' title='bbox 1892 4426 2127 4496; x_wconf 86' lang='lat' dir='ltr'><strong>pulchri-</strong></span> 
     </span>
    </p>
   </div>
   <div class='ocr_carea' id='block_1_60' title="bbox 540 4494 2131 4567">
    <p class='ocr_par' dir='ltr' id='par_1_60' title="bbox 540 4494 2131 4567">
     <span class='ocr_line' id='line_1_66' title="bbox 540 4494 2131 4567; baseline -0.002 -12"><span class='ocrx_word' id='word_1_487' title='bbox 540 4501 775 4555; x_wconf 87' lang='lat' dir='ltr'><strong>tudinem</strong></span> <span class='ocrx_word' id='word_1_488' title='bbox 829 4498 1006 4553; x_wconf 89' lang='lat' dir='ltr'><strong>vultus</strong></span> <span class='ocrx_word' id='word_1_489' title='bbox 1042 4496 1123 4551; x_wconf 90' lang='lat' dir='ltr'><strong>sui</strong></span> <span class='ocrx_word' id='word_1_490' title='bbox 1180 4510 1285 4550; x_wconf 91' lang='lat' dir='ltr'><strong>non</strong></span> <span class='ocrx_word' id='word_1_491' title='bbox 1334 4494 1399 4551; x_wconf 86' lang='lat' dir='ltr'><strong>ad</strong></span> <span class='ocrx_word' id='word_1_492' title='bbox 1441 4494 1672 4551; x_wconf 85' lang='lat' dir='ltr'><strong>alienam</strong></span> <span class='ocrx_word' id='word_1_493' title='bbox 1699 4494 1959 4552; x_wconf 80' lang='lat' dir='ltr'><strong>derivavit</strong></span> <span class='ocrx_word' id='word_1_494' title='bbox 1989 4498 2131 4567; x_wconf 90' lang='lat' dir='ltr'><strong>inju-</strong></span> 
     </span>
    </p>
   </div>
   <div class='ocr_carea' id='block_1_61' title="bbox 538 4567 2128 4638">
    <p class='ocr_par' dir='ltr' id='par_1_61' title="bbox 538 4567 2128 4638">
     <span class='ocr_line' id='line_1_67' title="bbox 538 4567 2128 4638; baseline -0.002 -12"><span class='ocrx_word' id='word_1_495' title='bbox 538 4572 705 4634; x_wconf 87' lang='lat' dir='ltr'><strong>riam,</strong></span> <span class='ocrx_word' id='word_1_496' title='bbox 736 4570 827 4625; x_wconf 90' lang='lat' dir='ltr'><strong>sed</strong></span> <span class='ocrx_word' id='word_1_497' title='bbox 856 4568 922 4623; x_wconf 92' lang='lat' dir='ltr'><strong>ad</strong></span> <span class='ocrx_word' id='word_1_498' title='bbox 950 4583 1100 4623; x_wconf 89' lang='lat' dir='ltr'><strong>suam</strong></span> <span class='ocrx_word' id='word_1_499' title='bbox 1127 4567 1350 4636; x_wconf 87' lang='lat' dir='ltr'><strong>gratiam</strong></span> <span class='ocrx_word' id='word_1_500' title='bbox 1376 4568 1714 4622; x_wconf 87' lang='lat' dir='ltr'><strong>conservavit</strong></span> <span class='ocrx_word' id='word_1_501' title='bbox 1744 4585 1758 4621; x_wconf 90' lang='lat'><strong>:</strong></span> <span class='ocrx_word' id='word_1_502' title='bbox 1793 4568 1895 4623; x_wconf 91' lang='lat' dir='ltr'><strong>hoc</strong></span> <span class='ocrx_word' id='word_1_503' title='bbox 1918 4583 1978 4623; x_wconf 88' lang='lat' dir='ltr'><strong>se</strong></span> <span class='ocrx_word' id='word_1_504' title='bbox 2012 4568 2128 4638; x_wconf 88' lang='lat' dir='ltr'><strong>pul-</strong></span> 
     </span>
    </p>
   </div>
   <div class='ocr_carea' id='block_1_62' title="bbox 536 4638 2127 4710">
    <p class='ocr_par' dir='ltr' id='par_1_62' title="bbox 536 4638 2127 4710">
     <span class='ocr_line' id='line_1_68' title="bbox 536 4638 2127 4710; baseline 0 -14"><span class='ocrx_word' id='word_1_505' title='bbox 536 4642 801 4697; x_wconf 86' lang='lat' dir='ltr'><strong>chriorem</strong></span> <span class='ocrx_word' id='word_1_506' title='bbox 842 4640 1124 4710; x_wconf 74' lang='lat' dir='ltr'><strong>judicans,</strong></span> <span class='ocrx_word' id='word_1_507' title='bbox 1157 4638 1201 4710; x_wconf 87' lang='lat' dir='ltr'><strong>si</strong></span> <span class='ocrx_word' id='word_1_508' title='bbox 1241 4652 1346 4691; x_wconf 88' lang='lat' dir='ltr'><strong>non</strong></span> <span class='ocrx_word' id='word_1_509' title='bbox 1373 4638 1655 4710; x_wconf 87' lang='lat' dir='ltr'><strong>dispendio</strong></span> <span class='ocrx_word' id='word_1_510' title='bbox 1697 4638 1978 4703; x_wconf 83' lang='lat' dir='ltr'><strong>castitatis,</strong></span> <span class='ocrx_word' id='word_1_511' title='bbox 2029 4639 2127 4696; x_wconf 85' lang='lat' dir='ltr'><strong>sed</strong></span> 
     </span>
    </p>
   </div>
   <div class='ocr_carea' id='block_1_63' title="bbox 534 4708 2127 4780">
    <p class='ocr_par' dir='ltr' id='par_1_63' title="bbox 534 4708 2127 4780">
     <span class='ocr_line' id='line_1_69' title="bbox 534 4708 2127 4780; baseline 0 -14"><span class='ocrx_word' id='word_1_512' title='bbox 534 4714 680 4768; x_wconf 88' lang='lat' dir='ltr'><strong>cultu</strong></span> <span class='ocrx_word' id='word_1_513' title='bbox 714 4708 928 4779; x_wconf 83' lang='lat' dir='ltr'><strong>pudoris</strong></span> <span class='ocrx_word' id='word_1_514' title='bbox 951 4708 1244 4780; x_wconf 90' lang='lat' dir='ltr'><strong>speciosior</strong></span> <span class='ocrx_word' id='word_1_515' title='bbox 1266 4709 1600 4779; x_wconf 88' lang='lat' dir='ltr'><strong>probaretur;</strong></span> <span class='ocrx_word' id='word_1_516' title='bbox 1628 4718 1683 4763; x_wconf 87' lang='lat' dir='ltr'><strong>et</strong></span> <span class='ocrx_word' id='word_1_517' title='bbox 1708 4710 1854 4763; x_wconf 85' lang='lat' dir='ltr'><strong>illum</strong></span> <span class='ocrx_word' id='word_1_518' title='bbox 1884 4724 2007 4765; x_wconf 90' lang='lat' dir='ltr'><strong>esse</strong></span> <span class='ocrx_word' id='word_1_519' title='bbox 2031 4726 2127 4767; x_wconf 84' lang='lat' dir='ltr'><strong>ve-</strong></span> 
     </span>
    </p>
   </div>
   <div class='ocr_carea' id='block_1_64' title="bbox 535 4779 2128 4850">
    <p class='ocr_par' dir='ltr' id='par_1_64' title="bbox 535 4779 2128 4850">
     <span class='ocr_line' id='line_1_70' title="bbox 535 4779 2128 4850; baseline -0.001 -12"><span class='ocrx_word' id='word_1_520' title='bbox 535 4796 654 4839; x_wconf 87' lang='lat' dir='ltr'><strong>rum</strong></span> <span class='ocrx_word' id='word_1_521' title='bbox 682 4784 966 4848; x_wconf 82' lang='lat' dir='ltr'><strong>decorem,</strong></span> <span class='ocrx_word' id='word_1_522' title='bbox 990 4779 1082 4850; x_wconf 88' lang='lat' dir='ltr'><strong>qui</strong></span> <span class='ocrx_word' id='word_1_523' title='bbox 1130 4794 1234 4834; x_wconf 93' lang='lat' dir='ltr'><strong>non</strong></span> <span class='ocrx_word' id='word_1_524' title='bbox 1261 4779 1465 4850; x_wconf 86' lang='lat' dir='ltr'><strong>alienos</strong></span> <span class='ocrx_word' id='word_1_525' title='bbox 1507 4781 1692 4836; x_wconf 91' lang='lat' dir='ltr'><strong>oculos</strong></span> <span class='ocrx_word' id='word_1_526' title='bbox 1726 4789 1982 4850; x_wconf 90' lang='lat' dir='ltr'><strong>caperet,</strong></span> <span class='ocrx_word' id='word_1_527' title='bbox 2028 4797 2128 4837; x_wconf 89' lang='lat' dir='ltr'><strong>nec</strong></span> 
     </span>
    </p>
   </div>
   <div class='ocr_carea' id='block_1_65' title="bbox 535 4849 2127 4919">
    <p class='ocr_par' dir='ltr' id='par_1_65' title="bbox 535 4849 2127 4919">
     <span class='ocr_line' id='line_1_71' title="bbox 535 4849 2127 4919; baseline -0.001 -10"><span class='ocrx_word' id='word_1_528' title='bbox 535 4863 745 4910; x_wconf 89' lang='lat' dir='ltr'><strong>mentes</strong></span> <span class='ocrx_word' id='word_1_529' title='bbox 770 4852 983 4919; x_wconf 81' lang='lat' dir='ltr'><strong>fragiles</strong></span> <span class='ocrx_word' id='word_1_530' title='bbox 1001 4849 1328 4905; x_wconf 85' lang='lat' dir='ltr'><strong>vulneraret.</strong></span> <span class='ocrx_word' id='word_1_531' title='bbox 1353 4849 1563 4906; x_wconf 90' lang='lat' dir='ltr'><strong>Crimen</strong></span> <span class='ocrx_word' id='word_1_532' title='bbox 1586 4851 1729 4905; x_wconf 90' lang='lat' dir='ltr'><strong>enim</strong></span> <span class='ocrx_word' id='word_1_533' title='bbox 1758 4849 1989 4905; x_wconf 71' lang='lat' dir='ltr'><strong>domina:</strong></span> <span class='ocrx_word' id='word_1_534' title='bbox 2014 4868 2127 4908; x_wconf 67' lang='lat' dir='ltr'><strong>sua:</strong></span> 
     </span>
    </p>
   </div>
   <div class='ocr_carea' id='block_1_66' title="bbox 537 4921 2125 4994">
    <p class='ocr_par' dir='ltr' id='par_1_66' title="bbox 537 4921 2125 4994">
     <span class='ocr_line' id='line_1_72' title="bbox 537 4921 2125 4994; baseline -0.001 -14"><span class='ocrx_word' id='word_1_535' title='bbox 537 4924 664 4991; x_wconf 91' lang='lat' dir='ltr'><strong>fuit,</strong></span> <span class='ocrx_word' id='word_1_536' title='bbox 696 4940 816 4994; x_wconf 71' lang='lat' dir='ltr'><strong>quae</strong></span> <span class='ocrx_word' id='word_1_537' title='bbox 845 4923 981 4976; x_wconf 90' lang='lat' dir='ltr'><strong>male</strong></span> <span class='ocrx_word' id='word_1_538' title='bbox 1010 4923 1175 4994; x_wconf 85' lang='lat' dir='ltr'><strong>vidit;</strong></span> <span class='ocrx_word' id='word_1_539' title='bbox 1205 4936 1308 4975; x_wconf 90' lang='lat' dir='ltr'><strong>non</strong></span> <span class='ocrx_word' id='word_1_540' title='bbox 1339 4922 1484 4994; x_wconf 86' lang='lat' dir='ltr'><strong>beati</strong></span> <span class='ocrx_word' id='word_1_541' title='bbox 1502 4921 1723 4991; x_wconf 67' lang='lat' dir='ltr'><strong>Ioseph,</strong></span> <span class='ocrx_word' id='word_1_542' title='bbox 1751 4921 1843 4991; x_wconf 89' lang='lat' dir='ltr'><strong>qui</strong></span> <span class='ocrx_word' id='word_1_543' title='bbox 1864 4923 2020 4994; x_wconf 42' lang='lat' dir='ltr'><strong>,inale</strong></span> <span class='ocrx_word' id='word_1_544' title='bbox 2043 4925 2125 4978; x_wconf 91' lang='lat' dir='ltr'><strong>vi-</strong></span> 
     </span>
    </p>
   </div>
   <div class='ocr_carea' id='block_1_67' title="bbox 534 4993 2122 5062">
    <p class='ocr_par' dir='ltr' id='par_1_67' title="bbox 534 4993 2122 5062">
     <span class='ocr_line' id='line_1_73' title="bbox 534 4993 2122 5062; baseline 0 -12"><span class='ocrx_word' id='word_1_545' title='bbox 534 4996 648 5051; x_wconf 90' lang='lat' dir='ltr'><strong>deri</strong></span> <span class='ocrx_word' id='word_1_546' title='bbox 683 4993 785 5049; x_wconf 84' lang='lat' dir='ltr'><strong>non</strong></span> <span class='ocrx_word' id='word_1_547' title='bbox 835 4994 1020 5047; x_wconf 91' lang='lat' dir='ltr'><strong>voluit.</strong></span> <span class='ocrx_word' id='word_1_548' title='bbox 1045 4993 1155 5048; x_wconf 84' lang='lat' dir='ltr'><strong>Nec</strong></span> <span class='ocrx_word' id='word_1_549' title='bbox 1199 4993 1249 5046; x_wconf 91' lang='lat' dir='ltr'><strong>in</strong></span> <span class='ocrx_word' id='word_1_550' title='bbox 1289 5007 1356 5048; x_wconf 91' lang='lat' dir='ltr'><strong>eo</strong></span> <span class='ocrx_word' id='word_1_551' title='bbox 1399 4993 1489 5062; x_wconf 89' lang='lat' dir='ltr'><strong>qui</strong></span> <span class='ocrx_word' id='word_1_552' title='bbox 1516 4994 1663 5046; x_wconf 90' lang='lat' dir='ltr'><strong>visus</strong></span> <span class='ocrx_word' id='word_1_553' title='bbox 1697 5001 1797 5057; x_wconf 91' lang='lat' dir='ltr'><strong>est,</strong></span> <span class='ocrx_word' id='word_1_554' title='bbox 1825 4993 1979 5062; x_wconf 88' lang='lat' dir='ltr'><strong>culpa</strong></span> <span class='ocrx_word' id='word_1_555' title='bbox 2001 5002 2122 5061; x_wconf 88' lang='lat' dir='ltr'><strong>est;</strong></span> 
     </span>
    </p>
   </div>
   <div class='ocr_carea' id='block_1_68' title="bbox 535 5063 2127 5138">
    <p class='ocr_par' dir='ltr' id='par_1_68' title="bbox 535 5063 2127 5138">
     <span class='ocr_line' id='line_1_74' title="bbox 535 5063 2127 5138; baseline -0.001 -17"><span class='ocrx_word' id='word_1_556' title='bbox 535 5068 659 5138; x_wconf 89' lang='lat' dir='ltr'><strong>quia</strong></span> <span class='ocrx_word' id='word_1_557' title='bbox 693 5083 794 5121; x_wconf 90' lang='lat' dir='ltr'><strong>non</strong></span> <span class='ocrx_word' id='word_1_558' title='bbox 838 5075 954 5120; x_wconf 88' lang='lat' dir='ltr'><strong>erat</strong></span> <span class='ocrx_word' id='word_1_559' title='bbox 996 5066 1047 5138; x_wconf 89' lang='lat' dir='ltr'><strong>in</strong></span> <span class='ocrx_word' id='word_1_560' title='bbox 1088 5072 1350 5138; x_wconf 77' lang='lat' dir='ltr'><strong>potestate</strong></span> <span class='ocrx_word' id='word_1_561' title='bbox 1392 5063 1610 5129; x_wconf 89' lang='lat' dir='ltr'><strong>servili,</strong></span> <span class='ocrx_word' id='word_1_562' title='bbox 1644 5072 1832 5138; x_wconf 87' lang='lat' dir='ltr'><strong>utnon</strong></span> <span class='ocrx_word' id='word_1_563' title='bbox 1860 5064 2127 5138; x_wconf 82' lang='lat' dir='ltr'><strong>videretur</strong></span> 
     </span>
    </p>
   </div>
   <div class='ocr_carea' id='block_1_69' title="bbox 533 5135 2124 5192">
    <p class='ocr_par' dir='ltr' id='par_1_69' title="bbox 533 5135 2124 5192">
     <span class='ocr_line' id='line_1_75' title="bbox 533 5135 2124 5192; baseline -0.001 0"><span class='ocrx_word' id='word_1_564' title='bbox 533 5135 568 5192; x_wconf 79' lang='lat' dir='ltr'><strong>a</strong></span> <span class='ocrx_word' id='word_1_565' title='bbox 590 5138 803 5192; x_wconf 86' lang='lat' dir='ltr'><strong>domina</strong></span> <span class='ocrx_word' id='word_1_566' title='bbox 835 5155 849 5190; x_wconf 91' lang='lat'><strong>:</strong></span> <span class='ocrx_word' id='word_1_567' title='bbox 879 5137 1103 5191; x_wconf 82' lang='lat' dir='ltr'><strong>maritus</strong></span> <span class='ocrx_word' id='word_1_568' title='bbox 1129 5135 1314 5190; x_wconf 87' lang='lat' dir='ltr'><strong>debuit</strong></span> <span class='ocrx_word' id='word_1_569' title='bbox 1348 5149 1539 5189; x_wconf 87' lang='lat' dir='ltr'><strong>cavere</strong></span> <span class='ocrx_word' id='word_1_570' title='bbox 1578 5137 1758 5190; x_wconf 87' lang='lat' dir='ltr'><strong>uxoris</strong></span> <span class='ocrx_word' id='word_1_571' title='bbox 1796 5135 1997 5190; x_wconf 88' lang='lat' dir='ltr'><strong>oculos.</strong></span> <span class='ocrx_word' id='word_1_572' title='bbox 2031 5135 2124 5191; x_wconf 84' lang='lat' dir='ltr'><strong>Di-</strong></span> 
     </span>
    </p>
   </div>
   <div class='ocr_carea' id='block_1_70' title="bbox 617 5226 1285 5291">
    <p class='ocr_par' dir='ltr' id='par_1_70' title="bbox 617 5226 1285 5291">
     <span class='ocr_line' id='line_1_76' title="bbox 617 5226 1285 5291; baseline -0.006 -13"><span class='ocrx_word' id='word_1_573' title='bbox 617 5231 668 5289; x_wconf 80' lang='grc' dir='ltr'><strong>α)</strong></span> <span class='ocrx_word' id='word_1_574' title='bbox 702 5227 843 5289; x_wconf 88' lang='lat' dir='ltr'><strong>Alias,</strong></span> <span class='ocrx_word' id='word_1_575' title='bbox 862 5229 927 5278; x_wconf 90' lang='lat' dir='ltr'><strong>de</strong></span> <span class='ocrx_word' id='word_1_576' title='bbox 947 5235 1185 5291; x_wconf 78' lang='lat' dir='ltr'><strong>Tempore</strong></span> <span class='ocrx_word' id='word_1_577' title='bbox 1207 5226 1285 5275; x_wconf 82' lang='lat'><strong>8‘5.</strong></span> 
     </span>
    </p>
   </div>
   <div class='ocr_carea' id='block_1_71' title="bbox 594 5229 2124 5355">
    <p class='ocr_par' dir='ltr' id='par_1_71' title="bbox 594 5229 2124 5355">
     <span class='ocr_line' id='line_1_77' title="bbox 617 5229 1285 5291; baseline -0.006 -13"><span class='ocrx_word' id='word_1_578' title='bbox 617 5231 668 5289; x_wconf 80' lang='grc' dir='ltr'><strong>α)</strong></span> <span class='ocrx_word' id='word_1_579' title='bbox 702 5229 843 5289; x_wconf 88' lang='lat' dir='ltr'><strong>Alias,</strong></span> <span class='ocrx_word' id='word_1_580' title='bbox 862 5229 927 5278; x_wconf 90' lang='lat' dir='ltr'><strong>de</strong></span> <span class='ocrx_word' id='word_1_581' title='bbox 947 5235 1185 5291; x_wconf 86' lang='lat' dir='ltr'><strong>Tempore</strong></span> <span class='ocrx_word' id='word_1_582' title='bbox 1207 5229 1285 5275; x_wconf 81' lang='lat'><strong>8&#39;5.</strong></span> 
     </span>
     <span class='ocr_line' id='line_1_78' title="bbox 594 5229 2124 5355; baseline 0 -14"><span class='ocrx_word' id='word_1_583' title='bbox 594 5229 665 5355; x_wconf 37' lang='lat' dir='ltr'><strong>ib)</strong></span> <span class='ocrx_word' id='word_1_584' title='bbox 700 5297 749 5355; x_wconf 86' lang='lat' dir='ltr'><strong>lu</strong></span> <span class='ocrx_word' id='word_1_585' title='bbox 783 5289 1058 5354; x_wconf 83' lang='lat' dir='ltr'><strong>Appendice</strong></span> <span class='ocrx_word' id='word_1_586' title='bbox 1104 5302 1230 5338; x_wconf 88' lang='lat' dir='ltr'><strong>nunc</strong></span> <span class='ocrx_word' id='word_1_587' title='bbox 1275 5289 1477 5355; x_wconf 78' lang='lat' dir='ltr'><strong>primum</strong></span> <span class='ocrx_word' id='word_1_588' title='bbox 1517 5287 1793 5355; x_wconf 78' lang='lat' dir='ltr'><strong>collocatur.</strong></span> <span class='ocrx_word' id='word_1_589' title='bbox 1818 5296 1967 5355; x_wconf 76' lang='lat' dir='ltr'><strong>Totus</strong></span> <span class='ocrx_word' id='word_1_590' title='bbox 2003 5302 2124 5342; x_wconf 81' lang='lat' dir='ltr'><strong>cen-</strong></span> 
     </span>
    </p>
   </div>
   <div class='ocr_carea' id='block_1_72' title="bbox 532 5352 2125 5415">
    <p class='ocr_par' dir='ltr' id='par_1_72' title="bbox 532 5352 2125 5415">
     <span class='ocr_line' id='line_1_79' title="bbox 532 5352 2125 5415; baseline -0.001 -11"><span class='ocrx_word' id='word_1_591' title='bbox 532 5352 661 5404; x_wconf 82' lang='lat' dir='ltr'><strong>tonis</strong></span> <span class='ocrx_word' id='word_1_592' title='bbox 697 5352 1146 5415; x_wconf 41' lang='lat' dir='ltr'><strong>instar’ccmpactus</strong></span> <span class='ocrx_word' id='word_1_593' title='bbox 1169 5358 1246 5415; x_wconf 88' lang='lat' dir='ltr'><strong>est</strong></span> <span class='ocrx_word' id='word_1_594' title='bbox 1270 5364 1333 5401; x_wconf 82' lang='lat' dir='ltr'><strong>ex</strong></span> <span class='ocrx_word' id='word_1_595' title='bbox 1353 5352 1591 5415; x_wconf 81' lang='lat' dir='ltr'><strong>variorum</strong></span> <span class='ocrx_word' id='word_1_596' title='bbox 1614 5352 1783 5411; x_wconf 85' lang='lat' dir='ltr'><strong>dictis,</strong></span> <span class='ocrx_word' id='word_1_597' title='bbox 1805 5352 1992 5403; x_wconf 84' lang='lat' dir='ltr'><strong>scilicet</strong></span> <span class='ocrx_word' id='word_1_598' title='bbox 2039 5361 2125 5402; x_wconf 89' lang='lat' dir='ltr'><strong>Pe-</strong></span> 
     </span>
    </p>
   </div>
   <div class='ocr_carea' id='block_1_73' title="bbox 531 5414 2121 5478">
    <p class='ocr_par' dir='ltr' id='par_1_73' title="bbox 531 5414 2121 5478">
     <span class='ocr_line' id='line_1_80' title="bbox 531 5414 2121 5478; baseline 0.001 -15"><span class='ocrx_word' id='word_1_599' title='bbox 531 5415 644 5478; x_wconf 78' lang='lat' dir='ltr'><strong>lagii</strong></span> <span class='ocrx_word' id='word_1_600' title='bbox 664 5451 680 5475; x_wconf 92' lang='lat'><strong>,</strong></span> <span class='ocrx_word' id='word_1_601' title='bbox 706 5416 939 5464; x_wconf 79' lang='lat' dir='ltr'><strong>Ambrosii</strong></span> <span class='ocrx_word' id='word_1_602' title='bbox 959 5414 1214 5478; x_wconf 74' lang='lat' dir='ltr'><strong>,tzypriani</strong></span> <span class='ocrx_word' id='word_1_603' title='bbox 1232 5450 1246 5471; x_wconf 91' lang='lat'><strong>,</strong></span> <span class='ocrx_word' id='word_1_604' title='bbox 1283 5420 1333 5463; x_wconf 91' lang='lat' dir='ltr'><strong>et</strong></span> <span class='ocrx_word' id='word_1_605' title='bbox 1369 5425 1432 5461; x_wconf 76' lang='lat' dir='ltr'><strong>ex</strong></span> <span class='ocrx_word' id='word_1_606' title='bbox 1458 5414 1729 5476; x_wconf 85' lang='lat' dir='ltr'><strong>fragmento</strong></span> <span class='ocrx_word' id='word_1_607' title='bbox 1750 5415 1990 5478; x_wconf 79' lang='lat' dir='ltr'><strong>sermonis</strong></span> <span class='ocrx_word' id='word_1_608' title='bbox 2010 5415 2121 5476; x_wconf 73' lang='grc'><strong>543,</strong></span> 
     </span>
    </p>
   </div>
   <div class='ocr_carea' id='block_1_74' title="bbox 529 5472 2123 5539">
    <p class='ocr_par' dir='ltr' id='par_1_74' title="bbox 529 5472 2123 5539">
     <span class='ocr_line' id='line_1_81' title="bbox 529 5472 2123 5539; baseline 0 -13"><span class='ocrx_word' id='word_1_609' title='bbox 529 5472 605 5528; x_wconf 71' lang='grc' dir='ltr'><strong>όε</strong></span> <span class='ocrx_word' id='word_1_610' title='bbox 637 5472 849 5527; x_wconf 83' lang='lat' dir='ltr'><strong>susauna</strong></span> <span class='ocrx_word' id='word_1_611' title='bbox 896 5472 967 5526; x_wconf 88' lang='lat' dir='ltr'><strong>et</strong></span> <span class='ocrx_word' id='word_1_612' title='bbox 989 5472 1182 5539; x_wconf 59' lang='lat' dir='ltr'><strong>Jo&#39;s&#39;eph.</strong></span> <span class='ocrx_word' id='word_1_613' title='bbox 1230 5482 1466 5539; x_wconf 73' lang='lat' dir='ltr'><strong>ueterum</strong></span> <span class='ocrx_word' id='word_1_614' title='bbox 1510 5472 1694 5539; x_wconf 67' lang='lat' dir='ltr'><strong>auctior</strong></span> <span class='ocrx_word' id='word_1_615' title='bbox 1740 5472 1883 5539; x_wconf 82' lang='lat' dir='ltr'><strong>paulo</strong></span> <span class='ocrx_word' id='word_1_616' title='bbox 1928 5483 1981 5526; x_wconf 86' lang='lat' dir='ltr'><strong>et</strong></span> <span class='ocrx_word' id='word_1_617' title='bbox 2020 5472 2123 5527; x_wconf 58' lang='lat' dir='ltr'><strong>sin-&#39;-</strong></span> 
     </span>
    </p>
   </div>
   <div class='ocr_carea' id='block_1_75' title="bbox 528 5536 2124 5591">
    <p class='ocr_par' dir='ltr' id='par_1_75' title="bbox 528 5536 2124 5591">
     <span class='ocr_line' id='line_1_82' title="bbox 528 5536 2124 5591; baseline -0.001 -1"><span class='ocrx_word' id='word_1_618' title='bbox 528 5541 689 5591; x_wconf 87' lang='lat' dir='ltr'><strong>cerior</strong></span> <span class='ocrx_word' id='word_1_619' title='bbox 729 5553 858 5589; x_wconf 74' lang='lat' dir='ltr'><strong>nunc</strong></span> <span class='ocrx_word' id='word_1_620' title='bbox 882 5539 1039 5587; x_wconf 84' lang='lat' dir='ltr'><strong>editur</strong></span> <span class='ocrx_word' id='word_1_621' title='bbox 1078 5536 1135 5586; x_wconf 85' lang='lat' dir='ltr'><strong>ad</strong></span> <span class='ocrx_word' id='word_1_622' title='bbox 1161 5536 1336 5585; x_wconf 89' lang='lat' dir='ltr'><strong>librum</strong></span> <span class='ocrx_word' id='word_1_623' title='bbox 1366 5536 1808 5587; x_wconf 80' lang='lat' dir='ltr'><strong>Theodericensem</strong></span> <span class='ocrx_word' id='word_1_624' title='bbox 1831 5546 1947 5588; x_wconf 87' lang='lat' dir='ltr'><strong>ante</strong></span> <span class='ocrx_word' id='word_1_625' title='bbox 1970 5551 2124 5589; x_wconf 87' lang='lat' dir='ltr'><strong>annos</strong></span> 
     </span>
    </p>
   </div>
   <div class='ocr_carea' id='block_1_76' title="bbox 528 5599 2121 5713">
    <p class='ocr_par' dir='ltr' id='par_1_76' title="bbox 528 5599 2121 5713">
     <span class='ocr_line' id='line_1_83' title="bbox 529 5599 2119 5665; baseline 0.001 -15"><span class='ocrx_word' id='word_1_626' title='bbox 529 5602 872 5665; x_wconf 76' lang='lat' dir='ltr'><strong>septingentos</strong></span> <span class='ocrx_word' id='word_1_627' title='bbox 913 5599 1225 5661; x_wconf 84' lang='lat' dir='ltr'><strong>descriptum.</strong></span> <span class='ocrx_word' id='word_1_628' title='bbox 1268 5605 1336 5648; x_wconf 83' lang='lat' dir='ltr'><strong>De</strong></span> <span class='ocrx_word' id='word_1_629' title='bbox 1381 5599 1564 5648; x_wconf 80' lang='lat' dir='ltr'><strong>num.l</strong></span> <span class='ocrx_word' id='word_1_630' title='bbox 1613 5602 1709 5650; x_wconf 91' lang='lat' dir='ltr'><strong>vid.</strong></span> <span class='ocrx_word' id='word_1_631' title='bbox 1753 5600 1931 5661; x_wconf 74' lang='lat' dir='ltr'><strong>Pelagii</strong></span> <span class='ocrx_word' id='word_1_632' title='bbox 1974 5602 2119 5663; x_wconf 90' lang='lat' dir='ltr'><strong>epist.</strong></span> 
     </span>
     <span class='ocr_line' id='line_1_84' title="bbox 528 5660 2121 5713; baseline 0.001 -1"><span class='ocrx_word' id='word_1_633' title='bbox 528 5663 588 5712; x_wconf 85' lang='lat' dir='ltr'><strong>ad</strong></span> <span class='ocrx_word' id='word_1_634' title='bbox 612 5663 1002 5713; x_wconf 76' lang='lat' dir='ltr'><strong>Demetriadem.</strong></span> <span class='ocrx_word' id='word_1_635' title='bbox 1041 5674 1145 5713; x_wconf 62' lang='lat' dir='ltr'><strong>tum.</strong></span> <span class='ocrx_word' id='word_1_636' title='bbox 1189 5661 1246 5713; x_wconf 71' lang='grc' dir='ltr'><strong>ὃς</strong></span> <span class='ocrx_word' id='word_1_637' title='bbox 1282 5663 1345 5711; x_wconf 91' lang='lat' dir='ltr'><strong>de</strong></span> <span class='ocrx_word' id='word_1_638' title='bbox 1370 5674 1501 5711; x_wconf 88' lang='lat' dir='ltr'><strong>num.</strong></span> <span class='ocrx_word' id='word_1_639' title='bbox 1522 5660 1582 5713; x_wconf 80' lang='lat'><strong>2.</strong></span> <span class='ocrx_word' id='word_1_640' title='bbox 1607 5664 1838 5712; x_wconf 82' lang='lat' dir='ltr'><strong>Ambrosii</strong></span> <span class='ocrx_word' id='word_1_641' title='bbox 1861 5662 2034 5711; x_wconf 83' lang='lat' dir='ltr'><strong>librum</strong></span> <span class='ocrx_word' id='word_1_642' title='bbox 2055 5663 2121 5713; x_wconf 88' lang='lat' dir='ltr'><strong>de</strong></span> 
     </span>
    </p>
   </div>
   <div class='ocr_carea' id='block_1_77' title="bbox 528 5676 2117 5787">
    <p class='ocr_par' dir='ltr' id='par_1_77' title="bbox 528 5676 2117 5787">
     <span class='ocr_line' id='line_1_85' title="bbox 528 5676 2117 5723; baseline 0.001 -11"><span class='ocrx_word' id='word_1_643' title='bbox 528 5676 588 5712; x_wconf 83' lang='lat' dir='ltr'><strong>au</strong></span> <span class='ocrx_word' id='word_1_644' title='bbox 612 5676 1002 5720; x_wconf 77' lang='lat' dir='ltr'><strong>Demetriadem,</strong></span> <span class='ocrx_word' id='word_1_645' title='bbox 1041 5676 1145 5723; x_wconf 78' lang='lat' dir='ltr'><strong>cap.</strong></span> <span class='ocrx_word' id='word_1_646' title='bbox 1189 5676 1246 5720; x_wconf 75' lang='grc' dir='ltr'><strong>ος</strong></span> <span class='ocrx_word' id='word_1_647' title='bbox 1282 5676 1345 5711; x_wconf 90' lang='lat' dir='ltr'><strong>ue</strong></span> <span class='ocrx_word' id='word_1_648' title='bbox 1370 5676 1501 5711; x_wconf 88' lang='lat' dir='ltr'><strong>num.</strong></span> <span class='ocrx_word' id='word_1_649' title='bbox 1522 5676 1582 5723; x_wconf 82' lang='lat' dir='ltr'><strong>z,</strong></span> <span class='ocrx_word' id='word_1_650' title='bbox 1607 5676 1838 5712; x_wconf 74' lang='lat' dir='ltr'><strong>Ambros“</strong></span> <span class='ocrx_word' id='word_1_651' title='bbox 1861 5676 2034 5711; x_wconf 85' lang='lat' dir='ltr'><strong>uorum</strong></span> <span class='ocrx_word' id='word_1_652' title='bbox 2055 5676 2117 5713; x_wconf 86' lang='lat' dir='ltr'><strong>ue</strong></span> 
     </span>
     <span class='ocr_line' id='line_1_86' title="bbox 528 5722 2117 5787; baseline 0.001 -14"><span class='ocrx_word' id='word_1_653' title='bbox 528 5725 727 5787; x_wconf 63' lang='lat' dir='ltr'><strong>losepb,</strong></span> <span class='ocrx_word' id='word_1_654' title='bbox 744 5737 850 5787; x_wconf 82' lang='lat' dir='ltr'><strong>cap.</strong></span> <span class='ocrx_word' id='word_1_655' title='bbox 876 5724 934 5783; x_wconf 74' lang='lat'><strong>5;</strong></span> <span class='ocrx_word' id='word_1_656' title='bbox 955 5724 1019 5773; x_wconf 90' lang='lat' dir='ltr'><strong>de</strong></span> <span class='ocrx_word' id='word_1_657' title='bbox 1044 5722 1228 5787; x_wconf 59' lang='lat' dir='ltr'><strong>enim?)</strong></span> <span class='ocrx_word' id='word_1_658' title='bbox 1246 5729 1296 5772; x_wconf 91' lang='lat' dir='ltr'><strong>et</strong></span> <span class='ocrx_word' id='word_1_659' title='bbox 1311 5722 1360 5784; x_wconf 76' lang='grc'><strong>4,</strong></span> <span class='ocrx_word' id='word_1_660' title='bbox 1385 5725 1634 5787; x_wconf 76' lang='lat' dir='ltr'><strong>Augustini</strong></span> <span class='ocrx_word' id='word_1_661' title='bbox 1655 5724 1929 5787; x_wconf 76' lang='lat' dir='ltr'><strong>serm.5l3,</strong></span> <span class='ocrx_word' id='word_1_662' title='bbox 1949 5739 1999 5787; x_wconf 12' lang='lat' dir='ltr'><strong>ni.</strong></span> <span class='ocrx_word' id='word_1_663' title='bbox 2015 5724 2117 5787; x_wconf 83' lang='lat'><strong>6-8;</strong></span> 
     </span>
    </p>
   </div>
   <div class='ocr_carea' id='block_1_78' title="bbox 525 5738 2118 5855">
    <p class='ocr_par' dir='ltr' id='par_1_78' title="bbox 525 5738 2118 5855">
     <span class='ocr_line' id='line_1_87' title="bbox 528 5738 2117 5787; baseline -0.001 -12"><span class='ocrx_word' id='word_1_664' title='bbox 528 5738 727 5787; x_wconf 82' lang='lat' dir='ltr'><strong>.Iosepn,</strong></span> <span class='ocrx_word' id='word_1_665' title='bbox 744 5738 801 5773; x_wconf 72' lang='grc' dir='ltr'>ω</span> <span class='ocrx_word' id='word_1_666' title='bbox 838 5759 850 5772; x_wconf 88' lang='grc'><strong>.</strong></span> <span class='ocrx_word' id='word_1_667' title='bbox 876 5738 934 5783; x_wconf 69' lang='grc' dir='ltr'><strong>ὃς</strong></span> <span class='ocrx_word' id='word_1_668' title='bbox 955 5738 1019 5773; x_wconf 83' lang='lat' dir='ltr'><strong>ae</strong></span> <span class='ocrx_word' id='word_1_669' title='bbox 1044 5738 1175 5771; x_wconf 86' lang='lat' dir='ltr'><strong>num.</strong></span> <span class='ocrx_word' id='word_1_670' title='bbox 1196 5738 1228 5772; x_wconf 80' lang='grc' dir='ltr'>ο</span> <span class='ocrx_word' id='word_1_671' title='bbox 1246 5738 1296 5772; x_wconf 81' lang='lat' dir='ltr'><strong>el</strong></span> <span class='ocrx_word' id='word_1_672' title='bbox 1311 5738 1360 5784; x_wconf 74' lang='grc'><strong>4,</strong></span> <span class='ocrx_word' id='word_1_673' title='bbox 1385 5738 1414 5772; x_wconf 74' lang='grc' dir='ltr'><strong>Α</strong></span> <span class='ocrx_word' id='word_1_674' title='bbox 1522 5738 1634 5773; x_wconf 88' lang='lat' dir='ltr'><strong>sum</strong></span> <span class='ocrx_word' id='word_1_675' title='bbox 1655 5738 1929 5783; x_wconf 61' lang='grc' dir='ltr'><strong>εθηιιωω,</strong></span> <span class='ocrx_word' id='word_1_676' title='bbox 1949 5739 1999 5773; x_wconf 80' lang='lat' dir='ltr'><strong>ll.</strong></span> <span class='ocrx_word' id='word_1_677' title='bbox 2015 5738 2117 5787; x_wconf 73' lang='grc' dir='ltr'><strong>υ-δς</strong></span> 
     </span>
     <span class='ocr_line' id='line_1_88' title="bbox 525 5738 2118 5855; baseline 0.002 -20"><span class='ocrx_word' id='word_1_678' title='bbox 525 5785 591 5855; x_wconf 79' lang='lat' dir='ltr'><strong>de</strong></span> <span class='ocrx_word' id='word_1_679' title='bbox 617 5798 748 5836; x_wconf 91' lang='lat' dir='ltr'><strong>num.</strong></span> <span class='ocrx_word' id='word_1_680' title='bbox 844 5784 1340 5855; x_wconf 55' lang='lat' dir='ltr'><strong>ej‘_ist._Pelagii,_cap.</strong></span> <span class='ocrx_word' id='word_1_681' title='bbox 1359 5738 1654 5850; x_wconf 55' lang='grc' dir='ltr'><strong>ὅςυὲἕηιιω.</strong></span> <span class='ocrx_word' id='word_1_682' title='bbox 1672 5786 1721 5848; x_wconf 84' lang='grc'><strong>6,</strong></span> <span class='ocrx_word' id='word_1_683' title='bbox 1746 5799 1903 5855; x_wconf 80' lang='lat' dir='ltr'><strong>usque</strong></span> <span class='ocrx_word' id='word_1_684' title='bbox 1934 5786 1994 5836; x_wconf 84' lang='lat' dir='ltr'><strong>ad</strong></span> <span class='ocrx_word' id='word_1_685' title='bbox 2011 5800 2118 5839; x_wconf 88' lang='lat' dir='ltr'><strong>me-</strong></span> 
     </span>
    </p>
   </div>
   <div class='ocr_carea' id='block_1_79' title="bbox 524 5846 1284 5914">
    <p class='ocr_par' dir='ltr' id='par_1_79' title="bbox 524 5846 1284 5914">
     <span class='ocr_line' id='line_1_89' title="bbox 524 5846 1284 5914; baseline 0.001 -15"><span class='ocrx_word' id='word_1_686' title='bbox 524 5847 678 5913; x_wconf 81' lang='lat' dir='ltr'><strong>dium,</strong></span> <span class='ocrx_word' id='word_1_687' title='bbox 701 5848 848 5914; x_wconf 84' lang='lat' dir='ltr'><strong>epist.</strong></span> <span class='ocrx_word' id='word_1_688' title='bbox 869 5846 1109 5912; x_wconf 81' lang='lat' dir='ltr'><strong>ejusdem,</strong></span> <span class='ocrx_word' id='word_1_689' title='bbox 1128 5846 1182 5898; x_wconf 80' lang='lat' dir='ltr'><strong>ii.</strong></span> <span class='ocrx_word' id='word_1_690' title='bbox 1210 5847 1284 5901; x_wconf 77' lang='lat' dir='ltr'><strong>l8.</strong></span> 
     </span>
    </p>
   </div>
   <div class='ocr_carea' id='block_1_80' title="bbox 2008 347 2373 407">
    <p class='ocr_par' dir='ltr' id='par_1_80' title="bbox 2008 347 2373 407">
     <span class='ocr_line' id='line_1_90' title="bbox 2008 347 2373 407; baseline -0.005 -1"><span class='ocrx_word' id='word_1_691' title='bbox 2008 347 2373 407; x_wconf 76' lang='lat' dir='ltr'><strong>APPENDIX.</strong></span> 
     </span>
    </p>
   </div>
   <div class='ocr_carea' id='block_1_81' title="bbox 2188 2797 2928 2866">
    <p class='ocr_par' dir='ltr' id='par_1_81' title="bbox 2188 2797 2928 2866">
     <span class='ocr_line' id='line_1_91' title="bbox 2188 2797 2928 2866; baseline -0.004 -16"><span class='ocrx_word' id='word_1_692' title='bbox 2188 2816 2189 2819; x_wconf 46' lang='grc' dir='ltr'><strong>η</strong></span> <span class='ocrx_word' id='word_1_693' title='bbox 2243 2798 2534 2850; x_wconf 88' lang='lat' dir='ltr'><strong>tentatione</strong></span> <span class='ocrx_word' id='word_1_694' title='bbox 2562 2797 2928 2866; x_wconf 72' lang='lat' dir='ltr'><strong>permitteret?</strong></span> 
     </span>
    </p>
   </div>
   <div class='ocr_carea' id='block_1_82' title="bbox 2240 458 3836 533">
    <p class='ocr_par' dir='ltr' id='par_1_82' title="bbox 2240 458 3836 533">
     <span class='ocr_line' id='line_1_92' title="bbox 2240 458 3836 533; baseline 0.005 -16"><span class='ocrx_word' id='word_1_695' title='bbox 2240 467 2392 517; x_wconf 83' lang='lat' dir='ltr'><strong>scant</strong></span> <span class='ocrx_word' id='word_1_696' title='bbox 2436 468 2563 517; x_wconf 87' lang='lat' dir='ltr'><strong>tunc</strong></span> <span class='ocrx_word' id='word_1_697' title='bbox 2606 467 2660 516; x_wconf 91' lang='lat' dir='ltr'><strong>et</strong></span> <span class='ocrx_word' id='word_1_698' title='bbox 2686 458 2816 533; x_wconf 80' lang='lat' dir='ltr'><strong>viri</strong></span> <span class='ocrx_word' id='word_1_699' title='bbox 2833 471 3025 516; x_wconf 81' lang='lat' dir='ltr'><strong>cavere</strong></span> <span class='ocrx_word' id='word_1_700' title='bbox 3070 461 3257 533; x_wconf 83' lang='lat' dir='ltr'><strong>oculos</strong></span> <span class='ocrx_word' id='word_1_701' title='bbox 3308 459 3627 521; x_wconf 81' lang='lat' dir='ltr'><strong>feminarum</strong></span> <span class='ocrx_word' id='word_1_702' title='bbox 3651 504 3668 533; x_wconf 92' lang='lat'><strong>,</strong></span> <span class='ocrx_word' id='word_1_703' title='bbox 3705 481 3836 526; x_wconf 89' lang='lat' dir='ltr'><strong>cum</strong></span> 
     </span>
    </p>
   </div>
   <div class='ocr_carea' id='block_1_83' title="bbox 2240 530 3838 603">
    <p class='ocr_par' dir='ltr' id='par_1_83' title="bbox 2240 530 3838 603">
     <span class='ocr_line' id='line_1_93' title="bbox 2240 530 3838 603; baseline 0.007 -18"><span class='ocrx_word' id='word_1_704' title='bbox 2240 541 2489 587; x_wconf 89' lang='lat' dir='ltr'><strong>amantur</strong></span> <span class='ocrx_word' id='word_1_705' title='bbox 2511 541 2565 586; x_wconf 90' lang='lat' dir='ltr'><strong>et</strong></span> <span class='ocrx_word' id='word_1_706' title='bbox 2609 531 2699 601; x_wconf 92' lang='lat' dir='ltr'><strong>qui</strong></span> <span class='ocrx_word' id='word_1_707' title='bbox 2731 530 2919 586; x_wconf 90' lang='lat' dir='ltr'><strong>nolunt</strong></span> <span class='ocrx_word' id='word_1_708' title='bbox 2957 532 3144 586; x_wconf 88' lang='lat' dir='ltr'><strong>amari.</strong></span> <span class='ocrx_word' id='word_1_709' title='bbox 3181 532 3418 603; x_wconf 88' lang='lat' dir='ltr'><strong>Denique</strong></span> <span class='ocrx_word' id='word_1_710' title='bbox 3445 530 3724 592; x_wconf 81' lang='lat' dir='ltr'><strong>adamatus</strong></span> <span class='ocrx_word' id='word_1_711' title='bbox 3748 548 3838 596; x_wconf 79' lang='lat' dir='ltr'><strong>est</strong></span> 
     </span>
    </p>
   </div>
   <div class='ocr_carea' id='block_1_84' title="bbox 2239 602 3835 673">
    <p class='ocr_par' dir='ltr' id='par_1_84' title="bbox 2239 602 3835 673">
     <span class='ocr_line' id='line_1_94' title="bbox 2239 602 3835 673; baseline 0.004 -15"><span class='ocrx_word' id='word_1_712' title='bbox 2239 602 2437 672; x_wconf 83' lang='lat' dir='ltr'><strong>Joseph</strong></span> <span class='ocrx_word' id='word_1_713' title='bbox 2465 645 2478 667; x_wconf 93' lang='lat'><strong>,</strong></span> <span class='ocrx_word' id='word_1_714' title='bbox 2509 602 2597 672; x_wconf 90' lang='lat' dir='ltr'><strong>qui</strong></span> <span class='ocrx_word' id='word_1_715' title='bbox 2644 612 2915 673; x_wconf 86' lang='lat' dir='ltr'><strong>amantem</strong></span> <span class='ocrx_word' id='word_1_716' title='bbox 2948 602 3346 673; x_wconf 84' lang='lat' dir='ltr'><strong>contempserat</strong></span> <span class='ocrx_word' id='word_1_717' title='bbox 3373 623 3385 658; x_wconf 90' lang='lat'><strong>:</strong></span> <span class='ocrx_word' id='word_1_718' title='bbox 3414 615 3467 660; x_wconf 92' lang='lat' dir='ltr'><strong>et</strong></span> <span class='ocrx_word' id='word_1_719' title='bbox 3498 607 3634 662; x_wconf 91' lang='lat' dir='ltr'><strong>bene</strong></span> <span class='ocrx_word' id='word_1_720' title='bbox 3661 624 3835 665; x_wconf 82' lang='lat' dir='ltr'><strong>excu-</strong></span> 
     </span>
    </p>
   </div>
   <div class='ocr_carea' id='block_1_85' title="bbox 2240 672 3837 741">
    <p class='ocr_par' dir='ltr' id='par_1_85' title="bbox 2240 672 3837 741">
     <span class='ocr_line' id='line_1_95' title="bbox 2240 672 3837 741; baseline 0.003 -12"><span class='ocrx_word' id='word_1_721' title='bbox 2240 677 2379 729; x_wconf 86' lang='lat' dir='ltr'><strong>savit</strong></span> <span class='ocrx_word' id='word_1_722' title='bbox 2405 690 2525 728; x_wconf 89' lang='lat' dir='ltr'><strong>eum</strong></span> <span class='ocrx_word' id='word_1_723' title='bbox 2551 674 2822 741; x_wconf 87' lang='lat' dir='ltr'><strong>Scriptura</strong></span> <span class='ocrx_word' id='word_1_724' title='bbox 2843 714 2859 738; x_wconf 92' lang='lat'><strong>,</strong></span> <span class='ocrx_word' id='word_1_725' title='bbox 2889 672 3093 739; x_wconf 88' lang='lat' dir='ltr'><strong>dicens,</strong></span> <span class='ocrx_word' id='word_1_726' title='bbox 3123 672 3345 735; x_wconf 76' lang='lat' dir='ltr'><strong>Immisit</strong></span> <span class='ocrx_word' id='word_1_727' title='bbox 3380 675 3556 731; x_wconf 79' lang='lat' dir='ltr'><strong>oculos</strong></span> <span class='ocrx_word' id='word_1_728' title='bbox 3586 693 3716 733; x_wconf 72' lang='lat' dir='ltr'><strong>uxor</strong></span> <span class='ocrx_word' id='word_1_729' title='bbox 3738 679 3837 734; x_wconf 81' lang='lat' dir='ltr'><strong>do-</strong></span> 
     </span>
    </p>
   </div>
   <div class='ocr_carea' id='block_1_86' title="bbox 2241 742 3839 821">
    <p class='ocr_par' dir='ltr' id='par_1_86' title="bbox 2241 742 3839 821">
     <span class='ocr_line' id='line_1_96' title="bbox 2241 742 3839 821; baseline 0.004 -24"><span class='ocrx_word' id='word_1_730' title='bbox 2241 745 2364 798; x_wconf 83' lang='lat' dir='ltr'><strong>mini</strong></span> <span class='ocrx_word' id='word_1_731' title='bbox 2383 746 2498 821; x_wconf 62' lang='lat' dir='ltr'><strong>eius</strong></span> <span class='ocrx_word' id='word_1_732' title='bbox 2522 745 2576 798; x_wconf 85' lang='lat' dir='ltr'><strong>in</strong></span> <span class='ocrx_word' id='word_1_733' title='bbox 2601 742 2795 821; x_wconf 52' lang='lat' dir='ltr'><strong>Ioseph</strong></span> <span class='ocrx_word' id='word_1_734' title='bbox 2820 760 2840 798; x_wconf 89' lang='lat'><strong><em>:</em></strong></span> <span class='ocrx_word' id='word_1_735' title='bbox 2867 743 2967 799; x_wconf 90' lang='lat' dir='ltr'><strong>hoc</strong></span> <span class='ocrx_word' id='word_1_736' title='bbox 2990 754 3108 821; x_wconf 64' lang='lat' dir='ltr'><strong>est,</strong></span> <span class='ocrx_word' id='word_1_737' title='bbox 3132 762 3239 821; x_wconf 70' lang='lat' dir='ltr'><strong>una</strong></span> <span class='ocrx_word' id='word_1_738' title='bbox 3276 746 3376 821; x_wconf 84' lang='lat' dir='ltr'><strong>iste</strong></span> <span class='ocrx_word' id='word_1_739' title='bbox 3418 763 3478 803; x_wconf 90' lang='lat' dir='ltr'><strong>se</strong></span> <span class='ocrx_word' id='word_1_740' title='bbox 3503 753 3839 821; x_wconf 83' lang='lat' dir='ltr'><strong>ostentavit,</strong></span> 
     </span>
    </p>
   </div>
   <div class='ocr_carea' id='block_1_87' title="bbox 2240 815 3834 884">
    <p class='ocr_par' dir='ltr' id='par_1_87' title="bbox 2240 815 3834 884">
     <span class='ocr_line' id='line_1_97' title="bbox 2240 815 3834 884; baseline 0.003 -14"><span class='ocrx_word' id='word_1_741' title='bbox 2240 830 2341 871; x_wconf 90' lang='lat' dir='ltr'><strong>nec</strong></span> <span class='ocrx_word' id='word_1_742' title='bbox 2382 816 2470 870; x_wconf 91' lang='lat' dir='ltr'><strong>ille</strong></span> <span class='ocrx_word' id='word_1_743' title='bbox 2498 818 2639 884; x_wconf 90' lang='lat' dir='ltr'><strong>cepit</strong></span> <span class='ocrx_word' id='word_1_744' title='bbox 2674 815 2939 870; x_wconf 87' lang='lat' dir='ltr'><strong>incautam</strong></span> <span class='ocrx_word' id='word_1_745' title='bbox 2976 815 3110 871; x_wconf 89' lang='lat' dir='ltr'><strong>:sed</strong></span> <span class='ocrx_word' id='word_1_746' title='bbox 3150 816 3237 871; x_wconf 90' lang='lat' dir='ltr'><strong>illa</strong></span> <span class='ocrx_word' id='word_1_747' title='bbox 3278 818 3407 873; x_wconf 87' lang='lat' dir='ltr'><strong>retia</strong></span> <span class='ocrx_word' id='word_1_748' title='bbox 3452 833 3545 873; x_wconf 86' lang='lat' dir='ltr'><strong>sua</strong></span> <span class='ocrx_word' id='word_1_749' title='bbox 3573 815 3834 883; x_wconf 65' lang='lat' dir='ltr'><strong>immisit,</strong></span> 
     </span>
    </p>
   </div>
   <div class='ocr_carea' id='block_1_88' title="bbox 2240 886 3859 958">
    <p class='ocr_par' dir='ltr' id='par_1_88' title="bbox 2240 886 3859 958">
     <span class='ocr_line' id='line_1_98' title="bbox 2240 886 3859 958; baseline 0.004 -18"><span class='ocrx_word' id='word_1_750' title='bbox 2240 894 2296 958; x_wconf 87' lang='lat' dir='ltr'><strong>et</strong></span> <span class='ocrx_word' id='word_1_751' title='bbox 2312 886 2554 953; x_wconf 79' lang='lat' dir='ltr'><strong>indagine</strong></span> <span class='ocrx_word' id='word_1_752' title='bbox 2570 901 2664 939; x_wconf 86' lang='lat' dir='ltr'><strong>sua</strong></span> <span class='ocrx_word' id='word_1_753' title='bbox 2684 895 2836 954; x_wconf 84' lang='lat' dir='ltr'><strong>capta</strong></span> <span class='ocrx_word' id='word_1_754' title='bbox 2858 894 2959 958; x_wconf 84' lang='lat' dir='ltr'><strong>est;</strong></span> <span class='ocrx_word' id='word_1_755' title='bbox 2983 896 3331 942; x_wconf 68' lang='lat' dir='ltr'><strong>catenassuas</strong></span> <span class='ocrx_word' id='word_1_756' title='bbox 3349 887 3565 958; x_wconf 64' lang='lat' dir='ltr'><strong>Sparsit,</strong></span> <span class='ocrx_word' id='word_1_757' title='bbox 3582 890 3701 945; x_wconf 89' lang='lat' dir='ltr'><strong>etin</strong></span> <span class='ocrx_word' id='word_1_758' title='bbox 3720 908 3859 955; x_wconf 69' lang='lat' dir='ltr'><strong>suisf</strong></span> 
     </span>
    </p>
   </div>
   <div class='ocr_carea' id='block_1_89' title="bbox 2239 957 3835 1027">
    <p class='ocr_par' dir='ltr' id='par_1_89' title="bbox 2239 957 3835 1027">
     <span class='ocr_line' id='line_1_99' title="bbox 2239 957 3835 1027; baseline 0.003 -15"><span class='ocrx_word' id='word_1_759' title='bbox 2239 957 2469 1012; x_wconf 90' lang='lat' dir='ltr'><strong>vinculis</strong></span> <span class='ocrx_word' id='word_1_760' title='bbox 2488 958 2731 1027; x_wconf 79' lang='lat' dir='ltr'><strong>colligata</strong></span> <span class='ocrx_word' id='word_1_761' title='bbox 2761 966 2862 1012; x_wconf 82' lang='lat' dir='ltr'><strong>est.</strong></span> <span class='ocrx_word' id='word_1_762' title='bbox 2897 957 3033 1011; x_wconf 75' lang='lat' dir='ltr'><strong>Dixit</strong></span> <span class='ocrx_word' id='word_1_763' title='bbox 3074 966 3250 1012; x_wconf 87' lang='lat' dir='ltr'><strong>autem</strong></span> <span class='ocrx_word' id='word_1_764' title='bbox 3286 957 3397 1022; x_wconf 78' lang='lat' dir='ltr'><strong>illi,</strong></span> <span class='ocrx_word' id='word_1_765' title='bbox 3432 959 3609 1013; x_wconf 83' lang='lat' dir='ltr'><strong>Donni</strong></span> <span class='ocrx_word' id='word_1_766' title='bbox 3639 978 3835 1016; x_wconf 76' lang='lat' dir='ltr'><strong>mecum</strong></span> 
     </span>
    </p>
   </div>
   <div class='ocr_carea' id='block_1_90' title="bbox 2242 1024 3833 1100">
    <p class='ocr_par' dir='ltr' id='par_1_90' title="bbox 2242 1024 3833 1100">
     <span class='ocr_line' id='line_1_100' title="bbox 2242 1024 3833 1100; baseline 0.003 -18"><span class='ocrx_word' id='word_1_767' title='bbox 2242 1026 2587 1100; x_wconf 72' lang='lat' dir='ltr'><strong>(Gen.‘_xxxnx</strong></span> <span class='ocrx_word' id='word_1_768' title='bbox 2610 1024 2679 1092; x_wconf 63' lang='lat'><strong>,7</strong></span> <span class='ocrx_word' id='word_1_769' title='bbox 2703 1024 2744 1099; x_wconf 92' lang='lat'><strong>).</strong></span> <span class='ocrx_word' id='word_1_770' title='bbox 2772 1026 2951 1100; x_wconf 82' lang='lat' dir='ltr'><strong>Prima</strong></span> <span class='ocrx_word' id='word_1_771' title='bbox 2974 1028 3216 1083; x_wconf 89' lang='lat' dir='ltr'><strong>adulterii</strong></span> <span class='ocrx_word' id='word_1_772' title='bbox 3239 1029 3515 1084; x_wconf 88' lang='lat' dir='ltr'><strong>oculorum</strong></span> <span class='ocrx_word' id='word_1_773' title='bbox 3539 1031 3640 1084; x_wconf 86' lang='lat' dir='ltr'><strong>tela</strong></span> <span class='ocrx_word' id='word_1_774' title='bbox 3667 1044 3794 1087; x_wconf 83' lang='lat' dir='ltr'><strong>sunt</strong></span> <span class='ocrx_word' id='word_1_775' title='bbox 3814 1073 3833 1100; x_wconf 91' lang='lat'><strong>,</strong></span> 
     </span>
    </p>
   </div>
   <div class='ocr_carea' id='block_1_91' title="bbox 2240 1097 3837 1174">
    <p class='ocr_par' dir='ltr' id='par_1_91' title="bbox 2240 1097 3837 1174">
     <span class='ocr_line' id='line_1_101' title="bbox 2240 1097 3837 1174; baseline 0.003 -21"><span class='ocrx_word' id='word_1_776' title='bbox 2240 1097 2478 1174; x_wconf 73' lang='lat' dir='ltr'><strong>Secunda</strong></span> <span class='ocrx_word' id='word_1_777' title='bbox 2503 1097 2809 1174; x_wconf 72' lang='lat' dir='ltr'><strong>verbm-tim.</strong></span> <span class='ocrx_word' id='word_1_778' title='bbox 2848 1097 2955 1174; x_wconf 85' lang='lat' dir='ltr'><strong>Se_d</strong></span> <span class='ocrx_word' id='word_1_779' title='bbox 2984 1099 3072 1168; x_wconf 89' lang='lat' dir='ltr'><strong>qui</strong></span> <span class='ocrx_word' id='word_1_780' title='bbox 3102 1113 3209 1154; x_wconf 92' lang='lat' dir='ltr'><strong>non</strong></span> <span class='ocrx_word' id='word_1_781' title='bbox 3254 1101 3461 1174; x_wconf 83' lang='lat' dir='ltr'><strong>capitur</strong></span> <span class='ocrx_word' id='word_1_782' title='bbox 3500 1102 3704 1166; x_wconf 89' lang='lat' dir='ltr'><strong>oculis,</strong></span> <span class='ocrx_word' id='word_1_783' title='bbox 3729 1097 3837 1174; x_wconf 56' lang='lat' dir='ltr'><strong>po;</strong></span> 
     </span>
    </p>
   </div>
   <div class='ocr_carea' id='block_1_92' title="bbox 2242 1169 3833 1242">
    <p class='ocr_par' dir='ltr' id='par_1_92' title="bbox 2242 1169 3833 1242">
     <span class='ocr_line' id='line_1_102' title="bbox 2242 1169 3833 1242; baseline 0.003 -17"><span class='ocrx_word' id='word_1_784' title='bbox 2242 1177 2344 1225; x_wconf 88' lang='lat' dir='ltr'><strong>test</strong></span> <span class='ocrx_word' id='word_1_785' title='bbox 2372 1169 2547 1242; x_wconf 78' lang='lat' dir='ltr'><strong>verbis</strong></span> <span class='ocrx_word' id='word_1_786' title='bbox 2585 1170 2856 1242; x_wconf 81' lang='lat' dir='ltr'><strong>resistere.</strong></span> <span class='ocrx_word' id='word_1_787' title='bbox 2897 1169 3211 1242; x_wconf 69' lang='lat' dir='ltr'><strong>Excusatur,</strong></span> <span class='ocrx_word' id='word_1_788' title='bbox 3235 1170 3374 1240; x_wconf 91' lang='lat' dir='ltr'><strong>quod</strong></span> <span class='ocrx_word' id='word_1_789' title='bbox 3401 1171 3671 1242; x_wconf 84' lang='lat' dir='ltr'><strong>ingressus</strong></span> <span class='ocrx_word' id='word_1_790' title='bbox 3698 1169 3788 1229; x_wconf 59' lang='lat' dir='ltr'><strong>eSt</strong></span> <span class='ocrx_word' id='word_1_791' title='bbox 3814 1191 3833 1229; x_wconf 92' lang='lat'><strong>:</strong></span> 
     </span>
    </p>
   </div>
   <div class='ocr_carea' id='block_1_93' title="bbox 2240 1240 3827 1311">
    <p class='ocr_par' dir='ltr' id='par_1_93' title="bbox 2240 1240 3827 1311">
     <span class='ocr_line' id='line_1_103' title="bbox 2240 1240 3827 1311; baseline 0.003 -17"><span class='ocrx_word' id='word_1_792' title='bbox 2240 1240 2577 1311; x_wconf 71' lang='lat' dir='ltr'><strong>prtedicatur,</strong></span> <span class='ocrx_word' id='word_1_793' title='bbox 2600 1240 2741 1310; x_wconf 89' lang='lat' dir='ltr'><strong>quod</strong></span> <span class='ocrx_word' id='word_1_794' title='bbox 2778 1241 2992 1310; x_wconf 83' lang='lat' dir='ltr'><strong>elapsus</strong></span> <span class='ocrx_word' id='word_1_795' title='bbox 3032 1247 3132 1311; x_wconf 80' lang='lat' dir='ltr'><strong>est.</strong></span> <span class='ocrx_word' id='word_1_796' title='bbox 3162 1240 3271 1296; x_wconf 86' lang='lat' dir='ltr'><strong>Nec</strong></span> <span class='ocrx_word' id='word_1_797' title='bbox 3315 1240 3482 1310; x_wconf 85' lang='lat' dir='ltr'><strong>pluris</strong></span> <span class='ocrx_word' id='word_1_798' title='bbox 3507 1241 3631 1297; x_wconf 86' lang='lat' dir='ltr'><strong>fecit</strong></span> <span class='ocrx_word' id='word_1_799' title='bbox 3659 1247 3827 1299; x_wconf 81' lang='lat' dir='ltr'><strong>vcsti-</strong></span> 
     </span>
    </p>
   </div>
   <div class='ocr_carea' id='block_1_94' title="bbox 2239 1310 3836 1386">
    <p class='ocr_par' dir='ltr' id='par_1_94' title="bbox 2239 1310 3836 1386">
     <span class='ocr_line' id='line_1_104' title="bbox 2239 1310 3836 1386; baseline 0.003 -21"><span class='ocrx_word' id='word_1_800' title='bbox 2239 1320 2419 1365; x_wconf 91' lang='lat' dir='ltr'><strong>menta</strong></span> <span class='ocrx_word' id='word_1_801' title='bbox 2462 1312 2703 1381; x_wconf 87' lang='lat' dir='ltr'><strong>corporis</strong></span> <span class='ocrx_word' id='word_1_802' title='bbox 2725 1353 2740 1376; x_wconf 91' lang='lat'><strong>,</strong></span> <span class='ocrx_word' id='word_1_803' title='bbox 2771 1327 2933 1381; x_wconf 89' lang='lat' dir='ltr'><strong>quam</strong></span> <span class='ocrx_word' id='word_1_804' title='bbox 2974 1310 3136 1386; x_wconf 85' lang='lat' dir='ltr'><strong>animi</strong></span> <span class='ocrx_word' id='word_1_805' title='bbox 3181 1312 3550 1386; x_wconf 79' lang='lat' dir='ltr'><strong>castimeniam</strong></span> <span class='ocrx_word' id='word_1_806' title='bbox 3580 1316 3836 1386; x_wconf 84' lang='lat' dir='ltr'><strong>:reliquit</strong></span> 
     </span>
    </p>
   </div>
   <div class='ocr_carea' id='block_1_95' title="bbox 2240 1382 3833 1452">
    <p class='ocr_par' dir='ltr' id='par_1_95' title="bbox 2240 1382 3833 1452">
     <span class='ocr_line' id='line_1_105' title="bbox 2240 1382 3833 1452; baseline 0.003 -15"><span class='ocrx_word' id='word_1_807' title='bbox 2240 1390 2490 1451; x_wconf 86' lang='lat' dir='ltr'><strong>tanquam</strong></span> <span class='ocrx_word' id='word_1_808' title='bbox 2531 1399 2635 1435; x_wconf 90' lang='lat' dir='ltr'><strong>nou</strong></span> <span class='ocrx_word' id='word_1_809' title='bbox 2662 1397 2755 1435; x_wconf 89' lang='lat' dir='ltr'><strong>sua</strong></span> <span class='ocrx_word' id='word_1_810' title='bbox 2781 1423 2796 1447; x_wconf 94' lang='lat'><strong>,</strong></span> <span class='ocrx_word' id='word_1_811' title='bbox 2822 1398 2941 1452; x_wconf 68' lang='lat' dir='ltr'><strong>qua:</strong></span> <span class='ocrx_word' id='word_1_812' title='bbox 2969 1382 3207 1436; x_wconf 89' lang='lat' dir='ltr'><strong>adultera</strong></span> <span class='ocrx_word' id='word_1_813' title='bbox 3249 1384 3494 1437; x_wconf 85' lang='lat' dir='ltr'><strong>manibus</strong></span> <span class='ocrx_word' id='word_1_814' title='bbox 3521 1382 3833 1452; x_wconf 67' lang='lat' dir='ltr'><strong>detinebat;</strong></span> 
     </span>
    </p>
   </div>
   <div class='ocr_carea' id='block_1_96' title="bbox 2239 1452 3839 1524">
    <p class='ocr_par' dir='ltr' id='par_1_96' title="bbox 2239 1452 3839 1524">
     <span class='ocr_line' id='line_1_106' title="bbox 2239 1452 3839 1524; baseline 0.004 -17"><span class='ocrx_word' id='word_1_815' title='bbox 2239 1462 2294 1507; x_wconf 85' lang='lat' dir='ltr'><strong>et</strong></span> <span class='ocrx_word' id='word_1_816' title='bbox 2338 1453 2510 1524; x_wconf 88' lang='lat' dir='ltr'><strong>aliena</strong></span> <span class='ocrx_word' id='word_1_817' title='bbox 2549 1452 2844 1524; x_wconf 83' lang='lat' dir='ltr'><strong>judicavit,</strong></span> <span class='ocrx_word' id='word_1_818' title='bbox 2875 1469 2993 1524; x_wconf 69' lang='lat' dir='ltr'><strong>qua:</strong></span> <span class='ocrx_word' id='word_1_819' title='bbox 3040 1463 3180 1507; x_wconf 88' lang='lat' dir='ltr'><strong>tactu</strong></span> <span class='ocrx_word' id='word_1_820' title='bbox 3220 1454 3500 1522; x_wconf 69' lang='lat' dir='ltr'><strong>impudica:</strong></span> <span class='ocrx_word' id='word_1_821' title='bbox 3546 1466 3839 1524; x_wconf 74' lang='lat' dir='ltr'><strong>potuerant</strong></span> 
     </span>
    </p>
   </div>
   <div class='ocr_carea' id='block_1_97' title="bbox 2240 1522 3833 1604">
    <p class='ocr_par' dir='ltr' id='par_1_97' title="bbox 2240 1522 3833 1604">
     <span class='ocr_line' id='line_1_107' title="bbox 2240 1522 3833 1604; baseline 0.003 -26"><span class='ocrx_word' id='word_1_822' title='bbox 2240 1523 2654 1604; x_wconf 84' lang='lat' dir='ltr'><strong>comprehendi._</strong></span> <span class='ocrx_word' id='word_1_823' title='bbox 2674 1522 2907 1604; x_wconf 74' lang='lat' dir='ltr'><strong>Magnus</strong></span> <span class='ocrx_word' id='word_1_824' title='bbox 2934 1523 3088 1604; x_wconf 80' lang='lat' dir='ltr'><strong>plane</strong></span> <span class='ocrx_word' id='word_1_825' title='bbox 3118 1525 3215 1604; x_wconf 82' lang='lat' dir='ltr'><strong>vir,</strong></span> <span class='ocrx_word' id='word_1_826' title='bbox 3248 1526 3336 1593; x_wconf 90' lang='lat' dir='ltr'><strong>qui</strong></span> <span class='ocrx_word' id='word_1_827' title='bbox 3365 1522 3610 1604; x_wconf 76' lang='lat' dir='ltr'><strong>venditus</strong></span> <span class='ocrx_word' id='word_1_828' title='bbox 3630 1528 3833 1604; x_wconf 64' lang='lat' dir='ltr'><strong>servile</strong></span> 
     </span>
    </p>
   </div>
   <div class='ocr_carea' id='block_1_98' title="bbox 2241 1594 3833 1665">
    <p class='ocr_par' dir='ltr' id='par_1_98' title="bbox 2241 1594 3833 1665">
     <span class='ocr_line' id='line_1_108' title="bbox 2241 1594 3833 1665; baseline 0.004 -17"><span class='ocrx_word' id='word_1_829' title='bbox 2241 1603 2367 1649; x_wconf 93' lang='lat' dir='ltr'><strong>tunc</strong></span> <span class='ocrx_word' id='word_1_830' title='bbox 2396 1594 2617 1649; x_wconf 83' lang='lat' dir='ltr'><strong>nescivit</strong></span> <span class='ocrx_word' id='word_1_831' title='bbox 2641 1595 3223 1663; x_wconf 86' lang='lat' dir='ltr'><strong>ingenium,adamatus</strong></span> <span class='ocrx_word' id='word_1_832' title='bbox 3253 1610 3357 1648; x_wconf 91' lang='lat' dir='ltr'><strong>non</strong></span> <span class='ocrx_word' id='word_1_833' title='bbox 3376 1595 3668 1652; x_wconf 85' lang='lat' dir='ltr'><strong>rcdamavit</strong></span> <span class='ocrx_word' id='word_1_834' title='bbox 3691 1594 3710 1665; x_wconf 71' lang='grc' dir='ltr'><em>ξ</em></span> <span class='ocrx_word' id='word_1_835' title='bbox 3735 1614 3833 1654; x_wconf 86' lang='lat' dir='ltr'><strong>ro-</strong></span> 
     </span>
    </p>
   </div>
   <div class='ocr_carea' id='block_1_99' title="bbox 2238 1664 3478 1736">
    <p class='ocr_par' dir='ltr' id='par_1_99' title="bbox 2238 1664 3478 1736">
     <span class='ocr_line' id='line_1_109' title="bbox 2238 1664 3478 1736; baseline 0.002 -19"><span class='ocrx_word' id='word_1_836' title='bbox 2238 1673 2391 1735; x_wconf 90' lang='lat' dir='ltr'><strong>gatus</strong></span> <span class='ocrx_word' id='word_1_837' title='bbox 2412 1680 2517 1719; x_wconf 93' lang='lat' dir='ltr'><strong>non</strong></span> <span class='ocrx_word' id='word_1_838' title='bbox 2539 1665 2832 1736; x_wconf 84' lang='lat' dir='ltr'><strong>acquievit,</strong></span> <span class='ocrx_word' id='word_1_839' title='bbox 2859 1664 3225 1734; x_wconf 84' lang='lat' dir='ltr'><strong>apprehensus</strong></span> <span class='ocrx_word' id='word_1_840' title='bbox 3253 1664 3478 1736; x_wconf 78' lang='lat' dir='ltr'><strong>aufugit.</strong></span> 
     </span>
    </p>
   </div>
   <div class='ocr_carea' id='block_1_100' title="bbox 2314 1735 3838 1808">
    <p class='ocr_par' dir='ltr' id='par_1_100' title="bbox 2314 1735 3838 1808">
     <span class='ocr_line' id='line_1_110' title="bbox 2314 1735 3838 1808; baseline 0.005 -19"><span class='ocrx_word' id='word_1_841' title='bbox 2314 1736 2367 1808; x_wconf 74' lang='grc' dir='ltr'><strong>ὅ.</strong></span> <span class='ocrx_word' id='word_1_842' title='bbox 2408 1736 2566 1790; x_wconf 82' lang='lat' dir='ltr'><strong>Amor</strong></span> <span class='ocrx_word' id='word_1_843' title='bbox 2611 1735 2895 1808; x_wconf 76' lang='lat' dir='ltr'><strong>impudicus</strong></span> <span class='ocrx_word' id='word_1_844' title='bbox 2945 1751 3047 1789; x_wconf 86' lang='lat' dir='ltr'><strong>non</strong></span> <span class='ocrx_word' id='word_1_845' title='bbox 3079 1746 3174 1808; x_wconf 79' lang='lat' dir='ltr'><strong>_est</strong></span> <span class='ocrx_word' id='word_1_846' title='bbox 3214 1735 3838 1808; x_wconf 44' lang='lat' dir='ltr'><strong>amoriConcupiscitur</strong></span> 
     </span>
    </p>
   </div>
   <div class='ocr_carea' id='block_1_101' title="bbox 2240 1806 3837 1876">
    <p class='ocr_par' dir='ltr' id='par_1_101' title="bbox 2240 1806 3837 1876">
     <span class='ocr_line' id='line_1_111' title="bbox 2240 1806 3837 1876; baseline 0.003 -15"><span class='ocrx_word' id='word_1_847' title='bbox 2240 1806 2553 1861; x_wconf 89' lang='lat' dir='ltr'><strong>adolescens</strong></span> <span class='ocrx_word' id='word_1_848' title='bbox 2581 1821 2612 1859; x_wconf 92' lang='lat' dir='ltr'><strong>a</strong></span> <span class='ocrx_word' id='word_1_849' title='bbox 2640 1806 2876 1876; x_wconf 78' lang='lat' dir='ltr'><strong>domina,</strong></span> <span class='ocrx_word' id='word_1_850' title='bbox 2907 1821 3005 1860; x_wconf 90' lang='lat' dir='ltr'><strong>nec</strong></span> <span class='ocrx_word' id='word_1_851' title='bbox 3028 1806 3095 1861; x_wconf 89' lang='lat' dir='ltr'><strong>ad</strong></span> <span class='ocrx_word' id='word_1_852' title='bbox 3124 1806 3619 1876; x_wconf 46' lang='lat' dir='ltr'><strong>Concupiscentiam&#39;</strong></span> <span class='ocrx_word' id='word_1_853' title='bbox 3637 1823 3837 1876; x_wconf 86' lang='lat' dir='ltr'><strong>provo-</strong></span> 
     </span>
    </p>
   </div>
   <div class='ocr_carea' id='block_1_102' title="bbox 2240 1875 3839 1947">
    <p class='ocr_par' dir='ltr' id='par_1_102' title="bbox 2240 1875 3839 1947">
     <span class='ocr_line' id='line_1_112' title="bbox 2240 1875 3839 1947; baseline 0.004 -15"><span class='ocrx_word' id='word_1_854' title='bbox 2240 1887 2423 1941; x_wconf 88' lang='lat' dir='ltr'><strong>catur;</strong></span> <span class='ocrx_word' id='word_1_855' title='bbox 2455 1883 2692 1947; x_wconf 83' lang='lat' dir='ltr'><strong>rogatur,</strong></span> <span class='ocrx_word' id='word_1_856' title='bbox 2717 1886 2771 1932; x_wconf 89' lang='lat' dir='ltr'><strong>et</strong></span> <span class='ocrx_word' id='word_1_857' title='bbox 2794 1875 3027 1947; x_wconf 78' lang='lat' dir='ltr'><strong>refugit:</strong></span> <span class='ocrx_word' id='word_1_858' title='bbox 3056 1893 3155 1930; x_wconf 86' lang='lat' dir='ltr'><strong>una</strong></span> <span class='ocrx_word' id='word_1_859' title='bbox 3188 1877 3286 1932; x_wconf 91' lang='lat' dir='ltr'><strong>hac</strong></span> <span class='ocrx_word' id='word_1_860' title='bbox 3301 1875 3362 1932; x_wconf 88' lang='lat' dir='ltr'><strong>in</strong></span> <span class='ocrx_word' id='word_1_861' title='bbox 3392 1893 3451 1933; x_wconf 90' lang='lat' dir='ltr'><strong>re</strong></span> <span class='ocrx_word' id='word_1_862' title='bbox 3481 1875 3750 1934; x_wconf 80' lang='lat' dir='ltr'><strong>blanditur</strong></span> <span class='ocrx_word' id='word_1_863' title='bbox 3769 1895 3839 1938; x_wconf 82' lang='lat' dir='ltr'><strong>ac</strong></span> 
     </span>
    </p>
   </div>
   <div class='ocr_carea' id='block_1_103' title="bbox 2241 1947 3828 2018">
    <p class='ocr_par' dir='ltr' id='par_1_103' title="bbox 2241 1947 3828 2018">
     <span class='ocr_line' id='line_1_113' title="bbox 2241 1947 3828 2018; baseline 0.002 -16"><span class='ocrx_word' id='word_1_864' title='bbox 2241 1947 2540 2017; x_wconf 88' lang='lat' dir='ltr'><strong>supplicat,</strong></span> <span class='ocrx_word' id='word_1_865' title='bbox 2573 1964 2693 2018; x_wconf 65' lang='lat' dir='ltr'><strong>quae</strong></span> <span class='ocrx_word' id='word_1_866' title='bbox 2718 1947 2773 2002; x_wconf 90' lang='lat' dir='ltr'><strong>in</strong></span> <span class='ocrx_word' id='word_1_867' title='bbox 2800 1948 3011 2002; x_wconf 72' lang='lat' dir='ltr'><strong>caeteris</strong></span> <span class='ocrx_word' id='word_1_868' title='bbox 3042 1947 3357 2017; x_wconf 88' lang='lat' dir='ltr'><strong>imperabat.</strong></span> <span class='ocrx_word' id='word_1_869' title='bbox 3395 1949 3620 2004; x_wconf 87' lang='lat' dir='ltr'><strong>Amabat</strong></span> <span class='ocrx_word' id='word_1_870' title='bbox 3648 1951 3828 2014; x_wconf 91' lang='lat' dir='ltr'><strong>illum,</strong></span> 
     </span>
    </p>
   </div>
   <div class='ocr_carea' id='block_1_104' title="bbox 2240 2018 3834 2089">
    <p class='ocr_par' dir='ltr' id='par_1_104' title="bbox 2240 2018 3834 2089">
     <span class='ocr_line' id='line_1_114' title="bbox 2240 2018 3834 2089; baseline 0.004 -17"><span class='ocrx_word' id='word_1_871' title='bbox 2240 2033 2309 2089; x_wconf 88' lang='lat' dir='ltr'><strong>an</strong></span> <span class='ocrx_word' id='word_1_872' title='bbox 2346 2019 2522 2088; x_wconf 89' lang='lat' dir='ltr'><strong>potius</strong></span> <span class='ocrx_word' id='word_1_873' title='bbox 2561 2018 2657 2072; x_wconf 84' lang='lat' dir='ltr'><strong>se?</strong></span> <span class='ocrx_word' id='word_1_874' title='bbox 2694 2018 2806 2089; x_wconf 88' lang='lat' dir='ltr'><strong>Ego</strong></span> <span class='ocrx_word' id='word_1_875' title='bbox 2849 2027 2977 2088; x_wconf 88' lang='lat' dir='ltr'><strong>puto</strong></span> <span class='ocrx_word' id='word_1_876' title='bbox 3019 2019 3141 2088; x_wconf 90' lang='lat' dir='ltr'><strong>quia</strong></span> <span class='ocrx_word' id='word_1_877' title='bbox 3172 2034 3271 2074; x_wconf 87' lang='lat' dir='ltr'><strong>nec</strong></span> <span class='ocrx_word' id='word_1_878' title='bbox 3299 2020 3479 2084; x_wconf 91' lang='lat' dir='ltr'><strong>illum,</strong></span> <span class='ocrx_word' id='word_1_879' title='bbox 3527 2036 3625 2075; x_wconf 90' lang='lat' dir='ltr'><strong>nec</strong></span> <span class='ocrx_word' id='word_1_880' title='bbox 3665 2036 3745 2077; x_wconf 90' lang='lat' dir='ltr'><strong>se.</strong></span> <span class='ocrx_word' id='word_1_881' title='bbox 3776 2023 3834 2079; x_wconf 86' lang='lat' dir='ltr'><strong>Si</strong></span> 
     </span>
    </p>
   </div>
   <div class='ocr_carea' id='block_1_105' title="bbox 2239 2088 3831 2163">
    <p class='ocr_par' dir='ltr' id='par_1_105' title="bbox 2239 2088 3831 2163">
     <span class='ocr_line' id='line_1_115' title="bbox 2239 2088 3831 2163; baseline 0.002 -19"><span class='ocrx_word' id='word_1_882' title='bbox 2239 2088 2390 2144; x_wconf 87' lang='lat' dir='ltr'><strong>illum</strong></span> <span class='ocrx_word' id='word_1_883' title='bbox 2423 2089 2652 2163; x_wconf 77' lang='lat' dir='ltr'><strong>amabat,</strong></span> <span class='ocrx_word' id='word_1_884' title='bbox 2682 2103 2848 2163; x_wconf 87' lang='lat' dir='ltr'><strong>quare</strong></span> <span class='ocrx_word' id='word_1_885' title='bbox 2868 2089 3085 2163; x_wconf 81' lang='lat' dir='ltr'><strong>_vo_lebat</strong></span> <span class='ocrx_word' id='word_1_886' title='bbox 3114 2089 3374 2163; x_wconf 80' lang='lat' dir='ltr'><strong>perdere?</strong></span> <span class='ocrx_word' id='word_1_887' title='bbox 3404 2090 3458 2163; x_wconf 87' lang='lat' dir='ltr'><strong>Si</strong></span> <span class='ocrx_word' id='word_1_888' title='bbox 3488 2106 3547 2146; x_wconf 87' lang='lat' dir='ltr'><strong>se</strong></span> <span class='ocrx_word' id='word_1_889' title='bbox 3580 2092 3831 2163; x_wconf 88' lang='lat' dir='ltr'><strong>amabat,</strong></span> 
     </span>
    </p>
   </div>
   <div class='ocr_carea' id='block_1_106' title="bbox 2240 2160 3833 2231">
    <p class='ocr_par' dir='ltr' id='par_1_106' title="bbox 2240 2160 3833 2231">
     <span class='ocr_line' id='line_1_116' title="bbox 2240 2160 3833 2231; baseline 0.003 -18"><span class='ocrx_word' id='word_1_890' title='bbox 2240 2175 2406 2231; x_wconf 86' lang='lat' dir='ltr'><strong>quare</strong></span> <span class='ocrx_word' id='word_1_891' title='bbox 2431 2160 2643 2216; x_wconf 88' lang='lat' dir='ltr'><strong>volebat</strong></span> <span class='ocrx_word' id='word_1_892' title='bbox 2675 2160 2889 2230; x_wconf 91' lang='lat' dir='ltr'><strong>perire?</strong></span> <span class='ocrx_word' id='word_1_893' title='bbox 2919 2160 3057 2215; x_wconf 86' lang='lat' dir='ltr'><strong>Ecce</strong></span> <span class='ocrx_word' id='word_1_894' title='bbox 3087 2161 3339 2230; x_wconf 88' lang='lat' dir='ltr'><strong>probavi,</strong></span> <span class='ocrx_word' id='word_1_895' title='bbox 3370 2161 3495 2231; x_wconf 90' lang='lat' dir='ltr'><strong>quia</strong></span> <span class='ocrx_word' id='word_1_896' title='bbox 3535 2178 3642 2217; x_wconf 88' lang='lat' dir='ltr'><strong>non</strong></span> <span class='ocrx_word' id='word_1_897' title='bbox 3676 2160 3833 2218; x_wconf 63' lang='lat' dir='ltr'><strong>ama-1</strong></span> 
     </span>
    </p>
   </div>
   <div class='ocr_carea' id='block_1_107' title="bbox 2243 2230 3833 2299">
    <p class='ocr_par' dir='ltr' id='par_1_107' title="bbox 2243 2230 3833 2299">
     <span class='ocr_line' id='line_1_117' title="bbox 2243 2230 3833 2299; baseline 0.003 -14"><span class='ocrx_word' id='word_1_898' title='bbox 2243 2230 2386 2285; x_wconf 87' lang='lat' dir='ltr'><strong>bat:</strong></span> <span class='ocrx_word' id='word_1_899' title='bbox 2438 2245 2645 2285; x_wconf 88' lang='lat' dir='ltr'><strong>veneno</strong></span> <span class='ocrx_word' id='word_1_900' title='bbox 2702 2231 2933 2287; x_wconf 88' lang='lat' dir='ltr'><strong>libidinis</strong></span> <span class='ocrx_word' id='word_1_901' title='bbox 2989 2230 3231 2299; x_wconf 87' lang='lat' dir='ltr'><strong>ardebat,</strong></span> <span class='ocrx_word' id='word_1_902' title='bbox 3271 2230 3639 2287; x_wconf 32' lang='lat' dir='ltr'><strong>non’ﬁamma</strong></span> <span class='ocrx_word' id='word_1_903' title='bbox 3697 2235 3833 2290; x_wconf 83' lang='lat' dir='ltr'><strong>cha-</strong></span> 
     </span>
    </p>
   </div>
   <div class='ocr_carea' id='block_1_108' title="bbox 2239 2300 3834 2373">
    <p class='ocr_par' dir='ltr' id='par_1_108' title="bbox 2239 2300 3834 2373">
     <span class='ocr_line' id='line_1_118' title="bbox 2239 2300 3834 2373; baseline 0.004 -18"><span class='ocrx_word' id='word_1_904' title='bbox 2239 2302 2414 2355; x_wconf 82' lang='lat' dir='ltr'><strong>ritatis</strong></span> <span class='ocrx_word' id='word_1_905' title='bbox 2445 2302 2678 2373; x_wconf 67' lang='lat' dir='ltr'><strong>lucebat.</strong></span> <span class='ocrx_word' id='word_1_906' title='bbox 2708 2300 2813 2357; x_wconf 88' lang='lat' dir='ltr'><strong>Sed</strong></span> <span class='ocrx_word' id='word_1_907' title='bbox 2844 2302 2932 2357; x_wconf 87' lang='lat' dir='ltr'><strong>ille</strong></span> <span class='ocrx_word' id='word_1_908' title='bbox 2969 2312 3192 2357; x_wconf 90' lang='lat' dir='ltr'><strong>noverat</strong></span> <span class='ocrx_word' id='word_1_909' title='bbox 3224 2302 3405 2358; x_wconf 84' lang='lat' dir='ltr'><strong>videre</strong></span> <span class='ocrx_word' id='word_1_910' title='bbox 3432 2304 3573 2373; x_wconf 91' lang='lat' dir='ltr'><strong>quod</strong></span> <span class='ocrx_word' id='word_1_911' title='bbox 3605 2305 3692 2358; x_wconf 89' lang='lat' dir='ltr'><strong>illa</strong></span> <span class='ocrx_word' id='word_1_912' title='bbox 3719 2321 3834 2361; x_wconf 83' lang='lat' dir='ltr'><strong>non</strong></span> 
     </span>
    </p>
   </div>
   <div class='ocr_carea' id='block_1_109' title="bbox 2241 2372 3831 2444">
    <p class='ocr_par' dir='ltr' id='par_1_109' title="bbox 2241 2372 3831 2444">
     <span class='ocr_line' id='line_1_119' title="bbox 2241 2372 3831 2444; baseline 0.003 -17"><span class='ocrx_word' id='word_1_913' title='bbox 2241 2381 2486 2444; x_wconf 76' lang='lat' dir='ltr'><strong>noverat.</strong></span> <span class='ocrx_word' id='word_1_914' title='bbox 2538 2372 2816 2427; x_wconf 84' lang='lat' dir='ltr'><strong>Pulchrior</strong></span> <span class='ocrx_word' id='word_1_915' title='bbox 2861 2382 2979 2427; x_wconf 91' lang='lat' dir='ltr'><strong>erat</strong></span> <span class='ocrx_word' id='word_1_916' title='bbox 3020 2373 3163 2427; x_wconf 85' lang='lat' dir='ltr'><strong>intus</strong></span> <span class='ocrx_word' id='word_1_917' title='bbox 3206 2373 3404 2444; x_wconf 79' lang='lat' dir='ltr'><strong>loseph</strong></span> <span class='ocrx_word' id='word_1_918' title='bbox 3454 2372 3616 2444; x_wconf 89' lang='lat' dir='ltr'><strong>quam</strong></span> <span class='ocrx_word' id='word_1_919' title='bbox 3666 2375 3831 2441; x_wconf 88' lang='lat' dir='ltr'><strong>foris;</strong></span> 
     </span>
    </p>
   </div>
   <div class='ocr_carea' id='block_1_110' title="bbox 2240 2442 3835 2515">
    <p class='ocr_par' dir='ltr' id='par_1_110' title="bbox 2240 2442 3835 2515">
     <span class='ocr_line' id='line_1_120' title="bbox 2240 2442 3835 2515; baseline 0.006 -22"><span class='ocrx_word' id='word_1_920' title='bbox 2240 2443 2515 2515; x_wconf 82' lang='lat' dir='ltr'><strong>pulchrior</strong></span> <span class='ocrx_word' id='word_1_921' title='bbox 2538 2445 2594 2497; x_wconf 90' lang='lat' dir='ltr'><strong>in</strong></span> <span class='ocrx_word' id='word_1_922' title='bbox 2625 2443 2946 2515; x_wconf 87' lang='lat' dir='ltr'><strong>lucecordis</strong></span> <span class='ocrx_word' id='word_1_923' title='bbox 2973 2459 3132 2514; x_wconf 89' lang='lat' dir='ltr'><strong>quam</strong></span> <span class='ocrx_word' id='word_1_924' title='bbox 3173 2445 3224 2515; x_wconf 89' lang='lat' dir='ltr'><strong>in</strong></span> <span class='ocrx_word' id='word_1_925' title='bbox 3255 2442 3392 2499; x_wconf 89' lang='lat' dir='ltr'><strong>facie</strong></span> <span class='ocrx_word' id='word_1_926' title='bbox 3419 2442 3661 2515; x_wconf 76' lang='lat' dir='ltr'><strong>corporis</strong></span> <span class='ocrx_word' id='word_1_927' title='bbox 3694 2465 3708 2502; x_wconf 90' lang='lat'><strong>:</strong></span> <span class='ocrx_word' id='word_1_928' title='bbox 3742 2448 3835 2503; x_wconf 89' lang='lat' dir='ltr'><strong>ubi</strong></span> 
     </span>
    </p>
   </div>
   <div class='ocr_carea' id='block_1_111' title="bbox 2242 2513 3834 2590">
    <p class='ocr_par' dir='ltr' id='par_1_111' title="bbox 2242 2513 3834 2590">
     <span class='ocr_line' id='line_1_121' title="bbox 2242 2513 3834 2590; baseline 0.004 -23"><span class='ocrx_word' id='word_1_929' title='bbox 2242 2514 2384 2590; x_wconf 81' lang='lat' dir='ltr'><strong>illius</strong></span> <span class='ocrx_word' id='word_1_930' title='bbox 2415 2513 2626 2590; x_wconf 64' lang='lat' dir='ltr'><strong>femina}</strong></span> <span class='ocrx_word' id='word_1_931' title='bbox 2647 2514 2833 2590; x_wconf 81' lang='lat' dir='ltr'><strong>oculus</strong></span> <span class='ocrx_word' id='word_1_932' title='bbox 2856 2528 2961 2590; x_wconf 82' lang='lat' dir='ltr'><strong>non</strong></span> <span class='ocrx_word' id='word_1_933' title='bbox 2988 2513 3321 2583; x_wconf 82' lang='lat' dir='ltr'><strong>penetrabat,</strong></span> <span class='ocrx_word' id='word_1_934' title='bbox 3352 2516 3425 2590; x_wconf 85' lang='lat' dir='ltr'><strong>ibi</strong></span> <span class='ocrx_word' id='word_1_935' title='bbox 3453 2513 3564 2590; x_wconf 85' lang='lat' dir='ltr'><strong>ipse</strong></span> <span class='ocrx_word' id='word_1_936' title='bbox 3590 2532 3685 2572; x_wconf 90' lang='lat' dir='ltr'><strong>sua</strong></span> <span class='ocrx_word' id='word_1_937' title='bbox 3707 2519 3834 2590; x_wconf 85' lang='lat' dir='ltr'><strong>pul-</strong></span> 
     </span>
    </p>
   </div>
   <div class='ocr_carea' id='block_1_112' title="bbox 2239 2583 3838 2660">
    <p class='ocr_par' dir='ltr' id='par_1_112' title="bbox 2239 2583 3838 2660">
     <span class='ocr_line' id='line_1_122' title="bbox 2239 2583 3838 2660; baseline 0.004 -22"><span class='ocrx_word' id='word_1_938' title='bbox 2239 2583 2546 2660; x_wconf 85' lang='lat' dir='ltr'><strong>chritudine</strong></span> <span class='ocrx_word' id='word_1_939' title='bbox 2592 2583 2886 2660; x_wconf 77' lang='lat' dir='ltr'><strong>fruebatur.</strong></span> <span class='ocrx_word' id='word_1_940' title='bbox 2931 2585 3148 2660; x_wconf 73' lang='lat' dir='ltr'><strong>intuens</strong></span> <span class='ocrx_word' id='word_1_941' title='bbox 3189 2600 3319 2660; x_wconf 78' lang='lat' dir='ltr'><strong>ergo</strong></span> <span class='ocrx_word' id='word_1_942' title='bbox 3362 2583 3672 2660; x_wconf 73' lang='lat' dir='ltr'><strong>interiorem</strong></span> <span class='ocrx_word' id='word_1_943' title='bbox 3708 2583 3838 2660; x_wconf 70' lang='lat' dir='ltr'><strong>pul-</strong></span> 
     </span>
    </p>
   </div>
   <div class='ocr_carea' id='block_1_113' title="bbox 2240 2654 3832 2727">
    <p class='ocr_par' dir='ltr' id='par_1_113' title="bbox 2240 2654 3832 2727">
     <span class='ocr_line' id='line_1_123' title="bbox 2240 2654 3832 2727; baseline 0.004 -19"><span class='ocrx_word' id='word_1_944' title='bbox 2240 2654 2602 2727; x_wconf 81' lang='lat' dir='ltr'><strong>cbritudinem</strong></span> <span class='ocrx_word' id='word_1_945' title='bbox 2644 2656 2906 2710; x_wconf 88' lang='lat' dir='ltr'><strong>castitatis</strong></span> <span class='ocrx_word' id='word_1_946' title='bbox 2946 2656 3000 2710; x_wconf 93' lang='lat' dir='ltr'><strong>in</strong></span> <span class='ocrx_word' id='word_1_947' title='bbox 3044 2654 3272 2725; x_wconf 82' lang='lat' dir='ltr'><strong>speculo</strong></span> <span class='ocrx_word' id='word_1_948' title='bbox 3306 2658 3647 2713; x_wconf 68' lang='lat' dir='ltr'><strong>conscientiae</strong></span> <span class='ocrx_word' id='word_1_949' title='bbox 3685 2654 3832 2727; x_wconf 73' lang='lat' dir='ltr'><strong>suae,</strong></span> 
     </span>
    </p>
   </div>
   <div class='ocr_carea' id='block_1_114' title="bbox 2239 2725 3835 2795">
    <p class='ocr_par' dir='ltr' id='par_1_114' title="bbox 2239 2725 3835 2795">
     <span class='ocr_line' id='line_1_124' title="bbox 2239 2725 3835 2795; baseline 0.005 -17"><span class='ocrx_word' id='word_1_950' title='bbox 2239 2725 2456 2795; x_wconf 89' lang='lat' dir='ltr'><strong>quando</strong></span> <span class='ocrx_word' id='word_1_951' title='bbox 2494 2726 2640 2780; x_wconf 88' lang='lat' dir='ltr'><strong>illam</strong></span> <span class='ocrx_word' id='word_1_952' title='bbox 2668 2726 2945 2790; x_wconf 88' lang='lat' dir='ltr'><strong>maculari,</strong></span> <span class='ocrx_word' id='word_1_953' title='bbox 2973 2727 3186 2795; x_wconf 86' lang='lat' dir='ltr'><strong>quando</strong></span> <span class='ocrx_word' id='word_1_954' title='bbox 3211 2727 3400 2783; x_wconf 90' lang='lat' dir='ltr'><strong>violari</strong></span> <span class='ocrx_word' id='word_1_955' title='bbox 3436 2728 3577 2783; x_wconf 90' lang='lat' dir='ltr'><strong>illius</strong></span> <span class='ocrx_word' id='word_1_956' title='bbox 3617 2725 3835 2786; x_wconf 70' lang='lat' dir='ltr'><strong>femina:</strong></span> 
     </span>
    </p>
   </div>
   <div class='ocr_carea' id='block_1_115' title="bbox 3015 2798 3836 2868">
    <p class='ocr_par' dir='ltr' id='par_1_115' title="bbox 3015 2798 3836 2868">
     <span class='ocr_line' id='line_1_125' title="bbox 3015 2798 3836 2868; baseline 0.007 -17"><span class='ocrx_word' id='word_1_957' title='bbox 3015 2798 3286 2868; x_wconf 77' lang='lat' dir='ltr'><strong>undergo</strong></span> <span class='ocrx_word' id='word_1_958' title='bbox 3314 2798 3529 2853; x_wconf 88' lang='lat' dir='ltr'><strong>videbat</strong></span> <span class='ocrx_word' id='word_1_959' title='bbox 3561 2800 3670 2867; x_wconf 90' lang='lat' dir='ltr'><strong>ille,</strong></span> <span class='ocrx_word' id='word_1_960' title='bbox 3702 2801 3750 2854; x_wconf 90' lang='lat' dir='ltr'><strong>si</strong></span> <span class='ocrx_word' id='word_1_961' title='bbox 3777 2810 3836 2858; x_wconf 87' lang='lat' dir='ltr'><strong>et</strong></span> 
     </span>
    </p>
   </div>
   <div class='ocr_carea' id='block_1_116' title="bbox 2241 2867 3833 2941">
    <p class='ocr_par' dir='ltr' id='par_1_116' title="bbox 2241 2867 3833 2941">
     <span class='ocr_line' id='line_1_126' title="bbox 2241 2867 3833 2941; baseline 0.004 -21"><span class='ocrx_word' id='word_1_962' title='bbox 2241 2874 2298 2920; x_wconf 89' lang='lat' dir='ltr'><strong>tu</strong></span> <span class='ocrx_word' id='word_1_963' title='bbox 2324 2867 2424 2933; x_wconf 88' lang='lat' dir='ltr'><strong>vis,</strong></span> <span class='ocrx_word' id='word_1_964' title='bbox 2456 2876 2607 2941; x_wconf 83' lang='lat' dir='ltr'><strong>potes</strong></span> <span class='ocrx_word' id='word_1_965' title='bbox 2632 2868 2815 2941; x_wconf 85' lang='lat' dir='ltr'><strong>videre</strong></span> <span class='ocrx_word' id='word_1_966' title='bbox 2842 2867 3289 2941; x_wconf 80' lang='lat' dir='ltr'><strong>pulchritudinem</strong></span> <span class='ocrx_word' id='word_1_967' title='bbox 3315 2869 3584 2941; x_wconf 71' lang='lat' dir='ltr'><strong>pudicitia:</strong></span> <span class='ocrx_word' id='word_1_968' title='bbox 3608 2872 3833 2927; x_wconf 88' lang='lat' dir='ltr'><strong>interio-</strong></span> 
     </span>
    </p>
   </div>
   <div class='ocr_carea' id='block_1_117' title="bbox 2240 2937 3836 3013">
    <p class='ocr_par' dir='ltr' id='par_1_117' title="bbox 2240 2937 3836 3013">
     <span class='ocr_line' id='line_1_127' title="bbox 2240 2937 3836 3013; baseline 0.004 -21"><span class='ocrx_word' id='word_1_969' title='bbox 2240 2952 2359 3013; x_wconf 79' lang='lat' dir='ltr'><strong>rem</strong></span> <span class='ocrx_word' id='word_1_970' title='bbox 2381 2946 2434 2991; x_wconf 90' lang='lat' dir='ltr'><strong>et</strong></span> <span class='ocrx_word' id='word_1_971' title='bbox 2463 2937 2826 3013; x_wconf 68' lang='lat' dir='ltr'><strong>spiritualtm,</strong></span> <span class='ocrx_word' id='word_1_972' title='bbox 2860 2938 2906 3013; x_wconf 82' lang='lat' dir='ltr'><strong>si</strong></span> <span class='ocrx_word' id='word_1_973' title='bbox 2937 2937 3104 3013; x_wconf 81' lang='lat' dir='ltr'><strong>habes</strong></span> <span class='ocrx_word' id='word_1_974' title='bbox 3131 2940 3199 3013; x_wconf 80' lang='lat' dir='ltr'><strong>ad</strong></span> <span class='ocrx_word' id='word_1_975' title='bbox 3235 2937 3378 3013; x_wconf 67' lang='lat' dir='ltr'><strong>illam</strong></span> <span class='ocrx_word' id='word_1_976' title='bbox 3418 2941 3836 3013; x_wconf 85' lang='lat' dir='ltr'><strong>qualescumque</strong></span> 
     </span>
    </p>
   </div>
   <div class='ocr_carea' id='block_1_118' title="bbox 2239 3007 3833 3083">
    <p class='ocr_par' dir='ltr' id='par_1_118' title="bbox 2239 3007 3833 3083">
     <span class='ocr_line' id='line_1_128' title="bbox 2239 3007 3833 3083; baseline 0.004 -20"><span class='ocrx_word' id='word_1_977' title='bbox 2239 3007 2444 3083; x_wconf 75' lang='lat' dir='ltr'><strong>Oculos.</strong></span> <span class='ocrx_word' id='word_1_978' title='bbox 2478 3009 2724 3083; x_wconf 84' lang='lat' dir='ltr'><strong>Exempli</strong></span> <span class='ocrx_word' id='word_1_979' title='bbox 2764 3008 2936 3083; x_wconf 60' lang='lat' dir='ltr'><strong>gratia</strong></span> <span class='ocrx_word' id='word_1_980' title='bbox 2973 3009 3071 3083; x_wconf 86' lang='lat' dir='ltr'><strong>tibi</strong></span> <span class='ocrx_word' id='word_1_981' title='bbox 3110 3010 3307 3083; x_wconf 87' lang='lat' dir='ltr'><strong>aliquid</strong></span> <span class='ocrx_word' id='word_1_982' title='bbox 3349 3007 3607 3083; x_wconf 76' lang='lat' dir='ltr'><strong>propono.</strong></span> <span class='ocrx_word' id='word_1_983' title='bbox 3655 3007 3833 3083; x_wconf 72' lang='lat' dir='ltr'><strong>Ipsam</strong></span> 
     </span>
    </p>
   </div>
   <div class='ocr_carea' id='block_1_119' title="bbox 2239 3077 3832 3154">
    <p class='ocr_par' dir='ltr' id='par_1_119' title="bbox 2239 3077 3832 3154">
     <span class='ocr_line' id='line_1_129' title="bbox 2239 3077 3832 3154; baseline 0.005 -22"><span class='ocrx_word' id='word_1_984' title='bbox 2239 3093 2390 3134; x_wconf 92' lang='lat' dir='ltr'><strong>amas</strong></span> <span class='ocrx_word' id='word_1_985' title='bbox 2417 3079 2469 3154; x_wconf 89' lang='lat' dir='ltr'><strong>in</strong></span> <span class='ocrx_word' id='word_1_986' title='bbox 2498 3077 3009 3154; x_wconf 62' lang='lat' dir='ltr'><strong>conjugetuaiNoli</strong></span> <span class='ocrx_word' id='word_1_987' title='bbox 3031 3094 3167 3154; x_wconf 10' lang='lat' dir='ltr'><strong>ergo!</strong></span> <span class='ocrx_word' id='word_1_988' title='bbox 3183 3077 3365 3154; x_wconf 79' lang='lat' dir='ltr'><strong>odisse</strong></span> <span class='ocrx_word' id='word_1_989' title='bbox 3389 3077 3664 3149; x_wconf 60' lang='lat' dir='ltr'><strong>in&#39;alicna,</strong></span> <span class='ocrx_word' id='word_1_990' title='bbox 3682 3077 3832 3154; x_wconf 79' lang='lat' dir='ltr'><strong>quod</strong></span> 
     </span>
    </p>
   </div>
   <div class='ocr_carea' id='block_1_120' title="bbox 2238 3149 3834 3225">
    <p class='ocr_par' dir='ltr' id='par_1_120' title="bbox 2238 3149 3834 3225">
     <span class='ocr_line' id='line_1_130' title="bbox 2238 3149 3834 3225; baseline 0.006 -23"><span class='ocrx_word' id='word_1_991' title='bbox 2238 3164 2389 3225; x_wconf 84' lang='lat' dir='ltr'><strong>amas</strong></span> <span class='ocrx_word' id='word_1_992' title='bbox 2419 3150 2470 3203; x_wconf 93' lang='lat' dir='ltr'><strong>in</strong></span> <span class='ocrx_word' id='word_1_993' title='bbox 2500 3149 2781 3225; x_wconf 87' lang='lat' dir='ltr'><strong>tua.__Quid</strong></span> <span class='ocrx_word' id='word_1_994' title='bbox 2807 3150 2950 3225; x_wconf 84' lang='lat' dir='ltr'><strong>enim</strong></span> <span class='ocrx_word' id='word_1_995' title='bbox 2973 3149 3128 3225; x_wconf 73' lang='lat' dir='ltr'><strong>amas</strong></span> <span class='ocrx_word' id='word_1_996' title='bbox 3156 3152 3208 3206; x_wconf 93' lang='lat' dir='ltr'><strong>iu</strong></span> <span class='ocrx_word' id='word_1_997' title='bbox 3230 3152 3456 3223; x_wconf 87' lang='lat' dir='ltr'><strong>conjuge</strong></span> <span class='ocrx_word' id='word_1_998' title='bbox 3486 3155 3609 3208; x_wconf 89' lang='lat' dir='ltr'><strong>tua?</strong></span> <span class='ocrx_word' id='word_1_999' title='bbox 3635 3149 3834 3225; x_wconf 84' lang='lat' dir='ltr'><strong>Utique</strong></span> 
     </span>
    </p>
   </div>
   <div class='ocr_carea' id='block_1_121' title="bbox 2239 3220 3832 3295">
    <p class='ocr_par' dir='ltr' id='par_1_121' title="bbox 2239 3220 3832 3295">
     <span class='ocr_line' id='line_1_131' title="bbox 2239 3220 3832 3295; baseline 0.004 -21"><span class='ocrx_word' id='word_1_1000' title='bbox 2239 3220 2563 3295; x_wconf 78' lang='lat' dir='ltr'><strong>castitatem.</strong></span> <span class='ocrx_word' id='word_1_1001' title='bbox 2609 3221 2757 3295; x_wconf 79' lang='lat' dir='ltr'><strong>ilanc</strong></span> <span class='ocrx_word' id='word_1_1002' title='bbox 2782 3220 2941 3295; x_wconf 81' lang='lat' dir='ltr'><strong>odisti</strong></span> <span class='ocrx_word' id='word_1_1003' title='bbox 2971 3222 3026 3276; x_wconf 91' lang='lat' dir='ltr'><strong>in</strong></span> <span class='ocrx_word' id='word_1_1004' title='bbox 3051 3222 3245 3295; x_wconf 83' lang='lat' dir='ltr'><strong>aliena,</strong></span> <span class='ocrx_word' id='word_1_1005' title='bbox 3272 3220 3415 3295; x_wconf 52' lang='lat' dir='ltr'><strong>cu&#39;m&#39;</strong></span> <span class='ocrx_word' id='word_1_1006' title='bbox 3426 3239 3531 3295; x_wconf 90' lang='lat' dir='ltr'><strong>qua</strong></span> <span class='ocrx_word' id='word_1_1007' title='bbox 3570 3220 3832 3281; x_wconf 73' lang='lat' dir='ltr'><strong>concuin-</strong></span> 
     </span>
    </p>
   </div>
   <div class='ocr_carea' id='block_1_122' title="bbox 2238 3289 3830 3373">
    <p class='ocr_par' dir='ltr' id='par_1_122' title="bbox 2238 3289 3830 3373">
     <span class='ocr_line' id='line_1_132' title="bbox 2238 3289 3830 3373; baseline 0.005 -28"><span class='ocrx_word' id='word_1_1008' title='bbox 2238 3289 2416 3373; x_wconf 80' lang='lat' dir='ltr'><strong>bendo</strong></span> <span class='ocrx_word' id='word_1_1009' title='bbox 2439 3291 2556 3373; x_wconf 84' lang='lat' dir='ltr'><strong>ejus</strong></span> <span class='ocrx_word' id='word_1_1010' title='bbox 2579 3293 2662 3373; x_wconf 77' lang='lat' dir='ltr'><strong>vis</strong></span> <span class='ocrx_word' id='word_1_1011' title='bbox 2690 3290 2928 3373; x_wconf 40' lang='lat' dir='ltr'><strong>perdere.</strong></span> <span class='ocrx_word' id='word_1_1012' title='bbox 2936 3293 3260 3373; x_wconf 64' lang='lat' dir='ltr'><strong>castitatem.</strong></span> <span class='ocrx_word' id='word_1_1013' title='bbox 3283 3289 3615 3373; x_wconf 48' lang='lat' dir='ltr'><strong>Quod—amas</strong></span> <span class='ocrx_word' id='word_1_1014' title='bbox 3630 3296 3693 3373; x_wconf 81' lang='lat' dir='ltr'><strong>in</strong></span> <span class='ocrx_word' id='word_1_1015' title='bbox 3721 3308 3830 3365; x_wconf 83' lang='lat' dir='ltr'><strong>tua,</strong></span> 
     </span>
    </p>
   </div>
   <div class='ocr_carea' id='block_1_123' title="bbox 2240 3361 3835 3432">
    <p class='ocr_par' dir='ltr' id='par_1_123' title="bbox 2240 3361 3835 3432">
     <span class='ocr_line' id='line_1_133' title="bbox 2240 3361 3835 3432; baseline 0.004 -17"><span class='ocrx_word' id='word_1_1016' title='bbox 2240 3364 2343 3416; x_wconf 91' lang='lat' dir='ltr'><strong>hoc</strong></span> <span class='ocrx_word' id='word_1_1017' title='bbox 2363 3362 2443 3417; x_wconf 92' lang='lat' dir='ltr'><strong>vis</strong></span> <span class='ocrx_word' id='word_1_1018' title='bbox 2469 3361 2771 3417; x_wconf 87' lang='lat' dir='ltr'><strong>interﬁcere</strong></span> <span class='ocrx_word' id='word_1_1019' title='bbox 2799 3361 2853 3416; x_wconf 91' lang='lat' dir='ltr'><strong>iu</strong></span> <span class='ocrx_word' id='word_1_1020' title='bbox 2880 3362 3094 3418; x_wconf 88' lang='lat' dir='ltr'><strong>aliena?</strong></span> <span class='ocrx_word' id='word_1_1021' title='bbox 3134 3364 3413 3432; x_wconf 90' lang='lat' dir='ltr'><strong>Quomodo</strong></span> <span class='ocrx_word' id='word_1_1022' title='bbox 3454 3364 3675 3423; x_wconf 86' lang='lat' dir='ltr'><strong>habebis</strong></span> <span class='ocrx_word' id='word_1_1023' title='bbox 3706 3361 3835 3422; x_wconf 56' lang='lat' dir='ltr'><strong>ora;</strong></span> 
     </span>
    </p>
   </div>
   <div class='ocr_carea' id='block_1_124' title="bbox 2239 3431 3836 3510">
    <p class='ocr_par' dir='ltr' id='par_1_124' title="bbox 2239 3431 3836 3510">
     <span class='ocr_line' id='line_1_134' title="bbox 2239 3431 3836 3510; baseline 0.005 -25"><span class='ocrx_word' id='word_1_1024' title='bbox 2239 3432 2438 3510; x_wconf 78' lang='lat' dir='ltr'><strong>tionem</strong></span> <span class='ocrx_word' id='word_1_1025' title='bbox 2483 3432 2726 3510; x_wconf 70' lang='lat' dir='ltr'><strong>puritatis</strong></span> <span class='ocrx_word' id='word_1_1026' title='bbox 2754 3431 3019 3510; x_wconf 71' lang='lat' dir='ltr'><strong>homicida</strong></span> <span class='ocrx_word' id='word_1_1027' title='bbox 3062 3431 3368 3510; x_wconf 82' lang='lat' dir='ltr'><strong>castitatis?</strong></span> <span class='ocrx_word' id='word_1_1028' title='bbox 3405 3435 3568 3491; x_wconf 87' lang='lat' dir='ltr'><strong>Serva</strong></span> <span class='ocrx_word' id='word_1_1029' title='bbox 3603 3452 3740 3510; x_wconf 87' lang='lat' dir='ltr'><strong>ergo</strong></span> <span class='ocrx_word' id='word_1_1030' title='bbox 3778 3440 3836 3510; x_wconf 87' lang='lat' dir='ltr'><strong>in</strong></span> 
     </span>
    </p>
   </div>
   <div class='ocr_carea' id='block_1_125' title="bbox 2237 3502 3837 3577">
    <p class='ocr_par' dir='ltr' id='par_1_125' title="bbox 2237 3502 3837 3577">
     <span class='ocr_line' id='line_1_135' title="bbox 2237 3502 3837 3577; baseline 0.006 -20"><span class='ocrx_word' id='word_1_1031' title='bbox 2237 3504 2467 3574; x_wconf 88' lang='lat' dir='ltr'><strong>conjuge</strong></span> <span class='ocrx_word' id='word_1_1032' title='bbox 2490 3503 2680 3577; x_wconf 17' lang='lat' dir='ltr'><strong>aliena;</strong></span> <span class='ocrx_word' id='word_1_1033' title='bbox 2697 3502 2838 3574; x_wconf 90' lang='lat' dir='ltr'><strong>quod</strong></span> <span class='ocrx_word' id='word_1_1034' title='bbox 2865 3518 3079 3577; x_wconf 90' lang='lat' dir='ltr'><strong>servare</strong></span> <span class='ocrx_word' id='word_1_1035' title='bbox 3104 3507 3255 3577; x_wconf 90' lang='lat' dir='ltr'><strong>cupis</strong></span> <span class='ocrx_word' id='word_1_1036' title='bbox 3283 3507 3336 3561; x_wconf 90' lang='lat' dir='ltr'><strong>iu</strong></span> <span class='ocrx_word' id='word_1_1037' title='bbox 3365 3515 3452 3562; x_wconf 91' lang='lat' dir='ltr'><strong>tua</strong></span> <span class='ocrx_word' id='word_1_1038' title='bbox 3477 3524 3490 3561; x_wconf 91' lang='lat'><strong>:</strong></span> <span class='ocrx_word' id='word_1_1039' title='bbox 3521 3509 3646 3577; x_wconf 88' lang='lat' dir='ltr'><strong>quia</strong></span> <span class='ocrx_word' id='word_1_1040' title='bbox 3671 3502 3739 3565; x_wconf 65' lang='lat' dir='ltr'><strong>ct</strong></span> <span class='ocrx_word' id='word_1_1041' title='bbox 3778 3509 3837 3566; x_wconf 81' lang='lat' dir='ltr'><strong>in</strong></span> 
     </span>
    </p>
   </div>
   <div class='ocr_carea' id='block_1_126' title="bbox 2238 3574 3706 3647">
    <p class='ocr_par' dir='ltr' id='par_1_126' title="bbox 2238 3574 3706 3647">
     <span class='ocr_line' id='line_1_136' title="bbox 2238 3574 3706 3647; baseline 0.003 -19"><span class='ocrx_word' id='word_1_1042' title='bbox 2238 3589 2405 3647; x_wconf 78' lang='lat' dir='ltr'><strong>uxore</strong></span> <span class='ocrx_word' id='word_1_1043' title='bbox 2420 3585 2522 3647; x_wconf 70' lang='lat' dir='ltr'><strong>tua</strong></span> <span class='ocrx_word' id='word_1_1044' title='bbox 2549 3574 2848 3647; x_wconf 85' lang='lat' dir='ltr'><strong>castitatem</strong></span> <span class='ocrx_word' id='word_1_1045' title='bbox 2879 3576 3055 3647; x_wconf 88' lang='lat' dir='ltr'><strong>potius</strong></span> <span class='ocrx_word' id='word_1_1046' title='bbox 3083 3574 3256 3647; x_wconf 76' lang='lat' dir='ltr'><strong>diligis</strong></span> <span class='ocrx_word' id='word_1_1047' title='bbox 3281 3593 3437 3647; x_wconf 89' lang='lat' dir='ltr'><strong>quam</strong></span> <span class='ocrx_word' id='word_1_1048' title='bbox 3464 3574 3706 3634; x_wconf 82' lang='lat' dir='ltr'><strong>carnem.</strong></span> 
     </span>
    </p>
   </div>
   <div class='ocr_carea' id='block_1_127' title="bbox 2309 3643 3842 3713">
    <p class='ocr_par' dir='ltr' id='par_1_127' title="bbox 2309 3643 3842 3713">
     <span class='ocr_line' id='line_1_137' title="bbox 2309 3643 3842 3713; baseline 0.005 -13"><span class='ocrx_word' id='word_1_1049' title='bbox 2309 3646 2365 3700; x_wconf 76' lang='grc'><strong>4.</strong></span> <span class='ocrx_word' id='word_1_1050' title='bbox 2403 3643 2619 3701; x_wconf 77' lang='lat' dir='ltr'><strong>Castitas</strong></span> <span class='ocrx_word' id='word_1_1051' title='bbox 2656 3643 2979 3713; x_wconf 79' lang='lat' dir='ltr'><strong>adamanda,</strong></span> <span class='ocrx_word' id='word_1_1052' title='bbox 3007 3663 3109 3701; x_wconf 82' lang='lat' dir='ltr'><strong>non</strong></span> <span class='ocrx_word' id='word_1_1053' title='bbox 3133 3643 3270 3702; x_wconf 62' lang='lat' dir='ltr'><strong>caro.</strong></span> <span class='ocrx_word' id='word_1_1054' title='bbox 3299 3643 3419 3703; x_wconf 53' lang='lat' dir='ltr'><strong>&#39;Sed</strong></span> <span class='ocrx_word' id='word_1_1055' title='bbox 3465 3647 3603 3705; x_wconf 83' lang='lat' dir='ltr'><strong>forte</strong></span> <span class='ocrx_word' id='word_1_1056' title='bbox 3656 3652 3842 3708; x_wconf 76' lang='lat' dir='ltr'><strong>existi-</strong></span> 
     </span>
    </p>
   </div>
   <div class='ocr_carea' id='block_1_128' title="bbox 2237 3719 3839 3787">
    <p class='ocr_par' dir='ltr' id='par_1_128' title="bbox 2237 3719 3839 3787">
     <span class='ocr_line' id='line_1_138' title="bbox 2237 3719 3839 3787; baseline 0.007 -19"><span class='ocrx_word' id='word_1_1057' title='bbox 2237 3730 2355 3770; x_wconf 90' lang='lat' dir='ltr'><strong>mas</strong></span> <span class='ocrx_word' id='word_1_1058' title='bbox 2386 3725 2437 3772; x_wconf 90' lang='lat' dir='ltr'><strong>te</strong></span> <span class='ocrx_word' id='word_1_1059' title='bbox 2461 3727 2755 3771; x_wconf 88' lang='lat' dir='ltr'><strong>amatorem</strong></span> <span class='ocrx_word' id='word_1_1060' title='bbox 2784 3731 2904 3771; x_wconf 90' lang='lat' dir='ltr'><strong>esse</strong></span> <span class='ocrx_word' id='word_1_1061' title='bbox 2932 3720 3109 3772; x_wconf 91' lang='lat' dir='ltr'><strong>carnis</strong></span> <span class='ocrx_word' id='word_1_1062' title='bbox 3135 3719 3314 3773; x_wconf 84' lang='lat' dir='ltr'><strong>uxoris</strong></span> <span class='ocrx_word' id='word_1_1063' title='bbox 3341 3731 3444 3775; x_wconf 75' lang='lat' dir='ltr'><strong>tua:</strong></span> <span class='ocrx_word' id='word_1_1064' title='bbox 3462 3762 3478 3787; x_wconf 93' lang='lat'><strong>,</strong></span> <span class='ocrx_word' id='word_1_1065' title='bbox 3505 3730 3559 3775; x_wconf 89' lang='lat' dir='ltr'><strong>et</strong></span> <span class='ocrx_word' id='word_1_1066' title='bbox 3605 3736 3715 3777; x_wconf 89' lang='lat' dir='ltr'><strong>non</strong></span> <span class='ocrx_word' id='word_1_1067' title='bbox 3743 3738 3839 3779; x_wconf 81' lang='lat' dir='ltr'><strong>ca-</strong></span> 
     </span>
    </p>
   </div>
   <div class='ocr_carea' id='block_1_129' title="bbox 2238 3787 3838 3859">
    <p class='ocr_par' dir='ltr' id='par_1_129' title="bbox 2238 3787 3838 3859">
     <span class='ocr_line' id='line_1_139' title="bbox 2238 3787 3838 3859; baseline 0.006 -20"><span class='ocrx_word' id='word_1_1068' title='bbox 2238 3787 2459 3859; x_wconf 77' lang='lat' dir='ltr'><strong>stitatis.</strong></span> <span class='ocrx_word' id='word_1_1069' title='bbox 2502 3787 2989 3859; x_wconf 15' lang='lat' dir='ltr'><strong>Sordidatquidem</strong></span> <span class='ocrx_word' id='word_1_1070' title='bbox 3026 3790 3308 3859; x_wconf 84' lang='lat' dir='ltr'><strong>cogitatio,</strong></span> <span class='ocrx_word' id='word_1_1071' title='bbox 3356 3790 3548 3847; x_wconf 83' lang='lat' dir='ltr'><strong>misera</strong></span> <span class='ocrx_word' id='word_1_1072' title='bbox 3591 3802 3645 3846; x_wconf 88' lang='lat' dir='ltr'><strong>et</strong></span> <span class='ocrx_word' id='word_1_1073' title='bbox 3678 3794 3838 3847; x_wconf 90' lang='lat' dir='ltr'><strong>volu-</strong></span> 
     </span>
    </p>
   </div>
   <div class='ocr_carea' id='block_1_130' title="bbox 2238 3856 3838 3935">
    <p class='ocr_par' dir='ltr' id='par_1_130' title="bbox 2238 3856 3838 3935">
     <span class='ocr_line' id='line_1_140' title="bbox 2238 3856 3838 3935; baseline 0.006 -24"><span class='ocrx_word' id='word_1_1074' title='bbox 2238 3864 2427 3927; x_wconf 91' lang='lat' dir='ltr'><strong>ptuosa</strong></span> <span class='ocrx_word' id='word_1_1075' title='bbox 2452 3858 2643 3935; x_wconf 77' lang='lat' dir='ltr'><strong>libido:</strong></span> <span class='ocrx_word' id='word_1_1076' title='bbox 2668 3856 2762 3913; x_wconf 90' lang='lat' dir='ltr'><strong>sed</strong></span> <span class='ocrx_word' id='word_1_1077' title='bbox 2789 3856 2892 3913; x_wconf 85' lang='lat' dir='ltr'><strong>non</strong></span> <span class='ocrx_word' id='word_1_1078' title='bbox 2921 3867 2971 3912; x_wconf 89' lang='lat' dir='ltr'><strong>te</strong></span> <span class='ocrx_word' id='word_1_1079' title='bbox 2998 3856 3206 3935; x_wconf 71' lang='lat' dir='ltr'><strong>dimitto</strong></span> <span class='ocrx_word' id='word_1_1080' title='bbox 3221 3861 3337 3916; x_wconf 85' lang='lat' dir='ltr'><strong>sine</strong></span> <span class='ocrx_word' id='word_1_1081' title='bbox 3361 3862 3717 3930; x_wconf 79' lang='lat' dir='ltr'><strong>exeinplo.Tu</strong></span> <span class='ocrx_word' id='word_1_1082' title='bbox 3742 3881 3838 3935; x_wconf 83' lang='lat' dir='ltr'><strong>pu—</strong></span> 
     </span>
    </p>
   </div>
   <div class='ocr_carea' id='block_1_131' title="bbox 2240 3930 3840 4001">
    <p class='ocr_par' dir='ltr' id='par_1_131' title="bbox 2240 3930 3840 4001">
     <span class='ocr_line' id='line_1_141' title="bbox 2240 3930 3840 4001; baseline 0.008 -20"><span class='ocrx_word' id='word_1_1083' title='bbox 2240 3935 2320 3981; x_wconf 88' lang='lat' dir='ltr'><strong>tas</strong></span> <span class='ocrx_word' id='word_1_1084' title='bbox 2344 3930 2484 3997; x_wconf 89' lang='lat' dir='ltr'><strong>quod</strong></span> <span class='ocrx_word' id='word_1_1085' title='bbox 2529 3944 2934 4001; x_wconf 13' lang='lat' dir='ltr'><strong>carnemiamas</strong></span> <span class='ocrx_word' id='word_1_1086' title='bbox 2973 3930 3153 3985; x_wconf 83' lang='lat' dir='ltr'><strong>uxoris</strong></span> <span class='ocrx_word' id='word_1_1087' title='bbox 3198 3940 3301 3986; x_wconf 72' lang='lat' dir='ltr'><strong>tua:</strong></span> <span class='ocrx_word' id='word_1_1088' title='bbox 3334 3947 3346 3985; x_wconf 88' lang='lat'><strong>:</strong></span> <span class='ocrx_word' id='word_1_1089' title='bbox 3393 3947 3493 4001; x_wconf 84' lang='lat' dir='ltr'><strong>ego</strong></span> <span class='ocrx_word' id='word_1_1090' title='bbox 3535 3934 3679 3988; x_wconf 88' lang='lat' dir='ltr'><strong>enim</strong></span> <span class='ocrx_word' id='word_1_1091' title='bbox 3710 3930 3840 3993; x_wconf 80' lang='lat' dir='ltr'><strong>dico</strong></span> 
     </span>
    </p>
   </div>
   <div class='ocr_carea' id='block_1_132' title="bbox 2237 4000 3838 4073">
    <p class='ocr_par' dir='ltr' id='par_1_132' title="bbox 2237 4000 3838 4073">
     <span class='ocr_line' id='line_1_142' title="bbox 2237 4000 3838 4073; baseline 0.007 -21"><span class='ocrx_word' id='word_1_1092' title='bbox 2237 4001 2377 4073; x_wconf 82' lang='lat' dir='ltr'><strong>quod</strong></span> <span class='ocrx_word' id='word_1_1093' title='bbox 2404 4001 2698 4055; x_wconf 88' lang='lat' dir='ltr'><strong>castitatem</strong></span> <span class='ocrx_word' id='word_1_1094' title='bbox 2714 4000 2845 4073; x_wconf 81' lang='lat' dir='ltr'><strong>plus</strong></span> <span class='ocrx_word' id='word_1_1095' title='bbox 2868 4015 3016 4055; x_wconf 85' lang='lat' dir='ltr'><strong>amas</strong></span> <span class='ocrx_word' id='word_1_1096' title='bbox 3042 4003 3092 4056; x_wconf 90' lang='lat' dir='ltr'><strong>in</strong></span> <span class='ocrx_word' id='word_1_1097' title='bbox 3119 4001 3362 4073; x_wconf 87' lang='lat' dir='ltr'><strong>conjuge.</strong></span> <span class='ocrx_word' id='word_1_1098' title='bbox 3387 4000 3490 4058; x_wconf 69' lang='lat' dir='ltr'><strong>sed</strong></span> <span class='ocrx_word' id='word_1_1099' title='bbox 3519 4014 3575 4057; x_wconf 91' lang='lat' dir='ltr'><strong>ut</strong></span> <span class='ocrx_word' id='word_1_1100' title='bbox 3599 4012 3652 4058; x_wconf 87' lang='lat' dir='ltr'><strong>te</strong></span> <span class='ocrx_word' id='word_1_1101' title='bbox 3674 4008 3838 4065; x_wconf 87' lang='lat' dir='ltr'><strong>abso-</strong></span> 
     </span>
    </p>
   </div>
   <div class='ocr_carea' id='block_1_133' title="bbox 2237 4069 3837 4146">
    <p class='ocr_par' dir='ltr' id='par_1_133' title="bbox 2237 4069 3837 4146">
     <span class='ocr_line' id='line_1_143' title="bbox 2237 4069 3837 4146; baseline 0.006 -23"><span class='ocrx_word' id='word_1_1102' title='bbox 2237 4069 2499 4126; x_wconf 89' lang='lat' dir='ltr'><strong>lutissime</strong></span> <span class='ocrx_word' id='word_1_1103' title='bbox 2540 4070 2817 4146; x_wconf 83' lang='lat' dir='ltr'><strong>ostendam</strong></span> <span class='ocrx_word' id='word_1_1104' title='bbox 2862 4081 3166 4146; x_wconf 82' lang='lat' dir='ltr'><strong>amatorem</strong></span> <span class='ocrx_word' id='word_1_1105' title='bbox 3202 4069 3322 4146; x_wconf 56' lang='lat' dir='ltr'><strong>esse</strong></span> <span class='ocrx_word' id='word_1_1106' title='bbox 3358 4075 3619 4128; x_wconf 84' lang='lat' dir='ltr'><strong>castitatis</strong></span> <span class='ocrx_word' id='word_1_1107' title='bbox 3660 4078 3837 4146; x_wconf 81' lang='lat' dir='ltr'><strong>magis</strong></span> 
     </span>
    </p>
   </div>
   <div class='ocr_carea' id='block_1_134' title="bbox 2235 4141 3835 4212">
    <p class='ocr_par' dir='ltr' id='par_1_134' title="bbox 2235 4141 3835 4212">
     <span class='ocr_line' id='line_1_144' title="bbox 2235 4141 3835 4212; baseline 0.007 -19"><span class='ocrx_word' id='word_1_1108' title='bbox 2235 4156 2394 4212; x_wconf 85' lang='lat' dir='ltr'><strong>quam</strong></span> <span class='ocrx_word' id='word_1_1109' title='bbox 2421 4142 2628 4206; x_wconf 88' lang='lat' dir='ltr'><strong>carnis;</strong></span> <span class='ocrx_word' id='word_1_1110' title='bbox 2661 4143 2798 4197; x_wconf 90' lang='lat' dir='ltr'><strong>hanc</strong></span> <span class='ocrx_word' id='word_1_1111' title='bbox 2825 4141 2942 4212; x_wconf 89' lang='lat' dir='ltr'><strong>plus</strong></span> <span class='ocrx_word' id='word_1_1112' title='bbox 2969 4157 3116 4197; x_wconf 90' lang='lat' dir='ltr'><strong>amas</strong></span> <span class='ocrx_word' id='word_1_1113' title='bbox 3153 4143 3207 4197; x_wconf 91' lang='lat' dir='ltr'><strong>in</strong></span> <span class='ocrx_word' id='word_1_1114' title='bbox 3243 4142 3348 4198; x_wconf 89' lang='lat' dir='ltr'><strong>ﬁlia</strong></span> <span class='ocrx_word' id='word_1_1115' title='bbox 3377 4152 3486 4199; x_wconf 87' lang='lat' dir='ltr'><strong>tua.</strong></span> <span class='ocrx_word' id='word_1_1116' title='bbox 3517 4145 3646 4212; x_wconf 86' lang='lat' dir='ltr'><strong>Quis</strong></span> <span class='ocrx_word' id='word_1_1117' title='bbox 3682 4141 3835 4205; x_wconf 81' lang='lat' dir='ltr'><strong>enim</strong></span> 
     </span>
    </p>
   </div>
   <div class='ocr_carea' id='block_1_135' title="bbox 2236 4210 3836 4283">
    <p class='ocr_par' dir='ltr' id='par_1_135' title="bbox 2236 4210 3836 4283">
     <span class='ocr_line' id='line_1_145' title="bbox 2236 4210 3836 4283; baseline 0.01 -24"><span class='ocrx_word' id='word_1_1118' title='bbox 2236 4210 2514 4283; x_wconf 78' lang='lat' dir='ltr'><strong>hominum</strong></span> <span class='ocrx_word' id='word_1_1119' title='bbox 2546 4222 2661 4278; x_wconf 91' lang='lat' dir='ltr'><strong>est,</strong></span> <span class='ocrx_word' id='word_1_1120' title='bbox 2689 4214 2778 4283; x_wconf 90' lang='lat' dir='ltr'><strong>qui</strong></span> <span class='ocrx_word' id='word_1_1121' title='bbox 2811 4210 2915 4267; x_wconf 85' lang='lat' dir='ltr'><strong>non</strong></span> <span class='ocrx_word' id='word_1_1122' title='bbox 2960 4213 3097 4267; x_wconf 86' lang='lat' dir='ltr'><strong>ﬁlias</strong></span> <span class='ocrx_word' id='word_1_1123' title='bbox 3139 4228 3262 4270; x_wconf 89' lang='lat' dir='ltr'><strong>suas</strong></span> <span class='ocrx_word' id='word_1_1124' title='bbox 3303 4224 3480 4269; x_wconf 87' lang='lat' dir='ltr'><strong>castas</strong></span> <span class='ocrx_word' id='word_1_1125' title='bbox 3508 4210 3630 4272; x_wconf 77' lang='lat' dir='ltr'><strong>esse</strong></span> <span class='ocrx_word' id='word_1_1126' title='bbox 3671 4220 3836 4277; x_wconf 78' lang='lat' dir='ltr'><strong>velit?</strong></span> 
     </span>
    </p>
   </div>
   <div class='ocr_carea' id='block_1_136' title="bbox 2235 4282 3837 4354">
    <p class='ocr_par' dir='ltr' id='par_1_136' title="bbox 2235 4282 3837 4354">
     <span class='ocr_line' id='line_1_146' title="bbox 2235 4282 3837 4354; baseline 0.007 -18"><span class='ocrx_word' id='word_1_1127' title='bbox 2235 4282 2365 4354; x_wconf 82' lang='lat' dir='ltr'><strong>Quis</strong></span> <span class='ocrx_word' id='word_1_1128' title='bbox 2393 4284 2666 4338; x_wconf 88' lang='lat' dir='ltr'><strong>hominum</strong></span> <span class='ocrx_word' id='word_1_1129' title='bbox 2696 4282 2779 4354; x_wconf 81' lang='lat' dir='ltr'><strong>est</strong></span> <span class='ocrx_word' id='word_1_1130' title='bbox 2805 4285 2897 4354; x_wconf 88' lang='lat' dir='ltr'><strong>qui</strong></span> <span class='ocrx_word' id='word_1_1131' title='bbox 2925 4299 3032 4339; x_wconf 93' lang='lat' dir='ltr'><strong>non</strong></span> <span class='ocrx_word' id='word_1_1132' title='bbox 3062 4284 3287 4340; x_wconf 89' lang='lat' dir='ltr'><strong>ﬁliarum</strong></span> <span class='ocrx_word' id='word_1_1133' title='bbox 3332 4300 3548 4340; x_wconf 90' lang='lat' dir='ltr'><strong>suarum</strong></span> <span class='ocrx_word' id='word_1_1134' title='bbox 3589 4304 3837 4354; x_wconf 79' lang='lat' dir='ltr'><strong>congau-</strong></span> 
     </span>
    </p>
   </div>
   <div class='ocr_carea' id='block_1_137' title="bbox 2232 4352 3838 4425">
    <p class='ocr_par' dir='ltr' id='par_1_137' title="bbox 2232 4352 3838 4425">
     <span class='ocr_line' id='line_1_147' title="bbox 2232 4352 3838 4425; baseline 0.006 -18"><span class='ocrx_word' id='word_1_1135' title='bbox 2232 4352 2360 4425; x_wconf 87' lang='lat' dir='ltr'><strong>deat</strong></span> <span class='ocrx_word' id='word_1_1136' title='bbox 2399 4355 2664 4410; x_wconf 84' lang='lat' dir='ltr'><strong>castitati?</strong></span> <span class='ocrx_word' id='word_1_1137' title='bbox 2689 4352 2955 4425; x_wconf 85' lang='lat' dir='ltr'><strong>Numquid</strong></span> <span class='ocrx_word' id='word_1_1138' title='bbox 2995 4363 3050 4409; x_wconf 91' lang='lat' dir='ltr'><strong>et</strong></span> <span class='ocrx_word' id='word_1_1139' title='bbox 3090 4355 3162 4410; x_wconf 92' lang='lat' dir='ltr'><strong>ibi</strong></span> <span class='ocrx_word' id='word_1_1140' title='bbox 3203 4370 3419 4410; x_wconf 89' lang='lat' dir='ltr'><strong>carnem</strong></span> <span class='ocrx_word' id='word_1_1141' title='bbox 3448 4361 3636 4414; x_wconf 88' lang='lat' dir='ltr'><strong>amas?</strong></span> <span class='ocrx_word' id='word_1_1142' title='bbox 3662 4352 3838 4417; x_wconf 74' lang='lat' dir='ltr'><strong>Num-</strong></span> 
     </span>
    </p>
   </div>
   <div class='ocr_carea' id='block_1_138' title="bbox 2234 4424 3837 4497">
    <p class='ocr_par' dir='ltr' id='par_1_138' title="bbox 2234 4424 3837 4497">
     <span class='ocr_line' id='line_1_148' title="bbox 2234 4424 3837 4497; baseline 0.008 -20"><span class='ocrx_word' id='word_1_1143' title='bbox 2234 4424 2360 4492; x_wconf 91' lang='lat' dir='ltr'><strong>quid</strong></span> <span class='ocrx_word' id='word_1_1144' title='bbox 2385 4425 2717 4497; x_wconf 86' lang='lat' dir='ltr'><strong>concupiscis</strong></span> <span class='ocrx_word' id='word_1_1145' title='bbox 2735 4424 2930 4497; x_wconf 83' lang='lat' dir='ltr'><strong>corpus</strong></span> <span class='ocrx_word' id='word_1_1146' title='bbox 2956 4425 3253 4497; x_wconf 87' lang='lat' dir='ltr'><strong>pulchrum,</strong></span> <span class='ocrx_word' id='word_1_1147' title='bbox 3278 4427 3366 4483; x_wconf 87' lang='lat' dir='ltr'><strong>ubi</strong></span> <span class='ocrx_word' id='word_1_1148' title='bbox 3391 4427 3732 4487; x_wconf 74' lang='lat' dir='ltr'><strong>cxhorrescis</strong></span> <span class='ocrx_word' id='word_1_1149' title='bbox 3759 4435 3837 4489; x_wconf 81' lang='lat' dir='ltr'><strong>in-</strong></span> 
     </span>
    </p>
   </div>
   <div class='ocr_carea' id='block_1_139' title="bbox 2234 4495 3837 4559">
    <p class='ocr_par' dir='ltr' id='par_1_139' title="bbox 2234 4495 3837 4559">
     <span class='ocr_line' id='line_1_149' title="bbox 2234 4495 3837 4559; baseline 0.007 -11"><span class='ocrx_word' id='word_1_1150' title='bbox 2234 4495 2474 4549; x_wconf 81' lang='lat' dir='ltr'><strong>cestum?</strong></span> <span class='ocrx_word' id='word_1_1151' title='bbox 2495 4497 2632 4551; x_wconf 89' lang='lat' dir='ltr'><strong>Ecce</strong></span> <span class='ocrx_word' id='word_1_1152' title='bbox 2655 4496 2862 4550; x_wconf 81' lang='lat' dir='ltr'><strong>convici</strong></span> <span class='ocrx_word' id='word_1_1153' title='bbox 2889 4506 2940 4550; x_wconf 92' lang='lat' dir='ltr'><strong>te</strong></span> <span class='ocrx_word' id='word_1_1154' title='bbox 2958 4495 3255 4553; x_wconf 80' lang='lat' dir='ltr'><strong>amatorem</strong></span> <span class='ocrx_word' id='word_1_1155' title='bbox 3281 4512 3401 4553; x_wconf 89' lang='lat' dir='ltr'><strong>esse</strong></span> <span class='ocrx_word' id='word_1_1156' title='bbox 3429 4498 3692 4558; x_wconf 87' lang='lat' dir='ltr'><strong>castitatis</strong></span> <span class='ocrx_word' id='word_1_1157' title='bbox 3719 4519 3837 4559; x_wconf 83' lang='lat' dir='ltr'><strong>ma-</strong></span> 
     </span>
    </p>
   </div>
   <div class='ocr_carea' id='block_1_140' title="bbox 2234 4565 3833 4644">
    <p class='ocr_par' dir='ltr' id='par_1_140' title="bbox 2234 4565 3833 4644">
     <span class='ocr_line' id='line_1_150' title="bbox 2234 4565 3833 4644; baseline 0.008 -25"><span class='ocrx_word' id='word_1_1158' title='bbox 2234 4565 2316 4644; x_wconf 82' lang='lat' dir='ltr'><strong>gis</strong></span> <span class='ocrx_word' id='word_1_1159' title='bbox 2341 4581 2499 4635; x_wconf 88' lang='lat' dir='ltr'><strong>quam</strong></span> <span class='ocrx_word' id='word_1_1160' title='bbox 2545 4567 2743 4644; x_wconf 78' lang='lat' dir='ltr'><strong>carnis.</strong></span> <span class='ocrx_word' id='word_1_1161' title='bbox 2786 4567 3023 4637; x_wconf 89' lang='lat' dir='ltr'><strong>Denique</strong></span> <span class='ocrx_word' id='word_1_1162' title='bbox 3049 4568 3094 4622; x_wconf 89' lang='lat' dir='ltr'><strong>si</strong></span> <span class='ocrx_word' id='word_1_1163' title='bbox 3122 4567 3371 4644; x_wconf 84' lang='lat' dir='ltr'><strong>habueris</strong></span> <span class='ocrx_word' id='word_1_1164' title='bbox 3386 4570 3676 4644; x_wconf 78' lang='lat' dir='ltr'><strong>coniugem</strong></span> <span class='ocrx_word' id='word_1_1165' title='bbox 3708 4574 3833 4644; x_wconf 61' lang='lat' dir='ltr'><strong>pulo</strong></span> 
     </span>
    </p>
   </div>
   <div class='ocr_carea' id='block_1_141' title="bbox 2234 4635 3833 4715">
    <p class='ocr_par' dir='ltr' id='par_1_141' title="bbox 2234 4635 3833 4715">
     <span class='ocr_line' id='line_1_151' title="bbox 2234 4635 3833 4715; baseline 0.008 -26"><span class='ocrx_word' id='word_1_1166' title='bbox 2234 4635 2441 4704; x_wconf 87' lang='lat' dir='ltr'><strong>chram,</strong></span> <span class='ocrx_word' id='word_1_1167' title='bbox 2471 4646 2527 4692; x_wconf 90' lang='lat' dir='ltr'><strong>et</strong></span> <span class='ocrx_word' id='word_1_1168' title='bbox 2553 4637 2713 4702; x_wconf 89' lang='lat' dir='ltr'><strong>forte,</strong></span> <span class='ocrx_word' id='word_1_1169' title='bbox 2741 4652 2844 4715; x_wconf 81' lang='lat' dir='ltr'><strong>nec</strong></span> <span class='ocrx_word' id='word_1_1170' title='bbox 2872 4635 3072 4693; x_wconf 78' lang='lat' dir='ltr'><strong>castam</strong></span> <span class='ocrx_word' id='word_1_1171' title='bbox 3090 4679 3104 4704; x_wconf 93' lang='lat'><strong>,</strong></span> <span class='ocrx_word' id='word_1_1172' title='bbox 3136 4653 3238 4694; x_wconf 90' lang='lat' dir='ltr'><strong>nec</strong></span> <span class='ocrx_word' id='word_1_1173' title='bbox 3255 4635 3535 4715; x_wconf 54' lang='lat' dir='ltr'><strong>sobriam}</strong></span> <span class='ocrx_word' id='word_1_1174' title='bbox 3555 4635 3833 4715; x_wconf 62' lang='lat' dir='ltr'><strong>&#39;numi&#39;juid</strong></span> 
     </span>
    </p>
   </div>
   <div class='ocr_carea' id='block_1_142' title="bbox 2234 4709 3833 4780">
    <p class='ocr_par' dir='ltr' id='par_1_142' title="bbox 2234 4709 3833 4780">
     <span class='ocr_line' id='line_1_152' title="bbox 2234 4709 3833 4780; baseline 0.008 -19"><span class='ocrx_word' id='word_1_1175' title='bbox 2234 4721 2387 4780; x_wconf 63' lang='lat' dir='ltr'><strong>amas</strong></span> <span class='ocrx_word' id='word_1_1176' title='bbox 2411 4723 2627 4780; x_wconf 84' lang='lat' dir='ltr'><strong>carnem</strong></span> <span class='ocrx_word' id='word_1_1177' title='bbox 2670 4709 2983 4779; x_wconf 86' lang='lat' dir='ltr'><strong>pulchram,</strong></span> <span class='ocrx_word' id='word_1_1178' title='bbox 3029 4719 3085 4765; x_wconf 90' lang='lat' dir='ltr'><strong>et</strong></span> <span class='ocrx_word' id='word_1_1179' title='bbox 3131 4724 3238 4763; x_wconf 89' lang='lat' dir='ltr'><strong>non</strong></span> <span class='ocrx_word' id='word_1_1180' title='bbox 3286 4711 3464 4780; x_wconf 86' lang='lat' dir='ltr'><strong>potius</strong></span> <span class='ocrx_word' id='word_1_1181' title='bbox 3507 4709 3833 4773; x_wconf 68' lang='lat' dir='ltr'><strong>detestaris?</strong></span> 
     </span>
    </p>
   </div>
   <div class='ocr_carea' id='block_1_143' title="bbox 2232 4776 3833 4855">
    <p class='ocr_par' dir='ltr' id='par_1_143' title="bbox 2232 4776 3833 4855">
     <span class='ocr_line' id='line_1_153' title="bbox 2232 4776 3833 4855; baseline 0.007 -23"><span class='ocrx_word' id='word_1_1182' title='bbox 2232 4776 2846 4855; x_wconf 74' lang='lat' dir='ltr'><strong>Consideratnrquidem</strong></span> <span class='ocrx_word' id='word_1_1183' title='bbox 2874 4779 3003 4855; x_wconf 80' lang='lat' dir='ltr'><strong>foris</strong></span> <span class='ocrx_word' id='word_1_1184' title='bbox 3032 4776 3371 4855; x_wconf 77' lang='lat' dir='ltr'><strong>pulchritudo</strong></span> <span class='ocrx_word' id='word_1_1185' title='bbox 3408 4787 3689 4855; x_wconf 87' lang='lat' dir='ltr'><strong>corporis;</strong></span> <span class='ocrx_word' id='word_1_1186' title='bbox 3731 4788 3833 4844; x_wconf 82' lang='lat' dir='ltr'><strong>sed</strong></span> 
     </span>
    </p>
   </div>
   <div class='ocr_carea' id='block_1_144' title="bbox 2236 4847 3833 4923">
    <p class='ocr_par' dir='ltr' id='par_1_144' title="bbox 2236 4847 3833 4923">
     <span class='ocr_line' id='line_1_154' title="bbox 2236 4847 3833 4923; baseline 0.009 -21"><span class='ocrx_word' id='word_1_1187' title='bbox 2236 4847 2382 4923; x_wconf 84' lang='lat' dir='ltr'><strong>intus</strong></span> <span class='ocrx_word' id='word_1_1188' title='bbox 2425 4847 2763 4923; x_wconf 71' lang='lat' dir='ltr'><strong>pulchritudo</strong></span> <span class='ocrx_word' id='word_1_1189' title='bbox 2804 4847 3091 4923; x_wconf 79' lang='lat' dir='ltr'><strong>requiritur</strong></span> <span class='ocrx_word' id='word_1_1190' title='bbox 3126 4852 3428 4909; x_wconf 88' lang='lat' dir='ltr'><strong>castitatis:</strong></span> <span class='ocrx_word' id='word_1_1191' title='bbox 3464 4847 3587 4923; x_wconf 75' lang='lat' dir='ltr'><strong>qua:</strong></span> <span class='ocrx_word' id='word_1_1192' title='bbox 3630 4847 3686 4912; x_wconf 84' lang='lat' dir='ltr'><strong>si</strong></span> <span class='ocrx_word' id='word_1_1193' title='bbox 3720 4875 3833 4917; x_wconf 83' lang='lat' dir='ltr'><strong>non</strong></span> 
     </span>
    </p>
   </div>
   <div class='ocr_carea' id='block_1_145' title="bbox 2234 4916 3828 4999">
    <p class='ocr_par' dir='ltr' id='par_1_145' title="bbox 2234 4916 3828 4999">
     <span class='ocr_line' id='line_1_155' title="bbox 2234 4916 3828 4999; baseline 0.01 -27"><span class='ocrx_word' id='word_1_1194' title='bbox 2234 4916 2396 4999; x_wconf 77' lang='lat' dir='ltr'><strong>fuerit</strong></span> <span class='ocrx_word' id='word_1_1195' title='bbox 2417 4916 2443 4986; x_wconf 61' lang='grc'><strong>,⁷</strong></span> <span class='ocrx_word' id='word_1_1196' title='bbox 2489 4922 2665 4999; x_wconf 81' lang='lat' dir='ltr'><strong>omnis</strong></span> <span class='ocrx_word' id='word_1_1197' title='bbox 2707 4916 3157 4999; x_wconf 67' lang='lat' dir='ltr'><strong>continuoamor</strong></span> <span class='ocrx_word' id='word_1_1198' title='bbox 3197 4924 3442 4999; x_wconf 78' lang='lat' dir='ltr'><strong>corporis</strong></span> <span class='ocrx_word' id='word_1_1199' title='bbox 3486 4916 3828 4999; x_wconf 54' lang='lat' dir='ltr'><strong>refrigescit:</strong></span> 
     </span>
    </p>
   </div>
   <div class='ocr_carea' id='block_1_146' title="bbox 2230 4990 3830 5066">
    <p class='ocr_par' dir='ltr' id='par_1_146' title="bbox 2230 4990 3830 5066">
     <span class='ocr_line' id='line_1_156' title="bbox 2230 4990 3830 5066; baseline 0.011 -25"><span class='ocrx_word' id='word_1_1200' title='bbox 2230 4990 2353 5059; x_wconf 90' lang='lat' dir='ltr'><strong>quia</strong></span> <span class='ocrx_word' id='word_1_1201' title='bbox 2389 4991 2639 5066; x_wconf 84' lang='lat' dir='ltr'><strong>quamvis</strong></span> <span class='ocrx_word' id='word_1_1202' title='bbox 2687 4992 3025 5066; x_wconf 85' lang='lat' dir='ltr'><strong>pulchritudo</strong></span> <span class='ocrx_word' id='word_1_1203' title='bbox 3061 4990 3450 5066; x_wconf 80' lang='lat' dir='ltr'><strong>consideretur,</strong></span> <span class='ocrx_word' id='word_1_1204' title='bbox 3483 4998 3600 5066; x_wconf 87' lang='lat' dir='ltr'><strong>plus</strong></span> <span class='ocrx_word' id='word_1_1205' title='bbox 3615 4990 3830 5058; x_wconf 66' lang='grc' dir='ltr'><strong>’ωηιοὴ</strong></span> 
     </span>
    </p>
   </div>
   <div class='ocr_carea' id='block_1_147' title="bbox 2232 5062 3830 5138">
    <p class='ocr_par' dir='ltr' id='par_1_147' title="bbox 2232 5062 3830 5138">
     <span class='ocr_line' id='line_1_157' title="bbox 2232 5062 3830 5138; baseline 0.009 -25"><span class='ocrx_word' id='word_1_1206' title='bbox 2232 5062 2762 5138; x_wconf 77' lang='lat' dir='ltr'><strong>amorisvicissitudo</strong></span> <span class='ocrx_word' id='word_1_1207' title='bbox 2788 5064 3078 5138; x_wconf 79' lang='lat' dir='ltr'><strong>requiritur</strong></span> <span class='ocrx_word' id='word_1_1208' title='bbox 3099 5065 3259 5138; x_wconf 61' lang='lat' dir='ltr'><strong>iuttis.</strong></span> <span class='ocrx_word' id='word_1_1209' title='bbox 3289 5066 3345 5138; x_wconf 62' lang='grc' dir='ltr'>βῆ</span> <span class='ocrx_word' id='word_1_1210' title='bbox 3373 5062 3502 5138; x_wconf 79' lang='lat' dir='ltr'><strong>ergo</strong></span> <span class='ocrx_word' id='word_1_1211' title='bbox 3527 5080 3830 5128; x_wconf 86' lang='lat' dir='ltr'><strong>amatorem</strong></span> 
     </span>
    </p>
   </div>
   <div class='ocr_carea' id='block_1_148' title="bbox 2233 5133 3829 5205">
    <p class='ocr_par' dir='ltr' id='par_1_148' title="bbox 2233 5133 3829 5205">
     <span class='ocr_line' id='line_1_158' title="bbox 2233 5133 3829 5205; baseline 0.01 -21"><span class='ocrx_word' id='word_1_1212' title='bbox 2233 5138 2286 5185; x_wconf 90' lang='lat' dir='ltr'><strong>te</strong></span> <span class='ocrx_word' id='word_1_1213' title='bbox 2315 5133 2572 5205; x_wconf 84' lang='lat' dir='ltr'><strong>castitatis</strong></span> <span class='ocrx_word' id='word_1_1214' title='bbox 2596 5134 2826 5205; x_wconf 82' lang='lat' dir='ltr'><strong>convici,</strong></span> <span class='ocrx_word' id='word_1_1215' title='bbox 2869 5135 2992 5204; x_wconf 89' lang='lat' dir='ltr'><strong>quid</strong></span> <span class='ocrx_word' id='word_1_1216' title='bbox 3038 5146 3090 5189; x_wconf 91' lang='lat' dir='ltr'><strong>tc</strong></span> <span class='ocrx_word' id='word_1_1217' title='bbox 3127 5133 3523 5205; x_wconf 48' lang='lat' dir='ltr'><strong>ollendistifut</strong></span> <span class='ocrx_word' id='word_1_1218' title='bbox 3550 5155 3669 5196; x_wconf 88' lang='lat' dir='ltr'><strong>eam</strong></span> <span class='ocrx_word' id='word_1_1219' title='bbox 3718 5159 3829 5200; x_wconf 92' lang='lat' dir='ltr'><strong>non</strong></span> 
     </span>
    </p>
   </div>
   <div class='ocr_carea' id='block_1_149' title="bbox 2231 5203 3832 5273">
    <p class='ocr_par' dir='ltr' id='par_1_149' title="bbox 2231 5203 3832 5273">
     <span class='ocr_line' id='line_1_159' title="bbox 2231 5203 3832 5273; baseline 0.009 -18"><span class='ocrx_word' id='word_1_1220' title='bbox 2231 5216 2380 5273; x_wconf 84' lang='lat' dir='ltr'><strong>ames</strong></span> <span class='ocrx_word' id='word_1_1221' title='bbox 2408 5203 2459 5256; x_wconf 93' lang='lat' dir='ltr'><strong>in</strong></span> <span class='ocrx_word' id='word_1_1222' title='bbox 2487 5203 2578 5258; x_wconf 85' lang='lat' dir='ltr'><strong>te?</strong></span> <span class='ocrx_word' id='word_1_1223' title='bbox 2597 5204 2749 5271; x_wconf 90' lang='lat' dir='ltr'><strong>Quod</strong></span> <span class='ocrx_word' id='word_1_1224' title='bbox 2775 5203 2924 5260; x_wconf 81' lang='lat' dir='ltr'><strong>amas</strong></span> <span class='ocrx_word' id='word_1_1225' title='bbox 2951 5206 3006 5260; x_wconf 90' lang='lat' dir='ltr'><strong>in</strong></span> <span class='ocrx_word' id='word_1_1226' title='bbox 3034 5206 3136 5260; x_wconf 84' lang='lat' dir='ltr'><strong>lilia</strong></span> <span class='ocrx_word' id='word_1_1227' title='bbox 3164 5212 3274 5273; x_wconf 87' lang='lat' dir='ltr'><strong>tua,</strong></span> <span class='ocrx_word' id='word_1_1228' title='bbox 3295 5203 3423 5262; x_wconf 85' lang='lat' dir='ltr'><strong>ama</strong></span> <span class='ocrx_word' id='word_1_1229' title='bbox 3447 5209 3549 5266; x_wconf 90' lang='lat' dir='ltr'><strong>hoc</strong></span> <span class='ocrx_word' id='word_1_1230' title='bbox 3575 5212 3627 5266; x_wconf 92' lang='lat' dir='ltr'><strong>in</strong></span> <span class='ocrx_word' id='word_1_1231' title='bbox 3658 5229 3832 5270; x_wconf 77' lang='lat' dir='ltr'><strong>uxiire</strong></span> 
     </span>
    </p>
   </div>
   <div class='ocr_carea' id='block_1_150' title="bbox 2230 5272 3832 5355">
    <p class='ocr_par' dir='ltr' id='par_1_150' title="bbox 2230 5272 3832 5355">
     <span class='ocr_line' id='line_1_160' title="bbox 2230 5272 3832 5355; baseline 0.009 -29"><span class='ocrx_word' id='word_1_1232' title='bbox 2230 5272 2401 5355; x_wconf 78' lang='lat' dir='ltr'><strong>aliena</strong></span> <span class='ocrx_word' id='word_1_1233' title='bbox 2428 5291 2440 5326; x_wconf 88' lang='lat'><strong>:</strong></span> <span class='ocrx_word' id='word_1_1234' title='bbox 2469 5275 2590 5355; x_wconf 83' lang='lat' dir='ltr'><strong>quia</strong></span> <span class='ocrx_word' id='word_1_1235' title='bbox 2623 5284 2676 5329; x_wconf 88' lang='lat' dir='ltr'><strong>et</strong></span> <span class='ocrx_word' id='word_1_1236' title='bbox 2704 5276 2808 5355; x_wconf 70' lang='lat' dir='ltr'><strong>ﬁlia</strong></span> <span class='ocrx_word' id='word_1_1237' title='bbox 2841 5285 2928 5329; x_wconf 90' lang='lat' dir='ltr'><strong>tua</strong></span> <span class='ocrx_word' id='word_1_1238' title='bbox 2949 5292 3092 5355; x_wconf 80' lang='lat' dir='ltr'><strong>uxor</strong></span> <span class='ocrx_word' id='word_1_1239' title='bbox 3111 5284 3214 5332; x_wconf 85' lang='lat' dir='ltr'><strong>erit</strong></span> <span class='ocrx_word' id='word_1_1240' title='bbox 3236 5272 3432 5336; x_wconf 87' lang='lat' dir='ltr'><strong>aliena.</strong></span> <span class='ocrx_word' id='word_1_1241' title='bbox 3454 5282 3591 5355; x_wconf 54' lang='lat' dir='ltr'><strong>Ama</strong></span> <span class='ocrx_word' id='word_1_1242' title='bbox 3620 5300 3751 5355; x_wconf 85' lang='lat' dir='ltr'><strong>ergo</strong></span> <span class='ocrx_word' id='word_1_1243' title='bbox 3773 5296 3832 5341; x_wconf 82' lang='lat' dir='ltr'><strong>et</strong></span> 
     </span>
    </p>
   </div>
   <div class='ocr_carea' id='block_1_151' title="bbox 2231 5343 3826 5421">
    <p class='ocr_par' dir='ltr' id='par_1_151' title="bbox 2231 5343 3826 5421">
     <span class='ocr_line' id='line_1_161' title="bbox 2231 5343 3826 5421; baseline 0.009 -24"><span class='ocrx_word' id='word_1_1244' title='bbox 2231 5343 2284 5397; x_wconf 89' lang='lat' dir='ltr'><strong>in</strong></span> <span class='ocrx_word' id='word_1_1245' title='bbox 2317 5352 2371 5421; x_wconf 89' lang='lat' dir='ltr'><strong>te_</strong></span> <span class='ocrx_word' id='word_1_1246' title='bbox 2396 5346 2717 5421; x_wconf 79' lang='lat' dir='ltr'><strong>castitatem.</strong></span> <span class='ocrx_word' id='word_1_1247' title='bbox 2754 5345 2883 5400; x_wconf 87' lang='lat' dir='ltr'><strong>Nam</strong></span> <span class='ocrx_word' id='word_1_1248' title='bbox 2917 5350 2960 5421; x_wconf 74' lang='lat' dir='ltr'><strong>si</strong></span> <span class='ocrx_word' id='word_1_1249' title='bbox 2991 5362 3391 5421; x_wconf 10' lang='lat' dir='ltr'><strong>amasiuxorem</strong></span> <span class='ocrx_word' id='word_1_1250' title='bbox 3431 5343 3826 5421; x_wconf 40' lang='lat' dir='ltr'><strong>alienamfuon</strong></span> 
     </span>
    </p>
   </div>
   <div class='ocr_carea' id='block_1_152' title="bbox 2229 5415 3828 5487">
    <p class='ocr_par' dir='ltr' id='par_1_152' title="bbox 2229 5415 3828 5487">
     <span class='ocr_line' id='line_1_162' title="bbox 2229 5415 3828 5487; baseline 0.01 -20"><span class='ocrx_word' id='word_1_1251' title='bbox 2229 5415 2484 5487; x_wconf 88' lang='lat' dir='ltr'><strong>continuo</strong></span> <span class='ocrx_word' id='word_1_1252' title='bbox 2514 5416 2736 5470; x_wconf 86' lang='lat' dir='ltr'><strong>habebis</strong></span> <span class='ocrx_word' id='word_1_1253' title='bbox 2761 5435 2773 5472; x_wconf 91' lang='lat'><strong>:</strong></span> <span class='ocrx_word' id='word_1_1254' title='bbox 2802 5416 3097 5473; x_wconf 83' lang='lat' dir='ltr'><strong>castitatem</strong></span> <span class='ocrx_word' id='word_1_1255' title='bbox 3124 5418 3169 5472; x_wconf 90' lang='lat' dir='ltr'><strong>si</strong></span> <span class='ocrx_word' id='word_1_1256' title='bbox 3198 5424 3481 5487; x_wconf 86' lang='lat' dir='ltr'><strong>amaveris,</strong></span> <span class='ocrx_word' id='word_1_1257' title='bbox 3511 5440 3633 5479; x_wconf 82' lang='lat' dir='ltr'><strong>mox</strong></span> <span class='ocrx_word' id='word_1_1258' title='bbox 3663 5415 3828 5483; x_wconf 80' lang='lat' dir='ltr'><strong>liabe-</strong></span> 
     </span>
    </p>
   </div>
   <div class='ocr_carea' id='block_1_153' title="bbox 2230 5486 3823 5567">
    <p class='ocr_par' dir='ltr' id='par_1_153' title="bbox 2230 5486 3823 5567">
     <span class='ocr_line' id='line_1_163' title="bbox 2230 5486 3823 5567; baseline 0.009 -27"><span class='ocrx_word' id='word_1_1259' title='bbox 2230 5486 2333 5567; x_wconf 87' lang='lat' dir='ltr'><strong>bis,</strong></span> <span class='ocrx_word' id='word_1_1260' title='bbox 2360 5486 2648 5567; x_wconf 77' lang='lat' dir='ltr'><strong>auxiliante</strong></span> <span class='ocrx_word' id='word_1_1261' title='bbox 2690 5488 3101 5567; x_wconf 86' lang='lat' dir='ltr'><strong>Domino,_eam.</strong></span> <span class='ocrx_word' id='word_1_1262' title='bbox 3131 5488 3221 5545; x_wconf 86' lang='lat' dir='ltr'><strong>Sic</strong></span> <span class='ocrx_word' id='word_1_1263' title='bbox 3246 5486 3490 5567; x_wconf 83' lang='lat' dir='ltr'><strong>ancillam</strong></span> <span class='ocrx_word' id='word_1_1264' title='bbox 3522 5496 3823 5567; x_wconf 82' lang='lat' dir='ltr'><strong>pulchram,</strong></span> 
     </span>
    </p>
   </div>
   <div class='ocr_carea' id='block_1_154' title="bbox 2228 5558 3824 5631">
    <p class='ocr_par' dir='ltr' id='par_1_154' title="bbox 2228 5558 3824 5631">
     <span class='ocr_line' id='line_1_164' title="bbox 2228 5558 3824 5631; baseline 0.011 -22"><span class='ocrx_word' id='word_1_1265' title='bbox 2228 5565 2319 5611; x_wconf 91' lang='lat' dir='ltr'><strong>aut</strong></span> <span class='ocrx_word' id='word_1_1266' title='bbox 2345 5558 2642 5631; x_wconf 85' lang='lat' dir='ltr'><strong>elegantem</strong></span> <span class='ocrx_word' id='word_1_1267' title='bbox 2671 5573 2890 5631; x_wconf 78' lang='lat' dir='ltr'><strong>uxorem</strong></span> <span class='ocrx_word' id='word_1_1268' title='bbox 2919 5562 3145 5614; x_wconf 87' lang='lat' dir='ltr'><strong>alienam</strong></span> <span class='ocrx_word' id='word_1_1269' title='bbox 3177 5578 3359 5617; x_wconf 87' lang='lat' dir='ltr'><strong>amare</strong></span> <span class='ocrx_word' id='word_1_1270' title='bbox 3388 5558 3573 5631; x_wconf 77' lang='lat' dir='ltr'><strong>debes,</strong></span> <span class='ocrx_word' id='word_1_1271' title='bbox 3617 5580 3672 5623; x_wconf 88' lang='lat' dir='ltr'><strong>ut</strong></span> <span class='ocrx_word' id='word_1_1272' title='bbox 3702 5558 3824 5627; x_wconf 69' lang='lat' dir='ltr'><strong>caui</strong></span> 
     </span>
    </p>
   </div>
   <div class='ocr_carea' id='block_1_155' title="bbox 2228 5629 3820 5710">
    <p class='ocr_par' dir='ltr' id='par_1_155' title="bbox 2228 5629 3820 5710">
     <span class='ocr_line' id='line_1_165' title="bbox 2228 5629 3820 5710; baseline 0.009 -27"><span class='ocrx_word' id='word_1_1273' title='bbox 2228 5629 2380 5710; x_wconf 78' lang='lat' dir='ltr'><strong>quasi</strong></span> <span class='ocrx_word' id='word_1_1274' title='bbox 2406 5641 2557 5684; x_wconf 59' lang='lat' dir='ltr'><strong>extra</strong></span> <span class='ocrx_word' id='word_1_1275' title='bbox 2586 5639 2636 5685; x_wconf 91' lang='lat' dir='ltr'><strong>te</strong></span> <span class='ocrx_word' id='word_1_1276' title='bbox 2665 5639 2719 5710; x_wconf 79' lang='lat' dir='ltr'><strong>et</strong></span> <span class='ocrx_word' id='word_1_1277' title='bbox 2756 5630 2884 5686; x_wconf 87' lang='lat' dir='ltr'><strong>foris</strong></span> <span class='ocrx_word' id='word_1_1278' title='bbox 2924 5633 3167 5710; x_wconf 71' lang='lat' dir='ltr'><strong>requiras</strong></span> <span class='ocrx_word' id='word_1_1279' title='bbox 3197 5651 3209 5686; x_wconf 86' lang='lat'><strong>:</strong></span> <span class='ocrx_word' id='word_1_1280' title='bbox 3245 5634 3289 5710; x_wconf 86' lang='lat' dir='ltr'><strong>si</strong></span> <span class='ocrx_word' id='word_1_1281' title='bbox 3319 5629 3616 5710; x_wconf 82' lang='lat' dir='ltr'><strong>castitatem</strong></span> <span class='ocrx_word' id='word_1_1282' title='bbox 3646 5656 3820 5710; x_wconf 82' lang='lat' dir='ltr'><strong>amas,</strong></span> 
     </span>
    </p>
   </div>
   <div class='ocr_carea' id='block_1_156' title="bbox 2228 5700 3823 5771">
    <p class='ocr_par' dir='ltr' id='par_1_156' title="bbox 2228 5700 3823 5771">
     <span class='ocr_line' id='line_1_166' title="bbox 2228 5700 3823 5771; baseline 0.011 -20"><span class='ocrx_word' id='word_1_1283' title='bbox 2228 5700 2367 5771; x_wconf 83' lang='lat' dir='ltr'><strong>apud</strong></span> <span class='ocrx_word' id='word_1_1284' title='bbox 2391 5710 2439 5754; x_wconf 90' lang='lat' dir='ltr'><strong>te</strong></span> <span class='ocrx_word' id='word_1_1285' title='bbox 2466 5710 2548 5754; x_wconf 89' lang='lat' dir='ltr'><strong>est</strong></span> <span class='ocrx_word' id='word_1_1286' title='bbox 2570 5701 2714 5771; x_wconf 93' lang='lat' dir='ltr'><strong>quod</strong></span> <span class='ocrx_word' id='word_1_1287' title='bbox 2739 5716 2907 5757; x_wconf 89' lang='lat' dir='ltr'><strong>amas.</strong></span> <span class='ocrx_word' id='word_1_1288' title='bbox 2945 5703 3220 5759; x_wconf 88' lang='lat' dir='ltr'><strong>Blanditur</strong></span> <span class='ocrx_word' id='word_1_1289' title='bbox 3256 5706 3349 5761; x_wconf 88' lang='lat' dir='ltr'><strong>tibi</strong></span> <span class='ocrx_word' id='word_1_1290' title='bbox 3375 5710 3592 5763; x_wconf 86' lang='lat' dir='ltr'><strong>castitas</strong></span> <span class='ocrx_word' id='word_1_1291' title='bbox 3632 5700 3823 5770; x_wconf 57' lang='lat' dir='ltr'><strong>sancti</strong></span> 
     </span>
    </p>
   </div>
   <div class='ocr_carea' id='block_1_157' title="bbox 2226 5768 3820 5854">
    <p class='ocr_par' dir='ltr' id='par_1_157' title="bbox 2226 5768 3820 5854">
     <span class='ocr_line' id='line_1_167' title="bbox 2226 5768 3820 5854; baseline 0.011 -30"><span class='ocrx_word' id='word_1_1292' title='bbox 2226 5768 2461 5854; x_wconf 80' lang='lat' dir='ltr'><strong>intus_iu_</strong></span> <span class='ocrx_word' id='word_1_1293' title='bbox 2478 5768 2927 5854; x_wconf 70' lang='lat' dir='ltr'><strong>cubiculocordis</strong></span> <span class='ocrx_word' id='word_1_1294' title='bbox 2953 5775 3048 5841; x_wconf 89' lang='lat' dir='ltr'><strong>tui,</strong></span> <span class='ocrx_word' id='word_1_1295' title='bbox 3072 5775 3248 5831; x_wconf 87' lang='lat' dir='ltr'><strong>suavis</strong></span> <span class='ocrx_word' id='word_1_1296' title='bbox 3273 5788 3355 5854; x_wconf 82' lang='lat' dir='ltr'><strong>est</strong></span> <span class='ocrx_word' id='word_1_1297' title='bbox 3376 5776 3491 5854; x_wconf 76' lang='lat' dir='ltr'><strong>eius</strong></span> <span class='ocrx_word' id='word_1_1298' title='bbox 3512 5768 3820 5854; x_wconf 69' lang='lat' dir='ltr'><strong>amplexus,</strong></span> 
     </span>
    </p>
   </div>
   <div class='ocr_carea' id='block_1_158' title="bbox 2228 5841 3823 5915">
    <p class='ocr_par' dir='ltr' id='par_1_158' title="bbox 2228 5841 3823 5915">
     <span class='ocr_line' id='line_1_168' title="bbox 2228 5841 3823 5915; baseline 0.011 -18"><span class='ocrx_word' id='word_1_1299' title='bbox 2228 5856 2339 5900; x_wconf 88' lang='lat' dir='ltr'><strong>non</strong></span> <span class='ocrx_word' id='word_1_1300' title='bbox 2374 5841 2536 5899; x_wconf 84' lang='lat' dir='ltr'><strong>habet</strong></span> <span class='ocrx_word' id='word_1_1301' title='bbox 2578 5844 2983 5902; x_wconf 88' lang='lat' dir='ltr'><strong>amaritudinem</strong></span> <span class='ocrx_word' id='word_1_1302' title='bbox 3020 5848 3357 5905; x_wconf 86' lang='lat' dir='ltr'><strong>conversatio</strong></span> <span class='ocrx_word' id='word_1_1303' title='bbox 3395 5841 3557 5908; x_wconf 79' lang='lat' dir='ltr'><strong>illius.</strong></span> <span class='ocrx_word' id='word_1_1304' title='bbox 3584 5841 3703 5912; x_wconf 67' lang='lat' dir='ltr'><strong>Neu</strong></span> <span class='ocrx_word' id='word_1_1305' title='bbox 3733 5841 3823 5915; x_wconf 65' lang='lat' dir='ltr'><strong>te:-</strong></span> 
     </span>
    </p>
   </div>
  </div>
