4062 6368
263 415 399 478 1769

259 545 380 587 cum
410 527 580 597 litigat
605 525 844 590 castitas,
871 538 974 578 non
1007 523 1362 597 tegsubvertit,
1401 523 1453 577 in
1483 523 1755 597 nullotibi
1786 524 1838 578 in

261 603 420 656 domo
457 594 799 653 conscientiae
841 594 1174 650 contradicit.
1217 597 1346 648 Ama
1391 610 1518 664 ergo
1548 604 1600 648 et
1635 596 1687 648 in
1717 603 1767 649 te
1795 605 1848 649 et

263 672 312 724 in
339 670 461 723 aliis
485 671 806 730 castitatem,
839 676 898 721 ut
922 666 1118 720 habeas
1153 674 1404 718 aeternam
1442 665 1842 720 beatitudinem.

261 739 318 797 Si
342 754 478 816 ergo
503 748 559 816 et
585 739 636 816 in
664 747 716 793 te
741 738 878 816 hanc
904 735 1368 816 valde_pulchram
1409 735 1692 816 ornaveris,
1729 750 1848 816 qua;

260 805 482 866 castitas
507 809 729 872 dicitur;
763 808 1054 862 imitaberis
1072 806 1287 862 beatum
1315 805 1533 876 loseph,
1563 806 1654 876 qni
1681 805 1850 860 noluit

263 879 550 950 impudice
599 880 807 934 mulieri
845 879 913 932 ad
951 877 1290 950 concubitum
1337 877 1589 950 illicitum
1621 891 1850 931 consen-

266 947 396 1014 tire;
426 951 623 1020 repulit
647 948 1132 1020 concupiscentiam
1161 947 1407 1020 alienam,
1452 948 1726 1020 amplexus
1769 955 1852 1002 est

267 1018 578 1092 pudicitiam
609 1035 779 1076 suam.
821 1018 970 1092 Fecit
1007 1028 1181 1092 tamen
1225 1018 1311 1072 illa
1351 1019 1508 1092 quod
1530 1019 1850 1092 comminata

265 1088 386 1153 est,
434 1093 656 1146 mentita
704 1099 787 1145 est
814 1090 947 1153 viro,
993 1088 1193 1143 credita
1237 1098 1319 1143 est
1360 1106 1373 1140 :
1426 1089 1598 1143 adlmc
1643 1089 1852 1160 patiens

272 1163 432 1216 Deus.
468 1162 716 1216 Traditur
741 1160 939 1229 Joseph
974 1169 1188 1213 sanctus
1215 1160 1267 1211 in
1297 1173 1585 1224 carcerem,
1619 1160 1852 1214 custodi-

269 1241 353 1287 tur
377 1241 631 1301 tanquam
657 1245 804 1300 reus,
843 1246 874 1301 a
899 1245 1005 1299 quo
1033 1245 1137 1283 non
1167 1229 1400 1284 offensus
1429 1230 1588 1285 Deus.
1619 1230 1723 1284 Sed
1756 1247 1852 1285 nec

269 1301 339 1356 ibi
368 1300 541 1356 defuit
572 1303 710 1356 Deus
730 1343 744 1364 ,
785 1300 908 1371 quia
949 1301 1042 1371 ille
1071 1315 1174 1353 non
1206 1301 1465 1354 obnoxius
1493 1310 1626 1354 erat.
1673 1301 1854 1356 Adfuit

268 1373 532 1427 Dominus
574 1381 756 1427 sancto
784 1370 1000 1439 Ioseph.
1044 1371 1109 1424 Et
1149 1371 1271 1439 quia
1318 1381 1558 1425 sanctum
1606 1373 1850 1438 amabat,

268 1441 518 1498 mulieris
543 1457 724 1497 amore
748 1458 851 1496 non
876 1442 1104 1495 vincitur
1128 1449 1304 1494 castus
1331 1442 1560 1505 animus,
1589 1458 1687 1497 nec
1725 1453 1854 1499 aetas

269 1513 645 1568 adolescentiae
667 1515 963 1584 permovit,
982 1526 1080 1584 nee
1107 1510 1372 1584 diligentis
1391 1513 1696 1584 auctoritas,
1727 1528 1855 1568 con-

273 1593 530 1652 temptam
564 1581 898 1653 frequentare
934 1582 1224 1636 dominam.
1265 1581 1370 1636 Ore
1413 1583 1628 1652 proprio
1669 1585 1852 1638 adole-

271 1655 442 1709 scenti
474 1654 642 1708 tendit
687 1654 923 1717 insidias,
953 1660 1160 1707 secreto
1187 1666 1250 1704 ac
1283 1653 1400 1707 sine
1429 1653 1654 1710 testibus
1697 1671 1856 1710 manu

273 1724 560 1792 impudens
594 1724 963 1794 apprehendit,
992 1722 1383 1794 procacioribus
1409 1724 1589 1778 verbis
1617 1726 1857 1780 hortatur

272 1793 339 1848 ad
365 1797 603 1858 crimen;
629 1793 744 1849 nec
773 1795 843 1848 ibi
885 1793 1097 1862 quidem
1136 1793 1364 1846 vincitur
1395 1811 1408 1846 :
1457 1794 1552 1849 sed
1593 1806 1652 1850 ut
1693 1798 1854 1852 verba

273 1865 473 1930 verbis,
518 1866 587 1919 ita
627 1875 681 1920 et
708 1879 797 1919 res
835 1863 992 1919 rebus
1023 1862 1186 1918 refert
1203 1880 1234 1936 ;_
1255 1879 1375 1917 nam
1415 1867 1503 1934 qui
1526 1866 1857 1936 frequenter

274 1945 494 2006 rogatus
519 1944 825 2005 negaverat,
857 1944 982 2006 tunc
1003 1933 1420 2006 comprehensus
1437 1933 1661 2006 ’aufugitI

343 2007 401 2060 5.
440 2004 737 2075 Beitig’nitas
773 2005 984 2075 Joseph.
1025 2004 1193 2058 Mirati
1242 2006 1371 2060 estis
1417 2004 1710 2062 castitatem
1761 2010 1854 2064 Jo-

273 2076 430 2152 seplr,
455 2077 680 2145 aspicite
711 2091 850 2131 nunc
880 2075 1276 2152 benignitatem.
1303 2076 1393 2130 llle
1420 2092 1514 2144 pro
1531 2078 1653 2152 odio
1679 2080 1856 2152 reddit

272 2144 627 2201 charitatem:
658 2157 854 2202 etcum
895 2146 1100 2201 videret
1126 2144 1316 2200 fratres
1359 2161 1505 2211 suos,
1539 2148 1646 2202 imo
1676 2150 1854 2204 inimi-

273 2231 366 2271 cos
391 2233 456 2270 ex
489 2217 761 2284 fratribus,
788 2232 1015 2283 cumque
1041 2217 1108 2269 ab
1130 2217 1209 2270 eis
1249 2217 1462 2286 agnosci
1515 2219 1700 2287 vellet,
1725 2221 1858 2277 dile-

273 2287 472 2342 ctionis
496 2287 742 2342 affectum
759 2289 845 2356 pio
861 2287 1044 2356 dolore
1075 2295 1294 2340 testatus
1321 2297 1422 2342 est.
1445 2289 1857 2346 Deosculabatur

272 2358 632 2430 singulos,_et
660 2355 867 2430 irriguis
897 2355 1114 2430 fletibus
1140 2359 1444 2430 paventium
1473 2361 1610 2430 colla
1638 2362 1854 2430 perfun-

271 2426 443 2494 deus,
488 2428 669 2482 odium
712 2426 932 2482 fratrum
973 2428 1245 2481 cbaritatis
1291 2429 1538 2499 lacrymis
1579 2426 1853 2500 abluebat,

273 2512 414 2567 quos
445 2508 560 2572 tam
581 2499 700 2572 vivo
725 2508 874 2569 patre
909 2513 1066 2572 quam
1097 2507 1325 2572 mortuo,
1364 2515 1618 2572 germano
1645 2518 1857 2572 semper

274 2582 462 2639 amore
491 2569 704 2633 dilexit;
731 2568 837 2623 nec
864 2568 1172 2622 recordatur
1198 2569 1340 2622 illum
1369 2568 1419 2622 in
1449 2586 1555 2639 quo
1579 2573 1645 2626 ad
1669 2568 1856 2629 necem

272 2637 449 2692 fuerat
473 2641 714 2713 dejectus
746 2642 950 2713 lacum;
983 2639 1366 2713 noncogitavit
1391 2637 1653 2696 addictam
1685 2646 1856 2713 pretio

271 2712 712 2784 gertnanitatem;
746 2711 844 2784 sed
873 2725 969 2779 pro
1011 2710 1164 2784 malis
1207 2711 1343 2763 bona
1391 2710 1707 2779 restituens,
1744 2715 1856 2784 jam

273 2788 402 2854 t_unc
447 2781 686 2854 _necdum_
727 2782 847 2854 data
890 2780 1176 2854 apostolica
1241 2791 1501 2854 princepta
1547 2780 1851 2854 complevit.

274 2849 418 2918 Ergo
446 2850 632 2903 beatus
661 2851 858 2920 losepli
886 2851 1123 2919 cogitans
1151 2866 1289 2904 verae
1315 2851 1590 2907 cliaritatis
1619 2849 1856 2911 dulcedi-

274 2935 433 2983 nem,
476 2937 734 2974 venenum
785 2921 994 2975 invidia:
1020 2960 1034 2983 ,
1081 2935 1187 2988 quo
1235 2921 1424 2976 fratres
1465 2939 1591 2979 suos
1636 2938 1856 2982 noverat

271 2988 442 3045 fuisse
470 3007 770 3060 percussos,
818 2993 927 3046 Deo
955 2993 1288 3059 auxiliante,
1337 2992 1537 3047 studuit
1581 2995 1648 3052 de
1694 2998 1856 3053 corde

269 3073 371 3114 suo
397 3063 676 3116 reuellere.

344 3131 397 3184 6.
440 3131 646 3207 Invidia
673 3143 1000 3207 comparatur
1021 3132 1232 3207 aerugini
1259 3141 1302 3186 et
1328 3134 1528 3207 uiperis.
1553 3135 1620 3191 Et
1647 3153 1852 3207 revera,

269 3198 489 3277 fratres,
517 3203 640 3277 quid
671 3198 868 3277 infelici
896 3202 1073 3277 invido
1101 3198 1316 3272 przcstat
1335 3198 1562 3277 invidia,
1588 3223 1746 3277 quem
1772 3198 1857 3264 se;

271 3274 435 3348 cretis
461 3275 801 3348 conscientia:
831 3273 1145 3348 quibusdam
1190 3275 1395 3344 ungulis
1422 3276 1558 3330 livor
1593 3273 1706 3348 ipse
1743 3281 1852 3335 dis-

269 3343 465 3410 cerpit,
520 3354 574 3398 et
599 3345 826 3400 alienam
851 3343 1154 3400 felicitatem
1182 3343 1499 3400 tormentum
1529 3343 1667 3402 illius
1697 3351 1855 3406 facit?

272 3414 736 3488 puniti,_itiquatn,
769 3414 1072 3488 mercedem
1102 3431 1166 3469 ex
1195 3414 1318 3488 odio
1360 3432 1456 3470 suo
1482 3420 1721 3488 recipiet,
1755 3422 1856 3476 nisi

270 3479 559 3538 horribiles
571 3479 778 3541 animae
810 3486 1076 3549 tenebras,
1105 3493 1160 3540 et
1183 3486 1416 3540 confusa:
1443 3479 1633 3543 mentis
1660 3479 1854 3547 horro-

269 3568 383 3632 retn
409 3595 426 3621 ,
453 3556 557 3632 qui
585 3557 729 3610 vultu
755 3572 967 3626 semper
987 3557 1268 3632 animoque
1293 3569 1571 3632 merente,
1598 3572 1722 3616 voto
1750 3579 1856 3632 quo

271 3625 386 3678 vult
416 3625 510 3702 alii
537 3641 752 3702 nocere,
777 3643 834 3682 se
858 3625 1079 3702 cruciat,
1103 3642 1259 3702 quem
1287 3629 1594 3702 saevissimis
1619 3625 1857 3702 exagita-

272 3701 382 3747 tum
413 3696 647 3749 stimulis
686 3698 754 3751 ab
792 3697 938 3751 omni
979 3697 1199 3752 censilio
1239 3712 1301 3752 ac
1340 3701 1530 3756 mentis
1567 3696 1856 3759 sobrietate

270 3762 558 3842 deturbat?
594 3768 660 3820 Et
696 3768 813 3842 ideo
847 3768 1229 3842 observemus,
1273 3768 1498 3842 fratres,
1541 3772 1656 3842 vitii
1699 3773 1854 3842 hujus

270 3834 568 3899 incursum,
613 3853 679 3891 ne
710 3838 843 3893 forte
873 3839 1151 3907 participes
1176 3841 1354 3907 operis
1380 3840 1575 3894 diaboli
1613 3834 1853 3900 invenia-

269 3918 408 3969 mur,
443 3916 497 3960 et
528 3908 642 3976 pari
676 3923 794 3962 eum
845 3910 933 3962 illo
975 3909 1232 3962 sententia
1280 3911 1714 3968 condemnemur.
1769 3917 1855 3971 Sic

268 3977 412 4046 enim
444 3980 704 4046 scriptum
733 3989 840 4032 cst:
867 3978 1069 4031 Invidia
1098 3979 1283 4032 diaboli
1309 3998 1441 4035 mors
1466 3983 1667 4037 intrauit
1692 3987 1743 4038 in
1772 4005 1854 4040 or-

269 4045 376 4125 bein
423 4045 692 4125 terrarum.
721 4048 997 4125 Imitantur
1022 4053 1444 4125 autenteunrqui
1475 4063 1589 4125 sunt
1616 4071 1678 4108 ex
1711 4067 1856 4125 parte

267 4119 429 4194 ipsius
502 4119 632 4194 qu.
676 4135 742 4184 tt,
769 4120 862 4194 Ἡ,
891 4119 1016 4190 25).
1062 4119 1211 4194 Quod
1242 4119 1445 4194 malum
1489 4123 1631 4178 laedit
1668 4119 1851 4194 parum

267 4188 471 4257 aliquid
492 4189 660 4262 etiam
698 4204 792 4245 eos
826 4192 878 4243 in
913 4188 1047 4259 quos
1077 4191 1396 4257 intenditur;
1424 4196 1633 4262 gravius
1668 4188 1849 4252 tamen

269 4267 320 4336 et
347 4260 706 4336 perniciosius
747 4276 840 4336 eos
882 4262 1025 4329 prius
1064 4276 1097 4336 _a
1139 4262 1328 4336 quibus
1355 4260 1614 4336 procedit,
1645 4266 1847 4336 affligit.

267 4329 415 4382 Sicut
442 4329 586 4404 enim
613 4332 1038 4404 :erugofcrrum;
1064 4332 1132 4384 ita
1159 4329 1516 4386 invidiaiillam
1545 4329 1709 4404 ipsam
1732 4329 1849 4391 aiii-

267 4413 433 4461 mam,
463 4398 517 4451 in
545 4416 647 4468 qua
675 4398 777 4464 est,
798 4402 1051 4454 interimit
1074 4410 1126 4454 et
1150 4404 1432 4456 consumit.
1455 4405 1520 4456 Et
1545 4398 1680 4460 sicut
1704 4409 1852 4463 aiunt

267 4470 482 4544 viperas
503 4469 794 4524 dilacerato
819 4481 872 4525 et
892 4471 1132 4544 disrupto
1153 4473 1242 4544 illo
1266 4474 1380 4541 ipso
1407 4483 1646 4530 materno
1674 4488 1846 4544 utero,

267 4539 318 4592 in
344 4556 456 4607 quo
483 4551 754 4619 concepta:
782 4551 937 4604 sunt,
977 4543 1157 4606 nasci;
1191 4543 1261 4596 ita
1287 4539 1342 4598 et
1372 4545 1561 4598 invidia
1593 4547 1734 4602 illam
1766 4539 1848 4619 ip;

265 4623 384 4688 sam-
411 4611 672 4688 animum,
713 4627 741 4688 a
770 4628 872 4681 qna
900 4622 1151 4688 concepta
1181 4623 1297 4679 est,
1341 4619 1605 4671 consumit
1642 4628 1694 4673 et
1733 4611 1851 4688 per-

250 4679 340 4754 ,ὧι
367 4679 686 4757 (a)._Qualis
718 4679 831 4757 huic
857 4685 1046 4735 anima:
1073 4679 1221 4757 tinea
1252 4696 1332 4739 est
1355 4726 1369 4749 ,
1413 4703 1530 4754 quae
1569 4679 1846 4757 cogitatio-

265 4765 391 4823 num
426 4751 600 4823 tabes,
630 4754 859 4820 pectoris
888 4763 1080 4821 quanta
1111 4755 1315 4823 rubigo,
1349 4751 1522 4811 zelare
1551 4759 1602 4811 in
1636 4751 1847 4815 homine

265 4821 463 4873 donum
501 4822 627 4883 Dei,
656 4831 708 4874 et
737 4825 787 4876 in
817 4825 1010 4876 malum
1045 4821 1312 4892 proprium
1347 4826 1483 4880 bella
1520 4829 1690 4884 aliena
1722 4847 1850 4885 con-

264 4902 497 4965 vertere,
530 4893 861 4965 aliorumque
887 4893 1105 4962 gloriam
1137 4895 1310 4950 facere
1345 4913 1552 4965 pinnam
1579 4915 1764 4965 suam;
1796 4911 1849 4956 et

264 4961 406 5041 velut
433 4963 693 5042 quosdam
721 4961 921 5042 pectori
950 4980 1046 5042 suo
1070 4961 1359 5042 admovere
1379 4970 1671 5035 carnifices,
1705 4961 1847 5042 cogi-

264 5033 559 5112 tationibus
586 5042 638 5087 et
666 5033 1054 5112 sensibussuis
1097 5035 1351 5112 adhibere
1395 5048 1640 5112 tortores,
1662 5033 1848 5112 qui'se

264 5101 542 5156 intestinis
568 5105 891 5158 cruciatibus
925 5106 1190 5159 lacerent?
1219 5107 1333 5162 Non
1359 5109 1509 5164 cibus
1535 5101 1726 5168 talibus
1754 5115 1838 5167 la:-

265 5179 369 5236 tus,
401 5188 508 5249 non
544 5183 697 5249 potus
722 5185 897 5249 potest
924 5191 1040 5249 esse
1066 5176 1343 5244 jucundus.
1378 5180 1684 5249 Suspiratur
1709 5201 1851 5239 sem-

265 5257 358 5310 per
385 5243 458 5316 ab
495 5245 684 5298 eadem
726 5253 779 5298 et
817 5243 1178 5314 ingemiscitur
1218 5265 1280 5302 ac
1309 5243 1538 5316 doletur,
1561 5253 1746 5308 diebus
1786 5271 1850 5312 ac

264 5315 514 5367 noctibus
560 5323 744 5383 pectus
779 5316 1052 5370 obsessum
1090 5320 1205 5372 sine
1250 5315 1640 5377 intermissione
1684 5325 1849 5380 lania-

264 5393 348 5464 tur
378 5403 391 5436 :
424 5386 549 5466 quia
580 5386 726 5439 zelus
755 5390 1036 5466 terminum
1074 5404 1176 5442 non
1208 5389 1392 5466 habet,
1421 5408 1736 5460 permanens
1759 5397 1847 5466 ju-

265 5456 400 5532 giter
423 5457 625 5532 malum
655 5465 706 5509 ct
737 5457 849 5510 sine
878 5456 1306 5532 finepeccatum.
1355 5456 1434 5516 Ε(
1460 5475 1712 5532 quantum
1759 5456 1850 5522 ille

265 5527 346 5597 cui
379 5527 583 5580 invidet
615 5543 863 5581 successu
894 5529 1111 5582 meliore
1143 5529 1442 5597 profecerit,
1477 5527 1678 5590 iantum
1711 5536 1846 5590 invi-

264 5594 362 5670 dus
409 5597 684 5670 in__majus
729 5598 1030 5670 incendium
1073 5594 1256 5655 livoris
1295 5594 1500 5670 ignibus
1528 5606 1847 5661 exardescit.

267 5663 399 5721 Hinc
427 5663 662 5722 efﬁcitur
693 5669 860 5737 pallor
883 5671 933 5722 in
963 5667 1115 5736 facie,
1144 5663 1344 5727 tremor
1369 5674 1421 5728 in
1451 5675 1621 5741 labiis,
1655 5679 1851 5733 stridor

269 5803 665 5916 li'(étr)et)einceps
688 5804 922 5867 pleraque
942 5819 1005 5855 ex
1038 5808 1294 5870 Cypriano,
1338 5810 1385 5858 in
1417 5819 1536 5862 orat.
1561 5812 1626 5862 de
1657 5814 1770 5864 Zelo
1803 5821 1854 5865 et

546 5955 774 6018 SANC'I‘.
823 5957 1100 6016 Ausus'r.
1131 5959 1206 6021 V.

1704 403 1936 465 SERMO
1970 403 2088 462 XV.

3397 421 3422 473 1
3433 421 3535 477 770

1955 523 2009 576 in
2029 520 2303 601 dentibus,
2332 521 2492 577 verba
2519 522 2701 601 rabida
2726 533 2779 578 et
2803 523 3057 601 effrenata
3083 529 3342 584 convicia.
3375 531 3533 601 Quis-

1951 593 2071 668 quis
2098 592 2184 647 ille
2211 603 2292 647 est
2321 607 2476 662 quem
2504 595 2618 668 zelo
2642 611 2740 648 suo
2766 599 3102 668 persequitur
3131 601 3358 667 invidus,
3385 592 3533 657 sub-

1955 662 2221 733 terfugere
2265 678 2385 716 eum
2433 665 2622 733 poterit
2647 676 2699 718 et
2739 662 2906 720 vitare
2928 662 3181 725 {invidus
3217 662 3354 725 vero-
3384 673 3532 727 refu—

1951 748 2078 802 gere
2105 732 2209 787 non
2237 734 2451 788 valebit.
2485 732 2806 801 Ubicumque
2835 735 3011 802 fuerit,
3038 741 3374 798 adversarius
3405 760 3533 800 suus

1954 819 2134 878 secum
2166 813 2267 878 est,
2302 803 2491 878 ho_stis_
2499 805 2552 858 in
2584 814 2795 878 pectore
2825 822 3033 878 semper
3074 812 3324 866 inclusus.
3375 815 3534 868 Deni-

1952 889 2059 943 que
2088 875 2340 952 Dominus
2373 875 2424 952 in
2452 874 2759 952 Evangelia,
2775 892 2906 952 cum
2937 874 3056 934 eum
3091 883 3333 952 discipuli
3364 885 3532 938 inter-

1953 954 2225 1021 rogarent,
2246 946 2364 1021 quis
2386 945 2523 1021 inter
2543 947 2670 1021 illos
2685 948 2853 1021 major
2867 945 3319 1021 esset,re8pondit
3342 973 3354 1006 :
3382 954 3535 1021 Quis-

1955 1017 2066 1086 quis
2097 1017 2249 1090 fuerit
2261 1057 2283 1090 _,
2325 1016 2514 1090 inquit,
2548 1017 2781 1090 "animus
2804 1019 2856 1071 in
2889 1020 3116 1074 omnibus
3141 1016 3299 1090 uobis,
3332 1016 3422 1076 hic
3441 1027 3534 1079 erit

1956 1103 2168 1157 magnus
2198 1086 2409 1168 (Matth.
2437 1102 2583 1168 svnt,
2673 1088 2858 1168 χριιο
2883 1091 3045 1168 verbo
3069 1086 3530 1168 omniemjcausam

1955 1165 2010 1210 et
2037 1156 2310 1210 materiam
2342 1156 2606 1211 mordacis
2631 1157 2842 1214 invidiae
2869 1161 3005 1214 eruit
3029 1171 3082 1216 et
3109 1163 3354 1218 abscidit.

2026 1228 2079 1300 7Ἴ
2130 1225 2329 1300 Venena
2384 1226 2550 1295 fellis.
2579 1229 2873 1300 quicumque
2922 1232 3121 1286 invidus
3173 1243 3280 1300 est,
3319 1247 3528 1290 evomat.

1955 1297 2260 1369 Christiano
2286 1314 2412 1369 ergo
2441 1297 2635 1369 populo
2662 1297 2836 1354 zelare
2864 1316 2968 1354 non
2994 1303 3138 1367 licet,
3164 1297 3274 1357 non
3298 1306 3418 1360 licet
3445 1309 3527 1360 in—

1957 1368 2174 1422 videre:
2215 1368 2280 1422 de
2321 1368 2615 1424 humilitate
2643 1369 2708 1423 ad
2747 1385 2952 1426 summa
2991 1375 3201 1428 crescit.
3233 1376 3371 1430 Audi
3411 1377 3536 1431 hea-

1959 1448 2068 1514 ψη)
2097 1438 2356 1514 Joannem
2397 1440 2694 1514 apostolum
2736 1441 2787 1514 in
2819 1441 3067 1514 pristola
3107 1460 3200 1498 sua
3244 1445 3528 1514 dicentem,

2084 1510 2188 1585 odit
2209 1512 2417 1585 fratrem
2444 1527 2612 1575 suum,
2645 1508 2896 1585 homicida
2923 1524 3031 1578 est;
3070 1525 3118 1568 et
3167 1516 3355 1569 iterum
3382 1559 3394 1580 ,
3435 1508 3536 1585 Qui

1956 1580 2147 1663 diritse
2170 1581 2349 1663 innluce
2362 1596 2486 1647 esse,
2501 1592 2546 1633 et
2568 1585 2770 1663 fratrem
2795 1583 2918 1663 odit,
2935 1585 2986 1663 i_n
3009 1585 3218 1663 tenebris
3234 1597 3304 1663 est
3323 1599 3367 1640 et
3388 1580 3534 1663 inte:

1957 1650 2120 1731 hebris
2136 1651 2432 1731 ambulat,“
2445 1650 2708 1731 nescitque
2720 1654 2919 1731 vada_t(l
2934 1655 3087 1708 Joan.
3104 1672 3178 1717 tn,
3199 1658 3282 1722 15,
3299 1670 3342 1710 et
3356 1661 3440 1720 tt,l
3453 1651 3530 1731 0).

1957 1721 2242 1800 Descendit
2271 1721 2413 1776 enim
2445 1723 2495 1775 in
2523 1721 2818 1800 gehennam
2847 1725 3080 1800 ignarus,
3109 1735 3162 1800 et
3197 1721 3370 1800 caicus
3397 1721 3536 1800 prie-

1955 1793 2204 1860 cipitatur
2222 1793 2273 1846 in
2298 1805 2533 1862 patiam,
2561 1794 2816 1849 recedens
2841 1792 3043 1850 scilicet
3066 1813 3095 1850 a
3121 1798 3312 1852 Christi
3338 1792 3536 1855 lumine

1955 1863 2225 1935 monentis
2276 1871 2330 1918 et
2376 1863 2598 1917 dicentis
2623 1905 2636 1927 ,
2672 1863 2781 1934 Ego
2819 1882 2929 1918 sunt
2953 1867 3041 1920 tua:
3069 1869 3243 1920 mundi
3262 1886 3282 1934 ;
3311 1879 3363 1923 et
3385 1911 3400 1935 ,
3435 1871 3536 1935 Qui

1957 1933 2115 1985 credit
2142 1935 2194 1986 in
2223 1951 2321 1998 me,
2341 1949 2440 1986 non
2469 1933 2741 1988 ambulabit
2769 1936 2822 1987 in
2852 1936 3094 1999 tenebris;
3121 1939 3208 1992 sed
3228 1933 3422 1994 habebit
3451 1933 3535 1995 lu-

1959 2019 2069 2080 men
2096 2005 2210 2080 pila:
2235 2002 2410 2080 (Joan.
2443 2020 2554 2080 vin,
2584 2003 2650 2058 12
2669 2002 2710 2076 ).
2739 2004 3017 2080 Quomodo
3041 2016 3214 2080 autem
3241 2010 3322 2064 vel
3350 2027 3533 2080 pacem

1956 2073 2188 2145 Domini,
2230 2073 2314 2127 vel
2345 2073 2864 2142 charitatem't'enet,
2904 2079 2991 2145 qni
3039 2079 3088 2130 in
3131 2080 3229 2132 zeli
3268 2073 3396 2136 vitio
3438 2098 3537 2140 nec

1959 2144 2409 2220 pacificuspotest
2429 2159 2566 2220 esse,
2597 2161 2695 2220 nec
2722 2144 2981 2220 securus?
3004 2147 3110 2202 Nos
3140 2164 3287 2216 vero,
3319 2151 3531 2220 fratres,

1958 2213 2067 2268 Deo
2092 2213 2402 2290 auxiliante.
2437 2215 2555 2290 _zeli_
2592 2217 2676 2269 vel
2719 2215 2929 2290 invidia:
2981 2233 3186 2272 venena
3248 2213 3531 2290 fugientes,

1957 2285 2260 2357 nonsolutn
2287 2300 2408 2338 cum
2437 2286 2610 2351 bonis,
2642 2285 2737 2340 sed
2765 2289 2922 2340 etiam
2961 2304 3084 2357 erga
3111 2291 3278 2344 malos
3303 2285 3534 2346 charita;

1958 2355 2028 2408 tis
2055 2355 2386 2429 dulcedinem
2415 2364 2691 2429 teneamus
2717 2373 2732 2411 :
2758 2365 2816 2410 ut
2842 2373 2939 2429 nos
2966 2355 3069 2412 non
3097 2361 3345 2429 reprobet
3378 2363 3533 2416 Chri-

1956 2436 2072 2498 stus
2099 2437 2314 2498 propter
2341 2425 2820 2498 invidiieimalumi
2851 2427 2945 2481 sed
2972 2425 3348 2498 laudet'potius
3374 2442 3428 2486 et
3454 2435 3534 2487 in-

1957 2497 2089 2550 vitet
2115 2496 2508 2575 adpriemium,
2537 2497 2720 2575 dicens
2749 2496 2970 2575 :_Yen_ite,
3005 2496 3277 2575 benedicti,
3298 2503 3536 2575 percipite

1956 2583 2164 2638 regnum
2188 2566 2404 2637 (Matth.
2433 2583 2556 2633 xxv,
2590 2567 2717 2638 54).
2753 2568 2829 2622 Sit
2871 2569 2923 2622 in
2963 2571 3204 2624 manibus
3229 2566 3407 2627 divina
3433 2566 3537 2629 'le-

1963 2637 2092 2712 ctio,
2118 2639 2170 2691 in
2199 2638 2441 2692 sensibus
2466 2637 2738 2712 dominica
2765 2639 3032 2712 cogitatio,
3050 2642 3219 2695 oratio
3253 2642 3394 2712 jugis
3420 2659 3536 2699 om-

1956 2709 2082 2762 nino
2129 2723 2231 2762 non
2271 2717 2476 2772 cesset,
2503 2709 2772 2779 salutaris
2806 2710 3042 2776 operatio
3089 2709 3428 2779 perseveret;
3479 2724 3534 2770 ut

1957 2779 2166 2847 quoties
2194 2779 2258 2831 ad
2300 2778 2580 2832 tentandos
2613 2795 2708 2833 nos
2745 2781 3027 2834 accesserit
3080 2778 3344 2849 inimicus,
3387 2800 3532 2839 sem-

1958 2865 2051 2918 per
2081 2864 2178 2904 nos
2209 2849 2359 2901 bonis
2389 2850 2636 2916 Operihus
2666 2851 2899 2904 inveniat
2923 2860 3228 2920 occupatos.
3275 2853 3532 2910 Conside-

1957 2929 2040 2972 ret
2068 2935 2198 2989 ergo
2227 2922 2586 2989 unusquisque
2611 2921 2986 2974 conscientiam
3014 2937 3194 2986 suam;
3223 2932 3276 2978 et
3299 2925 3344 2977 si
3374 2941 3431 2979 se
3458 2927 3535 2980 vi-

1956 2989 2044 3042 det
2070 2990 2136 3043 de
2163 2989 2512 3064 prosperitate
2556 2991 2778 3059 proximi
2809 2991 2891 3044 sui
2921 2990 3131 3064 invidia:
3170 3008 3374 3047 veneno
3413 3012 3536 3064 per-

1955 3074 2194 3122 cussum,
2223 3061 2414 3114 evellat
2442 3060 2508 3131 de
2537 3069 2750 3128 pectore
2775 3077 2872 3115 suo
2897 3061 3076 3130 spinas
3114 3071 3168 3117 et
3197 3060 3440 3131 tribulos,
3477 3077 3535 3122 ut

1957 3131 2009 3204 i_n
2039 3147 2104 3185 eo
2125 3147 2316 3204 semen
2345 3130 2725 3204 Dominiqnasi
2760 3132 2810 3185 in
2850 3132 3008 3204 fertili
3039 3148 3165 3201 agro
3192 3130 3533 3204 multiplicata

1900 3207 1909 3217 ‘
1956 3201 2106 3276 fruge
2124 3201 2428 3276 locupletet,
2447 3210 2505 3254 ut
2521 3201 2696 3276 divina
2714 3202 3066 3276 etspiritnalis
3084 3219 3236 3276 seges
3253 3205 3303 3259 in
3326 3201 3532 3276 copiam

1956 3271 2195 3345 fecundae
2225 3273 2414 3345 messis
2439 3272 2950 3345 exubertstrrVenena
2973 3289 3098 3343 ergo
3116 3271 3270 3338 fellis,
3289 3271 3532 3345 quicum-

1955 3358 2062 3412 que
2093 3343 2302 3416 invidus
2327 3351 2418 3416 est
2432 3351 2662 3409 evomat,
2687 3342 3069 3398 discordiarum
3100 3346 3242 3398 virus
3267 3342 3530 3416 eicludat,

1956 3422 2166 3484 purget,
2199 3413 2307 3467 Deo
2335 3413 2639 3482 adjuvante,
2657 3425 2898 3484 mentem
2924 3430 3080 3483 quam
3107 3417 3444 3484 serpentinus
3473 3413 3534 3472 Ii;

1957 3483 2052 3537 vor
2088 3483 2378 3538 infecerat:
2409 3483 2705 3537 amaritudo
2729 3485 2901 3538 omnis
2939 3483 3376 3550 invidiae,Christi
3415 3488 3533 3542 dul-

1955 3554 2142 3629 cedine
2171 3554 2414 3629 leniatur.
2439 3555 2618 3629 AAmet
2661 3569 2764 3629 eos
2776 3570 2910 3629 quos
2937 3564 3059 3629 ante
3077 3555 3300 3629 oderat,
3348 3558 3533 3629 diligat

1957 3626 2145 3694 quibus
2170 3624 2378 3693 injustis
2401 3624 2872 3678 obtrectationibus
2897 3624 3200 3680 invidebat:
3229 3627 3397 3682 bonos
3423 3624 3533 3684 ἱῖηἰ-

1957 3703 2191 3766 tctur,et
2216 3694 2284 3748 de
2312 3695 2591 3766 meliorum
2624 3711 2834 3764 semper
2862 3696 3186 3766 profectibus
3214 3699 3528 3766 gratuletur.

1954 3763 2070 3820 Non
2102 3765 2320 3834 deroget
2342 3765 2725 3828 sacerdotibus,
2743 3763 3196 3836 inec'prmpositos
3220 3763 3348 3822 Suos
3375 3787 3534 3825 vene-

1957 3837 2095 3889 natis
2115 3835 2362 3889 dentibus
2384 3837 2599 3898 laceret,
2626 3836 2781 3891 faciat
2802 3852 2858 3890 se
2881 3838 2982 3891 illis
3001 3835 3227 3892 adunata
3250 3840 3536 3896 dilectione

1957 3907 2291 3980 participem.
2321 3907 2625 3980 Dimittetur
2645 3907 2694 3960 ei
2716 3949 2730 3972 ,
2772 3909 2982 3976 quando
3013 3919 3064 3962 et
3094 3909 3205 3980 ipse
3231 3910 3492 3966 dimiserit
3517 3930 3530 3966 :

1955 3979 2283 4044 accipientur
2307 3977 2568 4030 sacrificia
2603 3993 2720 4042 sua,
2767 3993 2886 4031 cum
2936 3989 2990 4033 et
3031 3977 3142 4046 ipse
3187 3982 3437 4047 pacificus
3465 3981 3534 4036 ad

1955 4047 2121 4101 Deum
2153 4047 2455 4100 accesserit.
2501 4047 2709 4115 Cogitet
2735 4049 3096 4116 unusquisque
3135 4051 3364 4117 paradisi
3395 4051 3530 4105 deli-

1954 4119 2096 4184 cias,
2139 4133 2357 4186 regnum
2388 4117 2602 4170 caeleste
2627 4117 2913 4184 desideret,
2945 4118 3010 4172 ad
3052 4119 3192 4186 quod
3232 4121 3535 4176 misericor-

1953 4187 2048 4260 des
2086 4195 2244 4255 atque
2289 4188 2567 4260 unanimes
2617 4186 2857 4260 Christus
2904 4188 3152 4242 admittit.
3204 4187 3526 4260 Cogitemus,

1952 4257 2162 4330 fratres,
2191 4257 2330 4326 quod
2364 4258 2454 4330 lilii
2481 4258 2573 4330 Dei
2616 4257 2648 4330 ii
2681 4259 2779 4312 soli
2811 4268 3035 4330 possunt
3060 4261 3257 4322 vocari,
3286 4257 3375 4330 qui
3407 4257 3530 4318 sunt

1954 4328 2179 4398 pacifici,
2207 4328 2494 4380 secundum
2528 4328 2653 4383 illud
2694 4329 2833 4396 quod
2864 4332 3118 4398 scriptum
3154 4340 3236 4385 est
3271 4328 3393 4385 {In
3439 4336 3532 4388 hoc

1953 4407 2243 4471 cognoscent
2273 4414 2463 4471 omnes,
2495 4399 2620 4471 quia
2655 4402 2750 4452 mei
2789 4401 3024 4471 discipuli
3061 4404 3196 4471 estis,
3227 4404 3272 4455 si
3307 4403 3534 4459 dilectio-

1952 4486 2064 4522 nem
2093 4469 2364 4522 habueritis
2393 4470 2459 4545 ad
2483 4470 2804 4545 invicem;_et
2832 4469 3042 4545 iterum,
3070 4470 3181 4525 Hoc
3211 4484 3532 4545 estpraecep-

1953 4549 2056 4616 tum
2084 4550 2350 4616 meum,__t_tt
2379 4541 2600 4616 diligatis
2646 4542 2852 4616 invicem
2895 4541 3083 4616 Uouit.
3119 4558 3234 4616 ιω,
3394 4541 3528 4616 54⁷).

1951 4611 2033 4685 tAd
2063 4627 2219 4680 quam
2252 4611 2587 4685 dilectionem
2623 4629 2715 4685 vos
2749 4612 2863 4680 pius
2895 4611 3146 4667 Dominus
3177 4614 3328 4667 bonis
3359 4611 3530 4685 operi-

1951 4680 2052 4756 bus
2077 4697 2168 4734 sua
2196 4682 2525 4756 p_rotection_e
2555 4683 2825 4756 perducat,
2859 4685 3010 4751 cujus
3037 4692 3116 4736 est
3149 4686 3315 4737 honor
3341 4680 3534 4756 et'glo-

1951 4754 2028 4823 ria
2057 4767 2176 4805 cum
2216 4752 2373 4806 Patre
2399 4760 2452 4805 et
2477 4751 2674 4823 Spiritu
2705 4764 2887 4808 sancto
2913 4756 2966 4808 in
2995 4763 3184 4810 cuncta
3209 4756 3400 4811 saecula
3424 4751 3533 4813 sae-

1924 4857 1926 4860 ›
1955 4821 2209 4876 culorum.
2243 4823 2433 4877 Amen.

2509 4912 2736 4968 SERMO
2775 4915 2864 4968 xv
2907 4915 3002 4987 (b).

2406 5001 2478 5056 De
2502 5003 2640 5056 beato
2665 5003 2875 5072 Ioseph,
2902 5019 2956 5058 ιιι
2988 5004 3080 5076 (b).

2025 5098 2074 5174 l_.
2104 5095 2205 5174 Cur
2229 5095 2420 5174 Ioseph
2457 5105 2640 5174 sortem
2682 5113 2825 5174 suam
2868 5099 2997 5174 patri
3024 5109 3196 5174 notant
3230 5117 3331 5154 non
3359 5105 3531 5174 fecerit

1950 5169 2138 5222 statim.
2180 5166 2234 5220 ln
2267 5167 2420 5220 beato
2447 5165 2612 5236 lacob
2631 5205 2646 5230 ,
2677 5165 2866 5219 fratres
2891 5167 3186 5222 charissimi
3212 5212 3226 5236 ,
3255 5181 3310 5226 et
3333 5165 3382 5226 in
3409 5190 3532 5230 san-

1949 5249 2034 5292 cto
2072 5238 2179 5292 lilio
2234 5237 2350 5307 ejus
2407 5235 2638 5305 loseph,
2675 5237 2762 5307 qui
2805 5235 3087 5307 diligenter
3124 5242 3383 5312 attendit,
3416 5261 3530 5301 rem

2037 5390 2087 5451 a)
2113 5389 2251 5450 Alias,
2273 5389 2339 5440 de
2361 5397 2600 5452 Tempore
2623 5389 2699 5440 82.

2039 5451 2087 5513 ὁ)
2129 5459 2178 5500 ιη
2221 5451 2493 5515 Appendice
2555 5467 2681 5502 nunc
2732 5454 2937 5516 primum
2999 5455 3278 5506 collocatur.
3348 5462 3533 5511 Dubius

1950 5523 2264 5590 remanserat
2305 5516 2665 5590 tovaniensium
2703 5528 2947 5590 censura,
2986 5521 3320 5590 supposititius
3366 5532 3532 5590 postea

1954 5574 2132 5638 γενιξηί
2151 5582 2202 5624 et
2218 5575 2437 5638 vindingi
2451 5580 2696 5627 sententia
2711 5574 3015 5628 renuntiatus
3027 5574 3133 5630 iuit.
3145 5585 3346 5631 Caasario
3359 5574 3534 5634 adscri-

1953 5636 2167 5685 bendum
2189 5636 2474 5696 censemus,
2501 5642 2694 5689 tametsi
2738 5649 2956 5691 exeunte
3000 5656 3132 5692 num.
3159 5643 3189 5691 6
3212 5645 3422 5694 nonnihil
3445 5647 3530 5695 ba-

1953 5697 2070 5770 beat
2092 5707 2377 5770 excerptum
2401 5714 2464 5770 ex
2491 5701 2669 5770 Pelagii
2693 5701 2751 5750 ad
2791 5704 3143 5770 Demetriadem
3166 5705 3396 5770 Epistola,
3423 5721 3530 5770 quae

1953 5759 2150 5825 quidem
2182 5759 2423 5825 Augustini
2449 5769 2532 5825 aut
2557 5759 2827 5825 I-tieronymi
2853 5777 2963 5814 esse
3009 5765 3121 5813 olim
3141 5759 3324 5816 credita
3348 5759 3530 5819 est.'t)e

1953 5774 2150 5822 quidem
2182 5774 2423 5869 .tugusum
2449 5774 2532 5810 aut
2557 5774 2827 5825 Hieronymi
2853 5777 2963 5814 esse
3009 5774 3121 5813 olim
3141 5774 3324 5816 credita
3348 5777 3440 5819 est.
3464 5778 3527 5819 De

1953 5821 2156 5889 num._5,
2176 5823 2231 5889 Δξῑὶ
2270 5858 2281 5869 .
2297 5825 2486 5889 μεθείηςίὶ
2513 5823 2681 5889 homil._
2696 5826 2763 5889 τυ
2785 5839 2846 5874 ex
2874 5827 3016 5889 editis
3036 5840 3065 5876 a
3087 5826 3292 5889 Baluzio;
3317 5830 3382 5882 de
3397 5843 3527 5882 uuln.

1955 5883 2006 5945 6,
2029 5882 2207 5947 Pelagii
2229 5885 2371 5946 Epist.
2393 5884 2450 5932 ad
2473 5887 2846 5946 Demetriadem,
2871 5901 2974 5950 cap.
2997 5888 3046 5936 5.

2688 5973 3270 6057 ICinquante-six.)
