  <div class='ocr_page' id='page_1' title='image "/cluster/home/n/w/nwhite01/storage/ocr_20150623/39/hvd.32044015471485/151.png"; bbox 0 0 4062 6368; ppageno 0'>
   <div class='ocr_carea' id='block_1_1' title="bbox 495 449 631 506">
    <p class='ocr_par' dir='ltr' id='par_1_1' title="bbox 495 449 631 506">
     <span class='ocr_line' id='line_1_1' title="bbox 495 449 631 506; baseline -0.015 0"><span class='ocrx_word' id='word_1_1' title='bbox 495 449 631 506; x_wconf 71' lang='grc' dir='ltr'><strong>ιπε</strong></span> 
     </span>
    </p>
   </div>
   <div class='ocr_carea' id='block_1_2' title="bbox 493 553 2072 624">
    <p class='ocr_par' dir='ltr' id='par_1_2' title="bbox 493 553 2072 624">
     <span class='ocr_line' id='line_1_2' title="bbox 493 553 2072 624; baseline -0.005 -8"><span class='ocrx_word' id='word_1_2' title='bbox 493 564 599 616; x_wconf 90' lang='lat' dir='ltr'><strong>tius</strong></span> <span class='ocrx_word' id='word_1_3' title='bbox 641 558 884 622; x_wconf 88' lang='lat' dir='ltr'><strong>visitare,</strong></span> <span class='ocrx_word' id='word_1_4' title='bbox 913 555 1008 610; x_wconf 90' lang='lat' dir='ltr'><strong>sed</strong></span> <span class='ocrx_word' id='word_1_5' title='bbox 1039 555 1198 610; x_wconf 89' lang='lat' dir='ltr'><strong>etiam</strong></span> <span class='ocrx_word' id='word_1_6' title='bbox 1223 553 1421 624; x_wconf 83' lang='lat' dir='ltr'><strong>jugiter</strong></span> <span class='ocrx_word' id='word_1_7' title='bbox 1459 553 1698 610; x_wconf 84' lang='lat' dir='ltr'><strong>habitare</strong></span> <span class='ocrx_word' id='word_1_8' title='bbox 1723 553 1778 608; x_wconf 88' lang='lat' dir='ltr'><strong>itt</strong></span> <span class='ocrx_word' id='word_1_9' title='bbox 1803 553 1959 610; x_wconf 90' lang='lat' dir='ltr'><strong>nobis</strong></span> <span class='ocrx_word' id='word_1_10' title='bbox 1987 555 2072 609; x_wconf 89' lang='lat' dir='ltr'><strong>di-</strong></span> 
     </span>
    </p>
   </div>
   <div class='ocr_carea' id='block_1_3' title="bbox 491 625 2074 702">
    <p class='ocr_par' dir='ltr' id='par_1_3' title="bbox 491 625 2074 702">
     <span class='ocr_line' id='line_1_3' title="bbox 491 625 2074 702; baseline -0.004 -15"><span class='ocrx_word' id='word_1_11' title='bbox 491 641 683 702; x_wconf 84' lang='lat' dir='ltr'><strong>gnetur</strong></span> <span class='ocrx_word' id='word_1_12' title='bbox 701 629 828 702; x_wconf 13' lang='lat' dir='ltr'><strong>;iqui</strong></span> <span class='ocrx_word' id='word_1_13' title='bbox 851 642 972 702; x_wconf 83' lang='lat' dir='ltr'><strong>cum</strong></span> <span class='ocrx_word' id='word_1_14' title='bbox 995 627 1150 681; x_wconf 90' lang='lat' dir='ltr'><strong>Patre</strong></span> <span class='ocrx_word' id='word_1_15' title='bbox 1171 635 1224 702; x_wconf 89' lang='lat' dir='ltr'><strong>et</strong></span> <span class='ocrx_word' id='word_1_16' title='bbox 1245 625 1443 696; x_wconf 76' lang='lat' dir='ltr'><strong>Spiritu</strong></span> <span class='ocrx_word' id='word_1_17' title='bbox 1463 634 1648 682; x_wconf 86' lang='lat' dir='ltr'><strong>sancto</strong></span> <span class='ocrx_word' id='word_1_18' title='bbox 1667 625 1796 680; x_wconf 89' lang='lat' dir='ltr'><strong>vivit</strong></span> <span class='ocrx_word' id='word_1_19' title='bbox 1813 633 1870 681; x_wconf 88' lang='lat' dir='ltr'><strong>et</strong></span> <span class='ocrx_word' id='word_1_20' title='bbox 1887 635 2074 697; x_wconf 86' lang='lat' dir='ltr'><strong>regnat</strong></span> 
     </span>
    </p>
   </div>
   <div class='ocr_carea' id='block_1_4' title="bbox 490 697 1351 758">
    <p class='ocr_par' dir='ltr' id='par_1_4' title="bbox 490 697 1351 758">
     <span class='ocr_line' id='line_1_4' title="bbox 490 697 1351 758; baseline -0.012 0"><span class='ocrx_word' id='word_1_21' title='bbox 490 697 546 758; x_wconf 73' lang='lat' dir='ltr'><strong>in</strong></span> <span class='ocrx_word' id='word_1_22' title='bbox 575 697 772 758; x_wconf 65' lang='lat' dir='ltr'><strong>saecula</strong></span> <span class='ocrx_word' id='word_1_23' title='bbox 793 697 1130 754; x_wconf 67' lang='lat' dir='ltr'><strong>mulorum.</strong></span> <span class='ocrx_word' id='word_1_24' title='bbox 1161 698 1351 752; x_wconf 82' lang='lat' dir='ltr'><strong>Amen.</strong></span> 
     </span>
    </p>
   </div>
   <div class='ocr_carea' id='block_1_5' title="bbox 1015 785 1551 860">
    <p class='ocr_par' dir='ltr' id='par_1_5' title="bbox 1015 785 1551 860">
     <span class='ocr_line' id='line_1_5' title="bbox 1015 785 1551 860; baseline 0.002 -17"><span class='ocrx_word' id='word_1_25' title='bbox 1015 786 1242 844; x_wconf 72' lang='lat' dir='ltr'><strong>saeuo</strong></span> <span class='ocrx_word' id='word_1_26' title='bbox 1279 785 1421 842; x_wconf 87' lang='lat' dir='ltr'><strong>xvu</strong></span> <span class='ocrx_word' id='word_1_27' title='bbox 1453 785 1551 860; x_wconf 88' lang='lat' dir='ltr'><strong>(a).</strong></span> 
     </span>
    </p>
   </div>
   <div class='ocr_carea' id='block_1_6' title="bbox 562 877 2000 949">
    <p class='ocr_par' dir='ltr' id='par_1_6' title="bbox 562 877 2000 949">
     <span class='ocr_line' id='line_1_6' title="bbox 562 877 2000 949; baseline -0.006 -11"><span class='ocrx_word' id='word_1_28' title='bbox 562 883 645 938; x_wconf 77' lang='lat' dir='ltr'><strong>De</strong></span> <span class='ocrx_word' id='word_1_29' title='bbox 680 879 1030 936; x_wconf 70' lang='lat' dir='ltr'><strong>colluctatione</strong></span> <span class='ocrx_word' id='word_1_30' title='bbox 1056 877 1423 949; x_wconf 63' lang='lat' dir='ltr'><strong>Egyptiorum</strong></span> <span class='ocrx_word' id='word_1_31' title='bbox 1451 887 1498 932; x_wconf 87' lang='lat' dir='ltr'><strong>et</strong></span> <span class='ocrx_word' id='word_1_32' title='bbox 1526 877 1874 932; x_wconf 87' lang='lat' dir='ltr'><strong>Israelitarum</strong></span> <span class='ocrx_word' id='word_1_33' title='bbox 1903 877 2000 949; x_wconf 74' lang='grc' dir='ltr'><strong>(ὁ).</strong></span> 
     </span>
    </p>
   </div>
   <div class='ocr_carea' id='block_1_7' title="bbox 561 967 2074 1041">
    <p class='ocr_par' dir='ltr' id='par_1_7' title="bbox 561 967 2074 1041">
     <span class='ocr_line' id='line_1_7' title="bbox 561 967 2074 1041; baseline -0.005 -12"><span class='ocrx_word' id='word_1_34' title='bbox 561 977 614 1029; x_wconf 76' lang='grc'><strong>1.</strong></span> <span class='ocrx_word' id='word_1_35' title='bbox 640 973 964 1041; x_wconf 76' lang='lat' dir='ltr'><strong>Tentationes</strong></span> <span class='ocrx_word' id='word_1_36' title='bbox 984 971 1330 1041; x_wconf 81' lang='lat' dir='ltr'><strong>ingravescunt</strong></span> <span class='ocrx_word' id='word_1_37' title='bbox 1351 970 1569 1024; x_wconf 81' lang='lat' dir='ltr'><strong>instante</strong></span> <span class='ocrx_word' id='word_1_38' title='bbox 1585 967 1854 1041; x_wconf 76' lang='lat' dir='ltr'><strong>Paschate.</strong></span> <span class='ocrx_word' id='word_1_39' title='bbox 1881 969 2074 1036; x_wconf 80' lang='lat' dir='ltr'><strong>Quam-</strong></span> 
     </span>
    </p>
   </div>
   <div class='ocr_carea' id='block_1_8' title="bbox 489 1039 2074 1111">
    <p class='ocr_par' dir='ltr' id='par_1_8' title="bbox 489 1039 2074 1111">
     <span class='ocr_line' id='line_1_8' title="bbox 489 1039 2074 1111; baseline -0.004 -11"><span class='ocrx_word' id='word_1_40' title='bbox 489 1048 594 1111; x_wconf 88' lang='lat' dir='ltr'><strong>vis,</strong></span> <span class='ocrx_word' id='word_1_41' title='bbox 617 1045 806 1100; x_wconf 79' lang='lat' dir='ltr'><strong>fratres</strong></span> <span class='ocrx_word' id='word_1_42' title='bbox 825 1039 1142 1106; x_wconf 83' lang='lat' dir='ltr'><strong>charissimi,</strong></span> <span class='ocrx_word' id='word_1_43' title='bbox 1166 1040 1310 1094; x_wconf 90' lang='lat' dir='ltr'><strong>omni</strong></span> <span class='ocrx_word' id='word_1_44' title='bbox 1333 1049 1573 1111; x_wconf 87' lang='lat' dir='ltr'><strong>tempore</strong></span> <span class='ocrx_word' id='word_1_45' title='bbox 1595 1039 1813 1110; x_wconf 83' lang='lat' dir='ltr'><strong>verbum</strong></span> <span class='ocrx_word' id='word_1_46' title='bbox 1839 1041 1928 1094; x_wconf 88' lang='lat' dir='ltr'><strong>Dei</strong></span> <span class='ocrx_word' id='word_1_47' title='bbox 1954 1055 2074 1094; x_wconf 88' lang='lat' dir='ltr'><strong>cum</strong></span> 
     </span>
    </p>
   </div>
   <div class='ocr_carea' id='block_1_9' title="bbox 487 1110 2071 1188">
    <p class='ocr_par' dir='ltr' id='par_1_9' title="bbox 487 1110 2071 1188">
     <span class='ocr_line' id='line_1_9' title="bbox 487 1110 2071 1188; baseline -0.005 -16"><span class='ocrx_word' id='word_1_48' title='bbox 487 1110 678 1188; x_wconf 83' lang='lat' dir='ltr'><strong>grandi</strong></span> <span class='ocrx_word' id='word_1_49' title='bbox 701 1112 1094 1188; x_wconf 83' lang='lat' dir='ltr'><strong>desiderio__nos</strong></span> <span class='ocrx_word' id='word_1_50' title='bbox 1117 1119 1366 1188; x_wconf 74' lang='lat' dir='ltr'><strong>oporteat</strong></span> <span class='ocrx_word' id='word_1_51' title='bbox 1376 1110 1847 1188; x_wconf 75' lang='lat' dir='ltr'><strong>_fidelitersemper</strong></span> <span class='ocrx_word' id='word_1_52' title='bbox 1860 1111 2071 1188; x_wconf 84' lang='lat' dir='ltr'><strong>audire,</strong></span> 
     </span>
    </p>
   </div>
   <div class='ocr_carea' id='block_1_10' title="bbox 489 1180 2073 1252">
    <p class='ocr_par' dir='ltr' id='par_1_10' title="bbox 489 1180 2073 1252">
     <span class='ocr_line' id='line_1_10' title="bbox 489 1180 2073 1252; baseline -0.004 -11"><span class='ocrx_word' id='word_1_53' title='bbox 489 1180 548 1242; x_wconf 74' lang='lat' dir='ltr'><strong>in</strong></span> <span class='ocrx_word' id='word_1_54' title='bbox 583 1187 700 1242; x_wconf 82' lang='lat' dir='ltr'><strong>istis</strong></span> <span class='ocrx_word' id='word_1_55' title='bbox 737 1193 918 1239; x_wconf 89' lang='lat' dir='ltr'><strong>tamen</strong></span> <span class='ocrx_word' id='word_1_56' title='bbox 947 1181 1134 1238; x_wconf 91' lang='lat' dir='ltr'><strong>diebus</strong></span> <span class='ocrx_word' id='word_1_57' title='bbox 1155 1180 1474 1252; x_wconf 76' lang='lat' dir='ltr'><strong>specialiter</strong></span> <span class='ocrx_word' id='word_1_58' title='bbox 1515 1180 1726 1252; x_wconf 83' lang='lat' dir='ltr'><strong>lectioni</strong></span> <span class='ocrx_word' id='word_1_59' title='bbox 1767 1181 1958 1234; x_wconf 67' lang='lat' dir='ltr'><strong>divinat</strong></span> <span class='ocrx_word' id='word_1_60' title='bbox 1991 1183 2073 1234; x_wconf 91' lang='lat' dir='ltr'><strong>iu-</strong></span> 
     </span>
    </p>
   </div>
   <div class='ocr_carea' id='block_1_11' title="bbox 489 1251 2074 1322">
    <p class='ocr_par' dir='ltr' id='par_1_11' title="bbox 489 1251 2074 1322">
     <span class='ocr_line' id='line_1_11' title="bbox 489 1251 2074 1322; baseline -0.004 -9"><span class='ocrx_word' id='word_1_61' title='bbox 489 1259 703 1322; x_wconf 88' lang='lat' dir='ltr'><strong>sistere,</strong></span> <span class='ocrx_word' id='word_1_62' title='bbox 733 1264 788 1310; x_wconf 91' lang='lat' dir='ltr'><strong>et</strong></span> <span class='ocrx_word' id='word_1_63' title='bbox 807 1253 876 1310; x_wconf 91' lang='lat' dir='ltr'><strong>de</strong></span> <span class='ocrx_word' id='word_1_64' title='bbox 900 1253 1072 1308; x_wconf 89' lang='lat' dir='ltr'><strong>salute</strong></span> <span class='ocrx_word' id='word_1_65' title='bbox 1097 1251 1286 1307; x_wconf 68' lang='lat' dir='ltr'><strong>animte</strong></span> <span class='ocrx_word' id='word_1_66' title='bbox 1314 1261 1509 1306; x_wconf 69' lang='lat' dir='ltr'><strong>nostrae</strong></span> <span class='ocrx_word' id='word_1_67' title='bbox 1533 1251 1793 1306; x_wconf 90' lang='lat' dir='ltr'><strong>debemus</strong></span> <span class='ocrx_word' id='word_1_68' title='bbox 1819 1251 2074 1322; x_wconf 72' lang='lat' dir='ltr'><strong>attentius</strong></span> 
     </span>
    </p>
   </div>
   <div class='ocr_carea' id='block_1_12' title="bbox 489 1321 2076 1399">
    <p class='ocr_par' dir='ltr' id='par_1_12' title="bbox 489 1321 2076 1399">
     <span class='ocr_line' id='line_1_12' title="bbox 489 1321 2076 1399; baseline -0.006 -16"><span class='ocrx_word' id='word_1_69' title='bbox 489 1321 724 1399; x_wconf 87' lang='lat' dir='ltr'><strong>cogitare</strong></span> <span class='ocrx_word' id='word_1_70' title='bbox 751 1345 764 1380; x_wconf 90' lang='lat'>:</span> <span class='ocrx_word' id='word_1_71' title='bbox 791 1323 912 1399; x_wconf 82' lang='lat' dir='ltr'><strong>quia</strong></span> <span class='ocrx_word' id='word_1_72' title='bbox 940 1324 1063 1378; x_wconf 91' lang='lat' dir='ltr'><strong>licet</strong></span> <span class='ocrx_word' id='word_1_73' title='bbox 1081 1339 1187 1399; x_wconf 86' lang='lat' dir='ltr'><strong>_per</strong></span> <span class='ocrx_word' id='word_1_74' title='bbox 1213 1333 1382 1399; x_wconf 77' lang='lat' dir='ltr'><strong>totum</strong></span> <span class='ocrx_word' id='word_1_75' title='bbox 1407 1323 1536 1399; x_wconf 73' lang='lat' dir='ltr'><strong>anni</strong></span> <span class='ocrx_word' id='word_1_76' title='bbox 1561 1323 1788 1399; x_wconf 79' lang='lat' dir='ltr'><strong>spatium</strong></span> <span class='ocrx_word' id='word_1_77' title='bbox 1819 1321 2076 1399; x_wconf 51' lang='lat' dir='ltr'><strong>(inrisum</strong></span> 
     </span>
    </p>
   </div>
   <div class='ocr_carea' id='block_1_13' title="bbox 489 1392 2074 1480">
    <p class='ocr_par' dir='ltr' id='par_1_13' title="bbox 489 1392 2074 1480">
     <span class='ocr_line' id='line_1_13' title="bbox 489 1392 2074 1480; baseline -0.003 -27"><span class='ocrx_word' id='word_1_78' title='bbox 489 1392 682 1480; x_wconf 58' lang='lat' dir='ltr'><strong>norum</strong></span> <span class='ocrx_word' id='word_1_79' title='bbox 713 1392 942 1480; x_wconf 77' lang='lat' dir='ltr'><strong>populus</strong></span> <span class='ocrx_word' id='word_1_80' title='bbox 989 1392 1456 1480; x_wconf 41' lang='lat' dir='ltr'><strong>multis-vitiorum</strong></span> <span class='ocrx_word' id='word_1_81' title='bbox 1503 1392 2074 1480; x_wconf 44' lang='lat' dir='ltr'><strong>manibusncall&#39;iditate</strong></span> 
     </span>
    </p>
   </div>
   <div class='ocr_carea' id='block_1_14' title="bbox 489 1463 2072 1538">
    <p class='ocr_par' dir='ltr' id='par_1_14' title="bbox 489 1463 2072 1538">
     <span class='ocr_line' id='line_1_14' title="bbox 489 1463 2072 1538; baseline -0.004 -14"><span class='ocrx_word' id='word_1_82' title='bbox 489 1469 685 1525; x_wconf 89' lang='lat' dir='ltr'><strong>diaboli</strong></span> <span class='ocrx_word' id='word_1_83' title='bbox 713 1463 974 1538; x_wconf 70' lang='lat' dir='ltr'><strong>fatigetur,</strong></span> <span class='ocrx_word' id='word_1_84' title='bbox 1005 1465 1322 1520; x_wconf 82' lang='lat' dir='ltr'><strong>adveniente</strong></span> <span class='ocrx_word' id='word_1_85' title='bbox 1348 1473 1524 1538; x_wconf 80' lang='lat' dir='ltr'><strong>tamen</strong></span> <span class='ocrx_word' id='word_1_86' title='bbox 1555 1463 1798 1518; x_wconf 86' lang='lat' dir='ltr'><strong>Paschali</strong></span> <span class='ocrx_word' id='word_1_87' title='bbox 1822 1464 2072 1518; x_wconf 83' lang='lat' dir='ltr'><strong>solemni-</strong></span> 
     </span>
    </p>
   </div>
   <div class='ocr_carea' id='block_1_15' title="bbox 487 1533 2072 1607">
    <p class='ocr_par' dir='ltr' id='par_1_15' title="bbox 487 1533 2072 1607">
     <span class='ocr_line' id='line_1_15' title="bbox 487 1533 2072 1607; baseline -0.005 -13"><span class='ocrx_word' id='word_1_88' title='bbox 487 1549 632 1606; x_wconf 86' lang='lat' dir='ltr'><strong>tate,</strong></span> <span class='ocrx_word' id='word_1_89' title='bbox 662 1533 865 1607; x_wconf 74' lang='lat' dir='ltr'><strong>majore</strong></span> <span class='ocrx_word' id='word_1_90' title='bbox 906 1537 1107 1607; x_wconf 86' lang='lat' dir='ltr'><strong>impetu</strong></span> <span class='ocrx_word' id='word_1_91' title='bbox 1147 1545 1328 1589; x_wconf 88' lang='lat' dir='ltr'><strong>contra</strong></span> <span class='ocrx_word' id='word_1_92' title='bbox 1355 1533 1542 1607; x_wconf 76' lang='lat' dir='ltr'><strong>fideles</strong></span> <span class='ocrx_word' id='word_1_93' title='bbox 1569 1549 1810 1604; x_wconf 89' lang='lat' dir='ltr'><strong>quosque</strong></span> <span class='ocrx_word' id='word_1_94' title='bbox 1844 1549 1907 1607; x_wconf 83' lang='lat' dir='ltr'><strong>se</strong></span> <span class='ocrx_word' id='word_1_95' title='bbox 1932 1549 2072 1607; x_wconf 78' lang='lat' dir='ltr'><strong>prae-</strong></span> 
     </span>
    </p>
   </div>
   <div class='ocr_carea' id='block_1_16' title="bbox 487 1604 2073 1680">
    <p class='ocr_par' dir='ltr' id='par_1_16' title="bbox 487 1604 2073 1680">
     <span class='ocr_line' id='line_1_16' title="bbox 487 1604 2073 1680; baseline -0.004 -14"><span class='ocrx_word' id='word_1_96' title='bbox 487 1604 680 1680; x_wconf 78' lang='lat' dir='ltr'><strong>parare</strong></span> <span class='ocrx_word' id='word_1_97' title='bbox 705 1604 1012 1674; x_wconf 54' lang='lat' dir='ltr'><strong>consuevit}</strong></span> <span class='ocrx_word' id='word_1_98' title='bbox 1043 1615 1097 1660; x_wconf 89' lang='lat' dir='ltr'><strong>et</strong></span> <span class='ocrx_word' id='word_1_99' title='bbox 1120 1605 1452 1680; x_wconf 80' lang='lat' dir='ltr'><strong>gravioribus</strong></span> <span class='ocrx_word' id='word_1_100' title='bbox 1475 1615 1814 1680; x_wconf 77' lang='lat' dir='ltr'><strong>peccatorum</strong></span> <span class='ocrx_word' id='word_1_101' title='bbox 1843 1604 2073 1680; x_wconf 81' lang='lat' dir='ltr'><strong>stimulis</strong></span> 
     </span>
    </p>
   </div>
   <div class='ocr_carea' id='block_1_17' title="bbox 487 1675 2069 1746">
    <p class='ocr_par' dir='ltr' id='par_1_17' title="bbox 487 1675 2069 1746">
     <span class='ocr_line' id='line_1_17' title="bbox 487 1675 2069 1746; baseline -0.005 -10"><span class='ocrx_word' id='word_1_102' title='bbox 487 1675 648 1736; x_wconf 79' lang='lat' dir='ltr'><strong>corda</strong></span> <span class='ocrx_word' id='word_1_103' title='bbox 693 1689 873 1734; x_wconf 89' lang='lat' dir='ltr'><strong>nostra</strong></span> <span class='ocrx_word' id='word_1_104' title='bbox 916 1675 1272 1746; x_wconf 84' lang='lat' dir='ltr'><strong>compungere</strong></span> <span class='ocrx_word' id='word_1_105' title='bbox 1313 1679 1396 1730; x_wconf 92' lang='lat' dir='ltr'><strong>vel</strong></span> <span class='ocrx_word' id='word_1_106' title='bbox 1441 1675 1734 1746; x_wconf 79' lang='lat' dir='ltr'><strong>inquietare</strong></span> <span class='ocrx_word' id='word_1_107' title='bbox 1777 1675 2069 1730; x_wconf 89' lang='lat' dir='ltr'><strong>contendit.</strong></span> 
     </span>
    </p>
   </div>
   <div class='ocr_carea' id='block_1_18' title="bbox 489 1745 2073 1807">
    <p class='ocr_par' dir='ltr' id='par_1_18' title="bbox 489 1745 2073 1807">
     <span class='ocr_line' id='line_1_18' title="bbox 489 1745 2073 1807; baseline -0.004 0"><span class='ocrx_word' id='word_1_108' title='bbox 489 1751 638 1807; x_wconf 90' lang='lat' dir='ltr'><strong>Sicut</strong></span> <span class='ocrx_word' id='word_1_109' title='bbox 666 1751 808 1807; x_wconf 90' lang='lat' dir='ltr'><strong>enim</strong></span> <span class='ocrx_word' id='word_1_110' title='bbox 837 1750 890 1803; x_wconf 92' lang='lat' dir='ltr'><strong>in</strong></span> <span class='ocrx_word' id='word_1_111' title='bbox 919 1747 1106 1802; x_wconf 88' lang='lat' dir='ltr'><strong>diebus</strong></span> <span class='ocrx_word' id='word_1_112' title='bbox 1133 1745 1248 1802; x_wconf 69' lang='lat' dir='ltr'><strong>iétis</strong></span> <span class='ocrx_word' id='word_1_113' title='bbox 1274 1747 1338 1800; x_wconf 92' lang='lat' dir='ltr'><strong>ad</strong></span> <span class='ocrx_word' id='word_1_114' title='bbox 1367 1745 1767 1800; x_wconf 82' lang='lat' dir='ltr'><strong>similitudinem</strong></span> <span class='ocrx_word' id='word_1_115' title='bbox 1795 1746 1990 1800; x_wconf 83' lang='lat' dir='ltr'><strong>diaboli</strong></span> <span class='ocrx_word' id='word_1_116' title='bbox 2019 1757 2073 1800; x_wconf 93' lang='lat' dir='ltr'><strong>et</strong></span> 
     </span>
    </p>
   </div>
   <div class='ocr_carea' id='block_1_19' title="bbox 488 1815 2074 1892">
    <p class='ocr_par' dir='ltr' id='par_1_19' title="bbox 488 1815 2074 1892">
     <span class='ocr_line' id='line_1_19' title="bbox 488 1815 2074 1892; baseline -0.003 -15"><span class='ocrx_word' id='word_1_117' title='bbox 488 1823 798 1892; x_wconf 77' lang='lat' dir='ltr'><strong>angelorum</strong></span> <span class='ocrx_word' id='word_1_118' title='bbox 828 1819 943 1890; x_wconf 85' lang='lat' dir='ltr'><strong>ejus</strong></span> <span class='ocrx_word' id='word_1_119' title='bbox 973 1835 1070 1892; x_wconf 81' lang='lat' dir='ltr'><strong>rex</strong></span> <span class='ocrx_word' id='word_1_120' title='bbox 1095 1817 1304 1892; x_wconf 78' lang='lat' dir='ltr'><strong>Pharao</strong></span> <span class='ocrx_word' id='word_1_121' title='bbox 1343 1827 1398 1872; x_wconf 89' lang='lat' dir='ltr'><strong>ct</strong></span> <span class='ocrx_word' id='word_1_122' title='bbox 1433 1815 2074 1892; x_wconf 54' lang='lat' dir='ltr'><strong>Egyptiorumpopulus</strong></span> 
     </span>
    </p>
   </div>
   <div class='ocr_carea' id='block_1_20' title="bbox 488 1885 2072 1963">
    <p class='ocr_par' dir='ltr' id='par_1_20' title="bbox 488 1885 2072 1963">
     <span class='ocr_line' id='line_1_20' title="bbox 488 1885 2072 1963; baseline -0.005 -15"><span class='ocrx_word' id='word_1_123' title='bbox 488 1885 943 1963; x_wconf 62' lang='lat' dir='ltr'><strong>persequebantur</strong></span> <span class='ocrx_word' id='word_1_124' title='bbox 971 1890 1107 1963; x_wconf 82' lang='lat' dir='ltr'><strong>filios</strong></span> <span class='ocrx_word' id='word_1_125' title='bbox 1138 1887 1298 1963; x_wconf 72' lang='lat' dir='ltr'><strong>Israel</strong></span> <span class='ocrx_word' id='word_1_126' title='bbox 1318 1929 1332 1952; x_wconf 95' lang='lat'><strong>,</strong></span> <span class='ocrx_word' id='word_1_127' title='bbox 1362 1897 1416 1942; x_wconf 94' lang='lat' dir='ltr'><strong>et</strong></span> <span class='ocrx_word' id='word_1_128' title='bbox 1455 1885 1699 1963; x_wconf 40' lang='lat' dir='ltr'><strong>luto;eos</strong></span> <span class='ocrx_word' id='word_1_129' title='bbox 1725 1901 1796 1963; x_wconf 87' lang='lat' dir='ltr'><strong>ac_</strong></span> <span class='ocrx_word' id='word_1_130' title='bbox 1819 1885 2072 1963; x_wconf 84' lang='lat' dir='ltr'><strong>lateribus</strong></span> 
     </span>
    </p>
   </div>
   <div class='ocr_carea' id='block_1_21' title="bbox 489 1957 2074 2033">
    <p class='ocr_par' dir='ltr' id='par_1_21' title="bbox 489 1957 2074 2033">
     <span class='ocr_line' id='line_1_21' title="bbox 489 1957 2074 2033; baseline -0.003 -15"><span class='ocrx_word' id='word_1_131' title='bbox 489 1957 787 2033; x_wconf 70' lang='lat' dir='ltr'><strong>afﬂigentes</strong></span> <span class='ocrx_word' id='word_1_132' title='bbox 813 1957 1706 2033; x_wconf 75' lang='lat' dir='ltr'><strong>ad_amaritudinemperducebant</strong></span> <span class='ocrx_word' id='word_1_133' title='bbox 1737 1976 1750 2010; x_wconf 89' lang='lat'><strong>:</strong></span> <span class='ocrx_word' id='word_1_134' title='bbox 1783 1957 1855 2033; x_wconf 85' lang='lat' dir='ltr'><strong>ita</strong></span> <span class='ocrx_word' id='word_1_135' title='bbox 1890 1967 1942 2011; x_wconf 90' lang='lat' dir='ltr'><strong>et</strong></span> <span class='ocrx_word' id='word_1_136' title='bbox 1975 1957 2074 2013; x_wconf 88' lang='lat' dir='ltr'><strong>hoc</strong></span> 
     </span>
    </p>
   </div>
   <div class='ocr_carea' id='block_1_22' title="bbox 489 2027 2073 2104">
    <p class='ocr_par' dir='ltr' id='par_1_22' title="bbox 489 2027 2073 2104">
     <span class='ocr_line' id='line_1_22' title="bbox 489 2027 2073 2104; baseline -0.004 -14"><span class='ocrx_word' id='word_1_137' title='bbox 489 2027 728 2104; x_wconf 77' lang='lat' dir='ltr'><strong>tempore</strong></span> <span class='ocrx_word' id='word_1_138' title='bbox 753 2031 1066 2104; x_wconf 81' lang='lat' dir='ltr'><strong>imminente</strong></span> <span class='ocrx_word' id='word_1_139' title='bbox 1103 2028 1344 2104; x_wconf 88' lang='lat' dir='ltr'><strong>Pa_s_chali</strong></span> <span class='ocrx_word' id='word_1_140' title='bbox 1370 2028 1707 2104; x_wconf 71' lang='lat' dir='ltr'><strong>solemnitate</strong></span> <span class='ocrx_word' id='word_1_141' title='bbox 1723 2070 1738 2092; x_wconf 91' lang='lat'><strong>,</strong></span> <span class='ocrx_word' id='word_1_142' title='bbox 1767 2027 2073 2104; x_wconf 88' lang='lat' dir='ltr'><strong>_quia_veros</strong></span> 
     </span>
    </p>
   </div>
   <div class='ocr_carea' id='block_1_23' title="bbox 487 2097 2074 2172">
    <p class='ocr_par' dir='ltr' id='par_1_23' title="bbox 487 2097 2074 2172">
     <span class='ocr_line' id='line_1_23' title="bbox 487 2097 2074 2172; baseline -0.005 -10"><span class='ocrx_word' id='word_1_143' title='bbox 487 2097 753 2162; x_wconf 75' lang='lat' dir='ltr'><strong>Iaraelitas</strong></span> <span class='ocrx_word' id='word_1_144' title='bbox 779 2100 872 2172; x_wconf 89' lang='lat' dir='ltr'><strong>qui</strong></span> <span class='ocrx_word' id='word_1_145' title='bbox 908 2099 1210 2172; x_wconf 81' lang='lat' dir='ltr'><strong>baptizandi</strong></span> <span class='ocrx_word' id='word_1_146' title='bbox 1245 2109 1405 2172; x_wconf 80' lang='lat' dir='ltr'><strong>sunt,</strong></span> <span class='ocrx_word' id='word_1_147' title='bbox 1435 2098 1582 2154; x_wconf 89' lang='lat' dir='ltr'><strong>dolet</strong></span> <span class='ocrx_word' id='word_1_148' title='bbox 1603 2097 1850 2172; x_wconf 84' lang='lat' dir='ltr'><strong>diabolus</strong></span> <span class='ocrx_word' id='word_1_149' title='bbox 1878 2097 1946 2153; x_wconf 91' lang='lat' dir='ltr'><strong>de</strong></span> <span class='ocrx_word' id='word_1_150' title='bbox 1975 2113 2074 2154; x_wconf 90' lang='lat' dir='ltr'><strong>suo</strong></span> 
     </span>
    </p>
   </div>
   <div class='ocr_carea' id='block_1_24' title="bbox 487 2170 2075 2240">
    <p class='ocr_par' dir='ltr' id='par_1_24' title="bbox 487 2170 2075 2240">
     <span class='ocr_line' id='line_1_24' title="bbox 487 2170 2075 2240; baseline -0.004 -10"><span class='ocrx_word' id='word_1_151' title='bbox 487 2175 724 2230; x_wconf 90' lang='lat' dir='ltr'><strong>exercitu</strong></span> <span class='ocrx_word' id='word_1_152' title='bbox 755 2170 836 2227; x_wconf 83' lang='lat' dir='ltr'><strong>vel</strong></span> <span class='ocrx_word' id='word_1_153' title='bbox 863 2170 1200 2240; x_wconf 71' lang='lat' dir='ltr'><strong>possessione</strong></span> <span class='ocrx_word' id='word_1_154' title='bbox 1229 2170 1525 2234; x_wconf 87' lang='lat' dir='ltr'><strong>discedere,</strong></span> <span class='ocrx_word' id='word_1_155' title='bbox 1551 2170 1822 2240; x_wconf 82' lang='lat' dir='ltr'><strong>graviores</strong></span> <span class='ocrx_word' id='word_1_156' title='bbox 1850 2183 2075 2240; x_wconf 84' lang='lat' dir='ltr'><strong>consue-</strong></span> 
     </span>
    </p>
   </div>
   <div class='ocr_carea' id='block_1_25' title="bbox 487 2239 2072 2312">
    <p class='ocr_par' dir='ltr' id='par_1_25' title="bbox 487 2239 2072 2312">
     <span class='ocr_line' id='line_1_25' title="bbox 487 2239 2072 2312; baseline -0.004 -12"><span class='ocrx_word' id='word_1_157' title='bbox 487 2247 562 2300; x_wconf 91' lang='lat' dir='ltr'><strong>vit</strong></span> <span class='ocrx_word' id='word_1_158' title='bbox 591 2239 957 2300; x_wconf 82' lang='lat' dir='ltr'><strong>tribulationes</strong></span> <span class='ocrx_word' id='word_1_159' title='bbox 985 2241 1270 2312; x_wconf 86' lang='lat' dir='ltr'><strong>immittere</strong></span> <span class='ocrx_word' id='word_1_160' title='bbox 1289 2283 1302 2304; x_wconf 91' lang='lat'><strong>,</strong></span> <span class='ocrx_word' id='word_1_161' title='bbox 1333 2251 1389 2296; x_wconf 89' lang='lat' dir='ltr'><strong>et</strong></span> <span class='ocrx_word' id='word_1_162' title='bbox 1417 2241 1619 2312; x_wconf 82' lang='lat' dir='ltr'><strong>majora</strong></span> <span class='ocrx_word' id='word_1_163' title='bbox 1643 2239 1904 2312; x_wconf 79' lang='lat' dir='ltr'><strong>scandala</strong></span> <span class='ocrx_word' id='word_1_164' title='bbox 1940 2255 2072 2294; x_wconf 87' lang='lat' dir='ltr'><strong>con-</strong></span> 
     </span>
    </p>
   </div>
   <div class='ocr_carea' id='block_1_26' title="bbox 487 2309 2070 2384">
    <p class='ocr_par' dir='ltr' id='par_1_26' title="bbox 487 2309 2070 2384">
     <span class='ocr_line' id='line_1_26' title="bbox 487 2309 2070 2384; baseline -0.004 -14"><span class='ocrx_word' id='word_1_165' title='bbox 487 2316 672 2370; x_wconf 89' lang='lat' dir='ltr'><strong>citare.</strong></span> <span class='ocrx_word' id='word_1_166' title='bbox 702 2313 806 2370; x_wconf 87' lang='lat' dir='ltr'><strong>Sed</strong></span> <span class='ocrx_word' id='word_1_167' title='bbox 835 2327 952 2384; x_wconf 88' lang='lat' dir='ltr'><strong>nos,</strong></span> <span class='ocrx_word' id='word_1_168' title='bbox 980 2313 1026 2366; x_wconf 88' lang='lat' dir='ltr'><strong>si</strong></span> <span class='ocrx_word' id='word_1_169' title='bbox 1053 2311 1266 2384; x_wconf 88' lang='lat' dir='ltr'><strong>Moysen</strong></span> <span class='ocrx_word' id='word_1_170' title='bbox 1293 2309 1584 2384; x_wconf 78' lang='lat' dir='ltr'><strong>sequimur,</strong></span> <span class='ocrx_word' id='word_1_171' title='bbox 1609 2310 1660 2364; x_wconf 89' lang='lat' dir='ltr'><strong>id</strong></span> <span class='ocrx_word' id='word_1_172' title='bbox 1686 2309 2070 2384; x_wconf 7' lang='lat' dir='ltr'><strong>e_st,gsi_L_egem</strong></span> 
     </span>
    </p>
   </div>
   <div class='ocr_carea' id='block_1_27' title="bbox 487 2381 2074 2452">
    <p class='ocr_par' dir='ltr' id='par_1_27' title="bbox 487 2381 2074 2452">
     <span class='ocr_line' id='line_1_27' title="bbox 487 2381 2074 2452; baseline -0.003 -11"><span class='ocrx_word' id='word_1_173' title='bbox 487 2385 716 2442; x_wconf 88' lang='lat' dir='ltr'><strong>libenter</strong></span> <span class='ocrx_word' id='word_1_174' title='bbox 757 2383 1034 2447; x_wconf 86' lang='lat' dir='ltr'><strong>audimus,</strong></span> <span class='ocrx_word' id='word_1_175' title='bbox 1067 2393 1120 2437; x_wconf 90' lang='lat' dir='ltr'><strong>et</strong></span> <span class='ocrx_word' id='word_1_176' title='bbox 1140 2381 1297 2438; x_wconf 62' lang='lat' dir='ltr'><strong>&#39;retro</strong></span> <span class='ocrx_word' id='word_1_177' title='bbox 1333 2381 1600 2452; x_wconf 80' lang='lat' dir='ltr'><strong>reSpicere</strong></span> <span class='ocrx_word' id='word_1_178' title='bbox 1643 2381 1728 2436; x_wconf 87' lang='lat' dir='ltr'><strong>vel</strong></span> <span class='ocrx_word' id='word_1_179' title='bbox 1769 2381 2074 2436; x_wconf 87' lang='lat' dir='ltr'><strong>desiderare</strong></span> 
     </span>
    </p>
   </div>
   <div class='ocr_carea' id='block_1_28' title="bbox 489 2453 2070 2529">
    <p class='ocr_par' dir='ltr' id='par_1_28' title="bbox 489 2453 2070 2529">
     <span class='ocr_line' id='line_1_28' title="bbox 489 2453 2070 2529; baseline -0.003 -19"><span class='ocrx_word' id='word_1_180' title='bbox 489 2457 786 2529; x_wconf 66' lang='lat' dir='ltr'><strong>Egyptutn</strong></span> <span class='ocrx_word' id='word_1_181' title='bbox 809 2453 1091 2529; x_wconf 77' lang='lat' dir='ltr'><strong>nolumus;</strong></span> <span class='ocrx_word' id='word_1_182' title='bbox 1135 2454 1412 2529; x_wconf 81' lang='lat' dir='ltr'><strong>Pharaone</strong></span> <span class='ocrx_word' id='word_1_183' title='bbox 1444 2453 1720 2529; x_wconf 85' lang='lat' dir='ltr'><strong>submerso</strong></span> <span class='ocrx_word' id='word_1_184' title='bbox 1759 2467 1854 2529; x_wconf 84' lang='lat' dir='ltr'><strong>per</strong></span> <span class='ocrx_word' id='word_1_185' title='bbox 1887 2467 2070 2529; x_wconf 78' lang='lat' dir='ltr'><strong>_sacra-</strong></span> 
     </span>
    </p>
   </div>
   <div class='ocr_carea' id='block_1_29' title="bbox 489 2523 2068 2594">
    <p class='ocr_par' dir='ltr' id='par_1_29' title="bbox 489 2523 2068 2594">
     <span class='ocr_line' id='line_1_29' title="bbox 489 2523 2068 2594; baseline -0.004 -12"><span class='ocrx_word' id='word_1_186' title='bbox 489 2523 726 2583; x_wconf 68' lang='lat' dir='ltr'><strong>metitum</strong></span> <span class='ocrx_word' id='word_1_187' title='bbox 753 2525 1006 2594; x_wconf 86' lang='lat' dir='ltr'><strong>Baptismi</strong></span> <span class='ocrx_word' id='word_1_188' title='bbox 1026 2565 1040 2588; x_wconf 94' lang='lat'><strong>,</strong></span> <span class='ocrx_word' id='word_1_189' title='bbox 1072 2524 1215 2578; x_wconf 90' lang='lat' dir='ltr'><strong>velut</strong></span> <span class='ocrx_word' id='word_1_190' title='bbox 1241 2539 1336 2594; x_wconf 89' lang='lat' dir='ltr'><strong>per</strong></span> <span class='ocrx_word' id='word_1_191' title='bbox 1367 2524 1642 2594; x_wconf 82' lang='lat' dir='ltr'><strong>transitum</strong></span> <span class='ocrx_word' id='word_1_192' title='bbox 1684 2523 1846 2578; x_wconf 88' lang='lat' dir='ltr'><strong>maris</strong></span> <span class='ocrx_word' id='word_1_193' title='bbox 1885 2523 2068 2590; x_wconf 79' lang='lat' dir='ltr'><strong>Rubri,</strong></span> 
     </span>
    </p>
   </div>
   <div class='ocr_carea' id='block_1_30' title="bbox 489 2593 1676 2668">
    <p class='ocr_par' dir='ltr' id='par_1_30' title="bbox 489 2593 1676 2668">
     <span class='ocr_line' id='line_1_30' title="bbox 489 2593 1676 2668; baseline -0.007 -14"><span class='ocrx_word' id='word_1_194' title='bbox 489 2598 557 2654; x_wconf 91' lang='lat' dir='ltr'><strong>de</strong></span> <span class='ocrx_word' id='word_1_195' title='bbox 584 2599 700 2668; x_wconf 70' lang='lat' dir='ltr'><strong>ejus</strong></span> <span class='ocrx_word' id='word_1_196' title='bbox 725 2602 986 2668; x_wconf 81' lang='lat' dir='ltr'><strong>potestate</strong></span> <span class='ocrx_word' id='word_1_197' title='bbox 1015 2595 1096 2648; x_wconf 87' lang='lat' dir='ltr'><strong>vel</strong></span> <span class='ocrx_word' id='word_1_198' title='bbox 1123 2593 1339 2668; x_wconf 80' lang='lat' dir='ltr'><strong>servitio</strong></span> <span class='ocrx_word' id='word_1_199' title='bbox 1367 2593 1676 2668; x_wconf 78' lang='lat' dir='ltr'><strong>liberamur.</strong></span> 
     </span>
    </p>
   </div>
   <div class='ocr_carea' id='block_1_31' title="bbox 559 2663 2068 2734">
    <p class='ocr_par' dir='ltr' id='par_1_31' title="bbox 559 2663 2068 2734">
     <span class='ocr_line' id='line_1_31' title="bbox 559 2663 2068 2734; baseline -0.003 -13"><span class='ocrx_word' id='word_1_200' title='bbox 559 2663 627 2722; x_wconf 56' lang='grc' dir='ltr'><strong>ΞΣ</strong></span> <span class='ocrx_word' id='word_1_201' title='bbox 657 2663 902 2719; x_wconf 76' lang='lat' dir='ltr'><strong>Diabolus</strong></span> <span class='ocrx_word' id='word_1_202' title='bbox 931 2681 1030 2718; x_wconf 90' lang='lat' dir='ltr'><strong>non</strong></span> <span class='ocrx_word' id='word_1_203' title='bbox 1059 2665 1370 2734; x_wconf 80' lang='lat' dir='ltr'><strong>persequitur</strong></span> <span class='ocrx_word' id='word_1_204' title='bbox 1397 2664 1493 2716; x_wconf 89' lang='lat' dir='ltr'><strong>nisi</strong></span> <span class='ocrx_word' id='word_1_205' title='bbox 1521 2663 1707 2734; x_wconf 84' lang='lat' dir='ltr'><strong>bonos.</strong></span> <span class='ocrx_word' id='word_1_206' title='bbox 1733 2663 1865 2717; x_wconf 85' lang='lat' dir='ltr'><strong>Deus</strong></span> <span class='ocrx_word' id='word_1_207' title='bbox 1893 2663 2068 2732; x_wconf 89' lang='lat' dir='ltr'><strong>bonos,</strong></span> 
     </span>
    </p>
   </div>
   <div class='ocr_carea' id='block_1_32' title="bbox 489 2733 2068 2799">
    <p class='ocr_par' dir='ltr' id='par_1_32' title="bbox 489 2733 2068 2799">
     <span class='ocr_line' id='line_1_32' title="bbox 489 2733 2068 2799; baseline -0.003 -6"><span class='ocrx_word' id='word_1_208' title='bbox 489 2739 720 2792; x_wconf 79' lang='lat' dir='ltr'><strong>diabolus</strong></span> <span class='ocrx_word' id='word_1_209' title='bbox 759 2737 918 2788; x_wconf 87' lang='lat' dir='ltr'><strong>malos</strong></span> <span class='ocrx_word' id='word_1_210' title='bbox 949 2733 1092 2788; x_wconf 79' lang='lat' dir='ltr'><strong>habet</strong></span> <span class='ocrx_word' id='word_1_211' title='bbox 1123 2735 1374 2788; x_wconf 81' lang='lat' dir='ltr'><strong>ministros</strong></span> <span class='ocrx_word' id='word_1_212' title='bbox 1401 2751 1539 2787; x_wconf 87' lang='lat' dir='ltr'><strong>suos.</strong></span> <span class='ocrx_word' id='word_1_213' title='bbox 1573 2733 1936 2788; x_wconf 86' lang='lat' dir='ltr'><strong>Certissimum</strong></span> <span class='ocrx_word' id='word_1_214' title='bbox 1968 2741 2068 2799; x_wconf 85' lang='lat' dir='ltr'><strong>est,</strong></span> 
     </span>
    </p>
   </div>
   <div class='ocr_carea' id='block_1_33' title="bbox 488 2803 2072 2875">
    <p class='ocr_par' dir='ltr' id='par_1_33' title="bbox 488 2803 2072 2875">
     <span class='ocr_line' id='line_1_33' title="bbox 488 2803 2072 2875; baseline -0.003 -11"><span class='ocrx_word' id='word_1_215' title='bbox 488 2811 683 2864; x_wconf 82' lang='lat' dir='ltr'><strong>fratres</strong></span> <span class='ocrx_word' id='word_1_216' title='bbox 706 2807 1002 2862; x_wconf 87' lang='lat' dir='ltr'><strong>charissimi</strong></span> <span class='ocrx_word' id='word_1_217' title='bbox 1025 2847 1040 2870; x_wconf 97' lang='lat'><strong>,</strong></span> <span class='ocrx_word' id='word_1_218' title='bbox 1072 2805 1193 2872; x_wconf 84' lang='lat' dir='ltr'><strong>quia</strong></span> <span class='ocrx_word' id='word_1_219' title='bbox 1223 2804 1488 2872; x_wconf 86' lang='lat' dir='ltr'><strong>quomodo</strong></span> <span class='ocrx_word' id='word_1_220' title='bbox 1517 2814 1641 2859; x_wconf 92' lang='lat' dir='ltr'><strong>tunc</strong></span> <span class='ocrx_word' id='word_1_221' title='bbox 1669 2803 1904 2875; x_wconf 65' lang='lat' dir='ltr'><strong>Egyplii</strong></span> <span class='ocrx_word' id='word_1_222' title='bbox 1935 2803 2072 2859; x_wconf 88' lang='lat' dir='ltr'><strong>filios</strong></span> 
     </span>
    </p>
   </div>
   <div class='ocr_carea' id='block_1_34' title="bbox 487 2875 2072 2944">
    <p class='ocr_par' dir='ltr' id='par_1_34' title="bbox 487 2875 2072 2944">
     <span class='ocr_line' id='line_1_34' title="bbox 487 2875 2072 2944; baseline -0.004 -8"><span class='ocrx_word' id='word_1_223' title='bbox 487 2879 652 2936; x_wconf 88' lang='lat' dir='ltr'><strong>Israel</strong></span> <span class='ocrx_word' id='word_1_224' title='bbox 695 2876 877 2932; x_wconf 87' lang='lat' dir='ltr'><strong>multis</strong></span> <span class='ocrx_word' id='word_1_225' title='bbox 917 2876 1346 2930; x_wconf 75' lang='lat' dir='ltr'><strong>tribulatiOnibus</strong></span> <span class='ocrx_word' id='word_1_226' title='bbox 1389 2875 1455 2929; x_wconf 91' lang='lat' dir='ltr'><strong>ad</strong></span> <span class='ocrx_word' id='word_1_227' title='bbox 1498 2875 1902 2930; x_wconf 87' lang='lat' dir='ltr'><strong>amaritudinem</strong></span> <span class='ocrx_word' id='word_1_228' title='bbox 1947 2890 2072 2944; x_wconf 89' lang='lat' dir='ltr'><strong>per-</strong></span> 
     </span>
    </p>
   </div>
   <div class='ocr_carea' id='block_1_35' title="bbox 489 2945 2073 3016">
    <p class='ocr_par' dir='ltr' id='par_1_35' title="bbox 489 2945 2073 3016">
     <span class='ocr_line' id='line_1_35' title="bbox 489 2945 2073 3016; baseline -0.003 -10"><span class='ocrx_word' id='word_1_229' title='bbox 489 2951 755 3006; x_wconf 87' lang='lat' dir='ltr'><strong>ducebant</strong></span> <span class='ocrx_word' id='word_1_230' title='bbox 781 2965 794 3000; x_wconf 88' lang='lat'><strong>:</strong></span> <span class='ocrx_word' id='word_1_231' title='bbox 826 2947 918 3008; x_wconf 87' lang='lat' dir='ltr'><strong>ita,</strong></span> <span class='ocrx_word' id='word_1_232' title='bbox 952 2948 1088 3000; x_wconf 88' lang='lat' dir='ltr'><strong>sicut</strong></span> <span class='ocrx_word' id='word_1_233' title='bbox 1111 2947 1218 3016; x_wconf 85' lang='lat' dir='ltr'><strong>jam</strong></span> <span class='ocrx_word' id='word_1_234' title='bbox 1249 2945 1478 3016; x_wconf 79' lang='lat' dir='ltr'><strong>diximus</strong></span> <span class='ocrx_word' id='word_1_235' title='bbox 1497 2988 1510 3010; x_wconf 93' lang='lat'><strong>,</strong></span> <span class='ocrx_word' id='word_1_236' title='bbox 1540 2955 1594 3000; x_wconf 91' lang='lat' dir='ltr'><strong>et</strong></span> <span class='ocrx_word' id='word_1_237' title='bbox 1621 2947 1671 2999; x_wconf 91' lang='lat' dir='ltr'><strong>in</strong></span> <span class='ocrx_word' id='word_1_238' title='bbox 1699 2945 1802 2999; x_wconf 90' lang='lat' dir='ltr'><strong>hoc</strong></span> <span class='ocrx_word' id='word_1_239' title='bbox 1833 2955 2073 3014; x_wconf 88' lang='lat' dir='ltr'><strong>tempore</strong></span> 
     </span>
    </p>
   </div>
   <div class='ocr_carea' id='block_1_36' title="bbox 490 3015 2074 3100">
    <p class='ocr_par' dir='ltr' id='par_1_36' title="bbox 490 3015 2074 3100">
     <span class='ocr_line' id='line_1_36' title="bbox 490 3015 2074 3100; baseline -0.005 -24"><span class='ocrx_word' id='word_1_240' title='bbox 490 3021 732 3100; x_wconf 73' lang='lat' dir='ltr'><strong>diabolus</strong></span> <span class='ocrx_word' id='word_1_241' title='bbox 751 3027 806 3100; x_wconf 77' lang='lat' dir='ltr'><strong>et</strong></span> <span class='ocrx_word' id='word_1_242' title='bbox 826 3017 994 3100; x_wconf 84' lang='lat' dir='ltr'><strong>angeli</strong></span> <span class='ocrx_word' id='word_1_243' title='bbox 1019 3015 1134 3086; x_wconf 84' lang='lat' dir='ltr'><strong>ejus</strong></span> <span class='ocrx_word' id='word_1_244' title='bbox 1157 3017 1338 3100; x_wconf 75' lang='lat' dir='ltr'><strong>fideles</strong></span> <span class='ocrx_word' id='word_1_245' title='bbox 1357 3015 1687 3100; x_wconf 56' lang='lat' dir='ltr'><strong>Qhristianos</strong></span> <span class='ocrx_word' id='word_1_246' title='bbox 1707 3025 1762 3070; x_wconf 89' lang='lat' dir='ltr'><strong>et</strong></span> <span class='ocrx_word' id='word_1_247' title='bbox 1781 3017 1935 3070; x_wconf 89' lang='lat' dir='ltr'><strong>bouis</strong></span> <span class='ocrx_word' id='word_1_248' title='bbox 1955 3031 2074 3100; x_wconf 85' lang='lat' dir='ltr'><strong>ope-</strong></span> 
     </span>
    </p>
   </div>
   <div class='ocr_carea' id='block_1_37' title="bbox 489 3087 2070 3158">
    <p class='ocr_par' dir='ltr' id='par_1_37' title="bbox 489 3087 2070 3158">
     <span class='ocr_line' id='line_1_37' title="bbox 489 3087 2070 3158; baseline -0.003 -12"><span class='ocrx_word' id='word_1_249' title='bbox 489 3091 638 3146; x_wconf 89' lang='lat' dir='ltr'><strong>ribus</strong></span> <span class='ocrx_word' id='word_1_250' title='bbox 666 3089 874 3144; x_wconf 92' lang='lat' dir='ltr'><strong>deditos</strong></span> <span class='ocrx_word' id='word_1_251' title='bbox 903 3087 1210 3158; x_wconf 81' lang='lat' dir='ltr'><strong>impugnare</strong></span> <span class='ocrx_word' id='word_1_252' title='bbox 1238 3087 1322 3142; x_wconf 91' lang='lat' dir='ltr'><strong>vel</strong></span> <span class='ocrx_word' id='word_1_253' title='bbox 1362 3087 1659 3158; x_wconf 83' lang='lat' dir='ltr'><strong>inquietare</strong></span> <span class='ocrx_word' id='word_1_254' title='bbox 1693 3101 1798 3142; x_wconf 91' lang='lat' dir='ltr'><strong>non</strong></span> <span class='ocrx_word' id='word_1_255' title='bbox 1838 3095 2070 3142; x_wconf 87' lang='lat' dir='ltr'><strong>cessant.</strong></span> 
     </span>
    </p>
   </div>
   <div class='ocr_carea' id='block_1_38' title="bbox 490 3157 2074 3228">
    <p class='ocr_par' dir='ltr' id='par_1_38' title="bbox 490 3157 2074 3228">
     <span class='ocr_line' id='line_1_38' title="bbox 490 3157 2074 3228; baseline -0.003 -12"><span class='ocrx_word' id='word_1_256' title='bbox 490 3161 604 3216; x_wconf 82' lang='lat' dir='ltr'><strong>Hoc</strong></span> <span class='ocrx_word' id='word_1_257' title='bbox 631 3169 804 3215; x_wconf 90' lang='lat' dir='ltr'><strong>tamen</strong></span> <span class='ocrx_word' id='word_1_258' title='bbox 831 3159 1023 3214; x_wconf 89' lang='lat' dir='ltr'><strong>scitote</strong></span> <span class='ocrx_word' id='word_1_259' title='bbox 1044 3157 1276 3228; x_wconf 43' lang='lat' dir='ltr'><strong>{fratres</strong></span> <span class='ocrx_word' id='word_1_260' title='bbox 1296 3199 1310 3222; x_wconf 94' lang='lat'><strong>,</strong></span> <span class='ocrx_word' id='word_1_261' title='bbox 1337 3159 1458 3228; x_wconf 89' lang='lat' dir='ltr'><strong>quia</strong></span> <span class='ocrx_word' id='word_1_262' title='bbox 1489 3157 1733 3228; x_wconf 74' lang='lat' dir='ltr'><strong>diabolus</strong></span> <span class='ocrx_word' id='word_1_263' title='bbox 1758 3173 1862 3212; x_wconf 92' lang='lat' dir='ltr'><strong>non</strong></span> <span class='ocrx_word' id='word_1_264' title='bbox 1893 3172 2074 3228; x_wconf 88' lang='lat' dir='ltr'><strong>perse-</strong></span> 
     </span>
    </p>
   </div>
   <div class='ocr_carea' id='block_1_39' title="bbox 493 3227 2076 3302">
    <p class='ocr_par' dir='ltr' id='par_1_39' title="bbox 493 3227 2076 3302">
     <span class='ocr_line' id='line_1_39' title="bbox 493 3227 2076 3302; baseline -0.002 -16"><span class='ocrx_word' id='word_1_265' title='bbox 493 3233 674 3302; x_wconf 86' lang='lat' dir='ltr'><strong>quitur</strong></span> <span class='ocrx_word' id='word_1_266' title='bbox 699 3230 798 3284; x_wconf 89' lang='lat' dir='ltr'><strong>nisi</strong></span> <span class='ocrx_word' id='word_1_267' title='bbox 823 3230 1010 3284; x_wconf 91' lang='lat' dir='ltr'><strong>bonos.</strong></span> <span class='ocrx_word' id='word_1_268' title='bbox 1037 3227 1202 3302; x_wconf 70' lang='lat' dir='ltr'><strong>Malos</strong></span> <span class='ocrx_word' id='word_1_269' title='bbox 1227 3227 1390 3302; x_wconf 86' lang='lat' dir='ltr'><strong>enim,</strong></span> <span class='ocrx_word' id='word_1_270' title='bbox 1423 3229 1742 3292; x_wconf 90' lang='lat' dir='ltr'><strong>luxuriosos,</strong></span> <span class='ocrx_word' id='word_1_271' title='bbox 1773 3229 2076 3302; x_wconf 82' lang='lat' dir='ltr'><strong>eupidoset</strong></span> 
     </span>
    </p>
   </div>
   <div class='ocr_carea' id='block_1_40' title="bbox 491 3299 2074 3384">
    <p class='ocr_par' dir='ltr' id='par_1_40' title="bbox 491 3299 2074 3384">
     <span class='ocr_line' id='line_1_40' title="bbox 491 3299 2074 3384; baseline -0.003 -26"><span class='ocrx_word' id='word_1_272' title='bbox 491 3299 753 3384; x_wconf 74' lang='lat' dir='ltr'><strong>superbos</strong></span> <span class='ocrx_word' id='word_1_273' title='bbox 782 3300 1058 3384; x_wconf 74' lang='lat' dir='ltr'><strong>persequi</strong></span> <span class='ocrx_word' id='word_1_274' title='bbox 1099 3300 1343 3355; x_wconf 84' lang='lat' dir='ltr'><strong>diabolus</strong></span> <span class='ocrx_word' id='word_1_275' title='bbox 1391 3315 1508 3384; x_wconf 31' lang='lat' dir='ltr'><strong>uon‘</strong></span> <span class='ocrx_word' id='word_1_276' title='bbox 1539 3300 1815 3384; x_wconf 74' lang='lat' dir='ltr'><strong>consuevit</strong></span> <span class='ocrx_word' id='word_1_277' title='bbox 1855 3317 1876 3384; x_wconf 63' lang='grc' dir='ltr'>Ξ</span> <span class='ocrx_word' id='word_1_278' title='bbox 1916 3299 2074 3384; x_wconf 79' lang='lat' dir='ltr'><strong>amiei</strong></span> 
     </span>
    </p>
   </div>
   <div class='ocr_carea' id='block_1_41' title="bbox 493 3369 2069 3441">
    <p class='ocr_par' dir='ltr' id='par_1_41' title="bbox 493 3369 2069 3441">
     <span class='ocr_line' id='line_1_41' title="bbox 493 3369 2069 3441; baseline -0.003 -13"><span class='ocrx_word' id='word_1_279' title='bbox 493 3369 636 3428; x_wconf 81' lang='lat' dir='ltr'><strong>enim</strong></span> <span class='ocrx_word' id='word_1_280' title='bbox 675 3369 819 3426; x_wconf 71' lang='lat' dir='ltr'><strong>sunt</strong></span> <span class='ocrx_word' id='word_1_281' title='bbox 847 3370 964 3436; x_wconf 90' lang='lat' dir='ltr'><strong>sui,</strong></span> <span class='ocrx_word' id='word_1_282' title='bbox 986 3369 1064 3426; x_wconf 87' lang='lat' dir='ltr'><strong>et</strong></span> <span class='ocrx_word' id='word_1_283' title='bbox 1093 3387 1302 3441; x_wconf 90' lang='lat' dir='ltr'><strong>semper</strong></span> <span class='ocrx_word' id='word_1_284' title='bbox 1331 3371 1655 3425; x_wconf 82' lang='lat' dir='ltr'><strong>voluntatem</strong></span> <span class='ocrx_word' id='word_1_285' title='bbox 1687 3369 1823 3424; x_wconf 87' lang='lat' dir='ltr'><strong>illius</strong></span> <span class='ocrx_word' id='word_1_286' title='bbox 1853 3371 2069 3425; x_wconf 90' lang='lat' dir='ltr'><strong>faciunt.</strong></span> 
     </span>
    </p>
   </div>
   <div class='ocr_carea' id='block_1_42' title="bbox 491 3441 2074 3510">
    <p class='ocr_par' dir='ltr' id='par_1_42' title="bbox 491 3441 2074 3510">
     <span class='ocr_line' id='line_1_42' title="bbox 491 3441 2074 3510; baseline -0.002 -12"><span class='ocrx_word' id='word_1_287' title='bbox 491 3444 558 3498; x_wconf 93' lang='lat' dir='ltr'><strong>Et</strong></span> <span class='ocrx_word' id='word_1_288' title='bbox 587 3444 640 3497; x_wconf 93' lang='lat' dir='ltr'><strong>in</strong></span> <span class='ocrx_word' id='word_1_289' title='bbox 667 3449 870 3496; x_wconf 89' lang='lat' dir='ltr'><strong>tantum</strong></span> <span class='ocrx_word' id='word_1_290' title='bbox 899 3455 994 3496; x_wconf 90' lang='lat' dir='ltr'><strong>eos</strong></span> <span class='ocrx_word' id='word_1_291' title='bbox 1023 3459 1126 3496; x_wconf 90' lang='lat' dir='ltr'><strong>non</strong></span> <span class='ocrx_word' id='word_1_292' title='bbox 1159 3441 1492 3510; x_wconf 85' lang='lat' dir='ltr'><strong>persequitur</strong></span> <span class='ocrx_word' id='word_1_293' title='bbox 1511 3484 1527 3508; x_wconf 94' lang='lat'><strong>,</strong></span> <span class='ocrx_word' id='word_1_294' title='bbox 1555 3449 1614 3496; x_wconf 91' lang='lat' dir='ltr'><strong>ut</strong></span> <span class='ocrx_word' id='word_1_295' title='bbox 1640 3441 1800 3496; x_wconf 90' lang='lat' dir='ltr'><strong>etiam</strong></span> <span class='ocrx_word' id='word_1_296' title='bbox 1830 3457 1926 3510; x_wconf 89' lang='lat' dir='ltr'><strong>per</strong></span> <span class='ocrx_word' id='word_1_297' title='bbox 1953 3441 2074 3496; x_wconf 87' lang='lat' dir='ltr'><strong>illos</strong></span> 
     </span>
    </p>
   </div>
   <div class='ocr_carea' id='block_1_43' title="bbox 492 3511 2130 3584">
    <p class='ocr_par' dir='ltr' id='par_1_43' title="bbox 492 3511 2130 3584">
     <span class='ocr_line' id='line_1_43' title="bbox 492 3511 2130 3584; baseline -0.002 -16"><span class='ocrx_word' id='word_1_298' title='bbox 492 3515 626 3570; x_wconf 87' lang='lat' dir='ltr'><strong>alios</strong></span> <span class='ocrx_word' id='word_1_299' title='bbox 649 3511 1210 3584; x_wconf 75' lang='lat' dir='ltr'><strong>persequatur._lilalos</strong></span> <span class='ocrx_word' id='word_1_300' title='bbox 1230 3513 1372 3566; x_wconf 90' lang='lat' dir='ltr'><strong>enim</strong></span> <span class='ocrx_word' id='word_1_301' title='bbox 1393 3511 1640 3584; x_wconf 81' lang='lat' dir='ltr'><strong>homines</strong></span> <span class='ocrx_word' id='word_1_302' title='bbox 1657 3511 1900 3584; x_wconf 77' lang='lat' dir='ltr'><strong>diabolus</strong></span> <span class='ocrx_word' id='word_1_303' title='bbox 1923 3511 2074 3582; x_wconf 89' lang='lat' dir='ltr'><strong>quasi</strong></span> <span class='ocrx_word' id='word_1_304' title='bbox 2115 3559 2130 3574; x_wconf 86' lang='lat'><strong>,</strong></span> 
     </span>
    </p>
   </div>
   <div class='ocr_carea' id='block_1_44' title="bbox 493 3580 2074 3652">
    <p class='ocr_par' dir='ltr' id='par_1_44' title="bbox 493 3580 2074 3652">
     <span class='ocr_line' id='line_1_44' title="bbox 493 3580 2074 3652; baseline -0.003 -11"><span class='ocrx_word' id='word_1_305' title='bbox 493 3580 712 3641; x_wconf 79' lang='lat' dir='ltr'><strong>malleos</strong></span> <span class='ocrx_word' id='word_1_306' title='bbox 753 3580 842 3638; x_wconf 82' lang='lat' dir='ltr'><strong>vel</strong></span> <span class='ocrx_word' id='word_1_307' title='bbox 879 3580 1087 3652; x_wconf 84' lang='lat' dir='ltr'><strong>flagella</strong></span> <span class='ocrx_word' id='word_1_308' title='bbox 1131 3583 1328 3638; x_wconf 89' lang='lat' dir='ltr'><strong>habere</strong></span> <span class='ocrx_word' id='word_1_309' title='bbox 1363 3583 1657 3638; x_wconf 89' lang='lat' dir='ltr'><strong>consuevit.</strong></span> <span class='ocrx_word' id='word_1_310' title='bbox 1699 3580 1954 3652; x_wconf 78' lang='lat' dir='ltr'><strong>Denique</strong></span> <span class='ocrx_word' id='word_1_311' title='bbox 1968 3597 2074 3637; x_wconf 87' lang='lat' dir='ltr'><strong>non</strong></span> 
     </span>
    </p>
   </div>
   <div class='ocr_carea' id='block_1_45' title="bbox 493 3652 2076 3726">
    <p class='ocr_par' dir='ltr' id='par_1_45' title="bbox 493 3652 2076 3726">
     <span class='ocr_line' id='line_1_45' title="bbox 493 3652 2076 3726; baseline 0 -18"><span class='ocrx_word' id='word_1_312' title='bbox 493 3654 830 3726; x_wconf 87' lang='lat' dir='ltr'><strong>persequitur</strong></span> <span class='ocrx_word' id='word_1_313' title='bbox 857 3652 1059 3726; x_wconf 85' lang='lat' dir='ltr'><strong>bonos,</strong></span> <span class='ocrx_word' id='word_1_314' title='bbox 1099 3653 1200 3708; x_wconf 89' lang='lat' dir='ltr'><strong>nisi</strong></span> <span class='ocrx_word' id='word_1_315' title='bbox 1225 3669 1320 3726; x_wconf 87' lang='lat' dir='ltr'><strong>per</strong></span> <span class='ocrx_word' id='word_1_316' title='bbox 1341 3653 1735 3726; x_wconf 28' lang='lat' dir='ltr'><strong>malesaﬂabet</strong></span> <span class='ocrx_word' id='word_1_317' title='bbox 1767 3667 1894 3723; x_wconf 87' lang='lat' dir='ltr'><strong>ergo</strong></span> <span class='ocrx_word' id='word_1_318' title='bbox 1936 3653 2076 3726; x_wconf 72' lang='lat' dir='ltr'><strong>Deus</strong></span> 
     </span>
    </p>
   </div>
   <div class='ocr_carea' id='block_1_46' title="bbox 495 3723 2078 3794">
    <p class='ocr_par' dir='ltr' id='par_1_46' title="bbox 495 3723 2078 3794">
     <span class='ocr_line' id='line_1_46' title="bbox 495 3723 2078 3794; baseline -0.001 -15"><span class='ocrx_word' id='word_1_319' title='bbox 495 3723 771 3780; x_wconf 75' lang='lat' dir='ltr'><strong>ministros</strong></span> <span class='ocrx_word' id='word_1_320' title='bbox 789 3739 942 3788; x_wconf 89' lang='lat' dir='ltr'><strong>suos;</strong></span> <span class='ocrx_word' id='word_1_321' title='bbox 966 3723 1126 3778; x_wconf 87' lang='lat' dir='ltr'><strong>habet</strong></span> <span class='ocrx_word' id='word_1_322' title='bbox 1143 3733 1194 3778; x_wconf 91' lang='lat' dir='ltr'><strong>et</strong></span> <span class='ocrx_word' id='word_1_323' title='bbox 1215 3723 1454 3779; x_wconf 85' lang='lat' dir='ltr'><strong>diabolus</strong></span> <span class='ocrx_word' id='word_1_324' title='bbox 1475 3723 1746 3794; x_wconf 89' lang='lat' dir='ltr'><strong>adjutores</strong></span> <span class='ocrx_word' id='word_1_325' title='bbox 1766 3739 1911 3778; x_wconf 93' lang='lat' dir='ltr'><strong>suos.</strong></span> <span class='ocrx_word' id='word_1_326' title='bbox 1935 3723 2078 3778; x_wconf 89' lang='lat' dir='ltr'><strong>Deus</strong></span> 
     </span>
    </p>
   </div>
   <div class='ocr_carea' id='block_1_47' title="bbox 495 3794 2074 3866">
    <p class='ocr_par' dir='ltr' id='par_1_47' title="bbox 495 3794 2074 3866">
     <span class='ocr_line' id='line_1_47' title="bbox 495 3794 2074 3866; baseline -0.003 -14"><span class='ocrx_word' id='word_1_327' title='bbox 495 3797 640 3852; x_wconf 86' lang='lat' dir='ltr'><strong>enim</strong></span> <span class='ocrx_word' id='word_1_328' title='bbox 663 3811 758 3866; x_wconf 91' lang='lat' dir='ltr'><strong>per</strong></span> <span class='ocrx_word' id='word_1_329' title='bbox 779 3794 1024 3866; x_wconf 82' lang='lat' dir='ltr'><strong>homines</strong></span> <span class='ocrx_word' id='word_1_330' title='bbox 1043 3795 1234 3860; x_wconf 90' lang='lat' dir='ltr'><strong>bonos,</strong></span> <span class='ocrx_word' id='word_1_331' title='bbox 1254 3805 1502 3864; x_wconf 91' lang='lat' dir='ltr'><strong>tanquam</strong></span> <span class='ocrx_word' id='word_1_332' title='bbox 1524 3810 1620 3864; x_wconf 91' lang='lat' dir='ltr'><strong>per</strong></span> <span class='ocrx_word' id='word_1_333' title='bbox 1637 3795 1911 3866; x_wconf 80' lang='lat' dir='ltr'><strong>miniStros</strong></span> <span class='ocrx_word' id='word_1_334' title='bbox 1927 3809 2074 3866; x_wconf 85' lang='lat' dir='ltr'><strong>suos,</strong></span> 
     </span>
    </p>
   </div>
   <div class='ocr_carea' id='block_1_48' title="bbox 495 3865 2078 3938">
    <p class='ocr_par' dir='ltr' id='par_1_48' title="bbox 495 3865 2078 3938">
     <span class='ocr_line' id='line_1_48' title="bbox 495 3865 2078 3938; baseline -0.001 -17"><span class='ocrx_word' id='word_1_335' title='bbox 495 3869 604 3938; x_wconf 89' lang='lat' dir='ltr'><strong>agit</strong></span> <span class='ocrx_word' id='word_1_336' title='bbox 627 3865 788 3922; x_wconf 81' lang='lat' dir='ltr'><strong>omne</strong></span> <span class='ocrx_word' id='word_1_337' title='bbox 813 3865 952 3938; x_wconf 87' lang='lat' dir='ltr'><strong>quod</strong></span> <span class='ocrx_word' id='word_1_338' title='bbox 977 3865 1174 3920; x_wconf 88' lang='lat' dir='ltr'><strong>bonum</strong></span> <span class='ocrx_word' id='word_1_339' title='bbox 1204 3873 1286 3921; x_wconf 88' lang='lat' dir='ltr'><strong>est</strong></span> <span class='ocrx_word' id='word_1_340' title='bbox 1310 3884 1333 3938; x_wconf 10' lang='lat'><strong>7:7</strong></span> <span class='ocrx_word' id='word_1_341' title='bbox 1350 3866 1598 3938; x_wconf 89' lang='lat' dir='ltr'><strong>diabolus</strong></span> <span class='ocrx_word' id='word_1_342' title='bbox 1624 3880 1750 3918; x_wconf 90' lang='lat' dir='ltr'><strong>vero</strong></span> <span class='ocrx_word' id='word_1_343' title='bbox 1781 3881 1876 3934; x_wconf 92' lang='lat' dir='ltr'><strong>per</strong></span> <span class='ocrx_word' id='word_1_344' title='bbox 1901 3865 2078 3919; x_wconf 90' lang='lat' dir='ltr'><strong>homi-</strong></span> 
     </span>
    </p>
   </div>
   <div class='ocr_carea' id='block_1_49' title="bbox 497 3937 2080 4008">
    <p class='ocr_par' dir='ltr' id='par_1_49' title="bbox 497 3937 2080 4008">
     <span class='ocr_line' id='line_1_49' title="bbox 497 3937 2080 4008; baseline -0.001 -16"><span class='ocrx_word' id='word_1_345' title='bbox 497 3937 594 3992; x_wconf 85' lang='lat' dir='ltr'><strong>nes</strong></span> <span class='ocrx_word' id='word_1_346' title='bbox 626 3938 842 4008; x_wconf 12' lang='lat' dir='ltr'><strong>rmalos,</strong></span> <span class='ocrx_word' id='word_1_347' title='bbox 874 3937 1018 3990; x_wconf 91' lang='lat' dir='ltr'><strong>velut</strong></span> <span class='ocrx_word' id='word_1_348' title='bbox 1055 3951 1150 4008; x_wconf 90' lang='lat' dir='ltr'><strong>per</strong></span> <span class='ocrx_word' id='word_1_349' title='bbox 1192 3937 1446 4008; x_wconf 79' lang='lat' dir='ltr'><strong>satellites</strong></span> <span class='ocrx_word' id='word_1_350' title='bbox 1469 3951 1593 3991; x_wconf 88' lang='lat' dir='ltr'><strong>suos</strong></span> <span class='ocrx_word' id='word_1_351' title='bbox 1615 3977 1630 3999; x_wconf 88' lang='lat'><strong>,</strong></span> <span class='ocrx_word' id='word_1_352' title='bbox 1660 3945 1875 4008; x_wconf 81' lang='lat' dir='ltr'><strong>exercet</strong></span> <span class='ocrx_word' id='word_1_353' title='bbox 1919 3950 2080 4008; x_wconf 77' lang='lat' dir='ltr'><strong>omne</strong></span> 
     </span>
    </p>
   </div>
   <div class='ocr_carea' id='block_1_50' title="bbox 497 4005 2080 4078">
    <p class='ocr_par' dir='ltr' id='par_1_50' title="bbox 497 4005 2080 4078">
     <span class='ocr_line' id='line_1_50' title="bbox 497 4005 2080 4078; baseline -0.002 -14"><span class='ocrx_word' id='word_1_354' title='bbox 497 4007 640 4078; x_wconf 90' lang='lat' dir='ltr'><strong>quod</strong></span> <span class='ocrx_word' id='word_1_355' title='bbox 670 4007 866 4078; x_wconf 89' lang='lat' dir='ltr'><strong>malum</strong></span> <span class='ocrx_word' id='word_1_356' title='bbox 909 4017 1010 4078; x_wconf 85' lang='lat' dir='ltr'><strong>est.</strong></span> <span class='ocrx_word' id='word_1_357' title='bbox 1051 4005 1190 4062; x_wconf 85' lang='lat' dir='ltr'><strong>Deus</strong></span> <span class='ocrx_word' id='word_1_358' title='bbox 1235 4021 1328 4077; x_wconf 91' lang='lat' dir='ltr'><strong>per</strong></span> <span class='ocrx_word' id='word_1_359' title='bbox 1361 4006 1620 4078; x_wconf 90' lang='lat' dir='ltr'><strong>bonorum</strong></span> <span class='ocrx_word' id='word_1_360' title='bbox 1661 4005 2080 4078; x_wconf 84' lang='lat' dir='ltr'><strong>misericordiam</strong></span> 
     </span>
    </p>
   </div>
   <div class='ocr_carea' id='block_1_51' title="bbox 497 4076 2080 4149">
    <p class='ocr_par' dir='ltr' id='par_1_51' title="bbox 497 4076 2080 4149">
     <span class='ocr_line' id='line_1_51' title="bbox 497 4076 2080 4149; baseline -0.002 -14"><span class='ocrx_word' id='word_1_361' title='bbox 497 4076 670 4135; x_wconf 74' lang='lat' dir='ltr'><strong>nudos</strong></span> <span class='ocrx_word' id='word_1_362' title='bbox 689 4077 850 4132; x_wconf 85' lang='lat' dir='ltr'><strong>vestit</strong></span> <span class='ocrx_word' id='word_1_363' title='bbox 871 4095 887 4132; x_wconf 92' lang='lat'><strong>:</strong></span> <span class='ocrx_word' id='word_1_364' title='bbox 907 4077 1148 4133; x_wconf 88' lang='lat' dir='ltr'><strong>diabolus</strong></span> <span class='ocrx_word' id='word_1_365' title='bbox 1167 4076 1264 4149; x_wconf 86' lang='lat' dir='ltr'><strong>per</strong></span> <span class='ocrx_word' id='word_1_366' title='bbox 1285 4077 1546 4149; x_wconf 88' lang='lat' dir='ltr'><strong>malorum</strong></span> <span class='ocrx_word' id='word_1_367' title='bbox 1567 4077 1840 4149; x_wconf 82' lang='lat' dir='ltr'><strong>avaritiam</strong></span> <span class='ocrx_word' id='word_1_368' title='bbox 1861 4076 2080 4149; x_wconf 85' lang='lat' dir='ltr'><strong>vestitos</strong></span> 
     </span>
    </p>
   </div>
   <div class='ocr_carea' id='block_1_52' title="bbox 501 4147 2084 4220">
    <p class='ocr_par' dir='ltr' id='par_1_52' title="bbox 501 4147 2084 4220">
     <span class='ocr_line' id='line_1_52' title="bbox 501 4147 2084 4220; baseline -0.004 -14"><span class='ocrx_word' id='word_1_369' title='bbox 501 4151 779 4220; x_wconf 86' lang='lat' dir='ltr'><strong>exspoliat.</strong></span> <span class='ocrx_word' id='word_1_370' title='bbox 815 4149 954 4204; x_wconf 87' lang='lat' dir='ltr'><strong>Deus</strong></span> <span class='ocrx_word' id='word_1_371' title='bbox 983 4165 1080 4220; x_wconf 90' lang='lat' dir='ltr'><strong>per</strong></span> <span class='ocrx_word' id='word_1_372' title='bbox 1105 4147 1350 4220; x_wconf 76' lang='lat' dir='ltr'><strong>homines</strong></span> <span class='ocrx_word' id='word_1_373' title='bbox 1377 4148 1548 4220; x_wconf 86' lang='lat' dir='ltr'><strong>bonos</strong></span> <span class='ocrx_word' id='word_1_374' title='bbox 1573 4147 1845 4202; x_wconf 89' lang='lat' dir='ltr'><strong>discordes</strong></span> <span class='ocrx_word' id='word_1_375' title='bbox 1871 4147 1936 4220; x_wconf 83' lang='lat' dir='ltr'><strong>ad</strong></span> <span class='ocrx_word' id='word_1_376' title='bbox 1956 4163 2084 4202; x_wconf 88' lang='lat' dir='ltr'><strong>con-</strong></span> 
     </span>
    </p>
   </div>
   <div class='ocr_carea' id='block_1_53' title="bbox 502 4219 2084 4288">
    <p class='ocr_par' dir='ltr' id='par_1_53' title="bbox 502 4219 2084 4288">
     <span class='ocr_line' id='line_1_53' title="bbox 502 4219 2084 4288; baseline -0.002 -13"><span class='ocrx_word' id='word_1_377' title='bbox 502 4219 738 4276; x_wconf 87' lang='lat' dir='ltr'><strong>cordiam</strong></span> <span class='ocrx_word' id='word_1_378' title='bbox 763 4230 978 4274; x_wconf 89' lang='lat' dir='ltr'><strong>revocat</strong></span> <span class='ocrx_word' id='word_1_379' title='bbox 1004 4238 1017 4273; x_wconf 88' lang='lat'>:</span> <span class='ocrx_word' id='word_1_380' title='bbox 1045 4219 1284 4274; x_wconf 68' lang='lat' dir='ltr'><strong>diabolus</strong></span> <span class='ocrx_word' id='word_1_381' title='bbox 1312 4233 1405 4288; x_wconf 92' lang='lat' dir='ltr'><strong>per</strong></span> <span class='ocrx_word' id='word_1_382' title='bbox 1425 4219 1615 4288; x_wconf 90' lang='lat' dir='ltr'><strong>impios</strong></span> <span class='ocrx_word' id='word_1_383' title='bbox 1638 4227 1690 4272; x_wconf 87' lang='lat' dir='ltr'><strong>et</strong></span> <span class='ocrx_word' id='word_1_384' title='bbox 1711 4219 1971 4287; x_wconf 91' lang='lat' dir='ltr'><strong>superbos</strong></span> <span class='ocrx_word' id='word_1_385' title='bbox 1991 4231 2084 4272; x_wconf 87' lang='lat' dir='ltr'><strong>eos</strong></span> 
     </span>
    </p>
   </div>
   <div class='ocr_carea' id='block_1_54' title="bbox 501 4288 2084 4360">
    <p class='ocr_par' dir='ltr' id='par_1_54' title="bbox 501 4288 2084 4360">
     <span class='ocr_line' id='line_1_54' title="bbox 501 4288 2084 4360; baseline -0.003 -14"><span class='ocrx_word' id='word_1_386' title='bbox 501 4293 661 4346; x_wconf 89' lang='lat' dir='ltr'><strong>etiam</strong></span> <span class='ocrx_word' id='word_1_387' title='bbox 683 4291 772 4360; x_wconf 90' lang='lat' dir='ltr'><strong>qui</strong></span> <span class='ocrx_word' id='word_1_388' title='bbox 795 4305 978 4360; x_wconf 86' lang='lat' dir='ltr'><strong>pacem</strong></span> <span class='ocrx_word' id='word_1_389' title='bbox 1001 4289 1198 4344; x_wconf 89' lang='lat' dir='ltr'><strong>habere</strong></span> <span class='ocrx_word' id='word_1_390' title='bbox 1217 4291 1483 4355; x_wconf 86' lang='lat' dir='ltr'><strong>videntur,</strong></span> <span class='ocrx_word' id='word_1_391' title='bbox 1507 4289 1572 4342; x_wconf 92' lang='lat' dir='ltr'><strong>ad</strong></span> <span class='ocrx_word' id='word_1_392' title='bbox 1593 4289 1840 4360; x_wconf 87' lang='lat' dir='ltr'><strong>scandala</strong></span> <span class='ocrx_word' id='word_1_393' title='bbox 1863 4289 1944 4342; x_wconf 93' lang='lat' dir='ltr'><strong>vel</strong></span> <span class='ocrx_word' id='word_1_394' title='bbox 1963 4288 2084 4343; x_wconf 88' lang='lat' dir='ltr'><strong>lites</strong></span> 
     </span>
    </p>
   </div>
   <div class='ocr_carea' id='block_1_55' title="bbox 503 4359 2086 4431">
    <p class='ocr_par' dir='ltr' id='par_1_55' title="bbox 503 4359 2086 4431">
     <span class='ocr_line' id='line_1_55' title="bbox 503 4359 2086 4431; baseline 0 -17"><span class='ocrx_word' id='word_1_395' title='bbox 503 4359 736 4431; x_wconf 81' lang='lat' dir='ltr'><strong>instigat.</strong></span> <span class='ocrx_word' id='word_1_396' title='bbox 771 4359 837 4415; x_wconf 85' lang='lat' dir='ltr'><strong>Et</strong></span> <span class='ocrx_word' id='word_1_397' title='bbox 873 4362 996 4429; x_wconf 86' lang='lat' dir='ltr'><strong>quia</strong></span> <span class='ocrx_word' id='word_1_398' title='bbox 1038 4361 1248 4428; x_wconf 88' lang='lat' dir='ltr'><strong>longum</strong></span> <span class='ocrx_word' id='word_1_399' title='bbox 1289 4369 1370 4415; x_wconf 90' lang='lat' dir='ltr'><strong>est</strong></span> <span class='ocrx_word' id='word_1_400' title='bbox 1407 4361 1484 4414; x_wconf 92' lang='lat' dir='ltr'><strong>ire</strong></span> <span class='ocrx_word' id='word_1_401' title='bbox 1515 4374 1608 4429; x_wconf 90' lang='lat' dir='ltr'><strong>per</strong></span> <span class='ocrx_word' id='word_1_402' title='bbox 1636 4359 1869 4430; x_wconf 84' lang='lat' dir='ltr'><strong>singula,</strong></span> <span class='ocrx_word' id='word_1_403' title='bbox 1903 4369 1960 4413; x_wconf 90' lang='lat' dir='ltr'><strong>ut</strong></span> <span class='ocrx_word' id='word_1_404' title='bbox 1981 4373 2086 4431; x_wconf 91' lang='lat' dir='ltr'><strong>_pro</strong></span> 
     </span>
    </p>
   </div>
   <div class='ocr_carea' id='block_1_56' title="bbox 504 4429 2088 4501">
    <p class='ocr_par' dir='ltr' id='par_1_56' title="bbox 504 4429 2088 4501">
     <span class='ocr_line' id='line_1_56' title="bbox 504 4429 2088 4501; baseline -0.003 -13"><span class='ocrx_word' id='word_1_405' title='bbox 504 4429 653 4488; x_wconf 79' lang='lat' dir='ltr'><strong>certo</strong></span> <span class='ocrx_word' id='word_1_406' title='bbox 677 4440 929 4500; x_wconf 87' lang='lat' dir='ltr'><strong>agnoscat</strong></span> <span class='ocrx_word' id='word_1_407' title='bbox 955 4439 1010 4486; x_wconf 90' lang='lat' dir='ltr'><strong>et</strong></span> <span class='ocrx_word' id='word_1_408' title='bbox 1033 4431 1288 4501; x_wconf 84' lang='lat' dir='ltr'><strong>intelligat</strong></span> <span class='ocrx_word' id='word_1_409' title='bbox 1313 4432 1555 4484; x_wconf 77' lang='lat' dir='ltr'><strong>Charitas</strong></span> <span class='ocrx_word' id='word_1_410' title='bbox 1583 4429 1780 4495; x_wconf 83' lang='lat' dir='ltr'><strong>vestra,</strong></span> <span class='ocrx_word' id='word_1_411' title='bbox 1803 4431 1936 4501; x_wconf 83' lang='lat' dir='ltr'><strong>quia</strong></span> <span class='ocrx_word' id='word_1_412' title='bbox 1951 4429 2088 4484; x_wconf 89' lang='lat' dir='ltr'><strong>sicut</strong></span> 
     </span>
    </p>
   </div>
   <div class='ocr_carea' id='block_1_57' title="bbox 503 4499 2084 4571">
    <p class='ocr_par' dir='ltr' id='par_1_57' title="bbox 503 4499 2084 4571">
     <span class='ocr_line' id='line_1_57' title="bbox 503 4499 2084 4571; baseline -0.003 -13"><span class='ocrx_word' id='word_1_413' title='bbox 503 4517 662 4558; x_wconf 89' lang='lat' dir='ltr'><strong>omne</strong></span> <span class='ocrx_word' id='word_1_414' title='bbox 691 4499 829 4571; x_wconf 80' lang='lat' dir='ltr'><strong>quod</strong></span> <span class='ocrx_word' id='word_1_415' title='bbox 859 4501 1052 4556; x_wconf 89' lang='lat' dir='ltr'><strong>bonum</strong></span> <span class='ocrx_word' id='word_1_416' title='bbox 1080 4511 1181 4566; x_wconf 89' lang='lat' dir='ltr'><strong>est,</strong></span> <span class='ocrx_word' id='word_1_417' title='bbox 1208 4499 1301 4570; x_wconf 79' lang='lat' dir='ltr'><strong>per</strong></span> <span class='ocrx_word' id='word_1_418' title='bbox 1327 4501 1494 4556; x_wconf 90' lang='lat' dir='ltr'><strong>bonos</strong></span> <span class='ocrx_word' id='word_1_419' title='bbox 1521 4501 1763 4554; x_wconf 77' lang='lat' dir='ltr'><strong>homines</strong></span> <span class='ocrx_word' id='word_1_420' title='bbox 1785 4501 1890 4569; x_wconf 88' lang='lat' dir='ltr'><strong>agit</strong></span> <span class='ocrx_word' id='word_1_421' title='bbox 1913 4499 2084 4571; x_wconf 82' lang='lat' dir='ltr'><strong>Deus;</strong></span> 
     </span>
    </p>
   </div>
   <div class='ocr_carea' id='block_1_58' title="bbox 506 4570 2086 4642">
    <p class='ocr_par' dir='ltr' id='par_1_58' title="bbox 506 4570 2086 4642">
     <span class='ocr_line' id='line_1_58' title="bbox 506 4570 2086 4642; baseline -0.003 -14"><span class='ocrx_word' id='word_1_422' title='bbox 506 4573 578 4628; x_wconf 91' lang='lat' dir='ltr'><strong>ita</strong></span> <span class='ocrx_word' id='word_1_423' title='bbox 603 4570 760 4628; x_wconf 86' lang='lat' dir='ltr'><strong>omne</strong></span> <span class='ocrx_word' id='word_1_424' title='bbox 790 4573 928 4640; x_wconf 91' lang='lat' dir='ltr'><strong>quod</strong></span> <span class='ocrx_word' id='word_1_425' title='bbox 957 4581 1040 4626; x_wconf 91' lang='lat' dir='ltr'><strong>est</strong></span> <span class='ocrx_word' id='word_1_426' title='bbox 1065 4573 1277 4628; x_wconf 87' lang='lat' dir='ltr'><strong>crudele</strong></span> <span class='ocrx_word' id='word_1_427' title='bbox 1305 4583 1354 4626; x_wconf 92' lang='lat' dir='ltr'><strong>et</strong></span> <span class='ocrx_word' id='word_1_428' title='bbox 1384 4573 1635 4642; x_wconf 86' lang='lat' dir='ltr'><strong>impium,</strong></span> <span class='ocrx_word' id='word_1_429' title='bbox 1662 4585 1762 4642; x_wconf 88' lang='lat' dir='ltr'><strong>per</strong></span> <span class='ocrx_word' id='word_1_430' title='bbox 1787 4571 1956 4624; x_wconf 85' lang='lat' dir='ltr'><strong>malos</strong></span> <span class='ocrx_word' id='word_1_431' title='bbox 1985 4570 2086 4642; x_wconf 87' lang='lat' dir='ltr'><strong>ho-</strong></span> 
     </span>
    </p>
   </div>
   <div class='ocr_carea' id='block_1_59' title="bbox 503 4641 2088 4711">
    <p class='ocr_par' dir='ltr' id='par_1_59' title="bbox 503 4641 2088 4711">
     <span class='ocr_line' id='line_1_59' title="bbox 503 4641 2088 4711; baseline -0.004 -12"><span class='ocrx_word' id='word_1_432' title='bbox 503 4645 678 4699; x_wconf 83' lang='lat' dir='ltr'><strong>mines</strong></span> <span class='ocrx_word' id='word_1_433' title='bbox 721 4645 994 4697; x_wconf 90' lang='lat' dir='ltr'><strong>consuevit</strong></span> <span class='ocrx_word' id='word_1_434' title='bbox 1035 4659 1282 4698; x_wconf 89' lang='lat' dir='ltr'><strong>exercere</strong></span> <span class='ocrx_word' id='word_1_435' title='bbox 1326 4641 1568 4696; x_wconf 85' lang='lat' dir='ltr'><strong>diabOlus</strong></span> <span class='ocrx_word' id='word_1_436' title='bbox 1596 4658 1608 4693; x_wconf 93' lang='lat'><strong>:</strong></span> <span class='ocrx_word' id='word_1_437' title='bbox 1641 4641 1870 4711; x_wconf 90' lang='lat' dir='ltr'><strong>denique</strong></span> <span class='ocrx_word' id='word_1_438' title='bbox 1909 4641 2088 4695; x_wconf 90' lang='lat' dir='ltr'><strong>cousi-</strong></span> 
     </span>
    </p>
   </div>
   <div class='ocr_carea' id='block_1_60' title="bbox 507 4711 2085 4782">
    <p class='ocr_par' dir='ltr' id='par_1_60' title="bbox 507 4711 2085 4782">
     <span class='ocr_line' id='line_1_60' title="bbox 507 4711 2085 4782; baseline -0.003 -12"><span class='ocrx_word' id='word_1_439' title='bbox 507 4714 714 4780; x_wconf 88' lang='lat' dir='ltr'><strong>derate,</strong></span> <span class='ocrx_word' id='word_1_440' title='bbox 739 4713 953 4776; x_wconf 84' lang='lat' dir='ltr'><strong>fratres,</strong></span> <span class='ocrx_word' id='word_1_441' title='bbox 981 4723 1035 4768; x_wconf 89' lang='lat' dir='ltr'><strong>et</strong></span> <span class='ocrx_word' id='word_1_442' title='bbox 1058 4713 1421 4782; x_wconf 84' lang='lat' dir='ltr'><strong>corporalibus</strong></span> <span class='ocrx_word' id='word_1_443' title='bbox 1447 4714 1604 4765; x_wconf 81' lang='lat' dir='ltr'><strong>etiam</strong></span> <span class='ocrx_word' id='word_1_444' title='bbox 1631 4713 1798 4765; x_wconf 91' lang='lat' dir='ltr'><strong>oculis</strong></span> <span class='ocrx_word' id='word_1_445' title='bbox 1819 4711 2085 4782; x_wconf 74' lang='lat' dir='ltr'><strong>videbitis,</strong></span> 
     </span>
    </p>
   </div>
   <div class='ocr_carea' id='block_1_61' title="bbox 506 4781 2086 4855">
    <p class='ocr_par' dir='ltr' id='par_1_61' title="bbox 506 4781 2086 4855">
     <span class='ocr_line' id='line_1_61' title="bbox 506 4781 2086 4855; baseline -0.004 -15"><span class='ocrx_word' id='word_1_446' title='bbox 506 4785 777 4855; x_wconf 87' lang='lat' dir='ltr'><strong>quomodo</strong></span> <span class='ocrx_word' id='word_1_447' title='bbox 807 4785 1032 4855; x_wconf 91' lang='lat' dir='ltr'><strong>populus</strong></span> <span class='ocrx_word' id='word_1_448' title='bbox 1059 4781 1254 4839; x_wconf 90' lang='lat' dir='ltr'><strong>diaboli</strong></span> <span class='ocrx_word' id='word_1_449' title='bbox 1285 4784 1620 4853; x_wconf 81' lang='lat' dir='ltr'><strong>persequitur</strong></span> <span class='ocrx_word' id='word_1_450' title='bbox 1651 4783 1899 4855; x_wconf 86' lang='lat' dir='ltr'><strong>populum</strong></span> <span class='ocrx_word' id='word_1_451' title='bbox 1931 4781 2086 4836; x_wconf 85' lang='lat' dir='ltr'><strong>Citri-</strong></span> 
     </span>
    </p>
   </div>
   <div class='ocr_carea' id='block_1_62' title="bbox 505 4853 2092 4924">
    <p class='ocr_par' dir='ltr' id='par_1_62' title="bbox 505 4853 2092 4924">
     <span class='ocr_line' id='line_1_62' title="bbox 505 4853 2092 4924; baseline -0.004 -13"><span class='ocrx_word' id='word_1_452' title='bbox 505 4853 612 4923; x_wconf 84' lang='lat' dir='ltr'><strong>sti;</strong></span> <span class='ocrx_word' id='word_1_453' title='bbox 655 4856 782 4911; x_wconf 91' lang='lat' dir='ltr'><strong>dum</strong></span> <span class='ocrx_word' id='word_1_454' title='bbox 808 4853 1054 4910; x_wconf 75' lang='lat' dir='ltr'><strong>adulteri</strong></span> <span class='ocrx_word' id='word_1_455' title='bbox 1103 4863 1488 4924; x_wconf 84' lang='lat' dir='ltr'><strong>persequuntur</strong></span> <span class='ocrx_word' id='word_1_456' title='bbox 1528 4863 1702 4907; x_wconf 72' lang='lat' dir='ltr'><strong>castos</strong></span> <span class='ocrx_word' id='word_1_457' title='bbox 1724 4894 1737 4916; x_wconf 93' lang='lat'><strong>,</strong></span> <span class='ocrx_word' id='word_1_458' title='bbox 1769 4853 2092 4924; x_wconf 81' lang='lat' dir='ltr'><strong>insectantur</strong></span> 
     </span>
    </p>
   </div>
   <div class='ocr_carea' id='block_1_63' title="bbox 507 4923 2090 4992">
    <p class='ocr_par' dir='ltr' id='par_1_63' title="bbox 507 4923 2090 4992">
     <span class='ocr_line' id='line_1_63' title="bbox 507 4923 2090 4992; baseline -0.004 -9"><span class='ocrx_word' id='word_1_459' title='bbox 507 4925 720 4982; x_wconf 87' lang='lat' dir='ltr'><strong>sobrios</strong></span> <span class='ocrx_word' id='word_1_460' title='bbox 747 4927 976 4992; x_wconf 88' lang='lat' dir='ltr'><strong>ebriosi,</strong></span> <span class='ocrx_word' id='word_1_461' title='bbox 1005 4923 1290 4978; x_wconf 83' lang='lat' dir='ltr'><strong>humilibus</strong></span> <span class='ocrx_word' id='word_1_462' title='bbox 1321 4925 1634 4978; x_wconf 88' lang='lat' dir='ltr'><strong>insidiantur</strong></span> <span class='ocrx_word' id='word_1_463' title='bbox 1658 4923 1906 4992; x_wconf 82' lang='lat' dir='ltr'><strong>superbi,</strong></span> <span class='ocrx_word' id='word_1_464' title='bbox 1937 4923 2090 4978; x_wconf 89' lang='lat' dir='ltr'><strong>beni-</strong></span> 
     </span>
    </p>
   </div>
   <div class='ocr_carea' id='block_1_64' title="bbox 505 4995 2090 5068">
    <p class='ocr_par' dir='ltr' id='par_1_64' title="bbox 505 4995 2090 5068">
     <span class='ocr_line' id='line_1_64' title="bbox 505 4995 2090 5068; baseline -0.004 -15"><span class='ocrx_word' id='word_1_465' title='bbox 505 5013 642 5068; x_wconf 87' lang='lat' dir='ltr'><strong>gnos</strong></span> <span class='ocrx_word' id='word_1_466' title='bbox 671 4997 853 5063; x_wconf 90' lang='lat' dir='ltr'><strong>invidi,</strong></span> <span class='ocrx_word' id='word_1_467' title='bbox 882 4998 1058 5068; x_wconf 85' lang='lat' dir='ltr'><strong>largos</strong></span> <span class='ocrx_word' id='word_1_468' title='bbox 1085 4996 1284 5065; x_wconf 88' lang='lat' dir='ltr'><strong>cupidi,</strong></span> <span class='ocrx_word' id='word_1_469' title='bbox 1311 5003 1484 5068; x_wconf 78' lang='lat' dir='ltr'><strong>eteos</strong></span> <span class='ocrx_word' id='word_1_470' title='bbox 1511 4995 1600 5066; x_wconf 90' lang='lat' dir='ltr'><strong>qui</strong></span> <span class='ocrx_word' id='word_1_471' title='bbox 1633 4995 2090 5068; x_wconf 83' lang='lat' dir='ltr'><strong>mansuetudinem</strong></span> 
     </span>
    </p>
   </div>
   <div class='ocr_carea' id='block_1_65' title="bbox 505 5065 2092 5139">
    <p class='ocr_par' dir='ltr' id='par_1_65' title="bbox 505 5065 2092 5139">
     <span class='ocr_line' id='line_1_65' title="bbox 505 5065 2092 5139; baseline -0.004 -16"><span class='ocrx_word' id='word_1_472' title='bbox 505 5065 593 5124; x_wconf 73' lang='lat' dir='ltr'><strong>vel</strong></span> <span class='ocrx_word' id='word_1_473' title='bbox 621 5069 928 5139; x_wconf 84' lang='lat' dir='ltr'><strong>patientiam</strong></span> <span class='ocrx_word' id='word_1_474' title='bbox 969 5065 1231 5139; x_wconf 77' lang='lat' dir='ltr'><strong>retinent,</strong></span> <span class='ocrx_word' id='word_1_475' title='bbox 1277 5065 1656 5139; x_wconf 58' lang='lat' dir='ltr'><strong>amigeremuu</strong></span> <span class='ocrx_word' id='word_1_476' title='bbox 1697 5065 1946 5139; x_wconf 85' lang='lat' dir='ltr'><strong>desinunt</strong></span> <span class='ocrx_word' id='word_1_477' title='bbox 1985 5067 2092 5139; x_wconf 83' lang='lat' dir='ltr'><strong>ira-</strong></span> 
     </span>
    </p>
   </div>
   <div class='ocr_carea' id='block_1_66' title="bbox 507 5137 2090 5206">
    <p class='ocr_par' dir='ltr' id='par_1_66' title="bbox 507 5137 2090 5206">
     <span class='ocr_line' id='line_1_66' title="bbox 507 5137 2090 5206; baseline -0.005 -10"><span class='ocrx_word' id='word_1_478' title='bbox 507 5137 690 5196; x_wconf 85' lang='lat' dir='ltr'><strong>cundi.</strong></span> <span class='ocrx_word' id='word_1_479' title='bbox 729 5139 798 5194; x_wconf 88' lang='lat' dir='ltr'><strong>Et</strong></span> <span class='ocrx_word' id='word_1_480' title='bbox 837 5139 956 5195; x_wconf 90' lang='lat' dir='ltr'><strong>ideo</strong></span> <span class='ocrx_word' id='word_1_481' title='bbox 985 5137 1672 5206; x_wconf 84' lang='lat' dir='ltr'><strong>consideretunusquisque</strong></span> <span class='ocrx_word' id='word_1_482' title='bbox 1715 5137 2090 5190; x_wconf 86' lang='lat' dir='ltr'><strong>conscientiam</strong></span> 
     </span>
    </p>
   </div>
   <div class='ocr_carea' id='block_1_67' title="bbox 508 5207 2094 5278">
    <p class='ocr_par' dir='ltr' id='par_1_67' title="bbox 508 5207 2094 5278">
     <span class='ocr_line' id='line_1_67' title="bbox 508 5207 2094 5278; baseline -0.004 -12"><span class='ocrx_word' id='word_1_483' title='bbox 508 5225 686 5278; x_wconf 89' lang='lat' dir='ltr'><strong>suam,</strong></span> <span class='ocrx_word' id='word_1_484' title='bbox 713 5219 770 5266; x_wconf 91' lang='lat' dir='ltr'><strong>et</strong></span> <span class='ocrx_word' id='word_1_485' title='bbox 795 5211 840 5265; x_wconf 91' lang='lat' dir='ltr'><strong>si</strong></span> <span class='ocrx_word' id='word_1_486' title='bbox 867 5225 926 5265; x_wconf 89' lang='lat' dir='ltr'><strong>se</strong></span> <span class='ocrx_word' id='word_1_487' title='bbox 955 5209 1098 5264; x_wconf 89' lang='lat' dir='ltr'><strong>videt</strong></span> <span class='ocrx_word' id='word_1_488' title='bbox 1123 5216 1178 5262; x_wconf 91' lang='lat' dir='ltr'><strong>et</strong></span> <span class='ocrx_word' id='word_1_489' title='bbox 1205 5207 1258 5262; x_wconf 90' lang='lat' dir='ltr'><strong>in</strong></span> <span class='ocrx_word' id='word_1_490' title='bbox 1286 5209 1602 5278; x_wconf 86' lang='lat' dir='ltr'><strong>cegitatione</strong></span> <span class='ocrx_word' id='word_1_491' title='bbox 1625 5207 1750 5261; x_wconf 91' lang='lat' dir='ltr'><strong>etin</strong></span> <span class='ocrx_word' id='word_1_492' title='bbox 1777 5221 2022 5278; x_wconf 83' lang='lat' dir='ltr'><strong>sermone</strong></span> <span class='ocrx_word' id='word_1_493' title='bbox 2041 5217 2094 5260; x_wconf 88' lang='lat' dir='ltr'><strong>et</strong></span> 
     </span>
    </p>
   </div>
   <div class='ocr_carea' id='block_1_68' title="bbox 509 5276 2094 5352">
    <p class='ocr_par' dir='ltr' id='par_1_68' title="bbox 509 5276 2094 5352">
     <span class='ocr_line' id='line_1_68' title="bbox 509 5276 2094 5352; baseline -0.004 -15"><span class='ocrx_word' id='word_1_494' title='bbox 509 5276 678 5352; x_wconf 87' lang='lat' dir='ltr'><strong>opere</strong></span> <span class='ocrx_word' id='word_1_495' title='bbox 704 5297 916 5351; x_wconf 87' lang='lat' dir='ltr'><strong>semper</strong></span> <span class='ocrx_word' id='word_1_496' title='bbox 944 5279 1084 5352; x_wconf 91' lang='lat' dir='ltr'><strong>quod</strong></span> <span class='ocrx_word' id='word_1_497' title='bbox 1126 5281 1322 5334; x_wconf 90' lang='lat' dir='ltr'><strong>bonum</strong></span> <span class='ocrx_word' id='word_1_498' title='bbox 1359 5276 1706 5352; x_wconf 80' lang='lat' dir='ltr'><strong>estdiligere</strong></span> <span class='ocrx_word' id='word_1_499' title='bbox 1742 5277 1962 5352; x_wconf 75' lang='lat' dir='ltr'><strong>etquod</strong></span> <span class='ocrx_word' id='word_1_500' title='bbox 1993 5276 2094 5331; x_wconf 90' lang='lat' dir='ltr'><strong>ho-</strong></span> 
     </span>
    </p>
   </div>
   <div class='ocr_carea' id='block_1_69' title="bbox 508 5348 2096 5422">
    <p class='ocr_par' dir='ltr' id='par_1_69' title="bbox 508 5348 2096 5422">
     <span class='ocr_line' id='line_1_69' title="bbox 508 5348 2096 5422; baseline -0.004 -14"><span class='ocrx_word' id='word_1_501' title='bbox 508 5348 721 5408; x_wconf 83' lang='lat' dir='ltr'><strong>nestum</strong></span> <span class='ocrx_word' id='word_1_502' title='bbox 761 5348 844 5407; x_wconf 88' lang='lat' dir='ltr'><strong>est</strong></span> <span class='ocrx_word' id='word_1_503' title='bbox 866 5348 1063 5422; x_wconf 87' lang='lat' dir='ltr'><strong>jugiter</strong></span> <span class='ocrx_word' id='word_1_504' title='bbox 1091 5364 1373 5422; x_wconf 76' lang='lat' dir='ltr'><strong>exercere;</strong></span> <span class='ocrx_word' id='word_1_505' title='bbox 1407 5349 1706 5422; x_wconf 75' lang='lat' dir='ltr'><strong>ministrum</strong></span> <span class='ocrx_word' id='word_1_506' title='bbox 1747 5363 1804 5422; x_wconf 84' lang='lat' dir='ltr'><strong>se</strong></span> <span class='ocrx_word' id='word_1_507' title='bbox 1845 5348 1947 5422; x_wconf 88' lang='lat' dir='ltr'><strong>Dei_</strong></span> <span class='ocrx_word' id='word_1_508' title='bbox 1976 5361 2096 5402; x_wconf 90' lang='lat' dir='ltr'><strong>esse</strong></span> 
     </span>
    </p>
   </div>
   <div class='ocr_carea' id='block_1_70' title="bbox 513 5417 2097 5494">
    <p class='ocr_par' dir='ltr' id='par_1_70' title="bbox 513 5417 2097 5494">
     <span class='ocr_line' id='line_1_70' title="bbox 513 5417 2097 5494; baseline -0.004 -16"><span class='ocrx_word' id='word_1_509' title='bbox 513 5417 884 5494; x_wconf 18' lang='lat' dir='ltr'><strong>cognoscatiet</strong></span> <span class='ocrx_word' id='word_1_510' title='bbox 904 5417 1278 5494; x_wconf 64' lang='lat' dir='ltr'><strong>gaudeat._Qui</strong></span> <span class='ocrx_word' id='word_1_511' title='bbox 1299 5433 1435 5494; x_wconf 88' lang='lat' dir='ltr'><strong>_vero</strong></span> <span class='ocrx_word' id='word_1_512' title='bbox 1459 5435 1517 5473; x_wconf 92' lang='lat' dir='ltr'><strong>se</strong></span> <span class='ocrx_word' id='word_1_513' title='bbox 1547 5421 1716 5488; x_wconf 89' lang='lat' dir='ltr'><strong>ipsum</strong></span> <span class='ocrx_word' id='word_1_514' title='bbox 1757 5419 1898 5494; x_wconf 82' lang='lat' dir='ltr'><strong>intus</strong></span> <span class='ocrx_word' id='word_1_515' title='bbox 1933 5417 2097 5494; x_wconf 79' lang='lat' dir='ltr'><strong>inter-</strong></span> 
     </span>
    </p>
   </div>
   <div class='ocr_carea' id='block_1_71' title="bbox 511 5489 2094 5564">
    <p class='ocr_par' dir='ltr' id='par_1_71' title="bbox 511 5489 2094 5564">
     <span class='ocr_line' id='line_1_71' title="bbox 511 5489 2094 5564; baseline -0.003 -16"><span class='ocrx_word' id='word_1_516' title='bbox 511 5489 708 5564; x_wconf 75' lang='lat' dir='ltr'><strong>rogans</strong></span> <span class='ocrx_word' id='word_1_517' title='bbox 733 5489 931 5548; x_wconf 78' lang='lat' dir='ltr'><strong>viderit</strong></span> <span class='ocrx_word' id='word_1_518' title='bbox 953 5511 1011 5548; x_wconf 89' lang='lat' dir='ltr'><strong>se</strong></span> <span class='ocrx_word' id='word_1_519' title='bbox 1037 5491 1180 5562; x_wconf 90' lang='lat' dir='ltr'><strong>quod</strong></span> <span class='ocrx_word' id='word_1_520' title='bbox 1207 5489 1404 5546; x_wconf 86' lang='lat' dir='ltr'><strong>malum</strong></span> <span class='ocrx_word' id='word_1_521' title='bbox 1433 5499 1548 5554; x_wconf 87' lang='lat' dir='ltr'><strong>est,</strong></span> <span class='ocrx_word' id='word_1_522' title='bbox 1591 5505 1697 5544; x_wconf 90' lang='lat' dir='ltr'><strong>non</strong></span> <span class='ocrx_word' id='word_1_523' title='bbox 1735 5489 1906 5544; x_wconf 89' lang='lat' dir='ltr'><strong>solum</strong></span> <span class='ocrx_word' id='word_1_524' title='bbox 1945 5489 2094 5559; x_wconf 90' lang='lat' dir='ltr'><strong>cogi-</strong></span> 
     </span>
    </p>
   </div>
   <div class='ocr_carea' id='block_1_72' title="bbox 579 5601 1257 5728">
    <p class='ocr_par' dir='ltr' id='par_1_72' title="bbox 579 5601 1257 5728">
     <span class='ocr_line' id='line_1_72' title="bbox 579 5601 1257 5728; baseline -0.021 0"><span class='ocrx_word' id='word_1_525' title='bbox 579 5603 656 5728; x_wconf 67' lang='lat' dir='ltr'><strong>ta</strong></span> <span class='ocrx_word' id='word_1_526' title='bbox 677 5601 1257 5728; x_wconf 50' lang='lat' dir='ltr'><strong>supinatas?</strong></span> 
     </span>
    </p>
   </div>
   <div class='ocr_carea' id='block_1_73' title="bbox 605 5661 2095 5730">
    <p class='ocr_par' dir='ltr' id='par_1_73' title="bbox 605 5661 2095 5730">
     <span class='ocr_line' id='line_1_73' title="bbox 605 5661 2095 5730; baseline -0.004 -12"><span class='ocrx_word' id='word_1_527' title='bbox 605 5661 656 5730; x_wconf 84' lang='lat' dir='ltr'><strong>b)</strong></span> <span class='ocrx_word' id='word_1_528' title='bbox 677 5675 731 5730; x_wconf 80' lang='lat' dir='ltr'><strong>tn</strong></span> <span class='ocrx_word' id='word_1_529' title='bbox 767 5661 1061 5730; x_wconf 49' lang='lat' dir='ltr'><strong>appendice:</strong></span> <span class='ocrx_word' id='word_1_530' title='bbox 1083 5677 1218 5715; x_wconf 90' lang='lat' dir='ltr'><strong>nunc</strong></span> <span class='ocrx_word' id='word_1_531' title='bbox 1261 5664 1467 5730; x_wconf 80' lang='lat' dir='ltr'><strong>primunt</strong></span> <span class='ocrx_word' id='word_1_532' title='bbox 1499 5661 1789 5730; x_wconf 75' lang='lat' dir='ltr'><strong>collocatur.</strong></span> <span class='ocrx_word' id='word_1_533' title='bbox 1833 5669 1963 5714; x_wconf 82' lang='lat' dir='ltr'><strong>inter</strong></span> <span class='ocrx_word' id='word_1_534' title='bbox 1994 5670 2095 5730; x_wconf 80' lang='lat' dir='ltr'><strong>_Au—</strong></span> 
     </span>
    </p>
   </div>
   <div class='ocr_carea' id='block_1_74' title="bbox 511 5725 2098 5792">
    <p class='ocr_par' dir='ltr' id='par_1_74' title="bbox 511 5725 2098 5792">
     <span class='ocr_line' id='line_1_74' title="bbox 511 5725 2098 5792; baseline -0.001 -16"><span class='ocrx_word' id='word_1_535' title='bbox 511 5725 853 5792; x_wconf 69' lang='lat' dir='ltr'><strong>gustinianos&#39;;</strong></span> <span class='ocrx_word' id='word_1_536' title='bbox 893 5728 985 5780; x_wconf 85' lang='lat' dir='ltr'><strong>sed</strong></span> <span class='ocrx_word' id='word_1_537' title='bbox 1019 5728 1208 5792; x_wconf 81' lang='lat' dir='ltr'><strong>absque</strong></span> <span class='ocrx_word' id='word_1_538' title='bbox 1263 5725 1514 5792; x_wconf 55' lang='lat' dir='ltr'><strong>Augustini</strong></span> <span class='ocrx_word' id='word_1_539' title='bbox 1565 5727 1758 5776; x_wconf 89' lang='lat' dir='ltr'><strong>nomine</strong></span> <span class='ocrx_word' id='word_1_540' title='bbox 1774 5761 1790 5786; x_wconf 89' lang='lat'><strong>,</strong></span> <span class='ocrx_word' id='word_1_541' title='bbox 1836 5727 2098 5792; x_wconf 68' lang='lat' dir='ltr'><strong>Invenien-</strong></span> 
     </span>
    </p>
   </div>
   <div class='ocr_carea' id='block_1_75' title="bbox 509 5787 2097 5856">
    <p class='ocr_par' dir='ltr' id='par_1_75' title="bbox 509 5787 2097 5856">
     <span class='ocr_line' id='line_1_75' title="bbox 509 5787 2097 5856; baseline -0.003 -16"><span class='ocrx_word' id='word_1_542' title='bbox 509 5787 598 5840; x_wconf 79' lang='lat' dir='ltr'><strong>ies</strong></span> <span class='ocrx_word' id='word_1_543' title='bbox 611 5787 938 5856; x_wconf 84' lang='lat' dir='ltr'><strong>reliquerunt.</strong></span> <span class='ocrx_word' id='word_1_544' title='bbox 966 5787 1230 5856; x_wconf 77' lang='lat' dir='ltr'><strong>Augustino</strong></span> <span class='ocrx_word' id='word_1_545' title='bbox 1260 5787 1558 5856; x_wconf 78' lang='lat' dir='ltr'><strong>suppositum</strong></span> <span class='ocrx_word' id='word_1_546' title='bbox 1590 5787 2097 5856; x_wconf 63' lang='lat' dir='ltr'><strong>asseruerttnt__verli-</strong></span> 
     </span>
    </p>
   </div>
   <div class='ocr_carea' id='block_1_76' title="bbox 513 5847 2096 5905">
    <p class='ocr_par' dir='ltr' id='par_1_76' title="bbox 513 5847 2096 5905">
     <span class='ocr_line' id='line_1_76' title="bbox 513 5847 2096 5905; baseline -0.002 -3"><span class='ocrx_word' id='word_1_547' title='bbox 513 5863 611 5902; x_wconf 81' lang='lat' dir='ltr'><strong>nus</strong></span> <span class='ocrx_word' id='word_1_548' title='bbox 632 5859 685 5905; x_wconf 88' lang='lat' dir='ltr'><strong>et</strong></span> <span class='ocrx_word' id='word_1_549' title='bbox 699 5847 978 5905; x_wconf 67' lang='lat' dir='ltr'><strong>vitulinam.</strong></span> <span class='ocrx_word' id='word_1_550' title='bbox 994 5847 1129 5904; x_wconf 69' lang='lat' dir='ltr'><strong>nunc</strong></span> <span class='ocrx_word' id='word_1_551' title='bbox 1151 5863 1242 5902; x_wconf 87' lang='lat' dir='ltr'><strong>nos</strong></span> <span class='ocrx_word' id='word_1_552' title='bbox 1261 5847 1456 5900; x_wconf 80' lang='lat' dir='ltr'><strong>omnino</strong></span> <span class='ocrx_word' id='word_1_553' title='bbox 1479 5851 1664 5899; x_wconf 70' lang='lat' dir='ltr'><strong>(:zesarii</strong></span> <span class='ocrx_word' id='word_1_554' title='bbox 1688 5862 1802 5901; x_wconf 85' lang='lat' dir='ltr'><strong>esse</strong></span> <span class='ocrx_word' id='word_1_555' title='bbox 1819 5847 1936 5899; x_wconf 87' lang='lat' dir='ltr'><strong>nulli</strong></span> <span class='ocrx_word' id='word_1_556' title='bbox 1953 5849 2096 5900; x_wconf 88' lang='lat' dir='ltr'><strong>dubi-</strong></span> 
     </span>
    </p>
   </div>
   <div class='ocr_carea' id='block_1_77' title="bbox 1965 441 2326 500">
    <p class='ocr_par' dir='ltr' id='par_1_77' title="bbox 1965 441 2326 500">
     <span class='ocr_line' id='line_1_77' title="bbox 1965 441 2326 500; baseline -0.008 -3"><span class='ocrx_word' id='word_1_557' title='bbox 1965 441 2326 500; x_wconf 81' lang='lat' dir='ltr'><strong>APPENDIX.</strong></span> 
     </span>
    </p>
   </div>
   <div class='ocr_carea' id='block_1_78' title="bbox 3631 431 3768 488">
    <p class='ocr_par' dir='ltr' id='par_1_78' title="bbox 3631 431 3768 488">
     <span class='ocr_line' id='line_1_78' title="bbox 3631 431 3768 488; baseline -0.007 0"><span class='ocrx_word' id='word_1_558' title='bbox 3631 431 3768 488; x_wconf 78' lang='lat' dir='ltr'><strong>I776</strong></span> 
     </span>
    </p>
   </div>
   <div class='ocr_carea' id='block_1_79' title="bbox 2181 548 3768 620">
    <p class='ocr_par' dir='ltr' id='par_1_79' title="bbox 2181 548 3768 620">
     <span class='ocr_line' id='line_1_79' title="bbox 2181 548 3768 620; baseline -0.006 -9"><span class='ocrx_word' id='word_1_559' title='bbox 2181 565 2328 620; x_wconf 86' lang='lat' dir='ltr'><strong>tare,</strong></span> <span class='ocrx_word' id='word_1_560' title='bbox 2359 553 2454 609; x_wconf 91' lang='lat' dir='ltr'><strong>sed</strong></span> <span class='ocrx_word' id='word_1_561' title='bbox 2477 551 2638 608; x_wconf 87' lang='lat' dir='ltr'><strong>etiam</strong></span> <span class='ocrx_word' id='word_1_562' title='bbox 2665 551 2844 606; x_wconf 88' lang='lat' dir='ltr'><strong>dicere</strong></span> <span class='ocrx_word' id='word_1_563' title='bbox 2875 549 2956 606; x_wconf 88' lang='lat' dir='ltr'><strong>vel</strong></span> <span class='ocrx_word' id='word_1_564' title='bbox 2983 564 3270 614; x_wconf 77' lang='lat' dir='ltr'><strong>exemere;</strong></span> <span class='ocrx_word' id='word_1_565' title='bbox 3313 549 3610 620; x_wconf 88' lang='lat' dir='ltr'><strong>adjutorem</strong></span> <span class='ocrx_word' id='word_1_566' title='bbox 3651 548 3768 602; x_wconf 86' lang='lat' dir='ltr'><strong>dia-</strong></span> 
     </span>
    </p>
   </div>
   <div class='ocr_carea' id='block_1_80' title="bbox 2179 619 3774 693">
    <p class='ocr_par' dir='ltr' id='par_1_80' title="bbox 2179 619 3774 693">
     <span class='ocr_line' id='line_1_80' title="bbox 2179 619 3774 693; baseline -0.005 -11"><span class='ocrx_word' id='word_1_567' title='bbox 2179 627 2286 682; x_wconf 85' lang='lat' dir='ltr'><strong>boli</strong></span> <span class='ocrx_word' id='word_1_568' title='bbox 2313 619 2373 680; x_wconf 74' lang='lat' dir='ltr'><strong>Se</strong></span> <span class='ocrx_word' id='word_1_569' title='bbox 2399 639 2518 680; x_wconf 89' lang='lat' dir='ltr'><strong>esse</strong></span> <span class='ocrx_word' id='word_1_570' title='bbox 2543 623 2819 693; x_wconf 81' lang='lat' dir='ltr'><strong>intelligat,</strong></span> <span class='ocrx_word' id='word_1_571' title='bbox 2851 621 3006 677; x_wconf 90' lang='lat' dir='ltr'><strong>simul</strong></span> <span class='ocrx_word' id='word_1_572' title='bbox 3037 630 3090 676; x_wconf 93' lang='lat' dir='ltr'><strong>et</strong></span> <span class='ocrx_word' id='word_1_573' title='bbox 3115 621 3330 684; x_wconf 88' lang='lat' dir='ltr'><strong>doleat;</strong></span> <span class='ocrx_word' id='word_1_574' title='bbox 3364 619 3418 676; x_wconf 86' lang='lat' dir='ltr'><strong>et</strong></span> <span class='ocrx_word' id='word_1_575' title='bbox 3445 620 3570 674; x_wconf 91' lang='lat' dir='ltr'><strong>dum</strong></span> <span class='ocrx_word' id='word_1_576' title='bbox 3597 619 3774 674; x_wconf 87' lang='lat' dir='ltr'><strong>adhuc</strong></span> 
     </span>
    </p>
   </div>
   <div class='ocr_carea' id='block_1_81' title="bbox 2249 693 3772 762">
    <p class='ocr_par' dir='ltr' id='par_1_81' title="bbox 2249 693 3772 762">
     <span class='ocr_line' id='line_1_81' title="bbox 2249 693 3772 762; baseline -0.005 -11"><span class='ocrx_word' id='word_1_577' title='bbox 2249 697 2447 752; x_wconf 90' lang='lat' dir='ltr'><strong>ccatrix</strong></span> <span class='ocrx_word' id='word_1_578' title='bbox 2477 705 2532 750; x_wconf 88' lang='lat' dir='ltr'><strong>et</strong></span> <span class='ocrx_word' id='word_1_579' title='bbox 2567 694 2846 749; x_wconf 86' lang='lat' dir='ltr'><strong>tenebrosa</strong></span> <span class='ocrx_word' id='word_1_580' title='bbox 2881 695 3054 748; x_wconf 88' lang='lat' dir='ltr'><strong>anima</strong></span> <span class='ocrx_word' id='word_1_581' title='bbox 3097 693 3150 746; x_wconf 92' lang='lat' dir='ltr'><strong>in</strong></span> <span class='ocrx_word' id='word_1_582' title='bbox 3185 709 3410 762; x_wconf 89' lang='lat' dir='ltr'><strong>corpore</strong></span> <span class='ocrx_word' id='word_1_583' title='bbox 3436 707 3536 762; x_wconf 89' lang='lat' dir='ltr'><strong>suo</strong></span> <span class='ocrx_word' id='word_1_584' title='bbox 3563 701 3772 746; x_wconf 87' lang='lat' dir='ltr'><strong>tenetur</strong></span> 
     </span>
    </p>
   </div>
   <div class='ocr_carea' id='block_1_82' title="bbox 2181 761 3773 834">
    <p class='ocr_par' dir='ltr' id='par_1_82' title="bbox 2181 761 3773 834">
     <span class='ocr_line' id='line_1_82' title="bbox 2181 761 3773 834; baseline -0.006 -10"><span class='ocrx_word' id='word_1_585' title='bbox 2181 761 2414 834; x_wconf 78' lang='lat' dir='ltr'><strong>inclusa,</strong></span> <span class='ocrx_word' id='word_1_586' title='bbox 2441 782 2562 822; x_wconf 90' lang='lat' dir='ltr'><strong>cum</strong></span> <span class='ocrx_word' id='word_1_587' title='bbox 2589 766 2682 820; x_wconf 91' lang='lat' dir='ltr'><strong>Dei</strong></span> <span class='ocrx_word' id='word_1_588' title='bbox 2711 765 2972 832; x_wconf 78' lang='lat' dir='ltr'><strong>adiutorio</strong></span> <span class='ocrx_word' id='word_1_589' title='bbox 2989 763 3056 819; x_wconf 91' lang='lat' dir='ltr'><strong>de</strong></span> <span class='ocrx_word' id='word_1_590' title='bbox 3075 761 3336 834; x_wconf 85' lang='lat' dir='ltr'><strong>potestate</strong></span> <span class='ocrx_word' id='word_1_591' title='bbox 3363 761 3562 818; x_wconf 86' lang='lat' dir='ltr'><strong>diaboli</strong></span> <span class='ocrx_word' id='word_1_592' title='bbox 3593 779 3650 816; x_wconf 92' lang='lat' dir='ltr'><strong>se</strong></span> <span class='ocrx_word' id='word_1_593' title='bbox 3677 777 3773 817; x_wconf 89' lang='lat' dir='ltr'><strong>co-</strong></span> 
     </span>
    </p>
   </div>
   <div class='ocr_carea' id='block_1_83' title="bbox 2181 835 3772 903">
    <p class='ocr_par' dir='ltr' id='par_1_83' title="bbox 2181 835 3772 903">
     <span class='ocr_line' id='line_1_83' title="bbox 2181 835 3772 903; baseline -0.003 -10"><span class='ocrx_word' id='word_1_594' title='bbox 2181 849 2336 894; x_wconf 91' lang='lat' dir='ltr'><strong>netur</strong></span> <span class='ocrx_word' id='word_1_595' title='bbox 2371 852 2562 893; x_wconf 90' lang='lat' dir='ltr'><strong>eruere</strong></span> <span class='ocrx_word' id='word_1_596' title='bbox 2589 854 2601 889; x_wconf 92' lang='lat'>:</span> <span class='ocrx_word' id='word_1_597' title='bbox 2631 851 2699 891; x_wconf 89' lang='lat' dir='ltr'><strong>ne</strong></span> <span class='ocrx_word' id='word_1_598' title='bbox 2729 835 2866 890; x_wconf 90' lang='lat' dir='ltr'><strong>forte</strong></span> <span class='ocrx_word' id='word_1_599' title='bbox 2893 837 2936 888; x_wconf 91' lang='lat' dir='ltr'><strong>si</strong></span> <span class='ocrx_word' id='word_1_600' title='bbox 2969 836 3116 890; x_wconf 91' lang='lat' dir='ltr'><strong>illum</strong></span> <span class='ocrx_word' id='word_1_601' title='bbox 3145 835 3298 890; x_wconf 91' lang='lat' dir='ltr'><strong>malis</strong></span> <span class='ocrx_word' id='word_1_602' title='bbox 3327 835 3578 903; x_wconf 84' lang='lat' dir='ltr'><strong>Operibus</strong></span> <span class='ocrx_word' id='word_1_603' title='bbox 3615 835 3772 888; x_wconf 84' lang='lat' dir='ltr'><strong>insis-</strong></span> 
     </span>
    </p>
   </div>
   <div class='ocr_carea' id='block_1_84' title="bbox 2181 905 3774 976">
    <p class='ocr_par' dir='ltr' id='par_1_84' title="bbox 2181 905 3774 976">
     <span class='ocr_line' id='line_1_84' title="bbox 2181 905 3774 976; baseline -0.004 -12"><span class='ocrx_word' id='word_1_604' title='bbox 2181 918 2378 964; x_wconf 90' lang='lat' dir='ltr'><strong>tentem</strong></span> <span class='ocrx_word' id='word_1_605' title='bbox 2419 923 2564 962; x_wconf 92' lang='lat' dir='ltr'><strong>mors</strong></span> <span class='ocrx_word' id='word_1_606' title='bbox 2601 907 2884 976; x_wconf 88' lang='lat' dir='ltr'><strong>repentina</strong></span> <span class='ocrx_word' id='word_1_607' title='bbox 2925 912 3193 976; x_wconf 84' lang='lat' dir='ltr'><strong>rapuerit,</strong></span> <span class='ocrx_word' id='word_1_608' title='bbox 3221 921 3341 962; x_wconf 92' lang='lat' dir='ltr'><strong>cum</strong></span> <span class='ocrx_word' id='word_1_609' title='bbox 3372 905 3582 976; x_wconf 74' lang='lat' dir='ltr'><strong>diabolo</strong></span> <span class='ocrx_word' id='word_1_610' title='bbox 3619 905 3774 974; x_wconf 87' lang='lat' dir='ltr'><strong>cujus</strong></span> 
     </span>
    </p>
   </div>
   <div class='ocr_carea' id='block_1_85' title="bbox 2179 975 3773 1042">
    <p class='ocr_par' dir='ltr' id='par_1_85' title="bbox 2179 975 3773 1042">
     <span class='ocr_line' id='line_1_85' title="bbox 2179 975 3773 1042; baseline -0.003 -8"><span class='ocrx_word' id='word_1_611' title='bbox 2179 981 2502 1034; x_wconf 88' lang='lat' dir='ltr'><strong>voluntatem</strong></span> <span class='ocrx_word' id='word_1_612' title='bbox 2551 975 2884 1042; x_wconf 87' lang='lat' dir='ltr'><strong>exercuerit,</strong></span> <span class='ocrx_word' id='word_1_613' title='bbox 2933 975 3202 1032; x_wconf 84' lang='lat' dir='ltr'><strong>mereatur</strong></span> <span class='ocrx_word' id='word_1_614' title='bbox 3231 977 3414 1032; x_wconf 89' lang='lat' dir='ltr'><strong>audire</strong></span> <span class='ocrx_word' id='word_1_615' title='bbox 3455 995 3468 1030; x_wconf 89' lang='lat'>:</span> <span class='ocrx_word' id='word_1_616' title='bbox 3515 975 3773 1030; x_wconf 76' lang='lat' dir='ltr'><strong>Discedite</strong></span> 
     </span>
    </p>
   </div>
   <div class='ocr_carea' id='block_1_86' title="bbox 2179 1049 3195 1118">
    <p class='ocr_par' dir='ltr' id='par_1_86' title="bbox 2179 1049 3195 1118">
     <span class='ocr_line' id='line_1_86' title="bbox 2179 1049 3195 1118; baseline -0.006 -13"><span class='ocrx_word' id='word_1_617' title='bbox 2179 1068 2211 1105; x_wconf 90' lang='lat' dir='ltr'><strong>a</strong></span> <span class='ocrx_word' id='word_1_618' title='bbox 2237 1068 2334 1117; x_wconf 86' lang='lat' dir='ltr'><strong>me,</strong></span> <span class='ocrx_word' id='word_1_619' title='bbox 2365 1049 2638 1112; x_wconf 78' lang='lat' dir='ltr'><strong>maledicti,</strong></span> <span class='ocrx_word' id='word_1_620' title='bbox 2665 1049 2719 1102; x_wconf 89' lang='lat' dir='ltr'><strong>in</strong></span> <span class='ocrx_word' id='word_1_621' title='bbox 2744 1049 2912 1118; x_wconf 83' lang='lat' dir='ltr'><strong>ignem</strong></span> <span class='ocrx_word' id='word_1_622' title='bbox 2933 1057 3195 1102; x_wconf 80' lang='lat' dir='ltr'><strong>teternum.</strong></span> 
     </span>
    </p>
   </div>
   <div class='ocr_carea' id='block_1_87' title="bbox 2264 1118 3768 1188">
    <p class='ocr_par' dir='ltr' id='par_1_87' title="bbox 2264 1118 3768 1188">
     <span class='ocr_line' id='line_1_87' title="bbox 2264 1118 3768 1188; baseline -0.003 -11"><span class='ocrx_word' id='word_1_623' title='bbox 2264 1123 2317 1177; x_wconf 83' lang='grc'><strong>5.</strong></span> <span class='ocrx_word' id='word_1_624' title='bbox 2371 1119 2648 1175; x_wconf 84' lang='lat' dir='ltr'><strong>Contrariis</strong></span> <span class='ocrx_word' id='word_1_625' title='bbox 2705 1135 2886 1173; x_wconf 83' lang='lat' dir='ltr'><strong>sanare</strong></span> <span class='ocrx_word' id='word_1_626' title='bbox 2939 1119 3196 1172; x_wconf 74' lang='lat' dir='ltr'><strong>contraria</strong></span> <span class='ocrx_word' id='word_1_627' title='bbox 3215 1160 3230 1184; x_wconf 94' lang='lat'><strong>,</strong></span> <span class='ocrx_word' id='word_1_628' title='bbox 3283 1118 3642 1188; x_wconf 84' lang='lat' dir='ltr'><strong>destructisque</strong></span> <span class='ocrx_word' id='word_1_629' title='bbox 3693 1119 3768 1173; x_wconf 74' lang='lat' dir='ltr'><strong>tti-</strong></span> 
     </span>
    </p>
   </div>
   <div class='ocr_carea' id='block_1_88' title="bbox 2181 1188 3770 1260">
    <p class='ocr_par' dir='ltr' id='par_1_88' title="bbox 2181 1188 3770 1260">
     <span class='ocr_line' id='line_1_88' title="bbox 2181 1188 3770 1260; baseline -0.001 -14"><span class='ocrx_word' id='word_1_630' title='bbox 2181 1193 2300 1260; x_wconf 85' lang='lat' dir='ltr'><strong>tiis,</strong></span> <span class='ocrx_word' id='word_1_631' title='bbox 2343 1191 2548 1246; x_wconf 78' lang='lat' dir='ltr'><strong>uirtutes</strong></span> <span class='ocrx_word' id='word_1_632' title='bbox 2595 1199 2760 1244; x_wconf 83' lang='lat' dir='ltr'><strong>stuere</strong></span> <span class='ocrx_word' id='word_1_633' title='bbox 2795 1190 3103 1260; x_wconf 75' lang='lat' dir='ltr'><strong>studentum.</strong></span> <span class='ocrx_word' id='word_1_634' title='bbox 3145 1188 3312 1244; x_wconf 85' lang='lat' dir='ltr'><strong>Nemo</strong></span> <span class='ocrx_word' id='word_1_635' title='bbox 3361 1205 3420 1244; x_wconf 90' lang='lat' dir='ltr'><strong>se</strong></span> <span class='ocrx_word' id='word_1_636' title='bbox 3469 1191 3770 1252; x_wconf 52' lang='lat' dir='ltr'><strong>cit-eumve:</strong></span> 
     </span>
    </p>
   </div>
   <div class='ocr_carea' id='block_1_89' title="bbox 2179 1259 3766 1330">
    <p class='ocr_par' dir='ltr' id='par_1_89' title="bbox 2179 1259 3766 1330">
     <span class='ocr_line' id='line_1_89' title="bbox 2179 1259 3766 1330; baseline -0.004 -12"><span class='ocrx_word' id='word_1_637' title='bbox 2179 1259 2330 1326; x_wconf 83' lang='lat' dir='ltr'><strong>niat,</strong></span> <span class='ocrx_word' id='word_1_638' title='bbox 2373 1261 2564 1317; x_wconf 81' lang='lat' dir='ltr'><strong>fratres</strong></span> <span class='ocrx_word' id='word_1_639' title='bbox 2615 1261 2932 1316; x_wconf 89' lang='lat' dir='ltr'><strong>charissimi.</strong></span> <span class='ocrx_word' id='word_1_640' title='bbox 2983 1259 3350 1330; x_wconf 86' lang='lat' dir='ltr'><strong>Unusquisque</strong></span> <span class='ocrx_word' id='word_1_641' title='bbox 3399 1261 3552 1328; x_wconf 86' lang='lat' dir='ltr'><strong>cujus</strong></span> <span class='ocrx_word' id='word_1_642' title='bbox 3603 1275 3766 1328; x_wconf 85' lang='lat' dir='ltr'><strong>opera</strong></span> 
     </span>
    </p>
   </div>
   <div class='ocr_carea' id='block_1_90' title="bbox 2179 1331 3768 1400">
    <p class='ocr_par' dir='ltr' id='par_1_90' title="bbox 2179 1331 3768 1400">
     <span class='ocr_line' id='line_1_90' title="bbox 2179 1331 3768 1400; baseline -0.003 -12"><span class='ocrx_word' id='word_1_643' title='bbox 2179 1335 2264 1390; x_wconf 90' lang='lat' dir='ltr'><strong>vel</strong></span> <span class='ocrx_word' id='word_1_644' title='bbox 2295 1334 2596 1388; x_wconf 87' lang='lat' dir='ltr'><strong>voluntates</strong></span> <span class='ocrx_word' id='word_1_645' title='bbox 2623 1341 2836 1388; x_wconf 84' lang='lat' dir='ltr'><strong>exercet</strong></span> <span class='ocrx_word' id='word_1_646' title='bbox 2863 1332 2914 1384; x_wconf 90' lang='lat' dir='ltr'><strong>in</strong></span> <span class='ocrx_word' id='word_1_647' title='bbox 2943 1331 3045 1384; x_wconf 89' lang='lat' dir='ltr'><strong>isto</strong></span> <span class='ocrx_word' id='word_1_648' title='bbox 3075 1331 3270 1386; x_wconf 87' lang='lat' dir='ltr'><strong>saeculo</strong></span> <span class='ocrx_word' id='word_1_649' title='bbox 3289 1371 3302 1392; x_wconf 90' lang='lat'><strong>,</strong></span> <span class='ocrx_word' id='word_1_650' title='bbox 3345 1346 3466 1386; x_wconf 88' lang='lat' dir='ltr'><strong>cum</strong></span> <span class='ocrx_word' id='word_1_651' title='bbox 3513 1331 3628 1400; x_wconf 88' lang='lat' dir='ltr'><strong>ipso</strong></span> <span class='ocrx_word' id='word_1_652' title='bbox 3663 1333 3768 1385; x_wconf 90' lang='lat' dir='ltr'><strong>erit</strong></span> 
     </span>
    </p>
   </div>
   <div class='ocr_carea' id='block_1_91' title="bbox 2177 1401 3766 1474">
    <p class='ocr_par' dir='ltr' id='par_1_91' title="bbox 2177 1401 3766 1474">
     <span class='ocr_line' id='line_1_91' title="bbox 2177 1401 3766 1474; baseline -0.003 -14"><span class='ocrx_word' id='word_1_653' title='bbox 2177 1403 2516 1474; x_wconf 89' lang='lat' dir='ltr'><strong>postmodum</strong></span> <span class='ocrx_word' id='word_1_654' title='bbox 2561 1404 2610 1456; x_wconf 92' lang='lat' dir='ltr'><strong>in</strong></span> <span class='ocrx_word' id='word_1_655' title='bbox 2660 1401 2860 1456; x_wconf 84' lang='lat' dir='ltr'><strong>futuro.</strong></span> <span class='ocrx_word' id='word_1_656' title='bbox 2897 1403 2974 1456; x_wconf 79' lang='lat' dir='ltr'><strong>Ac</strong></span> <span class='ocrx_word' id='word_1_657' title='bbox 3007 1401 3086 1456; x_wconf 91' lang='lat' dir='ltr'><strong>sic</strong></span> <span class='ocrx_word' id='word_1_658' title='bbox 3123 1401 3296 1474; x_wconf 79' lang='lat' dir='ltr'><strong>omnis</strong></span> <span class='ocrx_word' id='word_1_659' title='bbox 3319 1401 3491 1474; x_wconf 72' lang='lat' dir='ltr'><strong>_homo</strong></span> <span class='ocrx_word' id='word_1_660' title='bbox 3519 1409 3612 1474; x_wconf 88' lang='lat' dir='ltr'><strong>aut</strong></span> <span class='ocrx_word' id='word_1_661' title='bbox 3637 1417 3766 1474; x_wconf 81' lang='lat' dir='ltr'><strong>_cum</strong></span> 
     </span>
    </p>
   </div>
   <div class='ocr_carea' id='block_1_92' title="bbox 2178 1471 3764 1544">
    <p class='ocr_par' dir='ltr' id='par_1_92' title="bbox 2178 1471 3764 1544">
     <span class='ocr_line' id='line_1_92' title="bbox 2178 1471 3764 1544; baseline -0.003 -14"><span class='ocrx_word' id='word_1_662' title='bbox 2178 1471 2392 1530; x_wconf 79' lang='lat' dir='ltr'><strong>Christo</strong></span> <span class='ocrx_word' id='word_1_663' title='bbox 2435 1484 2750 1544; x_wconf 80' lang='lat' dir='ltr'><strong>regnaturus</strong></span> <span class='ocrx_word' id='word_1_664' title='bbox 2778 1483 2891 1544; x_wconf 73' lang='lat' dir='ltr'><strong>est,</strong></span> <span class='ocrx_word' id='word_1_665' title='bbox 2916 1481 3028 1544; x_wconf 75' lang='lat' dir='ltr'><strong>aut</strong></span> <span class='ocrx_word' id='word_1_666' title='bbox 3070 1488 3192 1544; x_wconf 83' lang='lat' dir='ltr'><strong>cum</strong></span> <span class='ocrx_word' id='word_1_667' title='bbox 3229 1471 3439 1526; x_wconf 88' lang='lat' dir='ltr'><strong>diabolo</strong></span> <span class='ocrx_word' id='word_1_668' title='bbox 3481 1473 3530 1524; x_wconf 91' lang='lat' dir='ltr'><strong>in</strong></span> <span class='ocrx_word' id='word_1_669' title='bbox 3571 1472 3764 1526; x_wconf 85' lang='lat' dir='ltr'><strong>inferni</strong></span> 
     </span>
    </p>
   </div>
   <div class='ocr_carea' id='block_1_93' title="bbox 2177 1541 3765 1616">
    <p class='ocr_par' dir='ltr' id='par_1_93' title="bbox 2177 1541 3765 1616">
     <span class='ocr_line' id='line_1_93' title="bbox 2177 1541 3765 1616; baseline -0.002 -16"><span class='ocrx_word' id='word_1_670' title='bbox 2177 1547 2436 1616; x_wconf 84' lang='lat' dir='ltr'><strong>supplicio</strong></span> <span class='ocrx_word' id='word_1_671' title='bbox 2456 1541 2790 1616; x_wconf 79' lang='lat' dir='ltr'><strong>cruciandus.</strong></span> <span class='ocrx_word' id='word_1_672' title='bbox 2823 1543 2889 1597; x_wconf 89' lang='lat' dir='ltr'><strong>Et</strong></span> <span class='ocrx_word' id='word_1_673' title='bbox 2913 1541 3033 1598; x_wconf 89' lang='lat' dir='ltr'><strong>ideo</strong></span> <span class='ocrx_word' id='word_1_674' title='bbox 3057 1543 3186 1598; x_wconf 92' lang='lat' dir='ltr'><strong>dum</strong></span> <span class='ocrx_word' id='word_1_675' title='bbox 3211 1552 3420 1616; x_wconf 83' lang='lat' dir='ltr'><strong>tempus</strong></span> <span class='ocrx_word' id='word_1_676' title='bbox 3445 1553 3545 1602; x_wconf 88' lang='lat' dir='ltr'><strong>est,</strong></span> <span class='ocrx_word' id='word_1_677' title='bbox 3572 1553 3765 1616; x_wconf 85' lang='lat' dir='ltr'><strong>etcum</strong></span> 
     </span>
    </p>
   </div>
   <div class='ocr_carea' id='block_1_94' title="bbox 2177 1613 3768 1686">
    <p class='ocr_par' dir='ltr' id='par_1_94' title="bbox 2177 1613 3768 1686">
     <span class='ocr_line' id='line_1_94' title="bbox 2177 1613 3768 1686; baseline -0.001 -16"><span class='ocrx_word' id='word_1_678' title='bbox 2177 1617 2269 1670; x_wconf 88' lang='lat' dir='ltr'><strong>Dei</strong></span> <span class='ocrx_word' id='word_1_679' title='bbox 2282 1613 2559 1686; x_wconf 54' lang='lat' dir='ltr'><strong>&#39;adjutorio</strong></span> <span class='ocrx_word' id='word_1_680' title='bbox 2589 1615 2644 1668; x_wconf 93' lang='lat' dir='ltr'><strong>in</strong></span> <span class='ocrx_word' id='word_1_681' title='bbox 2671 1623 2850 1668; x_wconf 88' lang='lat' dir='ltr'><strong>nostra</strong></span> <span class='ocrx_word' id='word_1_682' title='bbox 2881 1623 3142 1686; x_wconf 85' lang='lat' dir='ltr'><strong>potestate</strong></span> <span class='ocrx_word' id='word_1_683' title='bbox 3162 1613 3449 1686; x_wconf 80' lang='lat' dir='ltr'><strong>consisut,</strong></span> <span class='ocrx_word' id='word_1_684' title='bbox 3483 1614 3768 1682; x_wconf 86' lang='lat' dir='ltr'><strong>unusquis-</strong></span> 
     </span>
    </p>
   </div>
   <div class='ocr_carea' id='block_1_95' title="bbox 2177 1685 3759 1757">
    <p class='ocr_par' dir='ltr' id='par_1_95' title="bbox 2177 1685 3759 1757">
     <span class='ocr_line' id='line_1_95' title="bbox 2177 1685 3759 1757; baseline -0.003 -17"><span class='ocrx_word' id='word_1_685' title='bbox 2177 1701 2278 1756; x_wconf 83' lang='lat' dir='ltr'><strong>que</strong></span> <span class='ocrx_word' id='word_1_686' title='bbox 2306 1685 2394 1757; x_wconf 89' lang='lat' dir='ltr'><strong>qui</strong></span> <span class='ocrx_word' id='word_1_687' title='bbox 2426 1702 2482 1740; x_wconf 92' lang='lat' dir='ltr'><strong>se</strong></span> <span class='ocrx_word' id='word_1_688' title='bbox 2511 1687 2663 1740; x_wconf 91' lang='lat' dir='ltr'><strong>malis</strong></span> <span class='ocrx_word' id='word_1_689' title='bbox 2693 1685 2940 1757; x_wconf 84' lang='lat' dir='ltr'><strong>operibus</strong></span> <span class='ocrx_word' id='word_1_690' title='bbox 2981 1685 3030 1736; x_wconf 92' lang='lat' dir='ltr'><strong>in</strong></span> <span class='ocrx_word' id='word_1_691' title='bbox 3049 1685 3306 1757; x_wconf 78' lang='lat' dir='ltr'><strong>_sinistra</strong></span> <span class='ocrx_word' id='word_1_692' title='bbox 3327 1701 3446 1738; x_wconf 85' lang='lat' dir='ltr'><strong>esse</strong></span> <span class='ocrx_word' id='word_1_693' title='bbox 3472 1687 3759 1754; x_wconf 80' lang='lat' dir='ltr'><strong>cognoscit,</strong></span> 
     </span>
    </p>
   </div>
   <div class='ocr_carea' id='block_1_96' title="bbox 2179 1755 3763 1826">
    <p class='ocr_par' dir='ltr' id='par_1_96' title="bbox 2179 1755 3763 1826">
     <span class='ocr_line' id='line_1_96' title="bbox 2179 1755 3763 1826; baseline -0.003 -14"><span class='ocrx_word' id='word_1_694' title='bbox 2179 1755 2480 1826; x_wconf 78' lang='lat' dir='ltr'><strong>priusquam</strong></span> <span class='ocrx_word' id='word_1_695' title='bbox 2513 1757 2580 1811; x_wconf 93' lang='lat' dir='ltr'><strong>de</strong></span> <span class='ocrx_word' id='word_1_696' title='bbox 2611 1757 2709 1810; x_wconf 90' lang='lat' dir='ltr'><strong>hac</strong></span> <span class='ocrx_word' id='word_1_697' title='bbox 2739 1756 2855 1809; x_wconf 86' lang='lat' dir='ltr'><strong>luce</strong></span> <span class='ocrx_word' id='word_1_698' title='bbox 2881 1755 3150 1818; x_wconf 86' lang='lat' dir='ltr'><strong>discedat,</strong></span> <span class='ocrx_word' id='word_1_699' title='bbox 3183 1755 3247 1808; x_wconf 88' lang='lat' dir='ltr'><strong>ad</strong></span> <span class='ocrx_word' id='word_1_700' title='bbox 3277 1755 3548 1826; x_wconf 76' lang='lat' dir='ltr'><strong>dexteram</strong></span> <span class='ocrx_word' id='word_1_701' title='bbox 3587 1765 3763 1810; x_wconf 88' lang='lat' dir='ltr'><strong>trans-</strong></span> 
     </span>
    </p>
   </div>
   <div class='ocr_carea' id='block_1_97' title="bbox 2176 1825 3766 1890">
    <p class='ocr_par' dir='ltr' id='par_1_97' title="bbox 2176 1825 3766 1890">
     <span class='ocr_line' id='line_1_97' title="bbox 2176 1825 3766 1890; baseline -0.003 -8"><span class='ocrx_word' id='word_1_702' title='bbox 2176 1827 2256 1882; x_wconf 89' lang='lat' dir='ltr'><strong>ire</strong></span> <span class='ocrx_word' id='word_1_703' title='bbox 2281 1825 2596 1890; x_wconf 84' lang='lat' dir='ltr'><strong>contendat,</strong></span> <span class='ocrx_word' id='word_1_704' title='bbox 2629 1837 2686 1880; x_wconf 90' lang='lat' dir='ltr'><strong>ut</strong></span> <span class='ocrx_word' id='word_1_705' title='bbox 2715 1842 2817 1880; x_wconf 90' lang='lat' dir='ltr'><strong>non</strong></span> <span class='ocrx_word' id='word_1_706' title='bbox 2855 1841 2976 1878; x_wconf 90' lang='lat' dir='ltr'><strong>cum</strong></span> <span class='ocrx_word' id='word_1_707' title='bbox 3005 1826 3236 1880; x_wconf 90' lang='lat' dir='ltr'><strong>sinistris</strong></span> <span class='ocrx_word' id='word_1_708' title='bbox 3264 1825 3444 1879; x_wconf 88' lang='lat' dir='ltr'><strong>audiat</strong></span> <span class='ocrx_word' id='word_1_709' title='bbox 3463 1867 3476 1886; x_wconf 87' lang='lat'><strong>.</strong></span> <span class='ocrx_word' id='word_1_710' title='bbox 3515 1826 3766 1879; x_wconf 78' lang='lat' dir='ltr'><strong>Discedite</strong></span> 
     </span>
    </p>
   </div>
   <div class='ocr_carea' id='block_1_98' title="bbox 2175 1897 3762 1968">
    <p class='ocr_par' dir='ltr' id='par_1_98' title="bbox 2175 1897 3762 1968">
     <span class='ocr_line' id='line_1_98' title="bbox 2175 1897 3762 1968; baseline -0.001 -17"><span class='ocrx_word' id='word_1_711' title='bbox 2175 1915 2208 1951; x_wconf 89' lang='lat' dir='ltr'><strong>a</strong></span> <span class='ocrx_word' id='word_1_712' title='bbox 2235 1915 2313 1952; x_wconf 88' lang='lat' dir='ltr'><strong>me</strong></span> <span class='ocrx_word' id='word_1_713' title='bbox 2331 1941 2346 1966; x_wconf 90' lang='lat'><strong>,</strong></span> <span class='ocrx_word' id='word_1_714' title='bbox 2375 1899 2661 1958; x_wconf 81' lang='lat' dir='ltr'><strong>maledicti,</strong></span> <span class='ocrx_word' id='word_1_715' title='bbox 2693 1899 2746 1950; x_wconf 90' lang='lat' dir='ltr'><strong>in</strong></span> <span class='ocrx_word' id='word_1_716' title='bbox 2773 1897 2938 1968; x_wconf 84' lang='lat' dir='ltr'><strong>ignem</strong></span> <span class='ocrx_word' id='word_1_717' title='bbox 2963 1908 3241 1968; x_wconf 65' lang='lat' dir='ltr'><strong>aeternum;</strong></span> <span class='ocrx_word' id='word_1_718' title='bbox 3271 1897 3362 1968; x_wconf 89' lang='lat' dir='ltr'><strong>sed</strong></span> <span class='ocrx_word' id='word_1_719' title='bbox 3393 1898 3457 1948; x_wconf 87' lang='lat' dir='ltr'><strong>ad</strong></span> <span class='ocrx_word' id='word_1_720' title='bbox 3486 1897 3762 1968; x_wconf 79' lang='lat' dir='ltr'><strong>dexteram</strong></span> 
     </span>
    </p>
   </div>
   <div class='ocr_carea' id='block_1_99' title="bbox 2177 1965 3766 2039">
    <p class='ocr_par' dir='ltr' id='par_1_99' title="bbox 2177 1965 3766 2039">
     <span class='ocr_line' id='line_1_99' title="bbox 2177 1965 3766 2039; baseline -0.001 -17"><span class='ocrx_word' id='word_1_721' title='bbox 2177 1969 2316 2024; x_wconf 89' lang='lat' dir='ltr'><strong>inter</strong></span> <span class='ocrx_word' id='word_1_722' title='bbox 2340 1985 2504 2039; x_wconf 84' lang='lat' dir='ltr'><strong>agnos</strong></span> <span class='ocrx_word' id='word_1_723' title='bbox 2533 1969 2714 2022; x_wconf 88' lang='lat' dir='ltr'><strong>audire</strong></span> <span class='ocrx_word' id='word_1_724' title='bbox 2746 1965 3012 2022; x_wconf 79' lang='lat' dir='ltr'><strong>mereatur</strong></span> <span class='ocrx_word' id='word_1_725' title='bbox 3031 2010 3044 2030; x_wconf 89' lang='lat'><strong>,</strong></span> <span class='ocrx_word' id='word_1_726' title='bbox 3083 1965 3256 2020; x_wconf 84' lang='lat' dir='ltr'><strong>Venite</strong></span> <span class='ocrx_word' id='word_1_727' title='bbox 3276 2009 3289 2029; x_wconf 85' lang='lat'><strong>,</strong></span> <span class='ocrx_word' id='word_1_728' title='bbox 3322 1967 3561 2020; x_wconf 73' lang='lat' dir='ltr'><strong>benedicti</strong></span> <span class='ocrx_word' id='word_1_729' title='bbox 3595 1967 3766 2039; x_wconf 83' lang='lat' dir='ltr'><strong>Patris</strong></span> 
     </span>
    </p>
   </div>
   <div class='ocr_carea' id='block_1_100' title="bbox 2175 2038 3768 2111">
    <p class='ocr_par' dir='ltr' id='par_1_100' title="bbox 2175 2038 3768 2111">
     <span class='ocr_line' id='line_1_100' title="bbox 2175 2038 3768 2111; baseline 0 -19"><span class='ocrx_word' id='word_1_730' title='bbox 2175 2041 2293 2106; x_wconf 87' lang='lat' dir='ltr'><strong>mei,</strong></span> <span class='ocrx_word' id='word_1_731' title='bbox 2322 2038 2561 2111; x_wconf 80' lang='lat' dir='ltr'><strong>percipite</strong></span> <span class='ocrx_word' id='word_1_732' title='bbox 2583 2055 2792 2111; x_wconf 75' lang='lat' dir='ltr'><strong>regnum</strong></span> <span class='ocrx_word' id='word_1_733' title='bbox 2822 2039 3036 2111; x_wconf 63' lang='lat' dir='ltr'><strong>(Matth.</strong></span> <span class='ocrx_word' id='word_1_734' title='bbox 3059 2054 3184 2111; x_wconf 83' lang='lat' dir='ltr'><strong>xxv,</strong></span> <span class='ocrx_word' id='word_1_735' title='bbox 3212 2039 3301 2111; x_wconf 65' lang='grc'><strong>41,</strong></span> <span class='ocrx_word' id='word_1_736' title='bbox 3331 2039 3443 2111; x_wconf 65' lang='grc'><strong>54).</strong></span> <span class='ocrx_word' id='word_1_737' title='bbox 3475 2039 3541 2092; x_wconf 82' lang='grc' dir='ltr'><strong>Ει</strong></span> <span class='ocrx_word' id='word_1_738' title='bbox 3568 2049 3622 2091; x_wconf 80' lang='grc' dir='ltr'><strong>ιιι</strong></span> <span class='ocrx_word' id='word_1_739' title='bbox 3649 2038 3768 2111; x_wconf 66' lang='grc' dir='ltr'><strong>ιιῳο</strong></span> 
     </span>
    </p>
   </div>
   <div class='ocr_carea' id='block_1_101' title="bbox 2175 2107 3768 2178">
    <p class='ocr_par' dir='ltr' id='par_1_101' title="bbox 2175 2107 3768 2178">
     <span class='ocr_line' id='line_1_101' title="bbox 2175 2107 3768 2178; baseline -0.001 -14"><span class='ocrx_word' id='word_1_740' title='bbox 2175 2107 2352 2165; x_wconf 82' lang='lat' dir='ltr'><strong>omnia</strong></span> <span class='ocrx_word' id='word_1_741' title='bbox 2379 2107 2498 2164; x_wconf 85' lang='lat' dir='ltr'><strong>cum</strong></span> <span class='ocrx_word' id='word_1_742' title='bbox 2529 2111 2620 2164; x_wconf 91' lang='lat' dir='ltr'><strong>Dei</strong></span> <span class='ocrx_word' id='word_1_743' title='bbox 2640 2107 2914 2178; x_wconf 78' lang='lat' dir='ltr'><strong>adiutorio</strong></span> <span class='ocrx_word' id='word_1_744' title='bbox 2944 2110 3206 2176; x_wconf 88' lang='lat' dir='ltr'><strong>possimus</strong></span> <span class='ocrx_word' id='word_1_745' title='bbox 3231 2107 3480 2176; x_wconf 85' lang='lat' dir='ltr'><strong>implere,</strong></span> <span class='ocrx_word' id='word_1_746' title='bbox 3513 2109 3768 2164; x_wconf 77' lang='lat' dir='ltr'><strong>attentius</strong></span> 
     </span>
    </p>
   </div>
   <div class='ocr_carea' id='block_1_102' title="bbox 2176 2179 3768 2252">
    <p class='ocr_par' dir='ltr' id='par_1_102' title="bbox 2176 2179 3768 2252">
     <span class='ocr_line' id='line_1_102' title="bbox 2176 2179 3768 2252; baseline -0.001 -18"><span class='ocrx_word' id='word_1_747' title='bbox 2176 2179 2244 2236; x_wconf 89' lang='lat' dir='ltr'><strong>de</strong></span> <span class='ocrx_word' id='word_1_748' title='bbox 2271 2181 2461 2236; x_wconf 86' lang='lat' dir='ltr'><strong>dandis</strong></span> <span class='ocrx_word' id='word_1_749' title='bbox 2489 2179 3192 2252; x_wconf 12' lang='lat' dir='ltr'><strong>eleemosynisicogitemus.</strong></span> <span class='ocrx_word' id='word_1_750' title='bbox 3230 2181 3472 2252; x_wconf 61' lang='lat' dir='ltr'><strong>Qualiter</strong></span> <span class='ocrx_word' id='word_1_751' title='bbox 3495 2187 3668 2252; x_wconf 83' lang='lat' dir='ltr'><strong>autem</strong></span> <span class='ocrx_word' id='word_1_752' title='bbox 3697 2179 3768 2233; x_wconf 90' lang='lat' dir='ltr'><strong>de</strong></span> 
     </span>
    </p>
   </div>
   <div class='ocr_carea' id='block_1_103' title="bbox 2175 2250 3766 2314">
    <p class='ocr_par' dir='ltr' id='par_1_103' title="bbox 2175 2250 3766 2314">
     <span class='ocr_line' id='line_1_103' title="bbox 2175 2250 3766 2314; baseline -0.001 -8"><span class='ocrx_word' id='word_1_753' title='bbox 2175 2253 2392 2306; x_wconf 81' lang='lat' dir='ltr'><strong>sinistra</strong></span> <span class='ocrx_word' id='word_1_754' title='bbox 2419 2250 2806 2306; x_wconf 60' lang='lat' dir='ltr'><strong>trauseatur&#39;ad</strong></span> <span class='ocrx_word' id='word_1_755' title='bbox 2837 2251 3130 2314; x_wconf 79' lang='lat' dir='ltr'><strong>dexteram,</strong></span> <span class='ocrx_word' id='word_1_756' title='bbox 3160 2251 3376 2305; x_wconf 81' lang='lat' dir='ltr'><strong>evidens</strong></span> <span class='ocrx_word' id='word_1_757' title='bbox 3405 2259 3459 2304; x_wconf 92' lang='lat' dir='ltr'><strong>et</strong></span> <span class='ocrx_word' id='word_1_758' title='bbox 3488 2250 3766 2304; x_wconf 79' lang='lat' dir='ltr'><strong>manifesta</strong></span> 
     </span>
    </p>
   </div>
   <div class='ocr_carea' id='block_1_104' title="bbox 2175 2320 3769 2388">
    <p class='ocr_par' dir='ltr' id='par_1_104' title="bbox 2175 2320 3769 2388">
     <span class='ocr_line' id='line_1_104' title="bbox 2175 2320 3769 2388; baseline -0.001 -12"><span class='ocrx_word' id='word_1_759' title='bbox 2175 2324 2312 2376; x_wconf 84' lang='lat' dir='ltr'><strong>ratio</strong></span> <span class='ocrx_word' id='word_1_760' title='bbox 2339 2323 2687 2378; x_wconf 87' lang='lat' dir='ltr'><strong>demonstrat.</strong></span> <span class='ocrx_word' id='word_1_761' title='bbox 2721 2321 2820 2388; x_wconf 84' lang='lat' dir='ltr'><strong>Qui</strong></span> <span class='ocrx_word' id='word_1_762' title='bbox 2861 2320 2960 2375; x_wconf 88' lang='lat' dir='ltr'><strong>fuit</strong></span> <span class='ocrx_word' id='word_1_763' title='bbox 2997 2321 3271 2386; x_wconf 88' lang='lat' dir='ltr'><strong>ebriosus,</strong></span> <span class='ocrx_word' id='word_1_764' title='bbox 3317 2321 3384 2374; x_wconf 90' lang='lat' dir='ltr'><strong>sit</strong></span> <span class='ocrx_word' id='word_1_765' title='bbox 3423 2321 3662 2384; x_wconf 86' lang='lat' dir='ltr'><strong>sobrius;</strong></span> <span class='ocrx_word' id='word_1_766' title='bbox 3697 2322 3769 2374; x_wconf 90' lang='lat' dir='ltr'><strong>sit</strong></span> 
     </span>
    </p>
   </div>
   <div class='ocr_carea' id='block_1_105' title="bbox 2177 2391 3768 2462">
    <p class='ocr_par' dir='ltr' id='par_1_105' title="bbox 2177 2391 3768 2462">
     <span class='ocr_line' id='line_1_105' title="bbox 2177 2391 3768 2462; baseline 0 -16"><span class='ocrx_word' id='word_1_767' title='bbox 2177 2394 2385 2462; x_wconf 86' lang='lat' dir='ltr'><strong>patiens</strong></span> <span class='ocrx_word' id='word_1_768' title='bbox 2421 2393 2510 2462; x_wconf 87' lang='lat' dir='ltr'><strong>qui</strong></span> <span class='ocrx_word' id='word_1_769' title='bbox 2549 2393 2719 2448; x_wconf 84' lang='lat' dir='ltr'><strong>fuerat</strong></span> <span class='ocrx_word' id='word_1_770' title='bbox 2748 2391 3064 2453; x_wconf 87' lang='lat' dir='ltr'><strong>iracundus;</strong></span> <span class='ocrx_word' id='word_1_771' title='bbox 3097 2395 3182 2460; x_wconf 90' lang='lat' dir='ltr'><strong>qui</strong></span> <span class='ocrx_word' id='word_1_772' title='bbox 3215 2391 3420 2445; x_wconf 86' lang='lat' dir='ltr'><strong>solebat</strong></span> <span class='ocrx_word' id='word_1_773' title='bbox 3451 2407 3536 2446; x_wconf 89' lang='lat' dir='ltr'><strong>res</strong></span> <span class='ocrx_word' id='word_1_774' title='bbox 3561 2391 3768 2446; x_wconf 86' lang='lat' dir='ltr'><strong>alienas</strong></span> 
     </span>
    </p>
   </div>
   <div class='ocr_carea' id='block_1_106' title="bbox 2177 2463 3764 2533">
    <p class='ocr_par' dir='ltr' id='par_1_106' title="bbox 2177 2463 3764 2533">
     <span class='ocr_line' id='line_1_106' title="bbox 2177 2463 3764 2533; baseline -0.001 -15"><span class='ocrx_word' id='word_1_775' title='bbox 2177 2479 2368 2532; x_wconf 84' lang='lat' dir='ltr'><strong>rapere</strong></span> <span class='ocrx_word' id='word_1_776' title='bbox 2390 2507 2402 2528; x_wconf 92' lang='lat'><strong>,</strong></span> <span class='ocrx_word' id='word_1_777' title='bbox 2435 2464 2650 2533; x_wconf 86' lang='lat' dir='ltr'><strong>incipiat</strong></span> <span class='ocrx_word' id='word_1_778' title='bbox 2687 2463 2844 2516; x_wconf 91' lang='lat' dir='ltr'><strong>etiam</strong></span> <span class='ocrx_word' id='word_1_779' title='bbox 2887 2463 3129 2532; x_wconf 87' lang='lat' dir='ltr'><strong>proprias</strong></span> <span class='ocrx_word' id='word_1_780' title='bbox 3161 2463 3476 2533; x_wconf 81' lang='lat' dir='ltr'><strong>pauperibus</strong></span> <span class='ocrx_word' id='word_1_781' title='bbox 3505 2477 3764 2528; x_wconf 85' lang='lat' dir='ltr'><strong>erogare;</strong></span> 
     </span>
    </p>
   </div>
   <div class='ocr_carea' id='block_1_107' title="bbox 2177 2531 3765 2604">
    <p class='ocr_par' dir='ltr' id='par_1_107' title="bbox 2177 2531 3765 2604">
     <span class='ocr_line' id='line_1_107' title="bbox 2177 2531 3765 2604; baseline -0.003 -16"><span class='ocrx_word' id='word_1_782' title='bbox 2177 2531 2266 2604; x_wconf 84' lang='lat' dir='ltr'><strong>qui</strong></span> <span class='ocrx_word' id='word_1_783' title='bbox 2309 2535 2515 2590; x_wconf 85' lang='lat' dir='ltr'><strong>solebat</strong></span> <span class='ocrx_word' id='word_1_784' title='bbox 2544 2531 2907 2596; x_wconf 77' lang='lat' dir='ltr'><strong>maledicere,</strong></span> <span class='ocrx_word' id='word_1_785' title='bbox 2941 2531 3216 2604; x_wconf 81' lang='lat' dir='ltr'><strong>benedicat</strong></span> <span class='ocrx_word' id='word_1_786' title='bbox 3238 2531 3383 2604; x_wconf 58' lang='lat' dir='ltr'><strong>{qui</strong></span> <span class='ocrx_word' id='word_1_787' title='bbox 3402 2531 3608 2586; x_wconf 77' lang='lat' dir='ltr'><strong>Solebat</strong></span> <span class='ocrx_word' id='word_1_788' title='bbox 3637 2547 3765 2599; x_wconf 89' lang='lat' dir='ltr'><strong>per-</strong></span> 
     </span>
    </p>
   </div>
   <div class='ocr_carea' id='block_1_108' title="bbox 2170 2603 3769 2675">
    <p class='ocr_par' dir='ltr' id='par_1_108' title="bbox 2170 2603 3769 2675">
     <span class='ocr_line' id='line_1_108' title="bbox 2170 2603 3769 2675; baseline -0.002 -15"><span class='ocrx_word' id='word_1_789' title='bbox 2170 2603 2372 2675; x_wconf 85' lang='lat' dir='ltr'><strong>jurare,</strong></span> <span class='ocrx_word' id='word_1_790' title='bbox 2401 2605 2558 2660; x_wconf 87' lang='lat' dir='ltr'><strong>etiam</strong></span> <span class='ocrx_word' id='word_1_791' title='bbox 2591 2621 2618 2656; x_wconf 88' lang='lat' dir='ltr'><strong>a</strong></span> <span class='ocrx_word' id='word_1_792' title='bbox 2645 2604 2948 2672; x_wconf 73' lang='lat' dir='ltr'><strong>jurantento</strong></span> <span class='ocrx_word' id='word_1_793' title='bbox 2973 2603 3266 2668; x_wconf 78' lang='lat' dir='ltr'><strong>abstineat;</strong></span> <span class='ocrx_word' id='word_1_794' title='bbox 3299 2603 3389 2672; x_wconf 89' lang='lat' dir='ltr'><strong>qui</strong></span> <span class='ocrx_word' id='word_1_795' title='bbox 3415 2613 3769 2675; x_wconf 83' lang='lat' dir='ltr'><strong>consueverat</strong></span> 
     </span>
    </p>
   </div>
   <div class='ocr_carea' id='block_1_109' title="bbox 2175 2673 3768 2744">
    <p class='ocr_par' dir='ltr' id='par_1_109' title="bbox 2175 2673 3768 2744">
     <span class='ocr_line' id='line_1_109' title="bbox 2175 2673 3768 2744; baseline -0.003 -14"><span class='ocrx_word' id='word_1_796' title='bbox 2175 2673 2479 2741; x_wconf 88' lang='lat' dir='ltr'><strong>detrahere,</strong></span> <span class='ocrx_word' id='word_1_797' title='bbox 2505 2690 2716 2744; x_wconf 87' lang='lat' dir='ltr'><strong>semper</strong></span> <span class='ocrx_word' id='word_1_798' title='bbox 2741 2675 2880 2744; x_wconf 91' lang='lat' dir='ltr'><strong>quod</strong></span> <span class='ocrx_word' id='word_1_799' title='bbox 2911 2675 3103 2728; x_wconf 88' lang='lat' dir='ltr'><strong>bonum</strong></span> <span class='ocrx_word' id='word_1_800' title='bbox 3132 2683 3215 2730; x_wconf 91' lang='lat' dir='ltr'><strong>est</strong></span> <span class='ocrx_word' id='word_1_801' title='bbox 3241 2675 3377 2743; x_wconf 89' lang='lat' dir='ltr'><strong>loqui</strong></span> <span class='ocrx_word' id='word_1_802' title='bbox 3405 2673 3645 2736; x_wconf 86' lang='lat' dir='ltr'><strong>studeat;</strong></span> <span class='ocrx_word' id='word_1_803' title='bbox 3673 2675 3768 2742; x_wconf 90' lang='lat' dir='ltr'><strong>qui</strong></span> 
     </span>
    </p>
   </div>
   <div class='ocr_carea' id='block_1_110' title="bbox 2176 2745 3766 2814">
    <p class='ocr_par' dir='ltr' id='par_1_110' title="bbox 2176 2745 3766 2814">
     <span class='ocr_line' id='line_1_110' title="bbox 2176 2745 3766 2814; baseline -0.001 -14"><span class='ocrx_word' id='word_1_804' title='bbox 2176 2750 2346 2800; x_wconf 87' lang='lat' dir='ltr'><strong>fuerat</strong></span> <span class='ocrx_word' id='word_1_805' title='bbox 2367 2746 2594 2812; x_wconf 91' lang='lat' dir='ltr'><strong>invidus,</strong></span> <span class='ocrx_word' id='word_1_806' title='bbox 2621 2747 2736 2814; x_wconf 90' lang='lat' dir='ltr'><strong>pius</strong></span> <span class='ocrx_word' id='word_1_807' title='bbox 2756 2759 2874 2800; x_wconf 79' lang='lat' dir='ltr'><strong>eSse</strong></span> <span class='ocrx_word' id='word_1_808' title='bbox 2893 2747 3208 2806; x_wconf 81' lang='lat' dir='ltr'><strong>contendat;</strong></span> <span class='ocrx_word' id='word_1_809' title='bbox 3231 2749 3320 2814; x_wconf 89' lang='lat' dir='ltr'><strong>qui</strong></span> <span class='ocrx_word' id='word_1_810' title='bbox 3343 2753 3458 2798; x_wconf 90' lang='lat' dir='ltr'><strong>erat</strong></span> <span class='ocrx_word' id='word_1_811' title='bbox 3481 2745 3766 2814; x_wconf 83' lang='lat' dir='ltr'><strong>superbus,</strong></span> 
     </span>
    </p>
   </div>
   <div class='ocr_carea' id='block_1_111' title="bbox 2176 2815 3764 2883">
    <p class='ocr_par' dir='ltr' id='par_1_111' title="bbox 2176 2815 3764 2883">
     <span class='ocr_line' id='line_1_111' title="bbox 2176 2815 3764 2883; baseline -0.003 -11"><span class='ocrx_word' id='word_1_812' title='bbox 2176 2818 2246 2872; x_wconf 92' lang='lat' dir='ltr'><strong>sit</strong></span> <span class='ocrx_word' id='word_1_813' title='bbox 2275 2817 2507 2872; x_wconf 90' lang='lat' dir='ltr'><strong>humilis.</strong></span> <span class='ocrx_word' id='word_1_814' title='bbox 2540 2817 2608 2870; x_wconf 88' lang='lat' dir='ltr'><strong>Et</strong></span> <span class='ocrx_word' id='word_1_815' title='bbox 2645 2815 2746 2869; x_wconf 93' lang='lat' dir='ltr'><strong>hoc</strong></span> <span class='ocrx_word' id='word_1_816' title='bbox 2773 2815 2960 2870; x_wconf 90' lang='lat' dir='ltr'><strong>ordine</strong></span> <span class='ocrx_word' id='word_1_817' title='bbox 2989 2831 3199 2883; x_wconf 89' lang='lat' dir='ltr'><strong>semper</strong></span> <span class='ocrx_word' id='word_1_818' title='bbox 3227 2815 3509 2870; x_wconf 89' lang='lat' dir='ltr'><strong>contrariis</strong></span> <span class='ocrx_word' id='word_1_819' title='bbox 3546 2816 3764 2870; x_wconf 87' lang='lat' dir='ltr'><strong>studea-</strong></span> 
     </span>
    </p>
   </div>
   <div class='ocr_carea' id='block_1_112' title="bbox 2177 2885 3770 2952">
    <p class='ocr_par' dir='ltr' id='par_1_112' title="bbox 2177 2885 3770 2952">
     <span class='ocr_line' id='line_1_112' title="bbox 2177 2885 3770 2952; baseline -0.001 -11"><span class='ocrx_word' id='word_1_820' title='bbox 2177 2903 2296 2942; x_wconf 89' lang='lat' dir='ltr'><strong>mus</strong></span> <span class='ocrx_word' id='word_1_821' title='bbox 2344 2903 2534 2942; x_wconf 90' lang='lat' dir='ltr'><strong>sanare</strong></span> <span class='ocrx_word' id='word_1_822' title='bbox 2583 2887 2878 2952; x_wconf 90' lang='lat' dir='ltr'><strong>contraria,</strong></span> <span class='ocrx_word' id='word_1_823' title='bbox 2907 2897 2960 2942; x_wconf 91' lang='lat' dir='ltr'><strong>et</strong></span> <span class='ocrx_word' id='word_1_824' title='bbox 2995 2887 3281 2941; x_wconf 86' lang='lat' dir='ltr'><strong>destructis</strong></span> <span class='ocrx_word' id='word_1_825' title='bbox 3323 2885 3497 2948; x_wconf 90' lang='lat' dir='ltr'><strong>vitiis,</strong></span> <span class='ocrx_word' id='word_1_826' title='bbox 3541 2887 3770 2940; x_wconf 84' lang='lat' dir='ltr'><strong>virtutes</strong></span> 
     </span>
    </p>
   </div>
   <div class='ocr_carea' id='block_1_113' title="bbox 2177 2957 3767 3026">
    <p class='ocr_par' dir='ltr' id='par_1_113' title="bbox 2177 2957 3767 3026">
     <span class='ocr_line' id='line_1_113' title="bbox 2177 2957 3767 3026; baseline -0.001 -15"><span class='ocrx_word' id='word_1_827' title='bbox 2177 2959 2488 3014; x_wconf 80' lang='lat' dir='ltr'><strong>festinemus</strong></span> <span class='ocrx_word' id='word_1_828' title='bbox 2511 2967 2736 3012; x_wconf 87' lang='lat' dir='ltr'><strong>struere.</strong></span> <span class='ocrx_word' id='word_1_829' title='bbox 2769 2957 2832 3010; x_wconf 88' lang='lat' dir='ltr'><strong>Et</strong></span> <span class='ocrx_word' id='word_1_830' title='bbox 2858 2957 2960 3012; x_wconf 91' lang='lat' dir='ltr'><strong>hoc</strong></span> <span class='ocrx_word' id='word_1_831' title='bbox 2983 2957 3170 3012; x_wconf 91' lang='lat' dir='ltr'><strong>ordine</strong></span> <span class='ocrx_word' id='word_1_832' title='bbox 3193 2957 3282 3026; x_wconf 90' lang='lat' dir='ltr'><strong>qui</strong></span> <span class='ocrx_word' id='word_1_833' title='bbox 3307 2965 3432 3010; x_wconf 87' lang='lat' dir='ltr'><strong>sunt</strong></span> <span class='ocrx_word' id='word_1_834' title='bbox 3455 2957 3506 3010; x_wconf 86' lang='lat' dir='ltr'><strong>in</strong></span> <span class='ocrx_word' id='word_1_835' title='bbox 3527 2957 3767 3020; x_wconf 87' lang='lat' dir='ltr'><strong>sinistra,</strong></span> 
     </span>
    </p>
   </div>
   <div class='ocr_carea' id='block_1_114' title="bbox 2177 3027 3770 3092">
    <p class='ocr_par' dir='ltr' id='par_1_114' title="bbox 2177 3027 3770 3092">
     <span class='ocr_line' id='line_1_114' title="bbox 2177 3027 3770 3092; baseline -0.003 -8"><span class='ocrx_word' id='word_1_836' title='bbox 2177 3031 2406 3084; x_wconf 85' lang='lat' dir='ltr'><strong>transire</strong></span> <span class='ocrx_word' id='word_1_837' title='bbox 2429 3027 2686 3084; x_wconf 82' lang='lat' dir='ltr'><strong>conentur</strong></span> <span class='ocrx_word' id='word_1_838' title='bbox 2706 3027 2770 3082; x_wconf 91' lang='lat' dir='ltr'><strong>ad</strong></span> <span class='ocrx_word' id='word_1_839' title='bbox 2793 3027 3086 3092; x_wconf 85' lang='lat' dir='ltr'><strong>dexteram,</strong></span> <span class='ocrx_word' id='word_1_840' title='bbox 3111 3035 3308 3086; x_wconf 77' lang='lat' dir='ltr'><strong>utante</strong></span> <span class='ocrx_word' id='word_1_841' title='bbox 3333 3028 3561 3081; x_wconf 89' lang='lat' dir='ltr'><strong>tribunal</strong></span> <span class='ocrx_word' id='word_1_842' title='bbox 3581 3027 3770 3080; x_wconf 80' lang='lat' dir='ltr'><strong>:eterni</strong></span> 
     </span>
    </p>
   </div>
   <div class='ocr_carea' id='block_1_115' title="bbox 2176 3098 3768 3170">
    <p class='ocr_par' dir='ltr' id='par_1_115' title="bbox 2176 3098 3768 3170">
     <span class='ocr_line' id='line_1_115' title="bbox 2176 3098 3768 3170; baseline -0.002 -15"><span class='ocrx_word' id='word_1_843' title='bbox 2176 3099 2380 3170; x_wconf 84' lang='lat' dir='ltr'><strong>Judicis</strong></span> <span class='ocrx_word' id='word_1_844' title='bbox 2407 3101 2726 3170; x_wconf 88' lang='lat' dir='ltr'><strong>quicumque</strong></span> <span class='ocrx_word' id='word_1_845' title='bbox 2757 3099 2876 3152; x_wconf 89' lang='lat' dir='ltr'><strong>talis</strong></span> <span class='ocrx_word' id='word_1_846' title='bbox 2905 3098 3310 3170; x_wconf 70' lang='lat' dir='ltr'><strong>essevolueril,</strong></span> <span class='ocrx_word' id='word_1_847' title='bbox 3339 3098 3768 3170; x_wconf 23' lang='lat' dir='ltr'><strong>audirehmerea-</strong></span> 
     </span>
    </p>
   </div>
   <div class='ocr_carea' id='block_1_116' title="bbox 2179 3168 3771 3253">
    <p class='ocr_par' dir='ltr' id='par_1_116' title="bbox 2179 3168 3771 3253">
     <span class='ocr_line' id='line_1_116' title="bbox 2179 3168 3771 3253; baseline -0.003 -27"><span class='ocrx_word' id='word_1_848' title='bbox 2179 3168 2516 3253; x_wconf 32' lang='lat' dir='ltr'><strong>turtﬁiugeh</strong></span> <span class='ocrx_word' id='word_1_849' title='bbox 2529 3186 2670 3253; x_wconf 57' lang='lat' dir='ltr'><strong>eet-ve</strong></span> <span class='ocrx_word' id='word_1_850' title='bbox 2697 3169 2899 3253; x_wconf 42' lang='lat' dir='ltr'><strong>bonenet‘</strong></span> <span class='ocrx_word' id='word_1_851' title='bbox 2919 3169 3084 3253; x_wconf 74' lang='lat' dir='ltr'><strong>ﬁdelis</strong></span> <span class='ocrx_word' id='word_1_852' title='bbox 3101 3212 3113 3233; x_wconf 91' lang='lat'><strong>,</strong></span> <span class='ocrx_word' id='word_1_853' title='bbox 3140 3170 3275 3253; x_wconf 61' lang='lat' dir='ltr'><strong>intra</strong></span> <span class='ocrx_word' id='word_1_854' title='bbox 3307 3168 3641 3253; x_wconf 40' lang='lat' dir='ltr'><strong>inﬁgau&#39;dium</strong></span> <span class='ocrx_word' id='word_1_855' title='bbox 3675 3168 3771 3222; x_wconf 89' lang='lat' dir='ltr'><strong>do-</strong></span> 
     </span>
    </p>
   </div>
   <div class='ocr_carea' id='block_1_117' title="bbox 2185 3239 3772 3312">
    <p class='ocr_par' dir='ltr' id='par_1_117' title="bbox 2185 3239 3772 3312">
     <span class='ocr_line' id='line_1_117' title="bbox 2185 3239 3772 3312; baseline -0.002 -17"><span class='ocrx_word' id='word_1_856' title='bbox 2185 3243 2312 3312; x_wconf 82' lang='lat' dir='ltr'><strong>ntini</strong></span> <span class='ocrx_word' id='word_1_857' title='bbox 2349 3239 2431 3312; x_wconf 74' lang='lat' dir='ltr'><strong>tui</strong></span> <span class='ocrx_word' id='word_1_858' title='bbox 2465 3239 2624 3312; x_wconf 85' lang='lat' dir='ltr'><strong>(Ibid.</strong></span> <span class='ocrx_word' id='word_1_859' title='bbox 2654 3255 2782 3306; x_wconf 87' lang='lat' dir='ltr'><strong>xxv,</strong></span> <span class='ocrx_word' id='word_1_860' title='bbox 2811 3239 2923 3310; x_wconf 75' lang='lat' dir='ltr'><strong>2i).</strong></span> <span class='ocrx_word' id='word_1_861' title='bbox 2944 3239 3036 3312; x_wconf 79' lang='lat' dir='ltr'><strong>_Ad</strong></span> <span class='ocrx_word' id='word_1_862' title='bbox 3063 3240 3204 3309; x_wconf 92' lang='lat' dir='ltr'><strong>quod</strong></span> <span class='ocrx_word' id='word_1_863' title='bbox 3231 3255 3326 3312; x_wconf 71' lang='lat' dir='ltr'><strong>vos</strong></span> <span class='ocrx_word' id='word_1_864' title='bbox 3353 3239 3608 3312; x_wconf 83' lang='lat' dir='ltr'><strong>Dominus</strong></span> <span class='ocrx_word' id='word_1_865' title='bbox 3642 3255 3772 3312; x_wconf 82' lang='lat' dir='ltr'><strong>per—</strong></span> 
     </span>
    </p>
   </div>
   <div class='ocr_carea' id='block_1_118' title="bbox 2177 3309 3768 3382">
    <p class='ocr_par' dir='ltr' id='par_1_118' title="bbox 2177 3309 3768 3382">
     <span class='ocr_line' id='line_1_118' title="bbox 2177 3309 3768 3382; baseline -0.002 -15"><span class='ocrx_word' id='word_1_866' title='bbox 2177 3311 2373 3368; x_wconf 91' lang='lat' dir='ltr'><strong>ducere</strong></span> <span class='ocrx_word' id='word_1_867' title='bbox 2401 3309 2649 3382; x_wconf 81' lang='lat' dir='ltr'><strong>dignetur</strong></span> <span class='ocrx_word' id='word_1_868' title='bbox 2667 3353 2680 3374; x_wconf 88' lang='lat'><strong>,</strong></span> <span class='ocrx_word' id='word_1_869' title='bbox 2711 3312 2796 3366; x_wconf 92' lang='lat' dir='ltr'><strong>cui</strong></span> <span class='ocrx_word' id='word_1_870' title='bbox 2827 3309 2908 3365; x_wconf 88' lang='lat' dir='ltr'><strong>est</strong></span> <span class='ocrx_word' id='word_1_871' title='bbox 2943 3310 3114 3366; x_wconf 86' lang='lat' dir='ltr'><strong>honor</strong></span> <span class='ocrx_word' id='word_1_872' title='bbox 3143 3327 3276 3382; x_wconf 12' lang='lat' dir='ltr'><strong>cum,</strong></span> <span class='ocrx_word' id='word_1_873' title='bbox 3295 3309 3454 3366; x_wconf 87' lang='lat' dir='ltr'><strong>Patre</strong></span> <span class='ocrx_word' id='word_1_874' title='bbox 3480 3319 3534 3366; x_wconf 88' lang='lat' dir='ltr'><strong>et</strong></span> <span class='ocrx_word' id='word_1_875' title='bbox 3562 3309 3768 3380; x_wconf 84' lang='lat' dir='ltr'><strong>Spiritu</strong></span> 
     </span>
    </p>
   </div>
   <div class='ocr_carea' id='block_1_119' title="bbox 2178 3381 3304 3438">
    <p class='ocr_par' dir='ltr' id='par_1_119' title="bbox 2178 3381 3304 3438">
     <span class='ocr_line' id='line_1_119' title="bbox 2178 3381 3304 3438; baseline -0.004 0"><span class='ocrx_word' id='word_1_876' title='bbox 2178 3393 2362 3438; x_wconf 89' lang='lat' dir='ltr'><strong>sancto</strong></span> <span class='ocrx_word' id='word_1_877' title='bbox 2393 3382 2449 3438; x_wconf 88' lang='lat' dir='ltr'><strong>in</strong></span> <span class='ocrx_word' id='word_1_878' title='bbox 2466 3381 2664 3438; x_wconf 67' lang='lat' dir='ltr'><strong>satcula</strong></span> <span class='ocrx_word' id='word_1_879' title='bbox 2695 3384 3032 3436; x_wconf 68' lang='lat' dir='ltr'><strong>saeculorum.</strong></span> <span class='ocrx_word' id='word_1_880' title='bbox 3067 3383 3238 3436; x_wconf 84' lang='lat' dir='ltr'><strong>Amen</strong></span> <span class='ocrx_word' id='word_1_881' title='bbox 3264 3381 3304 3434; x_wconf 82' lang='grc' dir='ltr'><strong>ί.</strong></span> 
     </span>
    </p>
   </div>
   <div class='ocr_carea' id='block_1_120' title="bbox 2678 3471 3250 3544">
    <p class='ocr_par' dir='ltr' id='par_1_120' title="bbox 2678 3471 3250 3544">
     <span class='ocr_line' id='line_1_120' title="bbox 2678 3471 3250 3544; baseline -0.01 -14"><span class='ocrx_word' id='word_1_882' title='bbox 2678 3473 2908 3530; x_wconf 79' lang='lat' dir='ltr'><strong>SERMO</strong></span> <span class='ocrx_word' id='word_1_883' title='bbox 2943 3472 3110 3528; x_wconf 81' lang='lat' dir='ltr'><strong>XVIII</strong></span> <span class='ocrx_word' id='word_1_884' title='bbox 3153 3471 3250 3544; x_wconf 93' lang='lat' dir='ltr'><strong>(a).</strong></span> 
     </span>
    </p>
   </div>
   <div class='ocr_carea' id='block_1_121' title="bbox 2719 3561 3212 3634">
    <p class='ocr_par' dir='ltr' id='par_1_121' title="bbox 2719 3561 3212 3634">
     <span class='ocr_line' id='line_1_121' title="bbox 2719 3561 3212 3634; baseline -0.008 -15"><span class='ocrx_word' id='word_1_885' title='bbox 2719 3564 2798 3619; x_wconf 88' lang='lat' dir='ltr'><strong>De</strong></span> <span class='ocrx_word' id='word_1_886' title='bbox 2823 3562 3019 3634; x_wconf 76' lang='lat' dir='ltr'><strong>Moyse,</strong></span> <span class='ocrx_word' id='word_1_887' title='bbox 3045 3579 3058 3617; x_wconf 88' lang='grc' dir='ltr'><strong>ι</strong></span> <span class='ocrx_word' id='word_1_888' title='bbox 3113 3561 3212 3634; x_wconf 91' lang='lat' dir='ltr'><strong>(b).</strong></span> 
     </span>
    </p>
   </div>
   <div class='ocr_carea' id='block_1_122' title="bbox 2252 3652 3774 3736">
    <p class='ocr_par' dir='ltr' id='par_1_122' title="bbox 2252 3652 3774 3736">
     <span class='ocr_line' id='line_1_122' title="bbox 2252 3652 3774 3736; baseline -0.006 -22"><span class='ocrx_word' id='word_1_889' title='bbox 2252 3655 2558 3736; x_wconf 76' lang='lat' dir='ltr'><strong>I._Cltt_-istt_ts</strong></span> <span class='ocrx_word' id='word_1_890' title='bbox 2582 3661 2636 3736; x_wconf 74' lang='lat' dir='ltr'><strong>iu</strong></span> <span class='ocrx_word' id='word_1_891' title='bbox 2665 3655 2843 3736; x_wconf 73' lang='lat' dir='ltr'><strong>Moyse</strong></span> <span class='ocrx_word' id='word_1_892' title='bbox 2862 3653 3392 3736; x_wconf 67' lang='lat' dir='ltr'><strong>ﬁguratus._Ecclesia</strong></span> <span class='ocrx_word' id='word_1_893' title='bbox 3415 3654 3469 3736; x_wconf 74' lang='lat' dir='ltr'><strong>in</strong></span> <span class='ocrx_word' id='word_1_894' title='bbox 3493 3653 3603 3736; x_wconf 65' lang='lat' dir='ltr'><strong>[ilia</strong></span> <span class='ocrx_word' id='word_1_895' title='bbox 3625 3652 3774 3706; x_wconf 81' lang='lat' dir='ltr'><strong>Pha-</strong></span> 
     </span>
    </p>
   </div>
   <div class='ocr_carea' id='block_1_123' title="bbox 2180 3725 3778 3795">
    <p class='ocr_par' dir='ltr' id='par_1_123' title="bbox 2180 3725 3778 3795">
     <span class='ocr_line' id='line_1_123' title="bbox 2180 3725 3778 3795; baseline -0.004 -10"><span class='ocrx_word' id='word_1_896' title='bbox 2180 3731 2373 3785; x_wconf 86' lang='lat' dir='ltr'><strong>raonis.</strong></span> <span class='ocrx_word' id='word_1_897' title='bbox 2417 3729 2472 3782; x_wconf 89' lang='lat' dir='ltr'><strong>In</strong></span> <span class='ocrx_word' id='word_1_898' title='bbox 2513 3725 3002 3792; x_wconf 52' lang='lat' dir='ltr'><strong>lectione&#39;divina,</strong></span> <span class='ocrx_word' id='word_1_899' title='bbox 3055 3726 3246 3780; x_wconf 90' lang='lat' dir='ltr'><strong>fratres</strong></span> <span class='ocrx_word' id='word_1_900' title='bbox 3286 3725 3623 3792; x_wconf 91' lang='lat' dir='ltr'><strong>charissimi,</strong></span> <span class='ocrx_word' id='word_1_901' title='bbox 3655 3739 3778 3795; x_wconf 62' lang='lat' dir='ltr'><strong>quae</strong></span> 
     </span>
    </p>
   </div>
   <div class='ocr_carea' id='block_1_124' title="bbox 2181 3795 3778 3866">
    <p class='ocr_par' dir='ltr' id='par_1_124' title="bbox 2181 3795 3778 3866">
     <span class='ocr_line' id='line_1_124' title="bbox 2181 3795 3778 3866; baseline -0.006 -9"><span class='ocrx_word' id='word_1_902' title='bbox 2181 3801 2336 3856; x_wconf 87' lang='lat' dir='ltr'><strong>nobis</strong></span> <span class='ocrx_word' id='word_1_903' title='bbox 2367 3801 2587 3854; x_wconf 84' lang='lat' dir='ltr'><strong>recitata</strong></span> <span class='ocrx_word' id='word_1_904' title='bbox 2614 3808 2716 3865; x_wconf 90' lang='lat' dir='ltr'><strong>est,</strong></span> <span class='ocrx_word' id='word_1_905' title='bbox 2750 3798 3070 3862; x_wconf 87' lang='lat' dir='ltr'><strong>audivimus,</strong></span> <span class='ocrx_word' id='word_1_906' title='bbox 3097 3795 3240 3866; x_wconf 91' lang='lat' dir='ltr'><strong>quod</strong></span> <span class='ocrx_word' id='word_1_907' title='bbox 3269 3807 3616 3866; x_wconf 84' lang='lat' dir='ltr'><strong>posteaquam</strong></span> <span class='ocrx_word' id='word_1_908' title='bbox 3647 3811 3778 3848; x_wconf 85' lang='lat' dir='ltr'><strong>san-</strong></span> 
     </span>
    </p>
   </div>
   <div class='ocr_carea' id='block_1_125' title="bbox 2183 3867 3778 3940">
    <p class='ocr_par' dir='ltr' id='par_1_125' title="bbox 2183 3867 3778 3940">
     <span class='ocr_line' id='line_1_125' title="bbox 2183 3867 3778 3940; baseline -0.003 -15"><span class='ocrx_word' id='word_1_909' title='bbox 2183 3881 2300 3926; x_wconf 91' lang='lat' dir='ltr'><strong>ctus</strong></span> <span class='ocrx_word' id='word_1_910' title='bbox 2349 3869 2560 3940; x_wconf 84' lang='lat' dir='ltr'><strong>Moyses</strong></span> <span class='ocrx_word' id='word_1_911' title='bbox 2596 3879 2760 3940; x_wconf 83' lang='lat' dir='ltr'><strong>natus</strong></span> <span class='ocrx_word' id='word_1_912' title='bbox 2809 3877 2931 3940; x_wconf 79' lang='lat' dir='ltr'><strong>est,</strong></span> <span class='ocrx_word' id='word_1_913' title='bbox 2969 3879 3186 3937; x_wconf 86' lang='lat' dir='ltr'><strong>propter</strong></span> <span class='ocrx_word' id='word_1_914' title='bbox 3229 3877 3430 3940; x_wconf 87' lang='lat' dir='ltr'><strong>metum</strong></span> <span class='ocrx_word' id='word_1_915' title='bbox 3480 3867 3778 3940; x_wconf 83' lang='lat' dir='ltr'><strong>Pharaonis</strong></span> 
     </span>
    </p>
   </div>
   <div class='ocr_carea' id='block_1_126' title="bbox 2183 3937 3781 4007">
    <p class='ocr_par' dir='ltr' id='par_1_126' title="bbox 2183 3937 3781 4007">
     <span class='ocr_line' id='line_1_126' title="bbox 2183 3937 3781 4007; baseline -0.004 -10"><span class='ocrx_word' id='word_1_916' title='bbox 2183 3943 2378 3997; x_wconf 87' lang='lat' dir='ltr'><strong>missus</strong></span> <span class='ocrx_word' id='word_1_917' title='bbox 2395 3937 2462 3994; x_wconf 89' lang='lat' dir='ltr'><strong>sit</strong></span> <span class='ocrx_word' id='word_1_918' title='bbox 2491 3941 2542 3994; x_wconf 89' lang='lat' dir='ltr'><strong>in</strong></span> <span class='ocrx_word' id='word_1_919' title='bbox 2585 3939 2835 3993; x_wconf 83' lang='lat' dir='ltr'><strong>fiscellam</strong></span> <span class='ocrx_word' id='word_1_920' title='bbox 2864 3939 3145 4006; x_wconf 84' lang='lat' dir='ltr'><strong>scirpeam,</strong></span> <span class='ocrx_word' id='word_1_921' title='bbox 3179 3947 3231 3992; x_wconf 91' lang='lat' dir='ltr'><strong>et</strong></span> <span class='ocrx_word' id='word_1_922' title='bbox 3261 3937 3528 4007; x_wconf 76' lang='lat' dir='ltr'><strong>proiectus</strong></span> <span class='ocrx_word' id='word_1_923' title='bbox 3551 3937 3603 3989; x_wconf 90' lang='lat' dir='ltr'><strong>in</strong></span> <span class='ocrx_word' id='word_1_924' title='bbox 3626 3951 3781 3991; x_wconf 84' lang='lat' dir='ltr'><strong>care-</strong></span> 
     </span>
    </p>
   </div>
   <div class='ocr_carea' id='block_1_127' title="bbox 2185 4007 3780 4078">
    <p class='ocr_par' dir='ltr' id='par_1_127' title="bbox 2185 4007 3780 4078">
     <span class='ocr_line' id='line_1_127' title="bbox 2185 4007 3780 4078; baseline -0.006 -11"><span class='ocrx_word' id='word_1_925' title='bbox 2185 4021 2328 4067; x_wconf 91' lang='lat' dir='ltr'><strong>ctum</strong></span> <span class='ocrx_word' id='word_1_926' title='bbox 2363 4011 2619 4066; x_wconf 83' lang='lat' dir='ltr'><strong>ﬂuminis.</strong></span> <span class='ocrx_word' id='word_1_927' title='bbox 2651 4009 2707 4064; x_wconf 92' lang='lat' dir='ltr'><strong>Si</strong></span> <span class='ocrx_word' id='word_1_928' title='bbox 2733 4009 3017 4078; x_wconf 83' lang='lat' dir='ltr'><strong>diligenter</strong></span> <span class='ocrx_word' id='word_1_929' title='bbox 3039 4009 3363 4062; x_wconf 89' lang='lat' dir='ltr'><strong>attendimus</strong></span> <span class='ocrx_word' id='word_1_930' title='bbox 3385 4049 3397 4072; x_wconf 94' lang='lat'><strong>,</strong></span> <span class='ocrx_word' id='word_1_931' title='bbox 3427 4009 3616 4078; x_wconf 86' lang='lat' dir='ltr'><strong>fratres</strong></span> <span class='ocrx_word' id='word_1_932' title='bbox 3645 4007 3780 4062; x_wconf 82' lang='lat' dir='ltr'><strong>cha-</strong></span> 
     </span>
    </p>
   </div>
   <div class='ocr_carea' id='block_1_128' title="bbox 2185 4077 3778 4148">
    <p class='ocr_par' dir='ltr' id='par_1_128' title="bbox 2185 4077 3778 4148">
     <span class='ocr_line' id='line_1_128' title="bbox 2185 4077 3778 4148; baseline -0.004 -11"><span class='ocrx_word' id='word_1_933' title='bbox 2185 4082 2419 4148; x_wconf 89' lang='lat' dir='ltr'><strong>rissimi,</strong></span> <span class='ocrx_word' id='word_1_934' title='bbox 2465 4082 2601 4136; x_wconf 90' lang='lat' dir='ltr'><strong>sicut</strong></span> <span class='ocrx_word' id='word_1_935' title='bbox 2639 4077 2850 4148; x_wconf 84' lang='lat' dir='ltr'><strong>beatum</strong></span> <span class='ocrx_word' id='word_1_936' title='bbox 2883 4080 3026 4133; x_wconf 89' lang='lat' dir='ltr'><strong>Isaac</strong></span> <span class='ocrx_word' id='word_1_937' title='bbox 3051 4089 3103 4133; x_wconf 91' lang='lat' dir='ltr'><strong>et</strong></span> <span class='ocrx_word' id='word_1_938' title='bbox 3142 4079 3309 4134; x_wconf 76' lang='lat' dir='ltr'><strong>Iacob</strong></span> <span class='ocrx_word' id='word_1_939' title='bbox 3335 4089 3390 4134; x_wconf 91' lang='lat' dir='ltr'><strong>et</strong></span> <span class='ocrx_word' id='word_1_940' title='bbox 3436 4077 3633 4148; x_wconf 72' lang='lat' dir='ltr'><strong>Ioseph</strong></span> <span class='ocrx_word' id='word_1_941' title='bbox 3657 4119 3670 4142; x_wconf 92' lang='lat'><strong>,</strong></span> <span class='ocrx_word' id='word_1_942' title='bbox 3705 4079 3778 4131; x_wconf 87' lang='lat' dir='ltr'><strong>ita</strong></span> 
     </span>
    </p>
   </div>
   <div class='ocr_carea' id='block_1_129' title="bbox 2187 4149 3782 4224">
    <p class='ocr_par' dir='ltr' id='par_1_129' title="bbox 2187 4149 3782 4224">
     <span class='ocr_line' id='line_1_129' title="bbox 2187 4149 3782 4224; baseline -0.004 -17"><span class='ocrx_word' id='word_1_943' title='bbox 2187 4153 2405 4222; x_wconf 82' lang='lat' dir='ltr'><strong>Moysen</strong></span> <span class='ocrx_word' id='word_1_944' title='bbox 2447 4161 2628 4224; x_wconf 82' lang='lat' dir='ltr'><strong>typum</strong></span> <span class='ocrx_word' id='word_1_945' title='bbox 2670 4150 2862 4224; x_wconf 81' lang='lat' dir='ltr'><strong>Christi</strong></span> <span class='ocrx_word' id='word_1_946' title='bbox 2907 4151 3206 4224; x_wconf 75' lang='lat' dir='ltr'><strong>pnetulissc</strong></span> <span class='ocrx_word' id='word_1_947' title='bbox 3249 4149 3639 4224; x_wconf 78' lang='lat' dir='ltr'><strong>ceguoseimus.</strong></span> <span class='ocrx_word' id='word_1_948' title='bbox 3677 4149 3782 4224; x_wconf 87' lang='lat' dir='ltr'><strong>De-</strong></span> 
     </span>
    </p>
   </div>
   <div class='ocr_carea' id='block_1_130' title="bbox 2189 4219 3782 4294">
    <p class='ocr_par' dir='ltr' id='par_1_130' title="bbox 2189 4219 3782 4294">
     <span class='ocr_line' id='line_1_130' title="bbox 2189 4219 3782 4294; baseline -0.002 -17"><span class='ocrx_word' id='word_1_949' title='bbox 2189 4219 2350 4294; x_wconf 76' lang='lat' dir='ltr'><strong>nique</strong></span> <span class='ocrx_word' id='word_1_950' title='bbox 2391 4219 2728 4294; x_wconf 64' lang='lat' dir='ltr'><strong>conSiderate</strong></span> <span class='ocrx_word' id='word_1_951' title='bbox 2762 4222 3098 4294; x_wconf 58' lang='lat' dir='ltr'><strong>diligentius,</strong></span> <span class='ocrx_word' id='word_1_952' title='bbox 3127 4231 3179 4275; x_wconf 91' lang='lat' dir='ltr'><strong>et</strong></span> <span class='ocrx_word' id='word_1_953' title='bbox 3217 4219 3465 4294; x_wconf 82' lang='lat' dir='ltr'><strong>videbitis</strong></span> <span class='ocrx_word' id='word_1_954' title='bbox 3489 4228 3694 4294; x_wconf 78' lang='lat' dir='ltr'><strong>quanta</strong></span> <span class='ocrx_word' id='word_1_955' title='bbox 3727 4219 3782 4274; x_wconf 92' lang='lat' dir='ltr'><strong>in</strong></span> 
     </span>
    </p>
   </div>
   <div class='ocr_carea' id='block_1_131' title="bbox 2189 4289 3783 4364">
    <p class='ocr_par' dir='ltr' id='par_1_131' title="bbox 2189 4289 3783 4364">
     <span class='ocr_line' id='line_1_131' title="bbox 2189 4289 3783 4364; baseline -0.004 -16"><span class='ocrx_word' id='word_1_956' title='bbox 2189 4289 2284 4349; x_wconf 76' lang='lat' dir='ltr'><strong>illo</strong></span> <span class='ocrx_word' id='word_1_957' title='bbox 2313 4294 2420 4348; x_wconf 88' lang='lat' dir='ltr'><strong>sint</strong></span> <span class='ocrx_word' id='word_1_958' title='bbox 2455 4293 2685 4364; x_wconf 81' lang='lat' dir='ltr'><strong>figurata</strong></span> <span class='ocrx_word' id='word_1_959' title='bbox 2722 4289 3247 4364; x_wconf 22' lang='lat' dir='ltr'><strong>mysteria_.”M0yses</strong></span> <span class='ocrx_word' id='word_1_960' title='bbox 3278 4307 3308 4345; x_wconf 89' lang='lat' dir='ltr'><strong>a</strong></span> <span class='ocrx_word' id='word_1_961' title='bbox 3341 4291 3562 4364; x_wconf 60' lang='lat' dir='ltr'><strong>muliere</strong></span> <span class='ocrx_word' id='word_1_962' title='bbox 3595 4289 3783 4364; x_wconf 74' lang='lat' dir='ltr'><strong>Judaea</strong></span> 
     </span>
    </p>
   </div>
   <div class='ocr_carea' id='block_1_132' title="bbox 2193 4360 3778 4432">
    <p class='ocr_par' dir='ltr' id='par_1_132' title="bbox 2193 4360 3778 4432">
     <span class='ocr_line' id='line_1_132' title="bbox 2193 4360 3778 4432; baseline -0.003 -14"><span class='ocrx_word' id='word_1_963' title='bbox 2193 4365 2452 4430; x_wconf 90' lang='lat' dir='ltr'><strong>nascitur,</strong></span> <span class='ocrx_word' id='word_1_964' title='bbox 2483 4360 2538 4420; x_wconf 78' lang='lat' dir='ltr'><strong>et</strong></span> <span class='ocrx_word' id='word_1_965' title='bbox 2565 4379 2594 4417; x_wconf 89' lang='lat' dir='ltr'><strong>a</strong></span> <span class='ocrx_word' id='word_1_966' title='bbox 2631 4360 2922 4417; x_wconf 78' lang='lat' dir='ltr'><strong>Pharaonis</strong></span> <span class='ocrx_word' id='word_1_967' title='bbox 2963 4362 3068 4416; x_wconf 86' lang='lat' dir='ltr'><strong>filia</strong></span> <span class='ocrx_word' id='word_1_968' title='bbox 3109 4360 3410 4432; x_wconf 83' lang='lat' dir='ltr'><strong>adoptatur.</strong></span> <span class='ocrx_word' id='word_1_969' title='bbox 3452 4360 3580 4432; x_wconf 87' lang='lat' dir='ltr'><strong>Filia</strong></span> <span class='ocrx_word' id='word_1_970' title='bbox 3633 4360 3778 4432; x_wconf 84' lang='lat' dir='ltr'><strong>enim</strong></span> 
     </span>
    </p>
   </div>
   <div class='ocr_carea' id='block_1_133' title="bbox 2193 4430 3784 4503">
    <p class='ocr_par' dir='ltr' id='par_1_133' title="bbox 2193 4430 3784 4503">
     <span class='ocr_line' id='line_1_133' title="bbox 2193 4430 3784 4503; baseline -0.003 -14"><span class='ocrx_word' id='word_1_971' title='bbox 2193 4435 2485 4490; x_wconf 88' lang='lat' dir='ltr'><strong>Pharaonis</strong></span> <span class='ocrx_word' id='word_1_972' title='bbox 2523 4435 2812 4488; x_wconf 86' lang='lat' dir='ltr'><strong>Ecclesiam</strong></span> <span class='ocrx_word' id='word_1_973' title='bbox 2845 4434 3086 4503; x_wconf 85' lang='lat' dir='ltr'><strong>figuravit</strong></span> <span class='ocrx_word' id='word_1_974' title='bbox 3109 4476 3124 4499; x_wconf 96' lang='lat'><strong>,</strong></span> <span class='ocrx_word' id='word_1_975' title='bbox 3153 4430 3271 4502; x_wconf 65' lang='lat' dir='ltr'><strong>qua}</strong></span> <span class='ocrx_word' id='word_1_976' title='bbox 3297 4433 3500 4486; x_wconf 82' lang='lat' dir='ltr'><strong>exierat</strong></span> <span class='ocrx_word' id='word_1_977' title='bbox 3527 4430 3594 4503; x_wconf 84' lang='lat' dir='ltr'><strong>de</strong></span> <span class='ocrx_word' id='word_1_978' title='bbox 3617 4430 3784 4503; x_wconf 79' lang='lat' dir='ltr'><strong>domo</strong></span> 
     </span>
    </p>
   </div>
   <div class='ocr_carea' id='block_1_134' title="bbox 2195 4501 3784 4588">
    <p class='ocr_par' dir='ltr' id='par_1_134' title="bbox 2195 4501 3784 4588">
     <span class='ocr_line' id='line_1_134' title="bbox 2195 4501 3784 4588; baseline -0.003 -30"><span class='ocrx_word' id='word_1_979' title='bbox 2195 4506 2488 4588; x_wconf 72' lang='lat' dir='ltr'><strong>patrissui,</strong></span> <span class='ocrx_word' id='word_1_980' title='bbox 2513 4513 2566 4558; x_wconf 91' lang='lat' dir='ltr'><strong>et</strong></span> <span class='ocrx_word' id='word_1_981' title='bbox 2591 4505 2834 4586; x_wconf 78' lang='lat' dir='ltr'><strong>veniebat</strong></span> <span class='ocrx_word' id='word_1_982' title='bbox 2865 4501 2920 4586; x_wconf 76' lang='lat' dir='ltr'><strong>ut</strong></span> <span class='ocrx_word' id='word_1_983' title='bbox 2949 4501 3307 4588; x_wconf 48' lang='lat' dir='ltr'><strong>lavant-Iettirad</strong></span> <span class='ocrx_word' id='word_1_984' title='bbox 3324 4501 3784 4588; x_wconf 32' lang='lat' dir='ltr'><strong>aqnamz&#39;PIta&#39;an</strong></span> 
     </span>
    </p>
   </div>
   <div class='ocr_carea' id='block_1_135' title="bbox 2193 4572 3774 4646">
    <p class='ocr_par' dir='ltr' id='par_1_135' title="bbox 2193 4572 3774 4646">
     <span class='ocr_line' id='line_1_135' title="bbox 2193 4572 3774 4646; baseline -0.003 -16"><span class='ocrx_word' id='word_1_985' title='bbox 2193 4572 2246 4630; x_wconf 81' lang='lat' dir='ltr'><strong>in</strong></span> <span class='ocrx_word' id='word_1_986' title='bbox 2268 4575 2469 4630; x_wconf 90' lang='lat' dir='ltr'><strong>diaboli</strong></span> <span class='ocrx_word' id='word_1_987' title='bbox 2505 4585 2688 4646; x_wconf 90' lang='lat' dir='ltr'><strong>typum</strong></span> <span class='ocrx_word' id='word_1_988' title='bbox 2719 4576 3014 4643; x_wconf 89' lang='lat' dir='ltr'><strong>accipitur:</strong></span> <span class='ocrx_word' id='word_1_989' title='bbox 3049 4575 3154 4628; x_wconf 87' lang='lat' dir='ltr'><strong>lilia</strong></span> <span class='ocrx_word' id='word_1_990' title='bbox 3183 4575 3328 4642; x_wconf 87' lang='lat' dir='ltr'><strong>ejus,</strong></span> <span class='ocrx_word' id='word_1_991' title='bbox 3361 4575 3496 4646; x_wconf 81' lang='lat' dir='ltr'><strong>sicut</strong></span> <span class='ocrx_word' id='word_1_992' title='bbox 3519 4572 3648 4646; x_wconf 80' lang='lat' dir='ltr'><strong>dixi,</strong></span> <span class='ocrx_word' id='word_1_993' title='bbox 3677 4573 3774 4646; x_wconf 46' lang='lat' dir='ltr'><strong>Ec;</strong></span> 
     </span>
    </p>
   </div>
   <div class='ocr_carea' id='block_1_136' title="bbox 2195 4643 3788 4717">
    <p class='ocr_par' dir='ltr' id='par_1_136' title="bbox 2195 4643 3788 4717">
     <span class='ocr_line' id='line_1_136' title="bbox 2195 4643 3788 4717; baseline -0.003 -15"><span class='ocrx_word' id='word_1_994' title='bbox 2195 4646 2354 4702; x_wconf 79' lang='lat' dir='ltr'><strong>clesia</strong></span> <span class='ocrx_word' id='word_1_995' title='bbox 2401 4643 2728 4717; x_wconf 84' lang='lat' dir='ltr'><strong>intelligitur.</strong></span> <span class='ocrx_word' id='word_1_996' title='bbox 2776 4647 2925 4712; x_wconf 78' lang='lat' dir='ltr'><strong>Quod</strong></span> <span class='ocrx_word' id='word_1_997' title='bbox 2965 4655 3142 4699; x_wconf 90' lang='lat' dir='ltr'><strong>autem</strong></span> <span class='ocrx_word' id='word_1_998' title='bbox 3189 4645 3492 4717; x_wconf 83' lang='lat' dir='ltr'><strong>pater_ejus</strong></span> <span class='ocrx_word' id='word_1_999' title='bbox 3537 4643 3788 4717; x_wconf 79' lang='lat' dir='ltr'><strong>diabolus</strong></span> 
     </span>
    </p>
   </div>
   <div class='ocr_carea' id='block_1_137' title="bbox 2195 4715 3784 4784">
    <p class='ocr_par' dir='ltr' id='par_1_137' title="bbox 2195 4715 3784 4784">
     <span class='ocr_line' id='line_1_137' title="bbox 2195 4715 3784 4784; baseline -0.002 -14"><span class='ocrx_word' id='word_1_1000' title='bbox 2195 4727 2350 4772; x_wconf 85' lang='lat' dir='ltr'><strong>antea</strong></span> <span class='ocrx_word' id='word_1_1001' title='bbox 2393 4715 2591 4784; x_wconf 72' lang='lat' dir='ltr'><strong>fuerit,</strong></span> <span class='ocrx_word' id='word_1_1002' title='bbox 2613 4718 2866 4770; x_wconf 90' lang='lat' dir='ltr'><strong>Dominus</strong></span> <span class='ocrx_word' id='word_1_1003' title='bbox 2913 4717 2964 4770; x_wconf 91' lang='lat' dir='ltr'><strong>in</strong></span> <span class='ocrx_word' id='word_1_1004' title='bbox 3020 4716 3303 4784; x_wconf 84' lang='lat' dir='ltr'><strong>Evangelio</strong></span> <span class='ocrx_word' id='word_1_1005' title='bbox 3348 4715 3561 4784; x_wconf 78' lang='lat' dir='ltr'><strong>Iuda-os</strong></span> <span class='ocrx_word' id='word_1_1006' title='bbox 3610 4715 3784 4768; x_wconf 89' lang='lat' dir='ltr'><strong>incre-</strong></span> 
     </span>
    </p>
   </div>
   <div class='ocr_carea' id='block_1_138' title="bbox 2197 4783 3784 4858">
    <p class='ocr_par' dir='ltr' id='par_1_138' title="bbox 2197 4783 3784 4858">
     <span class='ocr_line' id='line_1_138' title="bbox 2197 4783 3784 4858; baseline -0.002 -17"><span class='ocrx_word' id='word_1_1007' title='bbox 2197 4803 2329 4857; x_wconf 90' lang='lat' dir='ltr'><strong>pans</strong></span> <span class='ocrx_word' id='word_1_1008' title='bbox 2355 4789 2464 4844; x_wconf 88' lang='lat' dir='ltr'><strong>ait:</strong></span> <span class='ocrx_word' id='word_1_1009' title='bbox 2499 4785 2620 4854; x_wconf 85' lang='lat' dir='ltr'><strong>Vos,</strong></span> <span class='ocrx_word' id='word_1_1010' title='bbox 2643 4788 2833 4857; x_wconf 87' lang='lat' dir='ltr'><strong>inquit,</strong></span> <span class='ocrx_word' id='word_1_1011' title='bbox 2857 4803 2918 4841; x_wconf 73' lang='lat' dir='ltr'><strong>ex</strong></span> <span class='ocrx_word' id='word_1_1012' title='bbox 2937 4797 3080 4858; x_wconf 86' lang='lat' dir='ltr'><strong>patre</strong></span> <span class='ocrx_word' id='word_1_1013' title='bbox 3097 4783 3299 4858; x_wconf 81' lang='lat' dir='ltr'><strong>diabolo</strong></span> <span class='ocrx_word' id='word_1_1014' title='bbox 3319 4787 3436 4839; x_wconf 79' lang='lat' dir='ltr'><strong>estis</strong></span> <span class='ocrx_word' id='word_1_1015' title='bbox 3464 4783 3641 4858; x_wconf 82' lang='lat' dir='ltr'><strong>(Joan.</strong></span> <span class='ocrx_word' id='word_1_1016' title='bbox 3664 4799 3784 4852; x_wconf 88' lang='lat' dir='ltr'><strong>vm,</strong></span> 
     </span>
    </p>
   </div>
   <div class='ocr_carea' id='block_1_139' title="bbox 2195 4857 3788 4940">
    <p class='ocr_par' dir='ltr' id='par_1_139' title="bbox 2195 4857 3788 4940">
     <span class='ocr_line' id='line_1_139' title="bbox 2195 4857 3788 4940; baseline -0.003 -27"><span class='ocrx_word' id='word_1_1017' title='bbox 2195 4857 2308 4929; x_wconf 68' lang='grc'><strong>44).</strong></span> <span class='ocrx_word' id='word_1_1018' title='bbox 2365 4859 2574 4940; x_wconf 80' lang='lat' dir='ltr'><strong>Patrem</strong></span> <span class='ocrx_word' id='word_1_1019' title='bbox 2603 4873 2750 4940; x_wconf 82' lang='lat' dir='ltr'><strong>_ergo</strong></span> <span class='ocrx_word' id='word_1_1020' title='bbox 2795 4857 3066 4940; x_wconf 70' lang='lat' dir='ltr'><strong>diabolum</strong></span> <span class='ocrx_word' id='word_1_1021' title='bbox 3107 4857 3448 4940; x_wconf 52' lang='lat' dir='ltr'><strong>habuimus,“</strong></span> <span class='ocrx_word' id='word_1_1022' title='bbox 3469 4871 3576 4938; x_wconf 79' lang='lat' dir='ltr'><strong>non</strong></span> <span class='ocrx_word' id='word_1_1023' title='bbox 3606 4871 3678 4940; x_wconf 81' lang='lat' dir='ltr'><strong>ex</strong></span> <span class='ocrx_word' id='word_1_1024' title='bbox 3721 4870 3788 4909; x_wconf 92' lang='lat' dir='ltr'><strong>eo</strong></span> 
     </span>
    </p>
   </div>
   <div class='ocr_carea' id='block_1_140' title="bbox 2197 4926 3790 4998">
    <p class='ocr_par' dir='ltr' id='par_1_140' title="bbox 2197 4926 3790 4998">
     <span class='ocr_line' id='line_1_140' title="bbox 2197 4926 3790 4998; baseline -0.001 -16"><span class='ocrx_word' id='word_1_1025' title='bbox 2197 4926 2500 4996; x_wconf 80' lang='lat' dir='ltr'><strong>nascendo;</strong></span> <span class='ocrx_word' id='word_1_1026' title='bbox 2525 4929 2618 4983; x_wconf 89' lang='lat' dir='ltr'><strong>sed</strong></span> <span class='ocrx_word' id='word_1_1027' title='bbox 2652 4926 2911 4998; x_wconf 81' lang='lat' dir='ltr'><strong>nequitias</strong></span> <span class='ocrx_word' id='word_1_1028' title='bbox 2934 4929 3076 4983; x_wconf 91' lang='lat' dir='ltr'><strong>illius</strong></span> <span class='ocrx_word' id='word_1_1029' title='bbox 3106 4926 3381 4982; x_wconf 88' lang='lat' dir='ltr'><strong>imitando.</strong></span> <span class='ocrx_word' id='word_1_1030' title='bbox 3408 4926 3624 4998; x_wconf 80' lang='lat' dir='ltr'><strong>Exierat</strong></span> <span class='ocrx_word' id='word_1_1031' title='bbox 3657 4939 3790 4998; x_wconf 67' lang='lat' dir='ltr'><strong>ergo</strong></span> 
     </span>
    </p>
   </div>
   <div class='ocr_carea' id='block_1_141' title="bbox 2197 4997 3789 5069">
    <p class='ocr_par' dir='ltr' id='par_1_141' title="bbox 2197 4997 3789 5069">
     <span class='ocr_line' id='line_1_141' title="bbox 2197 4997 3789 5069; baseline -0.001 -16"><span class='ocrx_word' id='word_1_1032' title='bbox 2197 4997 2302 5053; x_wconf 81' lang='lat' dir='ltr'><strong>ﬁlia</strong></span> <span class='ocrx_word' id='word_1_1033' title='bbox 2325 4999 2616 5054; x_wconf 83' lang='lat' dir='ltr'><strong>Pharaonis</strong></span> <span class='ocrx_word' id='word_1_1034' title='bbox 2651 4999 2720 5054; x_wconf 87' lang='lat' dir='ltr'><strong>de</strong></span> <span class='ocrx_word' id='word_1_1035' title='bbox 2740 4997 2904 5054; x_wconf 83' lang='lat' dir='ltr'><strong>domo</strong></span> <span class='ocrx_word' id='word_1_1036' title='bbox 2927 4999 3092 5069; x_wconf 88' lang='lat' dir='ltr'><strong>patris</strong></span> <span class='ocrx_word' id='word_1_1037' title='bbox 3117 4999 3196 5052; x_wconf 91' lang='lat' dir='ltr'><strong>sui</strong></span> <span class='ocrx_word' id='word_1_1038' title='bbox 3222 5040 3237 5066; x_wconf 94' lang='lat'><strong>,</strong></span> <span class='ocrx_word' id='word_1_1039' title='bbox 3271 5013 3388 5068; x_wconf 60' lang='lat' dir='ltr'><strong>quae</strong></span> <span class='ocrx_word' id='word_1_1040' title='bbox 3412 4997 3656 5068; x_wconf 89' lang='lat' dir='ltr'><strong>quamvis</strong></span> <span class='ocrx_word' id='word_1_1041' title='bbox 3683 4997 3789 5069; x_wconf 78' lang='lat' dir='ltr'><strong>im-</strong></span> 
     </span>
    </p>
   </div>
   <div class='ocr_carea' id='block_1_142' title="bbox 2199 5067 3788 5141">
    <p class='ocr_par' dir='ltr' id='par_1_142' title="bbox 2199 5067 3788 5141">
     <span class='ocr_line' id='line_1_142' title="bbox 2199 5067 3788 5141; baseline 0 -19"><span class='ocrx_word' id='word_1_1042' title='bbox 2199 5071 2345 5141; x_wconf 86' lang='lat' dir='ltr'><strong>pium</strong></span> <span class='ocrx_word' id='word_1_1043' title='bbox 2373 5071 2612 5125; x_wconf 89' lang='lat' dir='ltr'><strong>habuerit</strong></span> <span class='ocrx_word' id='word_1_1044' title='bbox 2640 5079 2866 5139; x_wconf 87' lang='lat' dir='ltr'><strong>patrem,</strong></span> <span class='ocrx_word' id='word_1_1045' title='bbox 2895 5067 3128 5141; x_wconf 79' lang='lat' dir='ltr'><strong>attamen</strong></span> <span class='ocrx_word' id='word_1_1046' title='bbox 3149 5069 3198 5141; x_wconf 88' lang='lat' dir='ltr'><strong>ei</strong></span> <span class='ocrx_word' id='word_1_1047' title='bbox 3221 5067 3416 5124; x_wconf 81' lang='lat' dir='ltr'><strong>dicitur</strong></span> <span class='ocrx_word' id='word_1_1048' title='bbox 3434 5067 3531 5141; x_wconf 82' lang='lat' dir='ltr'><strong>per</strong></span> <span class='ocrx_word' id='word_1_1049' title='bbox 3551 5067 3788 5138; x_wconf 77' lang='lat' dir='ltr'><strong>prophe~</strong></span> 
     </span>
    </p>
   </div>
   <div class='ocr_carea' id='block_1_143' title="bbox 2201 5139 3792 5210">
    <p class='ocr_par' dir='ltr' id='par_1_143' title="bbox 2201 5139 3792 5210">
     <span class='ocr_line' id='line_1_143' title="bbox 2201 5139 3792 5210; baseline -0.003 -15"><span class='ocrx_word' id='word_1_1050' title='bbox 2201 5139 2346 5195; x_wconf 87' lang='lat' dir='ltr'><strong>tam:</strong></span> <span class='ocrx_word' id='word_1_1051' title='bbox 2381 5143 2532 5204; x_wconf 76' lang='lat' dir='ltr'><strong>Audi,</strong></span> <span class='ocrx_word' id='word_1_1052' title='bbox 2567 5143 2694 5210; x_wconf 78' lang='lat' dir='ltr'><strong>ﬁlia,</strong></span> <span class='ocrx_word' id='word_1_1053' title='bbox 2727 5152 2772 5195; x_wconf 88' lang='lat' dir='ltr'><strong>et</strong></span> <span class='ocrx_word' id='word_1_1054' title='bbox 2809 5141 2954 5205; x_wconf 85' lang='lat' dir='ltr'><strong>vide;</strong></span> <span class='ocrx_word' id='word_1_1055' title='bbox 2975 5151 3020 5194; x_wconf 85' lang='lat' dir='ltr'><strong>et</strong></span> <span class='ocrx_word' id='word_1_1056' title='bbox 3047 5139 3336 5194; x_wconf 80' lang='lat' dir='ltr'><strong>obliviscere</strong></span> <span class='ocrx_word' id='word_1_1057' title='bbox 3365 5139 3609 5210; x_wconf 74' lang='lat' dir='ltr'><strong>populum</strong></span> <span class='ocrx_word' id='word_1_1058' title='bbox 3649 5147 3792 5210; x_wconf 73' lang='lat' dir='ltr'><strong>luunt</strong></span> 
     </span>
    </p>
   </div>
   <div class='ocr_carea' id='block_1_144' title="bbox 2201 5208 3788 5282">
    <p class='ocr_par' dir='ltr' id='par_1_144' title="bbox 2201 5208 3788 5282">
     <span class='ocr_line' id='line_1_144' title="bbox 2201 5208 3788 5282; baseline -0.003 -16"><span class='ocrx_word' id='word_1_1059' title='bbox 2201 5223 2250 5266; x_wconf 88' lang='lat' dir='ltr'><strong>et</strong></span> <span class='ocrx_word' id='word_1_1060' title='bbox 2277 5212 2482 5266; x_wconf 87' lang='lat' dir='ltr'><strong>domum</strong></span> <span class='ocrx_word' id='word_1_1061' title='bbox 2507 5208 2664 5282; x_wconf 81' lang='lat' dir='ltr'><strong>patris</strong></span> <span class='ocrx_word' id='word_1_1062' title='bbox 2689 5213 2762 5264; x_wconf 89' lang='lat' dir='ltr'><strong>tui</strong></span> <span class='ocrx_word' id='word_1_1063' title='bbox 2789 5210 2959 5282; x_wconf 87' lang='lat' dir='ltr'><strong>(Psal.</strong></span> <span class='ocrx_word' id='word_1_1064' title='bbox 2987 5227 3124 5276; x_wconf 84' lang='lat' dir='ltr'><strong>xuv,</strong></span> <span class='ocrx_word' id='word_1_1065' title='bbox 3159 5211 3272 5282; x_wconf 83' lang='lat' dir='ltr'><strong>ll).</strong></span> <span class='ocrx_word' id='word_1_1066' title='bbox 3305 5208 3404 5282; x_wconf 85' lang='lat' dir='ltr'><strong>Qui</strong></span> <span class='ocrx_word' id='word_1_1067' title='bbox 3425 5209 3556 5282; x_wconf 81' lang='lat' dir='ltr'><strong>dicit</strong></span> <span class='ocrx_word' id='word_1_1068' title='bbox 3583 5226 3596 5260; x_wconf 77' lang='grc' dir='ltr'><em>τ</em></span> <span class='ocrx_word' id='word_1_1069' title='bbox 3631 5208 3788 5282; x_wconf 77' lang='lat' dir='ltr'><strong>Audi,</strong></span> 
     </span>
    </p>
   </div>
   <div class='ocr_carea' id='block_1_145' title="bbox 2201 5279 3789 5354">
    <p class='ocr_par' dir='ltr' id='par_1_145' title="bbox 2201 5279 3789 5354">
     <span class='ocr_line' id='line_1_145' title="bbox 2201 5279 3789 5354; baseline -0.001 -18"><span class='ocrx_word' id='word_1_1070' title='bbox 2201 5283 2331 5351; x_wconf 81' lang='lat' dir='ltr'><strong>ﬁlia,</strong></span> <span class='ocrx_word' id='word_1_1071' title='bbox 2355 5279 2626 5353; x_wconf 54' lang='lat' dir='ltr'><strong>pater&#39;est.</strong></span> <span class='ocrx_word' id='word_1_1072' title='bbox 2654 5283 2722 5338; x_wconf 84' lang='lat' dir='ltr'><strong>Et</strong></span> <span class='ocrx_word' id='word_1_1073' title='bbox 2759 5279 2847 5338; x_wconf 92' lang='lat' dir='ltr'><strong>ille</strong></span> <span class='ocrx_word' id='word_1_1074' title='bbox 2874 5283 2965 5354; x_wconf 90' lang='lat' dir='ltr'><strong>qui</strong></span> <span class='ocrx_word' id='word_1_1075' title='bbox 3008 5279 3324 5338; x_wconf 84' lang='lat' dir='ltr'><strong>admonetur</strong></span> <span class='ocrx_word' id='word_1_1076' title='bbox 3357 5279 3753 5336; x_wconf 88' lang='lat' dir='ltr'><strong>obliviscendus</strong></span> <span class='ocrx_word' id='word_1_1077' title='bbox 3775 5320 3789 5346; x_wconf 89' lang='lat'><strong>,</strong></span> 
     </span>
    </p>
   </div>
   <div class='ocr_carea' id='block_1_146' title="bbox 2267 5413 3794 5478">
    <p class='ocr_par' dir='ltr' id='par_1_146' title="bbox 2267 5413 3794 5478">
     <span class='ocr_line' id='line_1_146' title="bbox 2267 5413 3794 5478; baseline 0 -14"><span class='ocrx_word' id='word_1_1078' title='bbox 2267 5415 2286 5448; x_wconf 76' lang='grc' dir='ltr'><strong>ι</strong></span> <span class='ocrx_word' id='word_1_1079' title='bbox 2303 5421 2356 5464; x_wconf 81' lang='grc' dir='ltr'><strong>ιιι</strong></span> <span class='ocrx_word' id='word_1_1080' title='bbox 2394 5416 2737 5478; x_wconf 78' lang='lat' dir='ltr'><strong>manuscriptis</strong></span> <span class='ocrx_word' id='word_1_1081' title='bbox 2755 5415 3011 5478; x_wconf 21' lang='lat' dir='ltr'><strong>sermonis,</strong></span> <span class='ocrx_word' id='word_1_1082' title='bbox 3033 5413 3277 5478; x_wconf 80' lang='lat' dir='ltr'><strong>conclusio</strong></span> <span class='ocrx_word' id='word_1_1083' title='bbox 3299 5427 3359 5465; x_wconf 92' lang='lat' dir='ltr'><strong>ea</strong></span> <span class='ocrx_word' id='word_1_1084' title='bbox 3382 5421 3475 5474; x_wconf 88' lang='lat' dir='ltr'><strong>est,</strong></span> <span class='ocrx_word' id='word_1_1085' title='bbox 3513 5421 3614 5464; x_wconf 85' lang='lat' dir='ltr'><strong>Deo</strong></span> <span class='ocrx_word' id='word_1_1086' title='bbox 3632 5418 3794 5465; x_wconf 73' lang='lat' dir='ltr'><strong>autem</strong></span> 
     </span>
    </p>
   </div>
   <div class='ocr_carea' id='block_1_147' title="bbox 2201 5473 3569 5558">
    <p class='ocr_par' dir='ltr' id='par_1_147' title="bbox 2201 5473 3569 5558">
     <span class='ocr_line' id='line_1_147' title="bbox 2201 5473 3569 5558; baseline -0.002 -31"><span class='ocrx_word' id='word_1_1087' title='bbox 2201 5475 2594 5558; x_wconf 36' lang='lat' dir='ltr'><strong>nostlo‘l‘tgauorﬁt</strong></span> <span class='ocrx_word' id='word_1_1088' title='bbox 2864 5476 3044 5558; x_wconf 46' lang='lat' dir='ltr'><strong>{fecula</strong></span> <span class='ocrx_word' id='word_1_1089' title='bbox 3065 5473 3370 5529; x_wconf 64' lang='lat' dir='ltr'><strong>seculorum.</strong></span> <span class='ocrx_word' id='word_1_1090' title='bbox 3405 5473 3569 5526; x_wconf 71' lang='lat' dir='ltr'><strong>Amat.</strong></span> 
     </span>
    </p>
   </div>
   <div class='ocr_carea' id='block_1_148' title="bbox 2266 5537 3796 5676">
    <p class='ocr_par' dir='ltr' id='par_1_148' title="bbox 2266 5537 3796 5676">
     <span class='ocr_line' id='line_1_148' title="bbox 2266 5537 3029 5664; baseline 0.003 -76"><span class='ocrx_word' id='word_1_1091' title='bbox 2266 5537 2338 5664; x_wconf 52' lang='lat' dir='ltr'><strong>Ea)</strong></span> <span class='ocrx_word' id='word_1_1092' title='bbox 2363 5539 2501 5598; x_wconf 80' lang='lat' dir='ltr'><strong>Alias,</strong></span> <span class='ocrx_word' id='word_1_1093' title='bbox 2525 5539 2590 5589; x_wconf 91' lang='lat' dir='ltr'><strong>de</strong></span> <span class='ocrx_word' id='word_1_1094' title='bbox 2613 5537 2847 5612; x_wconf 74' lang='lat' dir='ltr'><strong>Tempore</strong></span> <span class='ocrx_word' id='word_1_1095' title='bbox 2875 5539 2953 5589; x_wconf 85' lang='lat'><strong>86.</strong></span> <span class='ocrx_word' id='word_1_1096' title='bbox 3019 5602 3029 5614; x_wconf 42' lang='lat'><strong><em>.</em></strong></span> 
     </span>
     <span class='ocr_line' id='line_1_149' title="bbox 2273 5598 3796 5676; baseline 0 -26"><span class='ocrx_word' id='word_1_1097' title='bbox 2273 5600 2345 5676; x_wconf 46' lang='grc' dir='ltr'><strong>ιρι</strong></span> <span class='ocrx_word' id='word_1_1098' title='bbox 2367 5607 2416 5650; x_wconf 88' lang='grc' dir='ltr'><strong>ιιι</strong></span> <span class='ocrx_word' id='word_1_1099' title='bbox 2459 5601 2734 5676; x_wconf 74' lang='lat' dir='ltr'><strong>Appendtce</strong></span> <span class='ocrx_word' id='word_1_1100' title='bbox 2783 5615 2912 5676; x_wconf 79' lang='lat' dir='ltr'><strong>nunc</strong></span> <span class='ocrx_word' id='word_1_1101' title='bbox 2959 5614 3166 5676; x_wconf 72' lang='lat' dir='ltr'><strong>prunam</strong></span> <span class='ocrx_word' id='word_1_1102' title='bbox 3202 5598 3482 5676; x_wconf 55' lang='lat' dir='ltr'><strong>colloeatug.</strong></span> <span class='ocrx_word' id='word_1_1103' title='bbox 3529 5607 3635 5676; x_wconf 77' lang='lat' dir='ltr'><strong>1am</strong></span> <span class='ocrx_word' id='word_1_1104' title='bbox 3679 5607 3796 5650; x_wconf 88' lang='lat' dir='ltr'><strong>ante</strong></span> 
     </span>
    </p>
   </div>
   <div class='ocr_carea' id='block_1_149' title="bbox 2203 5661 3798 5726">
    <p class='ocr_par' dir='ltr' id='par_1_149' title="bbox 2203 5661 3798 5726">
     <span class='ocr_line' id='line_1_150' title="bbox 2203 5661 3798 5726; baseline 0 -14"><span class='ocrx_word' id='word_1_1105' title='bbox 2203 5661 2380 5726; x_wconf 82' lang='lat' dir='ltr'><strong>dubius</strong></span> <span class='ocrx_word' id='word_1_1106' title='bbox 2424 5661 2541 5714; x_wconf 72' lang='lat' dir='ltr'><strong>erat</strong></span> <span class='ocrx_word' id='word_1_1107' title='bbox 2567 5661 2975 5726; x_wconf 65' lang='lat' dir='ltr'><strong>Lovauiensibm,‘</strong></span> <span class='ocrx_word' id='word_1_1108' title='bbox 3009 5663 3205 5726; x_wconf 84' lang='lat' dir='ltr'><strong>Verlino</strong></span> <span class='ocrx_word' id='word_1_1109' title='bbox 3243 5671 3296 5714; x_wconf 91' lang='lat' dir='ltr'><strong>et</strong></span> <span class='ocrx_word' id='word_1_1110' title='bbox 3335 5661 3568 5726; x_wconf 82' lang='lat' dir='ltr'><strong>vindingo</strong></span> <span class='ocrx_word' id='word_1_1111' title='bbox 3619 5675 3798 5726; x_wconf 90' lang='lat' dir='ltr'><strong>suppo-</strong></span> 
     </span>
    </p>
   </div>
   <div class='ocr_carea' id='block_1_150' title="bbox 2203 5725 3798 5798">
    <p class='ocr_par' dir='ltr' id='par_1_150' title="bbox 2203 5725 3798 5798">
     <span class='ocr_line' id='line_1_151' title="bbox 2203 5725 3798 5798; baseline 0 -24"><span class='ocrx_word' id='word_1_1112' title='bbox 2203 5725 2408 5798; x_wconf 80' lang='lat' dir='ltr'><strong>sititins_._</strong></span> <span class='ocrx_word' id='word_1_1113' title='bbox 2417 5727 2856 5798; x_wconf 67' lang='lat' dir='ltr'><strong>sensusquosdam</strong></span> <span class='ocrx_word' id='word_1_1114' title='bbox 2881 5735 2933 5798; x_wconf 77' lang='lat' dir='ltr'><strong>et</strong></span> <span class='ocrx_word' id='word_1_1115' title='bbox 2954 5725 3209 5798; x_wconf 85' lang='lat' dir='ltr'><strong>nonnullas</strong></span> <span class='ocrx_word' id='word_1_1116' title='bbox 3229 5726 3292 5775; x_wconf 85' lang='lat' dir='ltr'><strong>ab</strong></span> <span class='ocrx_word' id='word_1_1117' title='bbox 3309 5725 3523 5798; x_wconf 67' lang='lat' dir='ltr'><strong>Origene</strong></span> <span class='ocrx_word' id='word_1_1118' title='bbox 3543 5725 3694 5797; x_wconf 79' lang='lat' dir='ltr'><strong>voces</strong></span> <span class='ocrx_word' id='word_1_1119' title='bbox 3715 5737 3798 5798; x_wconf 83' lang='lat' dir='ltr'><strong>a_c-</strong></span> 
     </span>
    </p>
   </div>
   <div class='ocr_carea' id='block_1_151' title="bbox 2207 5785 3798 5849">
    <p class='ocr_par' dir='ltr' id='par_1_151' title="bbox 2207 5785 3798 5849">
     <span class='ocr_line' id='line_1_152' title="bbox 2207 5785 3798 5849; baseline -0.001 -13"><span class='ocrx_word' id='word_1_1120' title='bbox 2207 5789 2338 5849; x_wconf 85' lang='lat' dir='ltr'><strong>cepit</strong></span> <span class='ocrx_word' id='word_1_1121' title='bbox 2359 5785 2492 5838; x_wconf 89' lang='lat' dir='ltr'><strong>illius</strong></span> <span class='ocrx_word' id='word_1_1122' title='bbox 2513 5785 2696 5846; x_wconf 76' lang='lat' dir='ltr'><strong>auctor,</strong></span> <span class='ocrx_word' id='word_1_1123' title='bbox 2737 5801 2834 5837; x_wconf 91' lang='lat' dir='ltr'><strong>non</strong></span> <span class='ocrx_word' id='word_1_1124' title='bbox 2857 5789 2997 5846; x_wconf 88' lang='lat' dir='ltr'><strong>alius,</strong></span> <span class='ocrx_word' id='word_1_1125' title='bbox 3030 5789 3300 5849; x_wconf 84' lang='lat' dir='ltr'><strong>opinamur,</strong></span> <span class='ocrx_word' id='word_1_1126' title='bbox 3325 5785 3416 5836; x_wconf 81' lang='lat' dir='ltr'><strong>nisi</strong></span> <span class='ocrx_word' id='word_1_1127' title='bbox 3437 5787 3689 5838; x_wconf 68' lang='lat' dir='ltr'><strong>Caesarius.</strong></span> <span class='ocrx_word' id='word_1_1128' title='bbox 3727 5793 3798 5849; x_wconf 86' lang='lat' dir='ltr'><strong>D_e</strong></span> 
     </span>
    </p>
   </div>
   <div class='ocr_carea' id='block_1_152' title="bbox 2205 5849 3012 5912">
    <p class='ocr_par' dir='ltr' id='par_1_152' title="bbox 2205 5849 3012 5912">
     <span class='ocr_line' id='line_1_153' title="bbox 2205 5849 3012 5912; baseline 0.004 -15"><span class='ocrx_word' id='word_1_1129' title='bbox 2205 5861 2353 5912; x_wconf 77' lang='lat' dir='ltr'><strong>num._</strong></span> <span class='ocrx_word' id='word_1_1130' title='bbox 2377 5849 2423 5912; x_wconf 81' lang='lat' dir='ltr'><strong>l_</strong></span> <span class='ocrx_word' id='word_1_1131' title='bbox 2453 5849 2547 5900; x_wconf 88' lang='lat' dir='ltr'><strong>vid.</strong></span> <span class='ocrx_word' id='word_1_1132' title='bbox 2587 5851 2810 5912; x_wconf 83' lang='lat' dir='ltr'><strong>Origenis</strong></span> <span class='ocrx_word' id='word_1_1133' title='bbox 2849 5849 3012 5901; x_wconf 87' lang='lat' dir='ltr'><strong>bomil.</strong></span> 
     </span>
    </p>
   </div>
   <div class='ocr_carea' id='block_1_153' title="bbox 2207 5847 3798 5962">
    <p class='ocr_par' dir='ltr' id='par_1_153' title="bbox 2207 5847 3798 5962">
     <span class='ocr_line' id='line_1_154' title="bbox 2207 5847 3798 5962; baseline 0.001 -64"><span class='ocrx_word' id='word_1_1134' title='bbox 2207 5847 2428 5962; x_wconf 42' lang='lat'><strong>$14</strong></span> <span class='ocrx_word' id='word_1_1135' title='bbox 2453 5849 2547 5900; x_wconf 88' lang='lat' dir='ltr'><strong>vid.</strong></span> <span class='ocrx_word' id='word_1_1136' title='bbox 2587 5851 2810 5912; x_wconf 83' lang='lat' dir='ltr'><strong>Origenis</strong></span> <span class='ocrx_word' id='word_1_1137' title='bbox 2849 5849 3012 5901; x_wconf 87' lang='lat' dir='ltr'><strong>bomil.</strong></span> <span class='ocrx_word' id='word_1_1138' title='bbox 3049 5847 3079 5900; x_wconf 73' lang='grc' dir='ltr'>Ξ</span> <span class='ocrx_word' id='word_1_1139' title='bbox 3103 5851 3152 5902; x_wconf 88' lang='lat' dir='ltr'><strong>in</strong></span> <span class='ocrx_word' id='word_1_1140' title='bbox 3187 5847 3427 5912; x_wconf 78' lang='lat' dir='ltr'><strong>Exedunt;</strong></span> <span class='ocrx_word' id='word_1_1141' title='bbox 3468 5849 3532 5900; x_wconf 86' lang='lat' dir='ltr'><strong>de</strong></span> <span class='ocrx_word' id='word_1_1142' title='bbox 3571 5861 3704 5900; x_wconf 85' lang='lat' dir='ltr'><strong>num.</strong></span> <span class='ocrx_word' id='word_1_1143' title='bbox 3747 5847 3798 5912; x_wconf 78' lang='grc'><strong>8,</strong></span> 
     </span>
    </p>
   </div>
  </div>
