4062 6368
331 368 466 429 17⁸7⁸1

331 491 480 553 pater
518 479 866 537 nihilominus
908 479 1254 553 nominatur;
1282 491 1346 534 ac
1377 478 1427 553 si
1453 478 1595 553 Deus
1629 477 1909 553 pater__ad-

331 549 528 617 monet,
558 560 618 607 ur.
636 553 903 607 diabolum
925 563 1129 620 patrem
1160 549 1349 604 debeat
1375 550 1763 618 derelinquere.
1786 549 1912 604 Haec

331 639 454 692 ergo
495 634 577 680 est
615 624 849 678 Ecclesia
876 639 994 692 qum
1022 621 1256 692 exiitide
1289 621 1449 692 domo
1481 621 1644 689 patris
1678 621 1757 692 sui
1801 620 1913 674 dia-

330 690 458 761 boli,
483 704 536 749 et
561 694 628 748 ad
659 710 872 762 aquam,
896 690 953 747 id
980 700 1082 754 cst,
1115 691 1179 746 ad
1207 707 1396 761 aquam
1423 691 1672 760 Baptismi
1695 690 1913 745 festina-

329 765 422 828 vit,
453 775 512 820 ut
538 766 808 819 lavaretur
845 779 874 818 a
915 762 1146 832 peccatis
1167 802 1183 830 ,
1215 777 1333 832 qua:
1360 764 1410 816 in
1451 762 1611 815 domo
1636 763 1800 831 patris
1831 762 1912 816 sui

328 843 685 891 contraxerat.
720 835 952 904 Denique
982 833 1394 904 statimiviscera
1421 832 1801 904 misericordiae
1822 847 1911 904 ac-

330 907 507 976 cipere
552 906 782 970 meruit,
805 902 1098 974 et’collegit
1136 903 1348 975 Moysen
1383 918 1412 956 a
1450 902 1758 973 parentibus
1801 903 1912 958 suis

329 978 626 1047 projectum
671 978 721 1029 in
753 976 989 1030 ﬂumine.
1023 977 1229 1047 Moyses
1265 989 1391 1047 ergo
1413 989 1443 1027 a
1475 983 1642 1028 matre
1667 987 1911 1047 suapro-

327 1044 520 1117 jicitur,
557 1057 610 1102 et
635 1063 662 1100 a
695 1047 983 1101 Pharaonis
1014 1044 1120 1117 lilia
1143 1044 1583 1117 invenituratque
1605 1044 1908 1113 colligitur:

327 1115 379 1172 et
409 1117 656 1172 Christus
684 1117 941 1172 Dominus
977 1131 1006 1170 a
1041 1115 1316 1187 Synagoga
1341 1157 1356 1180 ,
1388 1115 1454 1170 de
1478 1130 1577 1184 qua
1612 1124 1763 1187 natus
1787 1122 1907 1187 est,

329 1190 638 1258 repudiatur
657 1229 672 1252 ,
695 1199 747 1242 et
773 1190 840 1242 ab
867 1185 1105 1258 Ecclesia
1140 1187 1584 1258 invenituratque
1603 1185 1907 1258 suscipitur.

395 1255 450 1313 Ξ.
495 1259 722 1313 Ecclesia
746 1276 920 1312 rursus
945 1260 996 1310 in
1015 1256 1335 1326 zE'thiopissa
1362 1255 1528 1326 Moysi
1554 1273 1730 1311 mre.
1754 1257 1910 1310 Post-

324 1345 484 1400 quam
508 1339 683 1384 autem
723 1330 891 1384 crevit
918 1329 1148 1400 Moyses,
1171 1328 1300 1382 abiit
1328 1329 1378 1382 in
1405 1328 1676 1397 regionem
1701 1327 1910 1400 longin-

323 1417 483 1471 quam
510 1444 526 1467 ,
557 1411 612 1455 et
657 1402 861 1469 accepit
897 1399 1278 1468 Ethiopissam
1319 1413 1559 1453 uxorem.
1600 1399 1906 1471 égnoscite,

326 1467 538 1536 fratres,
564 1471 663 1526 hoc
693 1467 800 1525 non
823 1486 1044 1539 parvum
1071 1467 1189 1525 esse
1215 1470 1550 1539 mysterium.
1576 1467 1910 1539 Ethiopissa

326 1486 538 1536 tratres,
564 1486 663 1526 hoc
693 1487 797 1525 non
823 1486 1044 1539 parvum
1071 1486 1189 1525 esse
1215 1486 1267 1524 m
1308 1486 1550 1524 Sternum.
1576 1486 1910 1538 mtntopissa

324 1543 412 1596 illa
467 1559 531 1596 ex
587 1541 844 1597 Gentibus
883 1550 1035 1611 erat,
1076 1556 1231 1610 quam
1253 1486 1459 1611 beatus
1505 1540 1715 1611 Moyses
1760 1538 1912 1593 duxit

325 1629 585 1677 uxorem;
617 1614 738 1683 quia
766 1621 820 1667 et
863 1609 1107 1683 Christus
1131 1627 1196 1683 ex
1237 1609 1495 1683 Gentibus
1535 1609 1633 1683 sibi
1674 1611 1909 1666 sociatu-

325 1699 417 1754 rus
444 1693 561 1738 erat
586 1681 898 1738 Ecclesium.
925 1682 1135 1754 Moyses
1159 1682 1442 1754 dereliquit
1473 1681 1722 1754 populum
1753 1697 1907 1754 suum

326 1753 376 1806 in
406 1755 710 1825 longinquis
732 1751 1057 1824 regionibus,
1082 1762 1135 1825 et
1159 1751 1502 1825 Agthiopissar
1529 1752 1906 1825 coniungitur:

323 1835 374 1879 et
403 1823 644 1879 Christus
686 1823 940 1880 derelicto
970 1824 1163 1892 populo
1197 1823 1496 1878 Judmorum
1519 1866 1532 1888 ,
1563 1823 1629 1876 de
1657 1824 1911 1878 extremis

325 1897 628 1964 regionibus
669 1896 917 1950 Ecclesia:
962 1895 1230 1958 sociatur;
1274 1894 1346 1947 illi
1400 1896 1576 1962 utique
1627 1909 1745 1964 qum
1781 1893 1912 1964 dicit

326 1968 374 2019 in
391 1963 632 2020 Psalmis
656 1985 668 2020 :
694 1965 733 2018 Α
759 1968 940 2034 ﬁnibus
967 1975 1110 2018 terra:
1129 1965 1195 2016 ad
1216 1975 1262 2018 te
1285 1965 1497 2036 clamaui
1521 1963 1691 2036 (Psal.
1723 1980 1808 2025 ιχ,
1829 1963 1908 2036 5).

325 2038 459 2090 Audi
505 2054 568 2090 cx
613 2052 841 2105 persona
891 2036 1181 2100 Ecclesiae,
1215 2036 1266 2088 in
1311 2034 1545 2105 Canticis‘
1580 2034 1908 2089 canticorum

323 2109 394 2160 ait
427 2104 661 2162 Ecclesia
696 2125 708 2160 :
743 2106 906 2178 Nigra
935 2124 1044 2160 sum
1068 2116 1115 2159 et
1138 2110 1373 2178 formosa
1391 2104 1559 2175 (Cant.
1592 2122 1628 2169 ι,
1661 2106 1736 2176 4).
1773 2105 1910 2173 Quid

323 2188 440 2249 est,
476 2178 646 2249 Nigra
685 2195 796 2232 sum
820 2177 869 2232 et
911 2182 1171 2249 formosa;
1196 2177 1296 2249 nisi
1324 2177 1474 2249 nigra
1519 2191 1612 2245 per
1643 2185 1906 2249 naturam,

323 2246 566 2320 formosa
591 2264 686 2319 per
724 2246 980 2320 gratiam;
1016 2247 1162 2320 nigra
1205 2248 1446 2318 originali
1493 2257 1747 2317 peccato,
1802 2246 1911 2302 for-

322 2334 469 2372 mosa
491 2319 744 2388 Baptismi
772 2319 1140 2374 sacramento?

393 2390 446 2444 3.
514 2389 581 2443 In
615 2390 738 2443 rubo
793 2389 1089 2461 Synaqoga.
1118 2390 1252 2443 Dum
1283 2403 1408 2459 ergo
1436 2397 1678 2460 pasceret
1701 2388 1908 2459 Moyses

320 2475 448 2516 oves
491 2462 662 2514 soceri
690 2464 771 2515 sui
803 2462 852 2514 in
891 2461 1138 2525 deserto,
1171 2461 1415 2528 apparuit
1458 2463 1506 2516 ei
1557 2461 1811 2514 Dominus
1855 2461 1907 2514 in

321 2533 456 2586 rubo
479 2573 493 2594 ,
525 2541 577 2586 et
631 2532 763 2586 dixit
788 2531 995 2601 Moyses
1026 2548 1040 2584 :
1076 2529 1303 2596 Vadam,
1332 2540 1379 2584 et
1421 2530 1592 2585 videbo
1633 2548 1789 2600 quare
1815 2547 1907 2584 ru-

320 2603 412 2656 bus
441 2604 584 2655 ardet
612 2612 654 2656 et
693 2619 792 2672 non
826 2603 1149 2655 consumitur.
1200 2601 1266 2655 Et
1305 2603 1747 2672 appropinquanti
1777 2601 1908 2658 dixit

323 2673 583 2726 Dominus
612 2691 624 2726 :
657 2671 740 2726 Ne
774 2673 1145 2743 appropinques
1176 2673 1271 2725 huc
1290 2713 1304 2738 ,
1347 2672 1434 2726 sed
1462 2671 1598 2726 solve
1639 2673 1908 2742 corrigiam

323 2745 646 2815 calceamenti
672 2746 780 2808 tui;
800 2745 924 2815 quia
957 2744 1095 2796 locus
1117 2743 1171 2796 in
1195 2759 1293 2814 quo
1316 2752 1442 2810 stas,
1470 2753 1603 2797 terra
1631 2753 1804 2796 sancta
1833 2753 1908 2797 est

328 2813 521 2886 (Exod.
560 2830 637 2887 ut,
670 2817 738 2880 '5,
763 2813 840 2887 5).
872 2814 1055 2868 Bubus
1083 2815 1176 2887 ille
1197 2825 1460 2887 genusgest
1483 2817 1780 2887 spinarum.
1807 2816 1909 2868 Ar-

329 2885 485 2940 debat
507 2886 670 2953 enim,
693 2894 750 2941 et
783 2885 888 2940 non
913 2886 1342 2940 consumebatur.
1370 2885 1422 2938 In
1456 2887 1588 2939 rubo
1615 2885 1906 2953 significata

330 2966 408 3010 est
433 2957 706 3026 Synagoga
746 2956 1069 3011 Iudaeorum.
1101 2955 1264 3009 Multo
1291 2957 1431 3010 enim
1466 2965 1704 3026 tempore
1738 2955 1789 3008 iu
1827 2956 1906 3010 eis

325 3027 497 3081 {error
525 3039 580 3082 et
619 3028 827 3081 ﬂamma
863 3029 1029 3081 sancti
1077 3026 1302 3095 Spiritus
1346 3026 1483 3081 fuit:
1515 3037 1569 3081 et
1611 3035 1788 3080 tamen
1833 3028 1903 3080 ita

324 3110 506 3152 contra
550 3099 645 3152 Dei
687 3099 910 3169 gratiam
955 3097 1181 3152 rebelles
1219 3109 1436 3166 Semper
1469 3097 1687 3169 Spiritui
1721 3107 1905 3152 sancto

323 3171 653 3235 restiterunt,
688 3167 744 3223 ut
773 3184 957 3224 eorum
986 3178 1200 3238 peccata
1229 3169 1308 3222 vel
1333 3169 1607 3238 sacrilegia
1637 3167 1758 3238 igne
1781 3183 1906 3222 san-

323 3242 389 3293 cti
421 3242 652 3312 Spiritus
677 3242 1043 3312 consumiiuon
1069 3249 1305 3312 possent.

391 3313 442 3364 4.
463 3309 643 3365 ’νει-ὑπ
673 3313 799 3366 bona
823 3327 886 3365 ea:
910 3311 1035 3372 Deo,
1063 3311 1198 3364 mula
1226 3326 1288 3364 ea:
1312 3309 1530 3364 diabolo.
1566 3309 1702 3364 Dixit
1723 3317 1902 3365 autem

328 3381 578 3454 Dominus
599 3385 663 3436 ad
694 3383 906 3454 Moysen
935 3401 948 3436 :
991 3381 1134 3454 Veni,
1156 3390 1201 3434 et
1214 3383 1418 3454 inittam
1450 3391 1497 3435 te
1510 3381 1563 3434 in
1592 3379 1899 3454 Egyptum.

325 3451 388 3505 Et
413 3455 746 3521 respondens
772 3450 980 3524 Moyses
1003 3450 1135 3507 dixit
1155 3470 1175 3524 ξε
1205 3450 1438 3517 Domine,
1468 3469 1568 3524 non
1597 3450 1707 3524 sunt
1733 3451 1904 3524 erudi-

326 3533 421 3589 tus,
453 3534 499 3576 et
526 3525 702 3580 tardus
725 3541 836 3578 sum
856 3522 923 3576 ad
948 3522 1268 3588 loquendum.
1312 3524 1376 3576 Et
1399 3523 1474 3576 ait
1500 3522 1573 3575 illi
1602 3523 1853 3576 Dominus
1885 3540 1901 3576 :

327 3595 432 3664 Ego
477 3598 703 3663 aperiam
739 3611 795 3648 os
839 3605 1012 3662 tuum,
1038 3603 1083 3648 et
1128 3595 1376 3647 instruam
1418 3601 1466 3646 te
1491 3609 1602 3661 qua:
1639 3603 1829 3664 Oportet
1858 3603 1904 3648 te

326 3665 505 3739 ζωαί(
534 3665 695 3732 Ibid.,
739 3667 848 3739 10,
895 3674 939 3739 et
996 3682 1068 3730 ιν,
1122 3664 1410 3739 l0)._Beati_
1435 3675 1558 3718 sunt
1586 3680 1808 3739 quorum
1841 3679 1904 3718 os

328 3734 581 3791 Dominus
608 3737 796 3806 aperit,
825 3743 886 3789 ut
910 3736 1208 3806 loquantur.
1238 3734 1497 3790 Omnibus
1520 3736 1660 3806 enim
1689 3736 1777 3804 qui
1805 3749 1902 3803 pro

329 3809 547 3862 veritate
571 3849 587 3874 ,
616 3805 714 3878 pro
735 3807 937 3878 justitia
956 3805 988 3872 ,⁷
1009 3823 1103 3875 pro
1132 3807 1418 3878 castitate,
1439 3822 1538 3878 pro
1564 3805 1899 3878 humilitate,

329 3893 420 3945 pro
449 3875 812 3933 misericordia
855 3877 1177 3947 loquuntur;
1206 3878 1321 3932 sine
1351 3875 1456 3931 ulla
1487 3875 1817 3932 dubitatione
1841 3890 1904 3931 os

329 3950 533 4002 illorum
579 3966 686 4002 non
727 3949 896 4017 aperit
936 3949 1036 4002 nisi
1080 3949 1351 4001 Dominus.
1388 3947 1535 4002 Sicut
1574 3963 1612 4017 e
1631 3947 1903 4002 contrario

328 4019 412 4086 qui
433 4020 499 4073 de
526 4020 731 4074 luxuria
750 4016 770 4084 ,7
789 4020 856 4074 de
884 4019 1106 4072 avaritia
1133 4060 1147 4084 ,
1177 4019 1243 4072 de
1269 4017 1515 4088 superbia
1543 4058 1555 4079 ,
1586 4016 1651 4071 de
1680 4018 1899 4086 rapinis,
1950 4075 1961 4086 ε

327 4089 389 4143 de
421 4091 742 4144 scurrilitate
783 4091 867 4145 vel
893 4091 1123 4159 nequitia
1159 4088 1738 4159 assiduehloquuntur;
1783 4088 1902 4159 quis

327 4160 538 4213 illorum
575 4177 636 4214 os
667 4161 901 4227 aperiat,
931 4157 1034 4214 non
1063 4175 1198 4228 opus
1226 4167 1309 4212 est
1348 4157 1525 4213 dicere
1555 4176 1566 4210 :
1601 4167 1774 4226 potest
1795 4157 1904 4228 hoc

326 4232 685 4300 unusquisque
707 4233 822 4285 sine
839 4231 944 4285 ulla
971 4227 1280 4284 difficultate
1295 4244 1636 4300 cognoscere.
1665 4229 1732 4282 Et
1756 4227 1898 4294 ideo,

324 4299 514 4355 fratres
562 4301 1205 4368 charissimi,auxiliante
1248 4301 1501 4362 Domino,
1530 4299 1667 4352 bona
1707 4300 1906 4369 jugiter

321 4373 648 4442 cogitemus;
680 4382 736 4427 ut
762 4387 823 4426 os
866 4385 1103 4426 nOStrum
1133 4387 1237 4425 non
1271 4370 1512 4442 crudelis
1541 4369 1899 4442 adversarius,

323 4440 411 4496 sed
439 4443 583 4497 Deus
621 4443 734 4511 pius
761 4443 981 4511 aperiat.
1010 4444 1082 4496 Ex
1103 4441 1428 4496 abundantia
1455 4442 1596 4495 enim
1639 4440 1816 4495 cordis
1843 4456 1904 4495 os

323 4513 747 4583 loquiturl(Luc.
792 4529 865 4577 vt,
911 4513 1022 4583 45).
1066 4511 1717 4583 Unusquisquenostrum
1752 4511 1904 4579 cujus

325 4585 659 4650 prmsentiam
700 4582 993 4652 susceperit
1033 4583 1084 4636 in
1130 4583 1323 4646 corde,
1368 4582 1532 4651 ipsius
1571 4583 1727 4634 verba
1775 4597 1903 4650 pro-

325 4653 459 4708 ferre
487 4656 761 4708 consuevit
785 4670 850 4709 ex
877 4669 990 4708 ore.
1037 4654 1281 4707 Nostrum
1310 4663 1485 4706 autem
1516 4667 1609 4706 cor
1633 4653 1905 4720 aperiatur

322 4723 533 4779 Christo
558 4766 572 4788 ,
605 4735 656 4780 et
693 4725 969 4779 claudatur
1001 4724 1246 4788 diabolo;
1279 4731 1339 4777 ut
1365 4723 1416 4776 in
1445 4723 1596 4794 nobis
1623 4722 1906 4794 impleatur

323 4795 445 4848 illud
469 4796 613 4864 quod
640 4796 708 4850 de
737 4796 960 4850 Domino
981 4806 1034 4850 et
1063 4795 1256 4864 pepulo
1287 4802 1475 4864 sancto
1496 4792 1749 4864 scriptum
1776 4801 1858 4848 est
1888 4811 1900 4846 :

326 4865 385 4917 Et
413 4862 648 4920 habitabo
669 4908 682 4931 ,
711 4867 900 4936 inquit,
931 4870 980 4919 in
1011 4862 1110 4936 eis.
1129 4873 1174 4917 et
1194 4862 1516 4936 inambulabo
1544 4863 1724 4933 (Leuit.
1749 4879 1902 4936 xm,

324 4937 408 5004 12)
429 4954 444 5000 ;
467 4946 523 4992 et
551 4938 764 5002 iterum,
786 4934 907 5008 'Ego
937 4947 983 5008 e_t
1013 4935 1169 4989 Pater
1204 4935 1457 5008 veniemus
1477 4976 1503 5008 ,_
1524 4943 1570 4988 et
1596 4934 1906 5008 mansionem

323 5009 459 5079 apud
499 5024 611 5060 eum
635 5004 875 5079 faciemus
911 5006 1086 5078 (Joan.
1119 5021 1230 5079 xiv,
1259 5005 1379 5079 g3):
1405 5004 1507 5079 Qui
1532 5019 1743 5079 semper
1762 5004 1903 5079 quod

320 5078 519 5201 {iustum
544 5075 904 5149 est’loquitur,
921 5075 982 5132 et
1010 5079 1152 5131 Deus
1176 5077 1230 5130 in
1257 5077 1346 5130 illo
1367 5075 1598 5135 habitat,
1629 5084 1684 5130 et
1709 5076 1826 5144 ipse
1851 5075 1902 5129 in

365 5164 448 5201 eo.

365 5164 448 5202 ΘΟ.

392 5219 443 5273 5.
469 5218 626 5290 Virga
639 5217 828 5290 Moysi,
843 5219 1003 5273 crucis
1021 5216 1497 5290 mysteriumiDixit
1509 5231 1636 5286 ergo
1649 5216 1905 5290 Dominus

392 5237 443 5273 ο.
474 5237 499 5271 v
513 5237 626 5290 trga
639 5237 728 5273 aro
765 5237 828 5287 st,
843 5237 1003 5273 crucis
1021 5237 1330 5288 mysta-rum.
1353 5237 1497 5271 nixu.
1509 5237 1636 5286 ergo
1650 5237 1905 5272 uommus

322 5289 382 5361 ad
412 5290 632 5361 Moysen
659 5307 672 5342 :
700 5237 834 5356 Qyuid
862 5298 954 5355 est,
987 5288 1176 5359 inquit,
1205 5287 1414 5359 quodin
1433 5304 1591 5361 manu
1614 5295 1776 5361 gestag
1795 5287 1817 5339 ?
1839 5287 1905 5341 Et

321 5360 404 5414 ille
424 5357 546 5415 ait':
586 5359 759 5431 Virga.
788 5361 1013 5430 Profice,
1045 5357 1249 5430 inquit,
1282 5375 1391 5412 eam
1423 5360 1478 5411 in
1507 5369 1707 5431 terram.
1735 5357 1901 5422 Quam

320 5447 427 5502 cum
467 5430 757 5502 projecisset
780 5474 794 5496 ,
822 5448 962 5486 versa
988 5440 1059 5502 est
1084 5433 1138 5502 in
1174 5439 1452 5502 serpentem
1475 5469 1488 5491 ,
1521 5430 1592 5482 ita
1613 5437 1671 5502 _ut
1711 5431 1904 5502 [ngeret

324 5498 522 5572 Moyses
545 5498 737 5573 (Exod.
764 5519 838 5567 ιν,
860 5503 948 5556 Set
963 5501 1036 5626 5').
1056 5501 1213 5570 Virga
1233 5500 1344 5563 illa,
1370 5499 1558 5554 fratres
1579 5498 1898 5563 charissimi,

324 5574 495 5626 crucis
526 5574 839 5626 mvsterium
872 5589 981 5626 orae
1006 5573 1206 5626 erebat.
1239 5571 1388 5626 Sicut
1411 5572 1552 5624 enim
1582 5585 1676 5626 per
1699 5569 1898 5626 virgam

321 5569 495 5645 queis
526 5569 839 5645 mysterium
859 5569 1210 5645 praeferebat.
1239 5571 1388 5645 Sicut
1411 5572 1552 5624 enim
1582 5585 1676 5638 per
1699 5569 1898 5637 virgam

321 5641 791 5714 Egyptus'decem
819 5644 984 5714 plagis
1014 5643 1331 5714 percutitur;
1362 5642 1434 5695 ita
1465 5651 1519 5695 et
1554 5655 1648 5714 per
1688 5654 1898 5714 crucem

323 5709 471 5769 totus
486 5715 721 5769 mundus
749 5709 1054 5769 humiliatur
1089 5721 1142 5767 et
1165 5712 1393 5768 vincitur
1419 5730 1432 5766 :
1457 5721 1510 5766 et
1537 5711 1672 5764 sicut
1695 5709 1900 5764 Pharao

322 5793 373 5839 et
396 5787 630 5856 p0pulus
649 5786 766 5855 ejus
793 5801 886 5856 per
912 5787 1074 5856 virgae
1104 5792 1495 5856 sacramentum
1523 5780 1772 5856 afﬂigitur
1799 5791 1900 5856 ,._ut

323 5856 387 5910 ad
399 5851 753 5912 serviendum
782 5851 893 5912 Deo
914 5851 1148 5912 dimittat
1178 5855 1431 5923 populum
1458 5853 1798 5915 Judaeorum;
1826 5851 1896 5905 ita

1742 357 1970 417 SERMO
2006 357 2147 415 XIX.

3461 367 3602 425 1778

2018 483 2073 529 et
2103 474 2347 530 diabolus
2374 483 2429 531 et
2455 477 2629 546 angeli
2655 478 2770 548 ejus
2801 492 2895 554 per
2917 480 3108 554 crucis
3128 483 3456 554 mysterium
3488 483 3607 538 fati-

2018 558 2207 614 gantur
2227 556 2282 600 et
2305 561 2616 615 premuntur
2636 591 2652 615 ,
2687 559 2741 603 ut
2769 565 2798 603 a
2836 550 2929 605 Dei
2961 552 3177 607 servitio
3203 550 3468 608 revocare
3500 571 3604 610 non

2021 618 2224 685 possint
2255 618 2504 686 populum
2530 617 2912 675 Christianum.

2089 688 2142 741 6.
2199 687 2384 770 Manus
2427 688 2614 770 Moysi.
2663 691 2813 757 Quod
2849 701 3023 747 autem
3074 695 3215 770 misit
3254 693 3462 770 Moyses
3501 711 3588 752 ma

2019 773 2143 835 num
2170 773 2319 812 suam
2347 761 2398 835 in_
2419 761 2592 835 sinum
2615 777 2772 835 suum
2793 804 2807 826 ,
2837 773 2892 818 et
2919 765 3140 832 protulit
3159 779 3274 818 eam
3298 761 3562 834 le'prosam
3587 786 3604 835 ;

2017 836 2070 906 e_t
2117 830 2306 906 iterum
2328 830 2491 906 misit,
2521 840 2574 886 et
2603 833 2838 906 protulit
2867 830 3072 900 sanam,
3108 845 3163 889 et
3198 830 3607 906 carni'rreliquaé

2017 899 2243 973 similem
2289 900 2508 973 (Exod.
2569 899 2649 966 Iv,
2692 904 2725 957 6
2755 912 2799 955 ct
2830 905 2927 973 7),
2974 899 3080 959 non
3137 906 3306 961 otiose
3347 899 3606 964 debemus

2016 971 2277 1047 accipere.
2313 971 2374 1047 lii
2386 987 2554 1047 manu
2589 971 3199 1047 _illa_typusSynagog:c
3228 977 3312 1030 vel
3343 975 3607 1035 Ecclesia

2015 1041 2315 1117 gerebatur.
2345 1042 2492 1117 Sicut
2523 1044 2666 1112 prior
2693 1041 2797 1117 fuit
2820 1041 3396 1116 popiilus'Ju'dmorum,
3429 1059 3610 1117 poste-

2015 1112 2126 1187 rior
2152 1111 2400 1187 Gentium
2421 1111 2533 1187 ;_ita
2555 1126 2680 1187 ante
2721 1111 3112 1187 fuit—synagoga
3151 1133 3307 1185 quam
3340 1111 3602 1176 Ecclesia.

2017 1181 2124 1258 _S_ed
2177 1183 2298 1258 quia
2339 1184 2572 1258 Ecclesia
2612 1186 2824 1258 eligitur
2847 1181 2901 1241 et
2939 1181 3212 1258 synagoga
3254 1190 3599 1257 repudiatur;

2015 1251 2136 1306 ideo
2180 1254 2232 1306 in
2274 1255 2458 1328 primis
2494 1251 2927 1328 imanungoysi
2979 1251 3198 1328 lepntisni
3243 1251 3500 1323 efficitur,
3550 1251 3607 1317 et

2016 1332 2197 1392 postea
2245 1326 2388 1378 carni
2423 1327 2650 1403 reliquae
2698 1326 2886 1403 similis
2929 1326 3167 1403 redditur
3197 1347 3208 1382 :
3243 1345 3305 1383 ac
3331 1331 3407 1382 sic
3435 1329 3606 1403 Syna-

2014 1409 2146 1470 goga
2180 1405 2396 1470 propter
2423 1395 2787 1470 inﬁdelitatem
2813 1399 3018 1468 leprosa
3043 1402 3389 1470 relinquitur;
3424 1395 3607 1458 Eccle-

2014 1464 2092 1544 sia
2136 1467 2285 1534 quasi
2328 1482 2514 1521 manus
2559 1484 2685 1522 sana
2715 1467 2781 1522 ad
2809 1464 2967 1525 omne
3021 1486 3157 1540 opus
3199 1464 3332 1540 'apta
3379 1475 3600 1540 praeli-

2013 1544 2172 1604 gitur.

2086 1607 2138 1661 7.
2170 1606 2686 1686 1i!_oyses_proltibe_tur
2710 1627 2918 1686 uxorein
2944 1611 3126 1686 ducere
3152 1629 3319 1667 secum
3343 1613 3396 1666 in
3428 1613 3604 1686 Egy—

2015 1685 2177 1745 ptum.
2209 1677 2425 1754 beravit
2453 1696 2580 1754 ergo
2603 1681 2812 1752 Moyses
2850 1684 3141 1751 Sephoram
3184 1699 3404 1738 uxorem
3427 1677 3599 1754 sua'ni,

2015 1757 2068 1800 et
2112 1748 2356 1822 veniebat
2387 1751 2438 1804 in
2484 1748 2768 1822 Aigyptnm
2796 1771 2811 1807 :
2840 1763 2892 1808 et
2927 1748 3099 1809 astitit
3129 1755 3380 1808 Dominus
3419 1748 3601 1811 contra

2014 1833 2156 1894 eum.
2182 1829 2235 1894 e_t
2263 1820 2473 1894 volebat
2489 1820 2730 1878 occidere
2745 1841 2864 1878 eum
2887 1822 3081 1891 (Exod.
3105 1842 3175 1889 tv,
3193 1824 3398 1894 20,24).
3420 1826 3605 1881 Forsi—

2017 1890 2182 1966 tan_iii
2207 1891 2306 1942 hoc
2329 1891 2446 1945 loco
2473 1909 2758 1966 possumus
2785 1890 3077 1960 intelligere
3098 1938 3112 1961 ,
3141 1897 3278 1965 qimd
3309 1890 3596 1966 displicue-

2015 1959 2082 2040 rit
2111 1961 2239 2040 Deo,
2272 1979 2434 2040 quare
2471 1959 2678 2035 Moyses
2707 1975 2845 2040 tanta
2889 1959 3142 2040 mirabilia
3160 1959 3437 2040 lautulus,
3470 1985 3600 2024 uxo-

2017 2032 2088 2110 ris
2117 2032 2758 2110 impcdimeutmii'_secutn
2787 2037 2981 2110 ducere
3012 2038 3175 2110 vellet
3201 2038 3250 2090 in
3277 2037 3594 2110 JEgyptum.

2015 2098 2168 2154 Unde
2196 2098 2368 2156 datur
2413 2105 2675 2175 intelligi,
2721 2107 2862 2175 quod
2909 2124 2975 2161 ex
3020 2109 3108 2160 illo
3165 2109 3282 2162 loco
3334 2098 3602 2165 remiserit

2016 2187 2236 2225 uxorem
2259 2189 2406 2226 suam
2442 2176 2506 2228 ad
2535 2191 2777 2230 socerum
2804 2193 2979 2231 suum.
3003 2177 3134 2231 Nam
3167 2180 3218 2232 in
3249 2190 3448 2234 tantum
3478 2181 3596 2235 sine

2015 2241 2101 2294 illa
2146 2243 2420 2318 descendit
2449 2247 2500 2298 in
2525 2245 2814 2317 [Egyptqu
2838 2290 2854 2312 ,
2886 2257 2942 2301 ut
2978 2259 3156 2318 postea
3189 2250 3297 2318 jam
3329 2251 3378 2303 in
3415 2265 3599 2306 eremo

2015 2314 2302 2390 constituto
2331 2315 2495 2386 Moysi
2524 2314 2689 2390 ipsam
2710 2333 2944 2390 uxorein
2960 2314 3134 2390 suam,
3167 2314 3302 2373 sicut
3332 2321 3554 2390 legimus
3577 2363 3594 2389 ,

2013 2381 2158 2463 Jetﬁro
2176 2381 2445 2463 cognatus
2471 2381 2598 2463 suns
2621 2387 2900 2463 adduxerit
2927 2387 3036 2459 (Id.
3068 2381 3222 2463 xvul,
3253 2392 3304 2455 5,
3339 2381 3416 2463 8)".

2083 2454 2135 2509 8.
2169 2453 2390 2524 Serpens
2416 2473 2478 2512 ea:
2511 2460 2671 2532 uirga.
2699 2459 2848 2526 Quod
2891 2453 3067 2514 autem
3089 2453 3254 2532 ivirga
3285 2453 3516 2532 projecta
3540 2462 3596 2518 in

2014 2531 2212 2602 terrani
2237 2542 2388 2580 versa
2415 2540 2495 2582 est
2525 2530 2574 2582 in
2610 2539 2915 2602 serpentem
2933 2572 2947 2594 ,
2976 2531 3100 2600 quid
3129 2530 3391 2602 significet
3418 2533 3599 2588 videa-

2013 2611 2148 2676 mus.
2183 2597 2415 2676 Serpens
2445 2614 2542 2676 pro
2564 2597 2830 2676 sapientia
2848 2597 3122 2676 reputatur
3147 2597 3320 2666 ;Sicut
3341 2605 3595 2659 Dominus

2013 2666 2064 2718 in
2099 2666 2388 2742 Eyangelio
2414 2689 2427 2723 :
2449 2666 2658 2742 :Estotei,
2691 2673 2878 2740 inquit,
2899 2666 3166 2740 prudentes
3185 2713 3200 2738 ,
3223 2676 3352 2728 sicut
3391 2691 3597 2742 serpen-

2011 2745 2082 2812 t_es
2111 2736 2324 2806 (Matth.
2355 2753 2410 2804 χ,
2440 2741 2550 2810 16).
2570 2736 3031 2812 _\’irgamcruceni
3062 2736 3292 2800 diximus
3319 2736 3591 2812 ligura'sse.

2009 2807 2150 2879 Crux
2173 2822 2299 2877 ergo
2322 2826 2440 2876 qua:
2461 2807 2762 2865 inﬁdelibus
2789 2813 3007 2866 stultitia
3039 2828 3158 2868 esse
3175 2807 3428 2879 creditur,
3456 2815 3596 2870 sicut

2010 2876 2139 2931 dicit
2171 2876 2474 2960 Apostolus,
2491 2880 2729 2960 Gentibus
2746 2883 3022 2960 stultitia_(_l
3052 2883 3170 2938 Cor.
3209 2885 3368 2960 1,25)
3443 2895 3592 2954 post-

2009 2962 2233 3029 eaquam
2275 2953 2325 3003 in
2357 2959 2552 3006 terram
2581 2953 2740 3006 missa
2796 2964 2876 3007 est
2901 2995 2917 3029 _,
2968 2953 3019 3008 id
3049 2965 3131 3010 est
3150 2998 3165 3021 ,
3193 2957 3257 3009 ad
3287 2953 3590 3026 passiOnem

2012 3017 2221 3102 Domini
2249 3031 2582 3103 praeparata;
2610 3039 2761 3078 versa
2793 3034 2876 3079 est
2899 3017 2949 3078 in
2982 3017 3318 3103 serpentem,
3348 3029 3450 3082 hoc
3471 3037 3553 3081 est
3573 3069 3589 3095 ,

2012 3093 2062 3142 in
2089 3093 2405 3165 sapientiam
2435 3111 2447 3146 :
2490 3104 2542 3148 et
2567 3093 2618 3148 in
2651 3103 2851 3149 tantam
2883 3093 3196 3164 sapientiam
3226 3093 3346 3165 qute
3376 3093 3590 3153 omnem

2011 3159 2192 3214 mundi
2236 3162 2388 3217 istius
2425 3165 2738 3239 sapientiam
2786 3159 3099 3239 devoraret;
3141 3159 3373 3239 denique
3407 3184 3595 3223 onmes

2009 3240 2286 3307 serpentes
2336 3251 2471 3307 quos
2517 3237 2654 3307 magi
2699 3236 3145 3291 incantationibus
3186 3236 3303 3293 suis
3337 3241 3591 3305 fecerant,

2009 3301 2304 3370 deglutivit.
2342 3305 2444 3360 Per
2484 3301 2685 3379 virgam
2729 3323 2856 3377 ergo
2882 3307 3147 3378 Egyptus
3188 3310 3513 3379 ﬂagellatur;
3538 3301 3596 3365 et

2010 3387 2106 3447 per
2133 3388 2345 3428 crucem
2379 3378 2606 3447 mundus
2638 3379 2865 3431 vincitur
2888 3421 2902 3444 ,
2932 3389 2983 3432 et
3016 3378 3590 3447 diabolussuperatur.

2007 3441 2236 3514 Oremus
2258 3461 2405 3514 ergo,
2435 3446 2623 3503 fratres
2652 3441 2970 3514 charissimi,
3000 3460 3056 3502 ut
3079 3458 3134 3504 et
3165 3451 3316 3505 nobis
3343 3441 3595 3505 Christus

2009 3513 2269 3591 Dominus
2289 3513 2396 3591 pro
2425 3533 2516 3591 sua
2546 3520 2742 3586 pietate
2767 3513 3025 3591 concedat
3055 3520 3244 3591 llllJlldi
3277 3521 3432 3591 hujus
3460 3537 3588 3576 con-

2009 3586 2696 3661 cupisceritiam‘vinc'ere,
2720 3599 2774 3644 et
2798 3591 2863 3643 de
2889 3590 3102 3643 diabolo
3141 3602 3193 3646 et
3237 3586 3440 3660 angelis
3478 3592 3594 3661 ejus

2006 3663 2145 3732 ante
2195 3656 2422 3712 tribunal
2467 3673 2620 3732 suum
2659 3659 2881 3732 [felicem
2932 3662 3205 3716 victoriam
3250 3656 3525 3732 reportare
3575 3679 3590 3716 :

2007 3725 2093 3848 qui
2131 3725 2303 3781 honor
2349 3739 2433 3784 est
2473 3739 2529 3785 et
2566 3725 2846 3801 imperium
2899 3731 2950 3785 in
2999 3733 3193 3787 saecula
3251 3725 3590 3789 saeculorum.

2008 3833 2024 3848 .
2055 3811 2202 3848 men.

2008 3811 2048 3848 Α
2055 3811 2202 3852 men.

2521 3893 2748 3950 SERMO
2789 3893 2910 3951 XIX
2941 3893 3037 3967 (a).

2599 3985 2678 4040 De
2707 3985 2903 4058 Moyse,
2927 4002 2986 4041 ιι.

2079 4103 2134 4158 1.
2168 4101 2410 4156 Flamma
2437 4099 2693 4167 Spiritum
2717 4109 2965 4164 sanctum,
3015 4099 3170 4154 rubus
3215 4099 3426 4165 Judteos
3469 4100 3598 4156 desi-

2007 4182 2155 4245 gnat._
2175 4173 2362 4245 Magna
2392 4169 2607 4240 quidem
2649 4179 2791 4245 sunt,
2811 4170 3341 4245 fratres_ch_arissimi,
3369 4178 3425 4226 et
3451 4172 3597 4228 velut

2007 4241 2248 4314 quaedam
2273 4241 2520 4314 involuta
2571 4242 2942 4314 mysteriorum
2977 4241 3089 4314 _Dei
3140 4250 3471 4314 sacramenta
3503 4254 3596 4298 :et

2008 4311 2251 4385 quamvis
2270 4312 2448 4366 omnia
2463 4312 2847 4385 non_possimus
2870 4311 3141 4378 evolvere,
3163 4311 3397 4385 breviter
3417 4322 3596 4369 tamen

2047 4384 2150 4439 uod
2198 4398 2504 4453 possumus,
2544 4379 2801 4436 Charitati
2839 4390 3030 4437 vestra:
3078 4384 3429 4453 suggerimus.
3479 4385 3595 4439 Non

2033 4451 2109 4510 'uit
2132 4451 2247 4508 sine
2273 4468 2454 4517 causa,
2483 4451 2676 4507 fratres
2703 4453 3027 4519 charissimi,
3064 4451 3163 4507 nec
3184 4451 3298 4508 sine
3314 4455 3489 4524 aliqua
3514 4455 3588 4510 si-

2044 4526 2348 4579 nilicatione
2377 4524 2591 4588 secreti,
2623 4524 2763 4593 quod
2791 4524 2841 4578 in
2865 4524 3228 4593 ruboﬂamma
3257 4534 3392 4590 erat,
3426 4535 3478 4580 et
3498 4542 3591 4580 ru-

2044 4540 2348 4579 nmcanone
2377 4540 2591 4588 secreti,
2623 4540 2763 4593 quou
2791 4541 2841 4578 in
2865 4540 2998 4578 ruoo
3018 4540 3228 4578 uamma
3257 4540 3392 4590 erat,
3426 4540 3478 4580 et
3498 4542 3591 4580 ru-

2007 4540 2110 4652 gus
2139 4611 2243 4650 non
2275 4595 2612 4649 cremabatur
2635 4594 2829 4668 (Eccod.
2862 4611 2938 4668 ui,
2969 4591 3257 4668 2)._Rubus
3294 4595 3438 4668 enim
3482 4598 3594 4666 spiv

2012 4682 2201 4721 narum
2249 4681 2417 4736 genus
2440 4673 2558 4731 est;
2599 4681 2700 4721 nec
2728 4667 2778 4718 in
2805 4665 2962 4719 laude
2987 4665 3350 4736 i'aliquaponi
3398 4665 3593 4734 potest,

2008 4737 2150 4806 quod
2182 4735 2444 4806 peccaturi
2470 4736 2671 4789 homini
2698 4743 2841 4790 terra
2868 4735 3135 4806 produxit.
3169 4735 3300 4789 Nam
3347 4738 3595 4805 primitus

2010 4805 2249 4877 peccanti
2277 4806 2707 4877 homini_dictum
2739 4815 2822 4877 est
2854 4805 3056 4877 :_1_‘erra
3102 4807 3277 4876 spinas
3299 4816 3346 4860 et
3377 4808 3594 4862 tribulos

2009 4874 2308 4949 germinabit
2337 4878 2439 4949 tibi
2453 4874 2712 4949 (Gen._1n,
2743 4876 2857 4946 18).
2888 4875 3022 4930 Nam
3061 4874 3281 4949 etquod
3298 4878 3461 4949 rubus
3485 4893 3592 4934 non

2009 4946 2367 5013 cremabatur,
2392 4946 2577 5010 idest,
2607 4946 2820 5017 ﬂamma
2862 4962 2966 5000 non
3010 4947 3586 5017 comprehendebatur,

2011 5034 2116 5072 non
2146 5017 2343 5088 aliquid
2385 5017 2510 5072 noni
2543 5016 2855 5088 signiﬁcare
2897 5019 3257 5086 cognoscitur.
3299 5018 3354 5073 lu
3380 5018 3595 5076 ﬂamma

2009 5087 2494 5161 enimintelligitur
2535 5087 2766 5156 Spiritus
2794 5097 3052 5161 sanctus:
3083 5090 3136 5142 in
3165 5090 3300 5144 rubo
3329 5099 3381 5143 et
3433 5091 3586 5161 spina

2009 5157 2681 5230 signiticaturludmorum
2701 5160 2951 5228 populus,
2991 5158 3153 5214 durus
3198 5168 3356 5230 atque
3403 5157 3596 5230 super-

2011 5229 2128 5284 bus.
2161 5231 2398 5284 Flamma
2427 5230 2568 5282 enim
2595 5230 2680 5282 illa
2705 5230 2820 5283 sine
2842 5229 3004 5284 dubio
3031 5231 3156 5284 boni
3181 5229 3381 5300 aliduid
3430 5229 3596 5300 signi-

2011 5300 2223 5365 ﬁcabat,
2251 5301 2302 5353 in
2333 5315 2446 5371 qua!
2463 5300 2545 5353 vel
2587 5299 2828 5370 angelus,
2856 5301 2938 5355 vel
2975 5300 3233 5356 Dominus
3272 5299 3590 5371 apparebat.

2011 5371 2251 5440 Denique
2275 5369 2488 5440 quando
2535 5369 2681 5426 venit
2726 5371 2955 5439 Spiritus
2999 5380 3216 5425 sanctus
3245 5369 3405 5440 super
3450 5373 3597 5438 Apo-

2010 5443 2194 5506 stolos,
2230 5441 2357 5494 visa:
2388 5450 2511 5495 sunt
2531 5441 2635 5495 illis
2661 5442 2852 5511 lingua:
2879 5442 3065 5496 divisa:
3090 5442 3236 5496 velut
3265 5442 3400 5510 ignis
3451 5442 3593 5512 (Act.

2071 5553 2142 5616 (a)
2165 5561 2295 5602 Nunc
2333 5555 2536 5614 primum
2575 5552 2798 5617 vulgatus
2855 5567 2917 5604 ex
2963 5555 3122 5604 veteri
3160 5554 3284 5603 libro
3329 5553 3596 5605 Theoderi-

2006 5617 2172 5678 censi,
2217 5617 2264 5662 in
2287 5629 2384 5678 quo
2423 5623 2583 5665 exstat
2617 5618 2724 5666 sine
2753 5617 2961 5666 auctoris
2982 5619 3201 5677 nomine,
3237 5628 3344 5666 cum
3385 5617 3597 5668 Homilns

2004 5677 2193 5740 Cresam
2224 5677 2521 5727 Arelatensis
2545 5714 2559 5734 ,
2606 5679 2744 5740 cujus
2785 5681 2931 5727 etiam
2988 5678 3150 5727 stilum
3208 5678 3398 5727 referre
3457 5681 3598 5730 nobis

1992 5738 2216 5787 videtur.
2260 5742 2375 5789 Huic
2435 5738 2700 5802 comparari
2735 5742 2960 5804 interest,
2982 5753 3288 5804 sermonem,
3337 5753 3486 5804 quem
3525 5745 3595 5792 in-

2005 5807 2084 5907 ἴεν
2110 5804 2480 5871 Augustinianos
2500 5799 2779 5864 septimum,
2805 5815 2901 5852 non
2924 5803 3032 5852 sine
3053 5799 3155 5852 ulla
3177 5799 3482 5856 haeSitaiione
3495 5806 3591 5857 eol-

2027 5874 2282 5907 οωνιιῐιιις.

2027 5874 2108 5910 003
2114 5875 2282 5910 Vtmus.
