4062 6368
461 378 597 439 "‘79

455 514 515 571 ιι,
546 497 623 569 5).
647 496 859 571 Utinam
878 503 931 553 et
947 507 1048 551 nos
1068 490 1489 561 comprehendat
1508 488 1645 559 ignis
1671 489 1910 571 isie;ﬂnc
1936 505 2033 545 nos

456 561 622 625 duros
657 568 925 633 inveniat,
964 575 1019 620 et
1061 578 1408 619 concremare
1455 577 1560 619 neu
1595 562 1780 630 possit.
1809 561 2036 617 Oremus

455 640 635 710 potius
662 641 790 694 utin
822 653 918 691 nos
946 637 1132 710 ardeat
1161 635 1296 704 ignis
1340 635 1463 700 iste,
1491 642 1546 688 et
1576 641 1916 702 peccatorum
1943 648 2037 688 no-

456 708 688 767 strorum
719 711 900 779 spinas
932 708 1157 777 perimat
1177 717 1337 775 atque
1355 714 1651 779 consumat.

524 782 578 836 2.
608 774 763 851 Ignes
805 774 1337 851 duo,'charitatisiet_
1362 774 1672 851 cupiditatis.
1728 774 1843 829 Duo
1892 775 2036 830 enim

453 863 578 913 sunt
608 846 755 920 ignes
781 869 792 904 :
824 860 907 904 est
936 851 1070 918 ignis
1096 848 1369 905 charitatis
1392 848 1458 901 de
1486 846 1684 900 Seiritu
1725 856 1937 920 sancto,
1955 856 2037 901 est

456 932 511 981 et
534 917 669 993 ignis
697 922 1018 991 cupiditatis.
1059 920 1153 975 llle
1178 920 1442 993 comlnirit
1481 933 1637 971 ouine
1659 917 1797 993 quod
1838 918 2034 993 malum

452 988 577 1057 est}
608 994 708 1053 iste
737 988 1003 1051 consumit
1027 1006 1187 1047 omne
1216 989 1357 1059 quod
1388 990 1580 1042 bonum
1610 998 1711 1042 cst.
1756 988 1809 1041 lu
1859 990 2035 1043 anima

452 1066 598 1119 enim
630 1064 716 1118 ubi
746 1065 880 1133 ignis
919 1062 1198 1133 charitatis
1231 1061 1443 1133 arserit,
1490 1075 1648 1133 omne
1674 1060 1871 1133 malum
1907 1075 2036 1115 con-

451 1136 644 1199 sumit;
670 1129 862 1191 sictite
889 1133 1157 1191 contrario
1189 1132 1241 1187 in
1267 1147 1372 1201 quo
1420 1131 1553 1201 ignis
1604 1129 1905 1199 cupiditatis
1947 1146 2035 1184 ac-

450 1221 647 1261 census
670 1206 844 1265 fuerit,
874 1206 1005 1261 nihil
1035 1202 1177 1273 quod
1226 1204 1419 1257 bonum
1468 1210 1569 1273 est,
1596 1202 1911 1255 remanebit.
1968 1202 2034 1255 Et

452 1277 572 1331 ideo
602 1278 961 1345 unusquisque
987 1272 1168 1331 currat
1194 1274 1261 1327 ad
1284 1272 1663 1327 conscientiam
1695 1287 1865 1335 suam,
1895 1280 1949 1326 et
1986 1274 2031 1327 si

404 1387 428 1439 Ἰ
455 1348 508 1403 iu
543 1363 601 1402 se
641 1344 804 1439 sentit
829 1344 1268 1439 qualemcumque
1293 1344 1576 1426 scintillam
1606 1345 2035 1439 COliipllDCliOiiiS

419 1415 428 1483 ξ
452 1435 735 1473 accensam
755 1415 907 1473 bonis
937 1418 1209 1487 operibus,
1235 1418 1458 1483 gratiam
1484 1415 1535 1468 in
1563 1430 1626 1487 se
1654 1415 2033 1487 misericordize

450 1489 643 1543 divinae
673 1489 956 1550 custodiat,
976 1485 1039 1555 'ct
1066 1489 1239 1555 ignem
1271 1486 1696 1554 compunctionis
1741 1485 2030 1551 accendat;

450 1562 597 1613 illum
627 1562 799 1631 ignem
831 1560 897 1613 de
927 1576 1037 1631 quo
1068 1560 1325 1631 Dominus
1359 1558 1500 1631 dixit
1534 1575 1547 1611 :
1573 1555 1756 1631 Ignem
1797 1558 2037 1631 veni_mit‘

450 1641 552 1684 tere
576 1625 856 1693 iuierram,
887 1625 1075 1698 etquid
1112 1628 1227 1701 volo
1273 1628 1369 1681 nisi
1411 1637 1464 1681 ut
1507 1628 1814 1701 accendatur
1854 1625 1874 1701 (
1904 1627 2031 1701 an.

449 1717 546 1764 XII,
577 1701 695 1771 49)?
725 1701 824 1769 Qui
877 1716 1005 1754 vero
1033 1701 1082 1754 in
1110 1714 1167 1755 se
1197 1698 1479 1771 ﬂammam
1512 1698 2034 1771 cupiditatisardere

449 1769 776 1842 cognorerit,
809 1786 927 1826 cum
956 1772 1045 1825 Dei
1087 1770 1353 1838 adjutorio
1381 1769 1514 1842 totis
1546 1771 1750 1842 yiribus
1796 1769 2034 1842 elaboret

448 1839 787 1911 exstinguere
814 1842 1175 1911 cupiditatem,
1198 1840 1487 1894 accendere
1512 1839 1843 1894 cliaritatem.
1863 1839 2031 1907 Quid-

454 1915 580 1983 quid
607 1916 749 1968 cnim
778 1913 899 1967 boni
930 1912 1114 1966 fecerit
1151 1913 1309 1966 homo
1334 1911 1388 1964 in
1416 1925 1522 1983 quo
1568 1911 1827 1980 cupiditas
1857 1912 2028 1974 ardet,

447 1982 563 2039 sine
588 2002 733 2038 mora
774 1985 953 2051 aliqua
986 1988 1277 2051 periturum
1324 1989 1405 2035 est
1435 1982 1609 2036 :sicut
1633 1998 1663 2035 e
1688 1983 1958 2035 contrario
1986 1984 2031 2035 si

445 2058 648 2125 aliquas
678 2055 1022 2123 negligentias
1048 2052 1323 2106 admiserit
1350 2052 1401 2105 in
1424 2052 1695 2125 quoignis
1717 2054 1873 2106 fuerit
1899 2052 2029 2107 cha-

444 2123 636 2190 ritatis,
661 2127 775 2181 sine
800 2125 1051 2178 dilatione
1095 2132 1393 2184 consumet,
1441 2131 1496 2176 et
1524 2123 1782 2177 dominari
1819 2126 2031 2192 penitus

444 2212 548 2251 non
585 2198 873 2266 permittet.
903 2196 1139 2263 Populus
1182 2196 1321 2249 enim
1362 2192 1667 2248 Judmorutn
1693 2195 1797 2266 celi
1822 2197 1907 2266 vel
1937 2211 2031 2248 cu-

443 2264 681 2339 piditatis
710 2266 959 2339 incendio
986 2267 1324 2339 cremabatur
1352 2282 1377 2339 ιΔ
1396 2272 1450 2319 et
1479 2265 1600 2339 ideo
1627 2264 1790 2339 rubus
1810 2265 1906 2339 ille
1952 2267 2025 2319 si—

439 2335 723 2409 gnificabat
745 2338 1016 2408 populum,
1050 2339 1137 2406 qui
1162 2338 1268 2390 Deo
1304 2335 1693 2409 reluctabatur;
1723 2336 2028 2390 Judaeorum

441 2405 623 2480 utique
662 2405 917 2480 populum
966 2405 1265 2477 spinosum,
1315 2405 1385 2480 de
1439 2421 1545 2476 quo
1589 2408 1847 2480 scriptum
1895 2418 2027 2462 est:

441 2477 749 2551 Exspectavi
772 2488 826 2532 ut
847 2484 1030 2551 facere!
1060 2478 1539 2551 uvas,fecitgutem
1579 2479 1755 2551 spinas
1796 2477 1951 2544 (Isai.
1972 2495 2025 2543 v,

438 2550 527 2619 2).
556 2548 638 2605 Ad
661 2548 1017 2619 ipsum'enim
1066 2548 1314 2619 populum
1352 2548 1563 2619 Moyses
1592 2548 1899 2603 mittebatur
1930 2567 1944 2602 :
1978 2560 2030 2605 et

444 2622 569 2677 ideo
597 2624 760 2676 rubus
781 2621 1022 2686 ardebat,
1057 2630 1109 2674 et
1135 2634 1244 2675 non
1273 2619 1629 2684 cremabatur,
1663 2620 1785 2689 quia
1834 2620 2026 2674 duritia

440 2690 771 2757 Judtcorum,
802 2694 941 2747 sicut
969 2691 1099 2757 dixi,
1134 2689 1261 2761 Legi
1290 2689 1686 2753 reluctabatur;
1716 2706 1837 2744 nam
1866 2691 1911 2745 si
1940 2691 2029 2746 ille

441 2764 673 2831 pepnlus
726 2763 896 2833 spinis
934 2777 1039 2817 non
1082 2763 1379 2816 sociaretur
1405 2761 1446 2826 ³,
1478 2777 1582 2815 non
1629 2762 1697 2817 ab
1738 2776 1803 2816 eo
1857 2764 2027 2831 spinis

440 2833 688 2888 Christus
708 2844 1072 2888 coronaretur.

509 2906 563 2959 5.
599 2904 767 2974 Moysi
785 2914 830 2963 et
846 2903 1006 2959 Iosue
1034 2904 1324 2975 pracipitur
1337 2903 1526 2957 solvere
1544 2902 1813 2974 corrigiam
1835 2903 2030 2958 calcea—

438 2976 611 3029 menti.
637 2975 895 3037 Claritavit
919 2990 1048 3045 ergo
1077 2976 1336 3031 Dominus
1366 2975 1432 3028 ad
1453 2975 1669 3045 Moysen
1701 2994 1711 3027 ;
1740 2975 1891 3029 Solve
1910 2992 2025 3029 cor-

437 3047 622 3117 rigiam
650 3047 974 3101 calceamenti
1014 3046 1123 3109 tui;
1168 3046 1305 3099 locus
1330 3046 1481 3117 enim,
1503 3046 1557 3099 in
1605 3061 1703 3117 quo
1732 3056 1854 3109 stas,
1896 3056 2029 3100 terra

438 3115 616 3172 sancta
635 3128 705 3171 est
725 3117 923 3189 (Exod:
956 3132 1033 3175 ιιι.
1060 3117 1138 3188 5).
1167 3118 1278 3189 lloe
1307 3116 1447 3189 quod
1462 3115 1626 3189 beato
1652 3115 1839 3189 Moysi,
1867 3118 2026 3170 etiam

437 3186 749 3245 successori
767 3204 865 3244 suo
890 3187 1075 3253 Josue,
1098 3186 1317 3258 quando
1342 3188 1415 3241 illi
1462 3187 1718 3242 Dominus
1740 3186 2024 3258 'apparuit,

438 3258 634 3329 legitur
659 3258 825 3314 fuisse
852 3269 1195 3329 praeceptum.
1239 3258 1463 3326 Quando
1489 3258 1630 3311 enim
1675 3258 1805 3312 vidit
1855 3260 2026 3313 virum

439 3341 628 3385 contra
646 3346 706 3389 se
731 3340 959 3385 stantem
982 3331 1261 3399 evaginato
1285 3331 1482 3400 gladio,
1501 3329 1626 3382 dum
1649 3329 1769 3398 quis
1788 3339 1931 3384 esset
1948 3329 2029 3384 in-

476 3402 695 3467 uireret,
746 3401 1024 3470 respondit
1065 3402 1112 3455 ei
1143 3418 1156 3452 :
1187 3400 1314 3471 Ego
1351 3416 1462 3453 sum
1508 3401 1740 3471 princeps
1782 3402 2029 3454 exercitus

476 3417 695 3467 utreret,
746 3417 1024 3470 respondit
1065 3417 1112 3455 et
1143 3418 1156 3452 :
1187 3417 1299 3471 ego
1351 3417 1462 3453 sum
1508 3417 1740 3470 princeps
1782 3417 2029 3454 exercitus

436 3417 670 3535 giamini;
692 3480 738 3525 et
758 3488 891 3525 nunc
916 3472 1077 3525 venio.
1106 3471 1175 3524 Et
1205 3469 1526 3540 subjungens
1552 3472 1625 3523 ait
1657 3488 1669 3522 :
1696 3470 1848 3523 Solve
1870 3472 2030 3524 corri-

436 3543 927 3615 giaiucalceamenti
939 3542 1048 3615 tui;_
1061 3542 1201 3615 locus
1221 3544 1353 3595 enim
1369 3543 1420 3594 in
1435 3557 1534 3615 quo
1557 3551 1681 3606 stas,
1701 3550 2028 3615 terrasancta

438 3612 511 3667 est
541 3613 719 3683 (Josue
757 3630 809 3681 ν,
864 3612 1081 3684 15-16).
1111 3612 1259 3682 Rogo
1296 3627 1411 3684 vos,
1458 3612 1652 3666 fratres
1703 3612 2022 3677 cbarissimi,

436 3692 499 3739 ut
523 3684 815 3739 secundum
834 3683 1073 3738 sanctam
1098 3683 1539 3739 consuetudinem
1566 3690 1796 3736 vestram
1846 3691 2025 3738 atten-

438 3756 547 3809 tius
575 3755 870 3809 adhibeatis
893 3754 1078 3808 audire
1101 3753 1241 3823 quod
1268 3768 1336 3809 ex
1365 3754 1463 3811 hac
1481 3768 1542 3808 re
1561 3756 1897 3823 antiquorum
1929 3755 2028 3810 Pa-

438 3833 580 3879 trum
610 3826 937 3881 revelatione
960 3826 1328 3895 cognovimus.
1361 3825 1568 3895 thuia
1607 3838 1693 3879 res
1719 3825 1785 3878 ad
1831 3824 2023 3879 intelli-

438 3895 673 3967 gendum
696 3896 926 3951 difficilis
966 3906 1050 3953 est
1078 3905 1130 3949 et
1160 3896 1417 3967 obscura,
1448 3896 1716 3967 patienter
1758 3895 2022 3964 accipite:

438 3969 561 4091 quia
592 3967 745 4022 nobis
767 3982 985 4022 necesse
1006 3973 1090 4021 est
1112 3966 1286 4036 aliqua
1310 3966 1615 4091 freqpenter
1635 3974 1900 4037 repetere,-
1919 3983 2026 4038 quo

464 4038 651 4091 acilius
677 4053 739 4091 ea
758 4039 951 4091 vestris
971 4039 1237 4091 possimus
1262 4036 1405 4091 sensi
1449 4051 1511 4091 us
1537 4037 1803 4091 intimare.

464 4038 651 4092 acilius
677 4053 739 4091 ea
758 4039 951 4093 vestris
971 4039 1237 4107 possimus
1262 4036 1511 4092 sensibus
1537 4036 1803 4092 intimare.

510 4111 564 4164 4.
617 4108 788 4174 Quare
814 4109 944 4169 illud
969 4106 1164 4180 utriqu
1194 4118 1528 4180 precentur»,
1564 4106 1700 4172 Quid
1724 4124 1815 4178 per
1840 4117 2026 4173 terram

438 4189 666 4247 sanctam
732 4177 1319 4250 signi/Sectandudmis
1358 4177 1445 4235 ex
1506 4177 1650 4248 Lege
1699 4177 2023 4249 prmceptum

437 4250 632 4318 fuerat,
663 4260 720 4305 ut
759 4249 805 4313 si
835 4252 954 4320 quis
983 4253 1099 4304 sine
1144 4251 1263 4305 filiis
1292 4249 1359 4305 de
1408 4249 1508 4309 hac
1547 4250 1664 4307 luce
1702 4249 2022 4318 discederet,

437 4336 659 4381 uxorem
687 4321 802 4391 ejus
826 4335 1110 4390 germanus
1135 4336 1262 4377 suus
1291 4322 1595 4391 acciperet;
1642 4329 1697 4381 et
1746 4324 1926 4390 quanti
1957 4339 2024 4381 ex

436 4394 517 4446 eis
540 4392 632 4448 filii
655 4400 1020 4456 nascerentur,
1040 4390 1276 4445 defuncti
1309 4390 1487 4455 fratris
1509 4392 1724 4449 nomine
1746 4408 2027 4457 censeren-

437 4471 545 4528 tur,
577 4472 631 4518 et
651 4478 757 4517 non
770 4461 1202 4521 adscriberentur
1231 4462 1369 4523 illius
1396 4463 1489 4519 lilii
1512 4463 1599 4531 qui
1625 4475 1898 4533 genuerat,
1930 4464 2024 4521 sed

437 4533 580 4597 illius
615 4534 767 4600 cujus
794 4534 1034 4597 relictam
1056 4542 1375 4605 acceperat.
1408 4534 1489 4589 0b
1517 4550 1675 4603 quam
1704 4550 1815 4589 rem
1844 4536 2023 4605 plures

438 4619 505 4675 ex
530 4605 725 4675 populo
754 4605 998 4665 nolentes
1045 4603 1183 4675 filios
1208 4618 1334 4661 suos
1360 4604 1581 4661 alterius
1601 4607 1816 4663 nomine
1843 4603 2022 4675 appel-

437 4674 571 4742 lari,
629 4692 735 4733 non
782 4674 1190 4744 acquiescebant
1237 4676 1481 4744 accipere
1535 4677 1749 4735 relictas
1800 4674 2022 4737 fratrum

436 4759 656 4801 suorum
690 4764 703 4798 :
732 4755 785 4800 et
808 4747 1127 4814 quicumque
1146 4761 1205 4803 se
1233 4761 1496 4805 excusare
1532 4747 1808 4814 voluisset,
1857 4747 2022 4803 duoe-

434 4815 663 4877 haturin
689 4826 917 4886 portam,
952 4825 1006 4870 et
1029 4816 1250 4875 veniens
1275 4816 1457 4881 fratris
1479 4818 1562 4872 sui
1603 4818 1786 4875 relicta
1836 4820 2023 4873 excal-

435 4888 788 4958 ceabateum,
818 4896 872 4945 et
908 4887 1198 4956 exspuebat
1232 4888 1304 4944 illi
1333 4890 1382 4947 in
1416 4888 1627 4952 faciem,
1670 4898 1731 4945 .et
1783 4890 2021 4958 appella—

434 4957 593 5017 batur
607 4959 803 5019 Domus
829 4958 1231 5023 discalceati;ac
1255 4958 1333 5015 sic
1352 4959 1427 5017 illi
1448 4959 1537 5028 qui
1559 4973 1664 5013 non
1683 4957 1889 5023 futurus
1908 4969 2024 5016 erat

435 5044 689 5097 sponsus,
720 5029 1066 5089 solvebantur
1090 5030 1333 5100 corrigiae
1378 5030 1723 5093 calceamenti
1757 5032 1900 5099 ejus;
1932 5031 2023 5101 qui

434 5101 579 5157 enim
606 5100 1003 5171 acquievisset,
1029 5101 1251 5157 omnino
1288 5115 1393 5171 non
1446 5101 1786 5157 solvebantur
1824 5101 1841 5171 (
1869 5100 2021 5157 Deut.

435 5186 563 5235 xxv,
590 5172 771 5241 5-10).
800 5171 913 5229 Hoc
958 5170 1079 5231 ideo
1106 5171 1239 5233 dixi,
1276 5170 1469 5229 fratres
1514 5170 1839 5239 charissimi,
1883 5181 1941 5231 ut
1977 5173 2022 5231 si

433 5250 605 5313 totum
635 5257 739 5297 non
770 5257 1075 5313 possumus,
1105 5256 1364 5299 conemur
1402 5243 1698 5312 intelligere
1722 5259 1839 5313 quae
1864 5259 2023 5299 causa

433 5312 615 5380 fuerit,
647 5321 705 5369 ut
728 5313 896 5384 Moysi
920 5320 977 5369 et
999 5312 1161 5375 Iosue
1182 5313 1389 5384 diceret
1414 5313 1667 5369 Dominus
1700 5332 1713 5369 :
1738 5312 1889 5369 Solve
1912 5332 2024 5369 cor-

432 5384 617 5453 rigiam
665 5383 990 5441 calceamenti
1027 5385 1101 5437 tui
1129 5399 1148 5437 :
1170 5383 1310 5441 locus
1326 5384 1458 5437 enim
1495 5385 1547 5437 in
1573 5399 1672 5454 quo
1712 5395 1835 5447 stas,
1890 5394 2025 5443 terra

433 5464 612 5509 sancta
636 5463 727 5509 est.
755 5454 932 5522 Quare
959 5455 1061 5510 hoc
1097 5454 1293 5509 dictum
1342 5463 1426 5511 est
1452 5455 1549 5520 eis,
1598 5455 1699 5510 nisi
1744 5456 1863 5525 quia
1917 5472 2024 5511 non

438 5533 592 5597 erant
617 5525 837 5597 legitimi
860 5526 1087 5597 sponsi?
1116 5526 1356 5597 Sponsus
1377 5526 1519 5581 enim
1549 5527 1814 5597 legitimus
1840 5527 2022 5582 Eccle-

438 5541 592 5580 erant
617 5541 837 5597 legitimi
860 5541 1041 5649 sponsu
1065 5541 1087 5579 ι
1116 5541 1356 5597 δροιιειιε
1377 5542 1519 5581 enim
1549 5541 1814 5595 legitimus
1840 5541 2022 5582 necte-

437 5596 532 5651 site
554 5595 835 5666 catholicae
858 5613 887 5651 a
915 5599 993 5650 ius
1022 5610 1141 5666 esse
1170 5613 1274 5663 non
1309 5607 1509 5666 poterat
1538 5596 1637 5651 nisi
1667 5595 1925 5663 Christus,
1958 5596 2025 5653 de

436 5681 544 5737 quo
568 5665 699 5725 dicit
738 5668 1046 5741 Apostolus,
1100 5665 1361 5741 Despondi
1385 5684 1487 5741 vos
1516 5669 1606 5722 uni
1632 5669 1739 5741 viro
1783 5668 2025 5741 virginem

360 5806 367 5814 ο
437 5751 634 5798 castam
658 5740 889 5797 nhibere
904 5737 1105 5807 Christo
1126 5737 1335 5812 (ll'Cor.
1364 5756 1439 5806 xt,
1465 5739 1547 5812 2);
1576 5750 1628 5799 et
1652 5739 1719 5794 de
1745 5737 2024 5811 quo'Psal-

504 5878 524 5910 ί
550 5879 859 5940 angustioris,
877 5889 1028 5929 serm.
1046 5879 1095 5938 7,
1115 5890 1167 5928 ιι.
1191 5874 1237 5938 2,
1256 5874 1630 5939 signiﬁcarem.

1918 373 2279 437 APPliNtDIIi.

3600 379 3742 444 me

2148 490 2302 547 mista
2328 488 2499 568 meite
2525 497 2652 568 an_te
2691 490 3043 568 praedixerat,
3059 490 3133 568 ξι
3159 495 3271 568 ipse
3299 502 3541 568 manu
3566 514 3726 568 spon-

2143 577 2229 619 sus
2259 563 2530 638 procedens
2573 560 2636 615 de
2655 562 2883 638 ytalamo
2908 560 3197 638 squ(APsa[.
3237 560 3489 638 ινιιιίϐ).
3528 560 3725 625 Beatus

2142 648 2353 701 quoque
2377 631 2609 687 Joannes
2655 633 2885 701 Baptista
2938 631 3335 697 evidentissitne
3363 631 3536 695 de'eo
3574 641 3724 696 locu-

2146 712 2227 778 tus
2258 704 2571 778 est,_diccu_s
2603 721 2616 757 :
2653 703 2922 778 Qui/tabe}
2951 724 3211 778 sponsum,
3243 726 3456 777 sponsus
3482 721 3573 765 est.
3610 712 3724 767 Hoc

2142 775 2322 843 utique
2349 775 2415 830 de
2435 774 2648 848 Christo
2666 776 2798 833 dixit
2830 793 2843 829 :
2870 776 2939 832 de
2962 774 3023 833 se
3052 791 3228 834 autem
3254 774 3379 848 quid
3404 782 3731 837 dixit‘tAmi-

2141 861 2229 900 cus
2255 855 2421 899 autem
2451 846 2623 914 sponsi
2662 856 2758 923 stat
2781 857 2840 923 et
2873 849 3017 905 audit
3053 866 3188 923 eum,
3231 846 3285 923 ei
3311 851 3497 921 gaudio
3541 855 3729 923 gaudet

2142 927 2345 987 propter
2372 933 2540 971 vocem
2583 918 2756 988 sponsi
2785 916 2962 988 (Joan.
2990 934 3069 983 ιιι,
3098 922 3213 987 29).
3246 916 3395 976 Εῐιιι
3421 916 3726 979 evidentius

2139 988 2410 1060 Christum
2444 990 2720 1060 Dominum
2750 1004 2869 1045 esse
2907 991 3200 1059 legitimum
3240 1007 3497 1060 sponsum
3542 1003 3726 1049 osten-

2141 1057 2310 1124 deret,
2335 1060 2406 1135 ait
2430 1077 2443 1112 :
2474 1058 2575 1135 ic
2595 1057 3090 1135 estcujusnonsum
3116 1057 3299 1133 dignus
3324 1065 3594 1135 corrigiam
3613 1065 3723 1118 cat-

2140 1131 2381 1205 cemnenti
2407 1130 2595 1185 solvere
2626 1130 2735 1201 (Id.
2770 1130 2810 1197 Ι,
2834 1130 2949 1202 27).
2977 1132 3153 1200 Quare
3171 1130 3477 1205 'eorrigiaui'
3513 1136 3723 1191 calcea-

2140 1202 2305 1273 menti
2332 1203 2447 1267 ejus
2491 1218 2595 1257 non
2649 1205 3003 1269 praesumebat
3048 1205 3289 1259 solvere?
3335 1202 3470 1273 Quia
3504 1217 3727 1262 noverat

2140 1286 2260 1358 eum
2293 1270 2585 1358 legitimum
2616 1287 3020 1358 95seispousum
3048 1274 3319 1358 Ecclesize.
3346 1270 3555 1358 Moyses
3579 1277 3722 1331 enim

2139 1350 2193 1417 et
2220 1342 2382 1407 Jusue
2407 1343 2660 1410 jubentur
2684 1346 3044 1417 calceameuta
3094 1348 3335 1413 solvere,
3363 1342 3485 1417 quia
3523 1348 3720 1417 ﬁgura—

2138 1412 2560 1489 bantsponsnm,
2589 1423 2648 1489 _e_t
2670 1415 2852 1483 sponsi
2883 1417 3113 1489 ipsineu
3144 1412 3346 1489 eranta
3368 1412 3605 1489 Denique
3642 1420 3726 1472 vi-

2138 1483 2262 1557 dete
2305 1484 2429 1553 quid
2464 1485 2537 1557 ad
2587 1486 2803 1557 Moysen
2845 1483 2929 1541 vel
2967 1488 3130 1543 Josue
3178 1488 3373 1544 dixerit
3427 1483 3719 1545 Dominus:

2140 1553 2291 1611 Salue
2340 1556 2608 1625 corrigiam
2656 1553 2981 1612 calceameuti
3029 1562 3139 1622 tui;
3184 1558 3324 1613 locus
3360 1560 3493 1614 enim
3534 1562 3589 1615 in
3621 1576 3724 1629 quo

2136 1635 2260 1690 stas,
2287 1635 2419 1698 terra
2437 1636 2614 1698 sancta
2634 1639 2722 1682 est.
2751 1629 3011 1698 Numquid
3032 1629 3151 1693 hoc,
3187 1630 3377 1685 fratres
3394 1632 3719 1695 charissimi.

2140 1696 2432 1769 secundum
2458 1697 2685 1752 litteram
2717 1696 2935 1768 intelligi
2965 1701 3172 1769 potest?
3201 1700 3351 1755 Unde
3391 1703 3533 1756 enim
3580 1713 3721 1757 terra

2138 1768 2742 1843 iila_quatncalcabaiit,
2777 1768 2984 1843 poterat
3008 1787 3127 1843 esse
3177 1782 3381 1837 sancta,
3434 1788 3555 1843 qua:
3601 1773 3723 1828 sine

2136 1838 2298 1913 dubio
2322 1839 2510 1913 similis
2526 1850 2651 1913 erat
2681 1838 2835 1913 terra:
2875 1842 3118 1913 reliqum?
3147 1843 3251 1896 Sed
3307 1838 3591 1913 diligénter
3638 1853 3720 1898 st-

2138 1910 2339 1965 teuditc
2366 1910 2490 1979 quid
2517 1910 2677 1986 fuerit
2700 1910 2930 1986 dictum,
2967 1910 3307 1986 Locus__enim
3345 1910 3426 1967 in'
3447 1931 3545 1986 quo
3589 1924 3718 1986 stas,

2102 1987 2268 2037 -terra
2290 1991 2465 2034 sancta
2494 1992 2586 2036 est.
2618 1982 2729 2037 lloc
2769 1992 2853 2037 est
2881 1984 3081 2048 dicere,
3118 1982 3364 2039 Christus
3407 1982 3559 2054 cuius
3588 1984 3724 2054 figu-

2135 2066 2247 2104 ram
2289 2060 2597 2125 portas,g_ct
2633 2054 2783 2122 cujus
2821 2063 3006 2125 typum
3050 2055 3250 2110 habere
3298 2054 3517 2121 videris,
3573 2063 3718 2112 terra

2134 2132 2313 2176 sancta
2345 2132 2442 2176 est.
2480 2122 2614 2177 Vere
2642 2133 2777 2178 terra
2799 2122 2980 2179 szineta
3007 2134 3090 2179 est
3125 2141 3250 2180 caro
3285 2127 3493 2180 Domini
3514 2128 3713 2181 'nostri

2133 2191 2257 2247 Jesu
2284 2192 2501 2259 Christi,
2552 2212 2646 2263 per
2671 2211 2829 2264 quem
2858 2196 3185 2253 sanctiticata
3210 2205 3333 2251 sunt
3352 2198 3528 2259 omnia
3550 2199 3721 2252 coale-

2134 2264 2232 2339 s‘tia
2264 2273 2422 2333 atque
2471 2269 2764 2339 terrestria,
2791 2267 2859 2321 de
2901 2283 3009 2338 quo
3037 2268 3165 2322 dicit
3197 2269 3483 2339 Apostolus
3513 2287 3526 2322 :
3560 2268 3719 2322 Paci—

2133 2335 2304 2475 F6312;
2307 2352 2411 2461 spe:
2430 2338 2727 2475 sggguinem
2745 2354 2891 2391 suum
2916 2335 3031 2425 qua
3049 2339 3102 2392 in
3125 2335 3262 2393 aclis
3278 2348 3396 2393 sunt
3436 2349 3484 2399 et
3583 2349 3720 2394 terra

2197 2414 2350 2460 otoss.
2381 2421 2419 2469 ι,
2447 2414 2564 2469 2υ).
2928 2414 2931 2425 “
3522 2414 3527 2425 ’

2204 2476 2259 2530 5.
2299 2476 2529 2553 {spectati
2559 2480 2740 2553 fragres
2764 2478 2952 2535 Christi
2994 2495 3203 2553 uxorem
3252 2481 3479 2553 defuncti
3511 2497 3722 2553 accepe-

2131 2557 2271 2621 runt.
2307 2548 2429 2621 Ideo
2457 2548 2606 2617 ergo,
2630 2548 2823 2603 fratres
2864 2552 3187 2621 charissimi,
3221 2548 3362 2607 sicut
3399 2567 3559 2621 supra
3583 2548 3715 2617 dixi,

2131 2618 2221 2693 qui
2270 2618 2529 2693 noluisset
2558 2636 2776 2675 uxorem
2828 2620 3059 2675 defuncti
3099 2618 3277 2677 fratris
3331 2624 3412 2676 sui
3452 2618 3714 2693 accipere,

2133 2688 2572 2763 disealceabatur,
2596 2699 2651 2746 et
2689 2694 3054 2763 exspuebatur
3081 2694 3133 2747 in
3178 2693 3396 2757 faciem;
3444 2695 3534 2763 qui
3568 2688 3717 2748 ’vero

2132 2761 2483 2834 aequievisset
2529 2763 2769 2817 relictam
2794 2761 3041 2821 'defuncti
3101 2763 3279 2819 fratris
3306 2761 3583 2834 accipere,
3626 2765 3716 2818 filii

2131 2832 2222 2905 qui
2252 2832 2624 2905 nascebantur,
2656 2849 2760 2888 non
2790 2834 2933 2889 illius
2975 2835 3065 2905 qui
3099 2832 3547 2904 generabat.‘scd
3575 2836 3718 2890 illius

2131 2902 2222 2971 qui
2264 2902 2725 2977 defunctuserat,
2752 2902 3010 2977 nomine
3071 2902 3521 2977 appellabantur:
3551 2922 3714 2977 quam

2132 2986 2247 3047 rem
2280 2974 2632 3047 in_Apostolis
2679 2976 2924 3030 videmus
2954 2991 3073 3047 esse
3112 2974 3409 3047 impletam.
3447 2974 3583 3037 Nam
3623 2978 3721 3033 de-

2132 3040 2316 3117 functo
2342 3040 2525 3117 fratre,
2552 3046 2600 3098 id
2630 3054 2731 3109 est,
2783 3056 2995 3102 mortuo
3036 3040 3272 3111 Christo,
3314 3050 3405 3117 qui
3458 3048 3667 3103 dixerat
3700 3066 3713 3102 :

2132 3111 2234 3177 Ite,
2263 3115 2490 3189 nuntiate
2520 3117 2759 3189 fratribus
2800 3120 2922 3173 rneis
2963 3117 3174 3189 (Matth.
3203 3111 3387 3183 xxvrit,
3419 3118 3532 3189 10);
3579 3135 3717 3174 uxo-

2131 3200 2247 3259 rem
2275 3188 2410 3255 ejus,
2444 3188 2493 3239 id
2516 3199 2618 3251 est,
2646 3188 2942 3242 Ecclesium
2963 3188 3199 3259 Apostoli
3225 3199 3597 3259 susceperunt.
3624 3191 3715 3245 Sic

2132 3257 2277 3330 qiim
2330 3259 2616 3330 Apostolus
2661 3260 2860 3314 l’aulus
2904 3257 3033 3314 dicit
3069 3279 3081 3314 :
3111 3260 3179 3314 In
3205 3257 3408 3316 Christo
3456 3260 3582 3315 Jesu
3626 3278 3717 3330 per

2132 3324 2466 3404 Evangeiinm
2521 3345 2734 3404 ego_uos
2762 3331 2911 3404 genui
2951 3331 2995 3404 (Ι
3018 3330 3134 3385 Cor.
3163 3348 3234 3404 tv,
3266 3332 3395 3404 15)._
3421 3331 3517 3404 Et_
3537 3324 3715 3404 tamen

2130 3398 2452 3470 quicumque
2493 3398 2589 3468 per
2610 3398 2907 3455 doctrinam
2956 3398 3345 3470 Apostolorum
3367 3402 3432 3457 de
3477 3401 3717 3458 Ecclesia

2136 3469 2246 3522 nati
2267 3479 2409 3533 sunt,
2442 3486 2543 3524 nec
2572 3470 2829 3534 Petriaui,
2873 3486 2971 3526 nec
2998 3469 3252 3539 Pauliani,
3289 3474 3383 3528 sed
3429 3473 3718 3531 Christiani

2130 3547 2257 3595 sunt
2299 3541 2552 3614 appellati
2575 3558 2597 3614 _:
2634 3543 2898 3614 ut‘figura
2950 3544 3039 3598 illa
3081 3546 3439 3613 compleretur
3476 3560 3599 3614 quas
3647 3544 3717 3599 de

2132 3625 2303 3683 uxore
2312 3611 2543 3665 defuncti
2566 3611 2745 3667 fratris
2759 3613 2991 3667 fueratin
3008 3615 3145 3682 Lege
3164 3611 3456 3683 priemissa.
3473 3611 3719 3670 Infelices

2131 3695 2260 3735 vero
2290 3680 2526 3736 haeretici
2544 3700 2647 3736 non
2676 3684 2747 3738 ita
2768 3684 3029 3749 fecerunt;
3052 3680 3145 3738 sed
3167 3680 3324 3755 quasi
3361 3685 3714 3741 crudelissimi

2131 3766 2466 3820 pervasores,
2494 3755 2763 3823 rapientes
2796 3770 3015 3810 uxorem
3046 3755 3282 3811 defuncti
3312 3756 3488 3811 fratris
3529 3757 3631 3819 sui,
3661 3765 3720 3811 et

2131 3837 2227 3891 per
2252 3831 2429 3891 partes
2457 3826 2749 3883 lacerantes
2772 3835 2825 3880 et
2846 3827 3151 3885 scindentcs
3180 3827 3493 3890 Ecclesium,
3523 3841 3714 3881 omnes

2130 3894 2217 3967 qui
2266 3909 2377 3967 per
2410 3907 2802 3967 sacramentum
2836 3897 3091 3966 Baptismi
3140 3906 3492 3967 generantur,
3539 3898 3715 3966 impu-

2130 3963 2443 4037 dentissima
2474 3965 2648 4021 fronte
2669 3982 2773 4021 non
2800 3963 3018 4032 Christi,
3046 3963 3268 4023 sed'suo
3289 3969 3507 4023 nomine
3526 3963 3717 4037 appeL

2130 4035 2226 4108 lari
2255 4037 2478 4108 populos
2507 4038 2804 4097 voluerunt.
2826 4039 3067 4108 Denique
3112 4039 3165 4094 in
3187 4038 3429 4094 Ecclesia
3449 4035 3715 4097 catholica

2130 4104 2466 4181 defuncti,_id
2494 4120 2597 4173 εει,
2628 4108 2828 4181 Christi
2860 4104 3077 4165 nomine
3093 4126 3279 4164 omnes
3300 4112 3389 4181 qui
3436 4110 3546 4164 nati
3597 4109 3716 4165 fue—

2129 4176 2238 4230 rint
2257 4178 2589 4246 appellantur
2614 4179 2923 4235 Christiani.
2955 4182 3010 4234 ln
3044 4176 3464 4237 htereticis'vero
3490 4181 3580 4235 alii
3608 4182 3714 4236 Do-

2129 4249 2361 4312 natistae,
2387 4249 2477 4302 alii
2506 4250 2802 4315 Manichtei,
2833 4252 2921 4305 alii
2948 4253 3151 4315 Ariani,
3185 4254 3272 4307 alii
3318 4252 3554 4307 Fortiani
3584 4253 3601 4293 ⁸
3629 4254 3718 4307 di-

2129 4328 2345 4393 cuntur.
2382 4319 2486 4374 Sed
2517 4324 2638 4388 quia
2669 4322 2832 4393 duces
2864 4321 3238 4393 haereticorum
3269 4324 3453 4393 sponsi
3490 4323 3715 4393 legitimi

2130 4403 2235 4471 non
2269 4389 2501 4471 fuerunt;
2525 4406 2631 4445 non
2658 4392 2881 4458 Christi,
2936 4392 3033 4448 sed
3073 4409 3229 4449 suum
3278 4389 3471 4450 nomen
3502 4389 3719 4471 populis

2128 4468 2512 4516 itunosueruut.
3582 4468 3587 4481 '

2239 4569 2252 4606 .
2294 4531 2564 4587 Auditores
2583 4573 2599 4598 ,
2624 4532 3013 4604 qualiacumque
3051 4536 3352 4606 praedicator
3380 4536 3603 4601 iutimct,
3632 4545 3719 4590 at-
3760 4590 3767 4595 .

2129 4604 2311 4675 tentias
2339 4612 2732 4675 perscrutentur.
2780 4605 2845 4658 Et
2888 4606 3006 4659 ideo
3052 4604 3212 4675 rogo,
3248 4606 3458 4672 fratres,
3498 4614 3556 4660 ut
3583 4607 3718 4662 mihi

2127 4672 2395 4747 indulgeat
2446 4682 2627 4747 sancta
2662 4672 3148 4747 Cbaritasgvestra',
3199 4677 3318 4747 quia
3364 4676 3490 4732 dum
3541 4693 3609 4731 ex
3649 4693 3719 4732 eo

2127 4743 2279 4818 quod
2305 4744 2471 4818 Moysi
2510 4744 2708 4799 dictum
2763 4755 2865 4811 est,
2888 4816 2897 4818 _
2918 4745 3070 4818 Sotae
3104 4743 3372 4818 corrigiam
3403 4750 3720 4803 calceamen-

2127 4815 2165 4867 ti
2207 4815 2300 4881 tui,
2323 4815 2763 4889 qualemcumque
2815 4816 2968 4889 vobis
3011 4815 3414 4889 intelligentiam
3445 4820 3718 4881 insinuare

2127 4894 2351 4959 conatus
2384 4902 2543 4959 sum,
2566 4886 2915 4959 iproductiori
2954 4904 3048 4959 vos
3097 4886 3232 4944 forte
3270 4905 3518 4945 sermone
3554 4904 3717 4959 quam

2128 4954 2318 5021 debui,
2345 4957 2529 5031 videor
2556 4954 2916 5031 Eitigasse.‘Et
2952 4958 3075 5031 licet
3114 4975 3219 5021 non
3258 4960 3328 5015 sit
3361 4961 3503 5031 quod
3530 4954 3588 5013 in
3616 4962 3717 5014 hoc

2130 5041 2378 5082 sermone
2418 5029 2643 5098 placere
2694 5028 2888 5098 possit,
2932 5030 3018 5083 vel
3054 5041 3233 5086 votum
3286 5045 3350 5085 ae
3380 5028 3717 5093 desiderium

2129 5106 2371 5171 nostrum
2400 5097 2659 5171 Charitati
2688 5107 2881 5153 vestra:
2929 5102 3092 5154 credo
3123 5101 3264 5171 quod
3289 5101 3568 5171 displicere
3607 5115 3717 5155 non

2130 5168 2340 5233 debeat,
2373 5170 2462 5241 qui
2494 5170 2879 5239 expositionem
2922 5179 3083 5224 tanta:
3108 5168 3207 5238 rei,
3253 5173 3356 5227 etsi
3380 5168 3464 5225 ‘ut
3500 5170 3715 5239 dignum

2130 5247 2234 5305 est,
2263 5239 2522 5317 expedire
2544 5252 2658 5317 n‘on_
2668 5241 2817 5317 potui
2840 5242 2862 5294 ἐ
2889 5241 3155 5317 contendo
3177 5252 3363 5317 tamen
3380 5242 3525 5317 velut
3545 5242 3717 5317 lineas

2134 5310 2391 5382 quasdam
2422 5319 2497 5382 et
2538 5310 2945 5382 qualiacumque
2990 5312 3237 5369 indicula‘
3276 5315 3469 5367 vestris
3515 5312 3718 5377 sanctis

2131 5380 2378 5453 sensibus
2419 5380 2688 5453 intimare,
2729 5380 2988 5453 quac—vos
3027 5385 3279 5439 attentius
3321 5393 3716 5453 perscrutantes

2132 5451 2302 5506 etiam
2325 5452 2517 5526 melius
2542 5466 2701 5522 quam
2728 5451 2839 5526 nos
2888 5456 3242 5526 suggerimns,
3298 5451 3511 5511 Christo
3550 5455 3715 5523 inspi-

2131 5532 2302 5589 rante,
2335 5523 2576 5578 meditari
2598 5525 2809 5594 possitis
2958 5523 2975 5526 θ
2992 5523 3009 5526 ⁷
3470 5526 3475 5531 ’

2196 5769 2213 5800 ί
2233 5773 2389 5833 Forte,
2420 5766 2684 5845 t‘otiniani;
2702 5780 2809 5830 seu,
2839 5767 3127 5839 Phptimani.
