4026 6362
507 315 646 376 1787

506 437 613 490 tur.
659 434 798 490 Dum
822 430 1066 488 homines
1095 429 1423 500 negligentes
1466 427 1522 484 in
1569 428 1757 499 primis
1793 429 2090 498 deSpiciunt

504 515 724 578 peccata
769 520 897 578 sua,
939 501 1058 570 quia
1105 499 1264 578 parva
1294 509 1453 578 sunt;
1487 499 1847 578 crescentibus
1874 501 2091 578 minutis

506 571 741 647 peccatis
769 574 1038 647 adducunt
1063 573 1220 647 etiam
1249 572 1492 647 crimina,
1523 582 1577 647 et
1596 573 1864 647 cumulum
1893 571 2091 647 faciunt

504 643 558 703 et
584 646 916 712 demergunt.
947 644 1096 711 Quod
1129 660 1246 697 cum
1277 643 1474 698 factum
1516 643 1691 707 fuerit,
1718 643 1961 713 impletur
1993 643 2090 704 hoc

506 717 644 787 quod
677 719 930 786 scriptum
960 726 1070 774 est:
1096 714 1339 787 Peccator
1363 732 1474 768 cum
1500 717 1684 787 venerit
1710 716 1760 767 in
1784 713 2091 787 profundam

503 785 753 843 malorum
773 829 787 849 ,
817 787 1081 858 communit
1107 785 1287 858 (Prov.
1316 802 1440 858 vaII
1459 827 1470 849 ,
1502 787 1576 854 5).
1601 786 1697 858 gDc
1729 785 1919 838 talibus
1946 787 2088 846 Apo-

502 859 671 914 stolus
701 858 826 912 dicit
855 876 864 909 :
893 855 1125 927 Ignoras
1154 857 1287 926 quod
1326 857 1565 926 patientia
1590 855 1686 909 Dei
1730 857 1796 908 ad
1843 858 2088 925 paeniten-

506 932 626 984 tiam
653 942 700 982 te
723 929 963 982 adducit?
980 927 1056 982 Tu
1080 938 1250 983 autem
1269 929 1546 984 secundum
1574 927 1813 981 duritiam
1831 927 1993 978 cordis
2016 927 2089 977 tui

508 1013 554 1055 et
580 1019 666 1054 cor
693 1002 1029 1070 impwnitcns,
1047 999 1354 1070 thesaurizas
1384 999 1471 1052 (ibi
1497 1000 1626 1052 iram
1644 1000 1692 1050 in
1712 998 2084 1070 dicirmUiom.

501 1088 559 1135 II,
588 1073 641 1135 Ii,
675 1073 748 1138 5).
779 1071 841 1124 Et
871 1071 937 1125 de
963 1071 1054 1124 tali
1088 1069 1438 1123 ohduratione
1466 1071 1624 1123 etiam
1656 1070 1778 1122 alibi
1827 1069 2047 1134 legimus
2073 1087 2083 1122 :

502 1144 677 1211 Equus
703 1142 977 1196 indomitus
1005 1141 1169 1195 evadit
1199 1140 1356 1200 durus
1377 1181 1390 1202 ,
1425 1151 1470 1194 et
1503 1141 1638 1207 filius
1666 1140 1902 1194 remissus
1926 1139 2089 1194 evadit

521 1231 745 1283 πίει-αρε.
779 1214 838 1268 Et
860 1212 1050 1268 iterum
1074 1211 1139 1266 de
1163 1211 1477 1283 corrigendo
1502 1213 1608 1266 tilio
1626 1212 1896 1282 Scriptura
1920 1211 2048 1264 dicit
2071 1227 2084 1263 :

550 1282 684 1339 unde
713 1285 870 1338 latera
897 1284 991 1353 ﬁlii
1021 1284 1127 1346 tui,
1173 1282 1292 1335 dum
1331 1284 1501 1350 infans
1539 1293 1649 1348 est;
1684 1300 1745 1353 ne
1785 1283 1982 1353 induret
2003 1290 2089 1353 ,et

500 1352 1049 1432 non_coizsen(iat_tibi
1094 1353 1481 1432 (Εεείὶτὶιιιιὴτ
1534 1355 1596 1432 8.,
1656 1352 1768 1432 φ).
1803 1352 1902 1406 Ista
1945 1352 2085 1432 enim

502 1427 802 1482 testimonia
829 1422 1218 1495 Scripturarum
1269 1424 1388 1495 ideo
1425 1422 1682 1478 Charitati
1727 1422 1915 1477 vestrm.
1961 1423 2084 1476 insi-

502 1514 668 1552 nuare
712 1499 987 1559 volumus,
1036 1504 1094 1550 ut
1140 1496 1464 1564 iutelligatis,
1495 1497 1613 1563 quia
1652 1495 1934 1550 obduratio
1979 1510 2084 1549 non

503 1569 597 1622 Dei
617 1569 845 1636 potentia
867 1569 1219 1638 compellente
1244 1567 1530 1634 perficitur,
1546 1566 1748 1638 sedDei
1774 1565 2087 1626 remissione

501 1640 582 1696 γιει
630 1639 950 1701 indulgentia
995 1647 1322 1708 generatur:
1363 1653 1428 1693 ac
1471 1639 1548 1692 sic
1593 1637 1928 1690 Pharaonem
1978 1653 2082 1691 non

504 1709 679 1766 divina
712 1710 964 1780 potentia,
993 1709 1088 1764 sed
1113 1709 1291 1763 divina
1321 1709 1574 1777 patientia
1603 1708 1867 1762 credenda
1889 1715 1969 1762 est
1989 1708 2086 1762 ob-

503 1781 740 1834 durasso.
788 1780 1021 1850 Denique
1050 1781 1484 1849 quotiescumque
1511 1795 1632 1832 eum
1664 1780 1753 1832 Dei
1785 1780 1932 1847 plaga
1964 1794 2087 1848 per-

503 1855 686 1916 cussit,
714 1853 938 1906 afﬂictus
964 1851 1231 1922 pumitoit.
1257 1853 1324 1904 At
1345 1852 1430 1905 ubi
1453 1851 1502 1904 ci
1521 1851 1890 1906 remissionem
1909 1850 2086 1922 divina

503 1923 824 1990 indulgentia
873 1921 1057 1985 dedit,
1107 1924 1295 1976 iterum
1342 1939 1401 1976 se
1447 1922 1522 1993 in
1555 1922 1862 1993 superbiam
1915 1921 2086 1974 elatus

501 1995 688 2046 ret-exit.
724 1995 832 2048 lloc
862 2010 989 2063 ergo
1017 1994 1384 2047 definitissimc
1406 1991 1635 2055 credite,
1662 1991 1875 2055 fratres,
1906 2003 1958 2045 et
1986 1993 2088 2063 hoc

501 2064 776 2131 intelligite
797 2107 811 2130 ,
844 2062 963 2133 quia
995 2067 1204 2132 quoties
1236 2063 1486 2118 Dominus
1513 2064 1673 2128 dicit,
1704 2063 1812 2134 ligo
1836 2062 2085 2134 indurabo

498 2153 585 2189 cor
621 2134 938 2199 Pharaonis;
985 2151 1087 2189 non
1133 2135 1272 2189 aliud
1318 2136 1537 2204 intelligi
1577 2133 1771 2194 voluit,
1813 2133 1948 2196 nisi,
1974 2133 2086 2203 Ego

498 2206 819 2275 suspendam
850 2207 1026 2274 plagas
1063 2222 1208 2261 meas
1230 2215 1283 2260 et
1313 2205 1516 2274 ﬂagella
1569 2207 1607 2271 ¹,
1654 2206 1797 2260 unde
1843 2221 1962 2259 cum
1991 2221 2087 2272 per

498 2277 877 2344 indulgentiam
912 2293 1082 2331 meam
1111 2287 1292 2332 contra
1328 2292 1411 2330 me
1459 2277 1706 2331 obdurari
1760 2276 2081 2345 permittam.

557 2351 606 2402 ὖ.
629 2348 800 2402 Altera
817 2348 1024 2417 objectio
1041 2348 1102 2400 de
1117 2348 1287 2401 eodem
1308 2349 1730 2416 argumentoﬁed
1747 2351 1880 2402 forte
1893 2348 2086 2417 aliquis

499 2419 659 2482 dicat,
693 2436 858 2488 quare
885 2420 1030 2472 illum
1063 2420 1199 2471 Deus
1231 2417 1495 2485 parcendo
1527 2417 1761 2472 iudurari
1791 2419 2005 2485 fecerit,
2033 2429 2086 2474 et

500 2505 664 2556 quare
683 2490 885 2556 ﬂagella
907 2489 1208 2544 removerit.
1232 2489 1341 2544 Hoc
1358 2489 1475 2543 loco
1511 2504 1729 2543 securus
1753 2505 1851 2559 ego
1873 2505 2085 2557 reSpon-

501 2561 622 2624 deo,
645 2561 767 2614 Ideo
792 2561 928 2614 Deus
956 2560 1112 2614 toties
1135 2559 1336 2628 ﬂagella
1359 2560 1604 2624 removit,
1620 2560 1740 2628 quia
1758 2561 1963 2615 Pharao
1988 2576 2085 2629 pro

500 2631 697 2699 ingenti
726 2633 936 2684 cumulo
951 2641 1285 2699 peccatorum
1304 2645 1542 2694 suormn,
1559 2647 1662 2684 non
1683 2640 1928 2700 tauquam
1945 2633 2086 2686 [ilius

499 2703 564 2754 ad
591 2701 1019 2757 emendationem
1052 2701 1243 2755 meruit.
1273 2701 1490 2770 Col‘l'ipi,
1518 2702 1610 2754 sed
1639 2710 1889 2772 tanquam
1917 2702 2084 2758 hostis

500 2774 792 2841 prrmissus
828 2782 907 2826 est
943 2772 1197 2826 indurari.
1233 2773 1418 2830 Tauta-
1439 2773 1580 2826 enim
1611 2773 1752 2826 illius
1783 2773 2085 2842 iniquitates

499 2852 911 2912 praecesserant,
938 2853 991 2897 et
1016 2844 1176 2898 Deum
1211 2844 1365 2898 toties
1392 2844 1652 2907 sacrilego
1676 2859 1810 2897 ausu
1840 2855 2081 2899 contem-

502 2924 712 2983 pserat,
746 2926 801 2966 ut
843 2915 893 2967 in
927 2914 1017 2984 illo
1047 2915 1348 2981 impleretur
1373 2914 1514 2982 quod
1541 2913 1608 2968 de
1635 2914 1827 2970 talibus
1857 2915 2085 2984 Spiritus

499 2997 712 3039 sanctus
737 2985 870 3039 dixit
893 3001 905 3035 :
938 2983 1002 3037 In
1033 2985 1200 3037 labore
1225 2985 1482 3038 hominum
1510 3001 1610 3038 non
1629 2994 1764 3049 smn,
1787 2995 1834 3039 et
1862 2983 1974 3039 cum
1993 2987 2088 3039 lio-

501 3056 714 3110 minibns
742 3072 842 3108 non
879 3056 1270 3125 ﬂagellabantur
1303 3072 1321 3107 :
1349 3055 1460 3108 ideo
1491 3057 1645 3109 tenuit
1688 3073 1772 3108 cos
1811 3058 2079 3126 superbia,

501 3127 663 3193 aperti
699 3134 816 3180 sunt
850 3126 1109 3196 iniquitate
1133 3126 1458 3196 etiimpietate
1489 3143 1612 3190 sua;
1643 3127 1829 3196 prodiit
1856 3129 1998 3196 quasi
2025 3145 2088 3183 ea:

500 3196 648 3264 adipe
668 3197 904 3260 iniquitas
927 3195 1098 3267 eorum
1143 3195 1309 3265 (Psal.
1347 3195 1655 3265 LXXII,5-7).
1687 3198 1822 3253 Ecce
1855 3199 2085 3267 qualiter

501 3267 822 3327 obduratur,
856 3269 942 3336 qui
986 3266 1053 3320 ad
1091 3267 1477 3322 correctionem
1522 3268 1767 3336 casugari
1801 3283 1830 3320 a
1866 3266 2086 3322 Domino

499 3352 604 3392 non
636 3347 889 3392 meretur.
921 3339 997 3392 De
1029 3338 1131 3393 illis
1170 3347 1345 3392 autem
1378 3352 1509 3407 quos
1536 3338 1769 3391 indurari
1806 3339 1896 3392 Dei
1925 3341 2084 3394 mise-

500 3409 727 3464 ricordia
774 3427 878 3462 non
921 3409 1207 3478 permittit,
1247 3409 1372 3478 quid
1412 3411 1665 3479 scriptum
1694 3407 2086 3479 cst?FIagcllat

499 3479 638 3534 Dens
686 3498 882 3533 omnem
922 3480 1085 3548 [ilium
1131 3491 1275 3549 quem
1321 3480 1496 3546 recipit
1542 3478 1724 3546 (llebr.
1769 3496 1875 3544 Xll,
1915 3478 2002 3550 6);
2033 3492 2086 3535 et

500 3551 713 3615 iterum,
749 3553 855 3622 Eg.)
878 3569 1002 3622 quos
1032 3568 1162 3612 (uno,
1190 3567 1348 3619 arguo
1369 3560 1419 3622 et
1445 3551 1634 3620 castigo
1657 3550 1835 3621 (Apoc.
1862 3551 2081 3622 lll,7i9);

503 3633 554 3674 et
579 3624 790 3684 iterum,
820 3621 979 3688 Quem
1008 3623 1140 3693 enim
1166 3623 1332 3691 diligit
1357 3621 1634 3680 Dominus.
1666 3623 1872 3692 corripit
1903 3621 2082 3693 (Prov.

501 3708 589 3756 III,
621 3695 730 3762 1:2).
773 3695 842 3746 De
873 3693 971 3745 hac
998 3692 1348 3745 obduratione
1378 3694 1538 3746 etiam
1575 3693 1831 3761 propheta
1865 3692 1928 3747 ex
1959 3709 2085 3761 per-

501 3777 631 3816 Sona
671 3764 846 3832 populi
883 3763 950 3816 ad
986 3762 1262 3815 Dominum
1310 3763 1538 3826 clamat,
1577 3764 1794 3816 dicens:
1827 3762 2087 3818 Indurasti

500 3850 588 3886 cor
615 3831 867 3895 nostrum,
899 3851 957 3886 ne
989 3834 1271 3885 timeremus
1308 3843 1355 3885 te
1382 3831 1543 3901 (Isai.
1585 3849 1708 3887 LXIII
1729 3875 1742 3898 ,
1789 3834 1895 3901 17).
1933 3835 2084 3902 Quod

501 3906 682 3972 utique
711 3921 814 3958 non
846 3913 927 3957 est
957 3904 1120 3966 aliud,
1146 3903 1270 3967 nisi,
1297 3904 1588 3957 Deseruisti
1620 3917 1711 3955 eor
1740 3915 1997 3971 nostrum,
2019 3923 2086 3961 ne

501 3987 935 4029 converterentur
961 3974 1027 4026 ad
1060 3983 1131 4028 te.
1160 3975 1329 4038 Quam
1371 3989 1481 4026 rem
1519 3974 1699 4027 multis
1734 3975 2082 4041 praecedenti-

502 4047 602 4099 bus
630 4047 920 4115 sacrilegiis
950 4047 999 4097 in
1024 4044 1534 4114 populoJudteorum
1564 4045 1832 4114 impletum
1853 4062 1971 4101 esse
1991 4064 2082 4102 co-

498 4118 794 4186 gnovunus.

569 4189 623 4242 4.
664 4187 929 4241 lnduratio
949 4203 1012 4240 ea:
1040 4186 1217 4310 gratia?
1245 4187 1467 4239 absentia
1494 4187 1732 4255 sequitur.
1763 4186 1930 4242 Nemo
1960 4203 2086 4259 ergo

571 4275 619 4310 III
653 4259 870 4310 l’aaanis
909 4266 1002 4310 aut
1068 4258 1346 4310 lauicha'is
1380 4259 1470 4310 Dei
1500 4258 1750 4310 iustitiam
1793 4261 2085 4310 rem-eben-

499 4273 619 4311 cum
653 4259 870 4327 l’agauis
909 4266 1002 4311 aut
1043 4258 1346 4312 Mauichwis
1380 4259 1470 4312 Dei
1494 4258 1750 4327 justitiam
1793 4258 2085 4328 reprehen-

500 4330 625 4382 dere
663 4342 750 4382 aut
794 4330 1010 4399 culpare
1056 4338 1338 4396 praesumat
1365 4346 1377 4381 :
1409 4330 1502 4383 sed
1532 4331 1826 4383 certissime
1870 4331 2083 4396 credat,

500 4400 641 4466 quod
677 4399 1006 4453 Pharaonem
1038 4415 1142 4460 non
1188 4399 1278 4453 Dei
1319 4400 1565 4453 violentia
1584 4441 1597 4463 ,
1621 4400 1714 4453 sed
1743 4402 1952 4470 propria
1982 4402 2086 4455 ini-

501 4473 676 4540 quitas
713 4480 775 4541 et
817 4469 1154 4523 indomabilis
1196 4470 1443 4536 superbia
1487 4482 1672 4525 contra
1704 4471 1792 4524 Dei
1822 4469 2085 4541 praecepta

503 4544 657 4594 toties
701 4540 885 4595 fecerit
922 4541 1193 4593 obdurari.
1239 4541 1376 4606 Quid
1421 4550 1504 4594 est
1549 4550 1724 4594 autem
1769 4542 1908 4609 quod
1953 4540 2087 4598 dixit

505 4613 663 4674 Deus,
693 4611 799 4682 It‘go
823 4612 1072 4665 indurubo
1103 4628 1188 4682 cor
1211 4613 1356 4682 ejus;
1385 4610 1484 4664 nisi
1506 4653 1518 4674 ,
1543 4611 1674 4664 Cum
1704 4611 1881 4666 abillo
1911 4612 2084 4669 ablata

503 4682 658 4764 fuerit
687 4681 866 4764 gratia
884 4699 1023 4748 mea,
1052 4681 1332 4764 obdurabit
1353 4682 1498 4764 illum
1525 4682 1758 4763 nequitia
1787 4698 1878 4764 sua
1892 4683 2006 4764 ?_lEt
2030 4695 2088 4740 ut

506 4753 607 4806 hoc
637 4753 934 4807 evidentius
963 4755 1128 4822 pos~il
1158 4753 1392 4821 agnosci,
1424 4753 1654 4823 aliquam
1685 4754 2086 4810 similitudinem

506 4824 572 4876 de
589 4823 749 4877 rebus
761 4823 1057 4878 visibilibus
1076 4823 1332 4877 Cbaritati
1361 4835 1550 4878 vestrae
1565 4825 1933 4894 proponimus.
1965 4827 2088 4881 Sic-

504 4895 748 4968 utuenim
785 4895 994 4963 quoties
1051 4895 1213 4968 nimio
1258 4894 1632 4968 frigoreiaqua
1678 4897 2083 4968 eoustriugitur,

502 4965 630 5019 solis
673 4966 850 5019 calore
895 4966 1302 5033 superveniente
1349 4965 1653 5027 resolvitur,
1685 4977 1739 5021 et
1781 4965 2088 5022 discedente

435 5045 440 5051 '
501 5036 689 5108 eodem
724 5037 837 5090 sole
878 5035 1067 5108 iterum
1105 5035 1394 5108 obduratur
1419 5054 1432 5089 :
1461 5036 1530 5090 ita
1559 5037 1807 5091 nimirum
1843 5049 2088 5108 peccato-

505 5122 620 5160 rum
667 5106 859 5176 frigore
899 5104 1193 5175 refrigescit
1230 5107 1462 5160 cbaritas
1501 5104 1911 5173 multorum,'ct
1943 5111 2087 5164 velut

503 5179 699 5246 glacies
737 5179 1096 5239 obtlurautur;
1126 5187 1326 5230 etcum
1369 5179 1448 5232 eis
1487 5181 1679 5233 iterum
1714 5179 1861 5233 calor
1893 5180 2086 5234 divina:

505 5249 882 5320 misericordia:
921 5249 1322 5316 supervenerit,
1360 5249 1740 5320 resolvuntur;
1786 5251 1874 5308 ille
1908 5252 2086 5320 utique

503 5322 648 5372 calor
686 5319 752 5373 de
791 5335 896 5388 quo
932 5325 1192 5390 scriptum
1218 5329 1336 5373 est:
1373 5317 1492 5373 Non
1517 5329 1585 5372 est
1614 5321 1698 5390 qui
1726 5337 1780 5374 se
1816 5317 2088 5375 abscondat

501 5407 532 5441 a
562 5391 728 5443 calore
755 5390 864 5457 eius
895 5389 1061 5454 (Psal.
1093 5406 1219 5444 xvm
1241 5433 1254 5450 .
1279 5391 1356 5459 7).
1394 5391 1546 5457 Quod
1583 5393 1743 5445 etiam
1784 5406 1907 5462 erga
1953 5393 2086 5446 Pha-

503 5477 720 5514 raonem
768 5462 1039 5530 impletum
1082 5477 1202 5515 esse
1247 5462 1648 5530 cognoscimus,
1683 5477 1709 5512 a
1741 5478 1848 5532 quo
1880 5467 2086 5532 quoties

504 5532 707 5602 ﬂagella
727 5541 926 5586 remota
944 5542 1088 5596 sunt,
1103 5541 1287 5586 cootra
1314 5534 1476 5585 Deum
1500 5548 1556 5586 se
1573 5532 1864 5588 obduratos
1885 5535 2083 5602 erexit;

506 5606 716 5672 quoties
743 5619 870 5658 vero
893 5603 1116 5658 afﬂictus
1147 5615 1246 5667 est,
1281 5602 1551 5657 humiliter
1572 5604 1906 5674 supplicavit.

567 5741 582 5770 ³
612 5747 690 5789 Ms.
716 5753 781 5805 ᾳ,
806 5737 1400 5805 ethﬂagetlaremovendo,
1434 5751 1543 5790 eum
1560 5774 1575 5802 ,
1599 5747 1695 5791 etc.
1722 5746 1769 5789 It.
1804 5753 1944 5805 vero,
1972 5754 2016 5793 s.
2037 5750 2089 5797 et

499 5799 611 5863 mh,
633 5815 694 5852 nc
713 5799 969 5866 meum;
994 5803 1120 5851 wide
1158 5813 1284 5862 ewn,
1311 5809 1405 5851 etc.
1562 5799 1576 5815 ’λ

1958 307 2319 380 WW-

2273 427 2329 484 5.
2383 424 2486 505 cur
2528 423 2671 505 Dem
2710 442 2830 505 amr
2871 442 3046 505 omnes
3086 426 3476 505 inisericordim
3526 431 3787 505 ﬂagellet.

2203 497 2316 563 Qua
2340 501 2534 552 ratione
2573 499 2772 552 dicatur
2811 499 3072 554 indurare.
3115 497 3290 567 Quare
3318 507 3496 556 autem
3526 497 3787 562 Dominus

2209 579 2396 643 noster
2447 585 2551 625 non
2595 585 2782 625 omnes
2814 571 2889 643 ita
2931 570 3670 643 misericorditerﬂagellat,
3726 585 3787 633 ut

2200 642 2401 696 nullum
2453 650 2635 694 contra
2679 657 2739 696 se
2775 641 3025 696 obdurari
3073 641 3384 710 permittat?
3435 641 3542 698 A’ut
3568 641 3784 704 illorum

2199 711 2464 780 iniquitati
2515 712 2603 781 qui
2687 711 2934 766 obdurari
2990 723 3266 767 merentur
3297 754 3313 778 ,
3366 713 3782 774 adscribendum

2207 793 2326 844 est,
2382 791 2475 858 aut
2499 783 2564 836 ad
2616 782 2974 842 inscrutabilia
3022 783 3117 858 Dei
3163 783 3359 851 judicia
3408 785 3782 858 referendum,

2197 867 2314 924 (pne
2375 853 2687 922 plerumque
2759 863 2885 908 sunt
2954 854 3190 921 occulta,
3277 871 3544 924 nunquam
3603 853 3781 916 tamen

2199 923 2411 991 injusta.
2446 924 2609 978 Nobis
2646 940 2773 993 ergo
2813 924 3042 979 sufficiat
3069 927 3152 993 pie
3178 933 3233 978 ct
3258 923 3534 983 humiliter
3560 931 3785 986 credere

2197 995 2326 1070 illud
2371 995 2510 1070 quod
2536 996 2842 1070 _Appstolus
2883 995 3050 1070 dixit,
3086 994 3350 1070 Numquid
3376 999 3617 1068 iniquitas
3646 1005 3786 1070 apud

2195 1063 2403 1120 Deum?
2431 1067 2567 1120 Absit
2590 1067 2767 1136 (Rom.
2801 1083 2853 1124 Ix
2873 1109 2899 1138 ,γ
2923 1068 3037 1134 id);
3069 1077 3123 1122 ct
3160 1063 3286 1122 illud
3325 1063 3471 1138 quod
3496 1071 3546 1124 iu
3573 1063 3784 1130 cantico

2195 1138 2570 1209 consuevimus
2601 1138 2844 1206 psallere,
2877 1137 3010 1209 Deus
3037 1137 3222 1204 ﬁdelis,
3248 1140 3299 1192 in
3329 1137 3426 1209 quo
3449 1158 3551 1195 non
3576 1155 3651 1197 est
3678 1145 3782 1198 iui-

2193 1208 2358 1285 quitas
2389 1208 2563 1285 (Deut.
2592 1225 2758 1272 xxxu,
2787 1210 2863 1285 4).
2895 1208 3062 1285 Unde,
3088 1213 3225 1285 sicut
3246 1208 3354 1285 jam
3379 1214 3628 1285 superius
3657 1230 3782 1285 sug-

2192 1280 2332 1350 gessi
2377 1279 2445 1334 de
2476 1280 2751 1334 Pharaone
2771 1321 2784 1343 ,
2817 1279 2918 1335 hoc
2957 1280 3072 1334 sine
3097 1281 3269 1350 aliqua
3301 1282 3632 1340 dubitatione
3660 1279 3782 1342 crc-

2193 1349 2408 1424 damus,
2435 1350 2575 1424 quod
2613 1367 2734 1424 eum
2775 1367 2884 1424 non
2924 1361 3038 1424 tam
3086 1349 3452 1422 Dei'potentia
3490 1370 3650 1424 quam
3688 1357 3780 1411 Dei

2196 1421 2444 1493 patientia
2476 1422 2660 1476 fecerit
2685 1422 2956 1476 obdurari.
2983 1423 3149 1490 Quam
3179 1421 3290 1478 rem
3317 1425 3476 1478 etiam
3507 1421 3624 1493 ipso
3645 1442 3779 1481 con-

2193 1491 2374 1546 fitente
2402 1493 2673 1548 evidenter
2710 1493 3064 1563 agnoscimus.
3099 1494 3187 1547 Sic
3216 1496 3358 1549 enim
3393 1497 3504 1563 ipse
3530 1491 3656 1552 cum
3689 1514 3781 1552 ca-

2193 1564 2494 1631 stigaretur,
2521 1564 2722 1633 justitia
2761 1564 3109 1632 compelleute
3155 1565 3426 1634 professus
3451 1578 3569 1622 est:
3600 1568 3784 1622 Domi-

2192 1651 2289 1707 nus
2301 1635 2492 1707 justus,
2517 1652 2606 1704 ego
2634 1646 2800 1688 autem
2825 1645 2869 1689 et
2896 1634 3114 1704 populus
3141 1654 3278 1689 meus
3301 1638 3446 1704 impii
3468 1637 3668 1707 (Exod.
3699 1657 3780 1706 Ix,

2191 1704 2308 1769 97).
2339 1705 2452 1773 Qua
2473 1721 2600 1775 ergo
2629 1708 2950 1777 conscientia
2977 1708 3298 1762 christianos
3325 1704 3488 1763 Deum
3520 1704 3782 1777 injustam

2193 1791 2310 1850 esse
2331 1778 2693 1850 conqueritur,
2714 1793 2871 1846 quem
2894 1776 3095 1846 justum
3124 1778 3281 1832 etiam
3310 1796 3404 1834 rex
3428 1776 3622 1850 impius
3647 1797 3783 1837 con-

2194 1846 2403 1900 fitetur?
2428 1849 2556 1902 Nam
2586 1850 2636 1902 iu
2668 1859 2868 1902 tantum
2903 1865 3006 1903 non
3034 1864 3158 1905 cum
3190 1850 3329 1904 Deus
3359 1846 3784 1909 irrevocabiliter

2191 1917 2516 1992 obduravit,
2544 1929 2602 1973 ut
2644 1929 2765 1989 post
2807 1920 2994 1992 decem
3042 1921 3222 1989 plagas
3263 1922 3512 1992 populum
3536 1923 3632 1978 Dei
3671 1941 3782 1981 non

2191 1989 2711 2062 solum_dimitteret,
2745 1991 2836 2045 sed
2867 1991 3024 2044 etiam
3053 1993 3198 2045 exire
3222 1989 3588 2061 com—pelleret.
3623 1996 3788 2062 Quod

2193 2059 2334 2112 enim
2359 2059 2544 2135 decem
2575 2062 2739 2135 plagis
2761 2077 3045 2135 percussus
3070 2061 3263 2118 fecisse
3289 2059 3500 2132 legitur,
3523 2059 3787 2135 post'pri-

2193 2145 2335 2204 mam
2387 2133 2788 2202 castigationem
2838 2133 3061 2204 implere
3113 2136 3351 2203 potuisse
3413 2133 3780 2204 cognoscitur.

2191 2200 2358 2268 Quam
2412 2200 2542 2256 rem'
2570 2205 2728 2257 etiam
2773 2200 2930 2258 cirea'
2968 2200 3280 2260 vernaculos
3350 2200 3561 2260 nostros
3625 2224 3786 2264 exer-

2192 2287 2317 2326 cere
2363 2275 2755 2335 consuevimus,
2789 2291 2920 2343 quos
2947 2276 3106 2328 nimis
3135 2275 3359 2331 delicate
3401 2285 3495 2330 aut
3534 2279 3668 2332 satis
3701 2295 3784 2334 re-

2191 2344 2353 2417 misse
2398 2347 2687 2417 nutrimus,
2724 2346 2803 2400 vel
2850 2347 3040 2415 quibus
3085 2346 3390 2417 frequenter
3438 2351 3788 2417 peccantibus

2191 2413 2548 2489 indulgemus.
2590 2416 2723 2489 Cum
2765 2413 2906 2470 enim
2949 2417 3158 2485 pejores
3180 2413 3266 2472 'de
3311 2413 3789 2489 ipsa'remissione

2191 2486 2506 2562 redduntur,
2539 2488 2772 2562 solemus
2807 2489 2884 2541 eis
2917 2489 3304 2562 exprobrantes
3327 2486 3507 2546 dicere
3535 2508 3546 2543 :
3581 2492 3701 2562 Ego
3738 2505 3789 2549 te

2193 2557 2348 2634 talem
2380 2557 2507 2621 feci;
2539 2559 2753 2634 egotibi
2780 2559 3045 2634 parcendo
3074 2561 3413 2634 proterviam
3440 2570 3580 2615 tuam
3614 2557 3789 2634 negli-

2191 2627 2532 2705 gentiamque
2565 2633 2580 2660 ι
2615 2629 2829 2705 nutrivi.
2861 2630 2926 2684 Et
2953 2629 3068 2682 ba‘c
3092 2645 3196 2705 non
3222 2630 3342 2687 ideo
3363 2632 3614 2705 dicimus,
3636 2627 3787 2705 quod

2191 2713 2256 2771 ex
2277 2699 2552 2771 voluntate
2587 2708 2764 2753 nostra
2796 2701 2845 2754 in
2878 2710 3077 2753 tantam
3122 2703 3230 2756 sint
3271 2704 3573 2771 superbiam
3605 2699 3787 2761 devo-

2190 2768 2323 2834 luti;
2347 2770 2608 2844 sedquia
2631 2771 2798 2844 magis
2825 2771 2893 2844 de
2920 2771 3157 2844 bonitate
3190 2773 3277 2844 vel
3320 2768 3644 2844 indulgentia
3683 2793 3788 2832 no-

2191 2848 2298 2894 stra
2341 2841 2533 2895 fuerint
2561 2841 2824 2895 obdurati.
2849 2841 2918 2894 Ita
2941 2849 2996 2895 et
3021 2843 3161 2896 Deus
3186 2843 3254 2897 de
3281 2841 3557 2900 Pharaone
3589 2847 3792 2904 fecisse

2192 2911 2561 2991 dignoscitur}.
2580 2912 2715 2991 du_m_
2744 2912 2811 2966 ab
2840 2913 2929 2966 illo
2957 2912 3205 2991 ineffabili
3237 2915 3563 2991 benignitate
3596 2919 3790 2991 plagas

2191 2983 2486 3063 suspendit,
2509 2983 2598 3038 ille
2614 2982 2878 3038 obdurato
2914 2983 3077 3040 corde
3113 2994 3297 3040 contra
3321 2982 3490 3042 Déum
3517 2982 3790 3059 superﬁus

2191 3063 2432 3105 erigitur.

2353 3123 2560 3190 Quoties
2608 3126 2961 3200 peccavimus,
3002 3126 3318 3200 eicemosyne
3357 3131 3433 3184 uel
3477 3131 3792 3200 ρωηίιεηεὶω

2189 3194 2615 3272 medicamentum
2639 3197 2825 3272 anima;
2852 3197 3146 3272 vulneribus
3175 3194 3432 3269 apponere
3460 3194 3786 3272 festinemus.

2191 3262 2304 3344 Ego
2334 3265 2486 3344 vobis
2504 3307 2518 3331 ,
2544 3266 2733 3344 fratres
2758 3267 3058 3344 charissimi
3083 3311 3094 3335 ,
3129 3262 3256 3344 lucc
3270 3262 3602 3342 suggerendo
3629 3279 3788 3344 quasi

2192 3334 2422 3406 indicula
2467 3337 2708 3406 quaadam
2760 3339 2962 3393 directa
3007 3334 3658 3399 et'obscuravivnsinuare'
3693 3353 3794 3401 cu-'

2189 3405 2348 3478 rari:
2383 3421 2478 3478 vos
2507 3423 2632 3478 vero
2672 3409 2715 3462 si
2762 3410 2848 3478 pio
2885 3419 2939 3463 et
2981 3411 3121 3464 fideli
3159 3414 3360 3477 animo,
3391 3414 3526 3468 sicut
3549 3430 3790 3473 consue-

2192 3475 2344 3554 vislis
2364 3517 2398 3554 ,_
2419 3475 2710 3554 Scripturze
2755 3475 2955 3554 divina-7
2983 3493 3323 3554 sacramenta
3349 3475 3641 3554 respicitis,
3670 3488 3789 3541 Do-

2192 3547 2338 3628 mino
2368 3547 2618 3628 donante,
2645 3550 2852 3628 plenius
2872 3552 2995 3620 quid
3024 3553 3101 3628 rei
3129 3555 3325 3628 veritas
3347 3547 3558 3619 habeat.
3580 3547 3792 3628 cogno-

2191 3619 2369 3672 scetis.
2391 3619 2512 3695 _Nos
2555 3636 2712 3695 vero,
2763 3619 2952 3676 fratres
2990 3623 3292 3695 Acharissimi
3314 3667 3328 3691 ,
3356 3629 3445 3695 qui
3477 3628 3528 3680 in
3556 3619 3790 3686 veritate

2190 3689 2546 3771 agnoscimus,
2576 3693 2716 3760 quod
2747 3708 2818 3771 es
2853 3693 3188 3771 multitudine
3209 3689 3552 3771 peccatorum
3582 3700 3786 3771 despe-

2192 3762 2326 3814 ratio
2348 3762 2603 3840 nascitur,
2624 3771 2677 3840 et
2694 3779 2760 3818 ex
2784 3763 3155 3840 desperatione
3173 3762 3452 3840 obduratip
3472 3762 3786 3840 generatur,

2192 3831 2486 3904 secundum
2510 3833 2643 3887 illud
2667 3834 2808 3902 quod
2834 3831 2994 3904 supra
3029 3836 3229 3892 dictum
3257 3848 3361 3904 est,
3396 3831 3650 3895 PeEcator
3672 3831 3789 3896 cuni

2191 3902 2377 3978 penei-it
2408 3903 2460 3978 in
2490 3906 2800 3978 profundum
2825 3902 3094 3971 malorum,
3123 3902 3594 3978 contemnit(Prov.
3623 3929 3785 3977 XVIII,

2191 3971 2250 4095 5)
2277 3990 2288 4023 :
2313 3971 2523 4042 quoties
2558 3971 2711 4031 nobis
2753 3977 2924 4045 aliqua
2970 3989 3184 4047 peccata
3229 3971 3630 4050 subrepserint,
3667 3971 3788 4042 sine

2191 4058 2222 4094 tt
2245 4042 2296 4095 la
2328 4058 2474 4095 mora
2503 4046 2945 4095 medicamentum
2968 4050 3320 4095 eleemnsvnm
3348 4053 3429 4095 νρΙ
3453 4057 3788 4095 ηηρηῖιρηιῑηη

2191 4042 2307 4122 tilla
2328 4058 2474 4098 mora
2503 4042 2945 4122 medicamentum
2968 4042 3320 4121 cleemosyuae
3348 4042 3430 4106 vel
3453 4042 3788 4122 pmnitentire

2191 4111 2505 4192 festinemus
2519 4117 2813 4192 animarum
2837 4128 3133 4192 nostrarum
3157 4111 3466 4177 vulneribus
3474 4111 3782 4192 providere.

2192 4184 2402 4265 Utiliter
2421 4189 2562 4269 enim
2592 4189 2847 4269 malagma
2865 4190 3051 4269 calidis
3079 4192 3252 4269 adhuc
3276 4184 3583 4269 vulneribus
3610 4212 3786 4269 appo-

2192 4259 2354 4338 nitur.
2400 4265 2456 4313 et
2497 4259 2601 4338 cito
2649 4259 2718 4313 ad
2763 4261 3042 4338 sanitatem
3084 4263 3275 4338 vulnus
3318 4266 3608 4338 reducitur,
3639 4259 3788 4338 quod

2193 4334 2500 4409 putrescere
2538 4330 2693 4409 longa
2729 4330 2984 4409 abusione
3012 4349 3114 4389 non
3142 4335 3353 4388 sinitur.
3396 4337 3464 4409 Et
3493 4330 3614 4409 ideo
3643 4330 3787 4409 quo-

2192 4399 2522 4476 tiescumque
2551 4399 2926 4469 delinquimus,
2952 4415 3168 4471 peccata
3213 4416 3393 4460 nostra
3429 4408 3638 4476 judices
3663 4399 3790 4467 ’ποθ

2192 4471 2438 4543 sentiant,
2470 4485 2577 4523 non
2606 4479 2894 4540 patronos;
2926 4487 3266 4532 accusatores
3289 4471 3508 4543 Suos,'et
3543 4495 3652 4533 non
3686 4483 3787 4538 de-

2193 4537 2434 4593 fensores
2459 4555 2578 4619 esse
2604 4537 2956 4619 cognoscant;
2989 4547 3281 4602 secundum
3318 4537 3444 4603 illud
3472 4550 3612 4619 quod
3635 4537 3786 4608 scri-

2193 4619 2341 4678 ptum
2372 4620 2453 4665 est
2485 4629 2498 4662 :
2527 4609 2851 4680 Iniquitatem
2877 4632 3140 4692 meamggo
3165 4609 3503 4692 cognoscoLet'
3520 4634 3789 4692 peccatum

2192 4697 2355 4761 meum
2386 4693 2560 4761 contra
2585 4699 2662 4761 me
2689 4694 2761 4761 est
2784 4701 2980 4755 semper
3011 4691 3027 4758 (
3052 4688 3191 4742 Psal.
3218 4688 3277 4752 IL,
3308 4691 3383 4761 5).
3417 4690 3495 4746 Tu
3520 4688 3787 4761 agnosce,

2193 4762 2246 4805 et
2281 4755 2416 4807 Deus
2445 4755 2691 4834 ignoscit.
2719 4755 2848 4834 N_am
2875 4772 2980 4834 quo
3009 4755 3161 4834 pacto
3190 4761 3328 4816 Deus
3346 4755 3602 4832 dignetur
3629 4755 3788 4834 igno;

2193 4836 2364 4904 scerp,
2396 4825 2534 4904 quod
2570 4826 2619 4904 i_u
2652 4841 2711 4904 se
2747 4825 2907 4904 homo
2944 4825 3256 4904 dedignatur
3279 4825 3610 4902 agno'scere'?
3636 4825 3790 4904 ῥυο,

2194 4893 2354 4947 modo
2379 4895 2520 4949 enim
2558 4897 2599 4949 si
2628 4896 2800 4964 aliqua
2828 4897 2976 4970 plaga
3006 4893 3094 4954 aui
3121 4893 3339 4970 aliquod
3363 4899 3555 4960 vulnus
3580 4906 3632 4960 in
3647 4893 3788 4962 cor-

2194 4975 2526 5042 porc_n_ostro
2551 4970 2950 5042 supervenerit,
2981 4972 3096 5025 sine
3121 4973 3293 5042 auna
3325 4990 3472 5028 mora
3510 4977 3788 5033 medicum

2192 5035 2528 5111 requirimus,
2551 5047 2605 5092 et
2630 5037 3010 5111 medicamenta
3043 5035 3309 5111 apponere
3337 5045 3648 5104 festinamus
3674 5069 3688 5103 :
3717 5052 3787 5104 ita

2193 5105 2328 5183 etin
2353 5106 2544 5183 anima:
2574 5108 2876 5183 vulneribus
2914 5105 3166 5183 exercere
3208 5114 3494 5183 debemus;
3537 5135 3605 5173 ne
3647 5121 3790 5175 forte

2194 5174 2238 5228 si
2271 5175 2388 5243 plus
2408 5175 2472 5228 de
2494 5179 2734 5246 corporis
2760 5195 2918 5244 quant
2939 5181 3006 5235 de
3031 5185 3221 5238 animai
3249 5187 3420 5240 salute
3447 5174 3790 5245 sollicitisu-

2194 5260 2344 5326 Inus,
2389 5247 2584 5328 injusto
2617 5247 2818 5328 judicio
2863 5253 3108 5328 ancillam
3137 5256 3367 5312 dominae
3396 5259 3750 5328 prarfercntes
3772 5306 3786 5328 ,

2193 5321 2609 5401 increpationem
2639 5321 2999 5401 propheticam
3033 5341 3334 5401 mereamur
3360 5321 3643 5401 eicipere:
3673 5321 3789 5385 Πολ

2194 5403 2294 5473 mo,
2323 5390 2512 5473 inquit,
2537 5392 2734 5473 cunrin‘
2757 5393 2946 5473 honore
2963 5405 3114 5473 esset,
3142 5413 3241 5473 non
3262 5390 3545 5473 intellexit;
3573 5421 3790 5473 compa-

2191 5468 2428 5542 ratus-cst
2447 5461 2690 5542 jumentif
2718 5461 3168 5542 insipientibus,”
3191 5470 3369 5525 similis
3395 5461 3557 5542 factus
3586 5484 3656 5528 est
3678 5461 3792 5532 ita;

2196 5529 2372 5614 (Ρδηίἶ
2398 5547 2561 5585 ιιινιιι
2583 5574 2597 5598 ,
2628 5535 2742 5614 15)..
2766 5529 2877 5590 lloc
2904 5540 3046 5614 enim
3074 5529 3240 5614 :nobis
3276 5529 3525 5612 expedit,
3565 5553 3620 5598 ut
3663 5529 3790 5614 plus

2194 5601 2260 5686 de
2281 5603 2479 5684 annua:
2517 5601 2779 5686 quain-de
2805 5610 3044 5686 corporis
3073 5601 3437 5686 incolumitate
3464 5601 3786 5686 cogitemus,

2193 5683 2248 5742 et
2278 5675 2560 5744 imaginem
2601 5675 2696 5731 Dei
2727 5676 2798 5730 ita
2828 5678 2882 5734 in
2902 5675 3061 5736 nobis
3089 5683 3398 5742 studeamus
3422 5675 3691 5756 excolere,
3724 5675 3786 5744 ui

2257 5807 2957 5873 *Inuss.,negligentiam
