4026 6362
526 373 663 433 1791

525 487 716 544 ducem
760 489 1040 546 Hebraeum
1089 503 1102 541 :
1149 486 1284 542 Dum
1330 483 1622 542 Pharaonis
1649 483 1886 540 dominio
1923 498 2106 539 carere

527 563 801 624 volumus,
844 559 1162 624 discrimen,
1203 559 1492 630 inquiunt,_
1527 557 1854 630 invenimus;
1887 566 1940 610 et
1981 571 2103 630 cum

525 632 820 686 voluntarie
859 631 1058 685 servire
1107 627 1384 694 nolumus,
1428 627 1494 682 ad
1527 627 1816 697 periculum
1855 627 2102 698 perveni-

525 719 645 756 mus
674 721 686 756 :
720 700 942 756 exhibes
973 701 1141 765 mala,
1171 702 1360 770 quibus
1400 699 1575 770 adhuc
1592 713 1770 770 usque
1805 698 2102 770 promittis;

525 789 624 827 nec
647 782 695 827 te
719 773 964 844 interitus
986 773 1154 826 nostri
1183 768 1454 826 auctorem
1477 769 1912 844 intelligis_,_dum
1941 768 2104 822 tantis

523 845 679 898 malis
705 840 992 897 obnoxium
1035 859 1140 896 non
1185 844 1447 910 agnoscis.
1478 841 1680 906 Quibus
1725 840 1934 910 Moyses
1977 855 2104 894 san-

521 916 790 968 ctissimus
815 915 888 967 ait
916 932 928 966 :
961 913 1038 968 Ne
1079 913 1402 976 formidetis,
1433 913 1560 978 viri,
1593 921 1764 966 estote
1795 911 1896 964 fide
1925 925 2104 964 arma-

526 986 593 1046 ti,
639 985 838 1040 cretlite
883 985 1102 1040 verbum
1131 986 1270 1055 quod
1311 985 1550 1038 sentietis
1599 983 1854 1055 futurum,
1893 980 2106 1055 credite

521 1055 797 1110 victoriam
823 1065 1051 1110 vestram
1086 1051 1194 1123 jam
1229 1069 1552 1126 preperare,
1599 1063 1652 1126 et
1679 1054 1853 1122 gentis
1879 1051 2107 1126 furentis

521 1126 815 1180 interitum.
847 1127 966 1180 Non
1000 1122 1458 1182 ct'msentientibus
1481 1125 1648 1178 ventis
1672 1138 1927 1193 aquarum
1953 1122 2104 1176 volu-

521 1196 664 1250 mina
711 1197 1033 1266 itnpcrfeCtis
1067 1197 1313 1252 cursibus
1370 1195 1737 1266 refrenantur,
1801 1211 1869 1266 ne
1924 1194 2105 1266 hostes

526 1277 728 1322 vestros
767 1264 891 1322 ante
930 1269 1152 1338 puniant
1185 1284 1342 1338 quam
1381 1267 1676 1338 jubeutur._
1703 1265 1905 1338 Statim
1923 1264 2106 1318 divino

517 1337 666 1408 jussu
699 1341 859 1410 virga:
887 1335 990 1392 ictu
1021 1335 1284 1409 rumpitur
1311 1354 1475 1402 mare,
1508 1336 1756 1410 ettlivisis
1785 1335 1940 1410 undis
1959 1349 2107 1410 cam-

521 1405 618 1479 pos
645 1405 803 1478 quos'
827 1421 1010 1464 natura
1056 1405 1162 1464 non
1207 1418 1455 1472 noverat,
1509 1407 1768 1479 exhibuit.
1829 1405 2105 1479 Hiantibus

523 1475 676 1534 undis
725 1479 876 1546 freti,
907 1495 1100 1534 arcana
1144 1492 1192 1536 et
1225 1480 1386 1534 maris
1413 1489 1615 1534 secreta
1656 1477 1892 1532 declarat
1940 1475 2100 1531 unda.

519 1549 753 1620 Erigitur
781 1553 830 1604 itt
857 1553 1121 1605 cumulum
1155 1553 1389 1620 pelagus,
1423 1559 1475 1604 et
1502 1564 1772 1620 murorum
1797 1549 1964 1620 instar
1987 1562 2106 1602 sus-

525 1619 718 1690 pensos
746 1619 1188 1678 exhibetliuctus.
1211 1619 1295 1676 Fit
1319 1623 1464 1674 littus
1491 1621 1576 1674 ubi
1591 1619 1762 1674 fuerat
1786 1619 2020 1690 pelagus,
2051 1625 2106 1672 et

521 1688 688 1746 limite
713 1703 859 1746 recto
891 1692 972 1746 via
1001 1695 1314 1763 porrigitur,
1347 1691 1432 1745 ubi
1463 1691 1683 1763 populus
1709 1689 1920 1763 Domini
1943 1688 2106 1763 mira:-

521 1763 699 1816 biliter
725 1758 1058 1832 graderetur.
1097 1758 1188 1819 llis
1215 1777 1442 1831 namque
1467 1758 1600 1815 ivisis
1630 1761 1864 1832 populus
1893 1758 2102 1832 Domini

524 1829 750 1904 propter
771 1849 828 1888 se
854 1845 1038 1888 cuncta
1063 1845 1208 1904 gesta
1240 1829 1514 1904 cognovit,
1547 1831 1771 1904 etjussu
1813 1829 2102 1904 divinoin-

521 1901 756 1971 trepidus
783 1905 1034 1958 introivit.
1070 1901 1426 1968 'Atnbulabat,
1473 1903 1665 1972 inquit,
1715 1915 1966 1964 securus,
1999 1901 2106 1972 Do-

521 1975 666 2028 mino
715 1985 978 2044 pugnante
1018 1977 1262 2032 invictus.
1295 1971 1555 2044 Sequitur
1581 1973 1870 2044 Pharaonis
1899 1971 2104 2026 exerci-

521 2055 604 2098 tus
628 2043 879 2114 aquarum
921 2047 1181 2116 supplicio
1221 2043 1506 2116 periturus.
1555 2043 1780 2098 Putabat.
1797 2044 1914 2116 illic
1945 2056 2104 2116 posse

519 2130 578 2170 se
607 2111 840 2186 pugnare
860 2159 876 2182 ,
906 2111 1000 2172 ubi
1025 2111 1178 2171 'solus
1203 2111 1324 2172 cum
1350 2116 1461 2186 suis
1497 2117 1669 2168 fuerat
1697 2111 1984 2186 periturus.
2014 2111 2104 2186 Sic

521 2183 699 2256 itaque
743 2188 996 2244 Dominus
1041 2189 1246 2242 locutus
1285 2195 1368 2242 est
1413 2185 1576 2256 Moysi
1610 2203 1646 2256 4:
1701 2183 1849 2256 Nunc
1880 2183 2105 2256 advenit

525 2254 736 2326 Egypli
779 2259 1044 2313 interitus.
1073 2259 1218 2326 Quos
1241 2259 1384 2314 enim
1411 2254 1720 2322 disperdere
1748 2254 1930 2320 volui,
1971 2269 2102 2324 sup-

521 2329 676 2396 plicio
709 2330 808 2382 hoc
841 2329 1058 2382 abolere
1087 2329 1342 2397 disposui.
1374 2327 1453 2380 Ad
1483 2327 1764 2397 priStiuum
1791 2333 1984 2397 statum
2015 2339 2103 2378 re-

520 2399 640 2452 deat
665 2403 855 2460 maris,
887 2400 1025 2468 quod
1055 2396 1262 2460 fuerat;
1285 2407 1340 2452 ut
1367 2397 1589 2468 salutem
1613 2396 1804 2468 justis,
1831 2396 2102 2468 interitum

519 2478 770 2533 operetur
791 2465 1016 2536 injustis.
1041 2469 1330 2523 Confestim
1356 2469 1506 2536 jussu
1531 2465 1712 2520 divino
1743 2466 1938 2535 impetu
1965 2467 2104 2521 facto

519 2537 756 2609 Egyptii
789 2542 1096 2608 rapiuntur,
1129 2549 1184 2594 et
1203 2539 1354 2593 ruina
1385 2553 1640 2607 aquarum
1669 2537 2102 2609 Oppressi_lluctu

519 2606 761 2664 vol—vente
807 2606 860 2664 in
881 2611 1056 2666 littore
1087 2606 1478 2680 projiciunlur,
1495 2617 1622 2680 ante
1636 2609 1840 2680 mortui
1863 2606 2104 2680 Egyptii

515 2697 672 2752 quam
717 2681 1010 2735 incolumes
1047 2677 1389 2752 pervenirent
1437 2679 1668 2734 Hebraei.
1721 2677 1851 2752 [huc
1874 2677 2103 2752 vindicta

515 2751 808 2876 delhebatur
827 2793 842 2816 ,
877 2761 934 2806 ιιι
959 2749 1116 2808 citius
1146 2753 1376 2822 periret,
1405 2753 1492 2820 qui
1536 2749 1791 2818 consequi
1821 2749 2105 2820 denegavit

517 2837 572 2876 sa
601 2831 762 2876 utcm.

517 2831 762 2878 salutem.

1017 2915 1245 2971 SERMO
1283 2915 1452 2970 XXIV
1484 2916 1583 2986 (a).

774 3010 850 3064 De
874 3011 954 3064 via
977 3012 1128 3065 trium
1155 3011 1370 3066 dierum.
1409 3009 1581 3066 Exod.
1615 3026 1708 3065 vm

610 3102 662 3156 1.
714 3102 978 3156 Transitus
1028 3105 1182 3156 maris
1215 3103 1407 3166 Rubri,
1441 3102 1689 3170 Baptismi
1715 3103 1901 3172 ﬁgura.
1941 3099 2102 3156 Trina

516 3173 714 3226 mersio.
748 3172 802 3226 1η
857 3173 1174 3228 lectionibus
1223 3173 1442 3237 divinis,
1497 3189 1614 3242 qua:
1659 3171 1811 3226 nobis
1855 3172 2100 3240 praeteri-

517 3243 584 3296 tis
636 3241 822 3298 tliebus
891 3245 1124 3298 recitata:
1183 3253 1334 3306 sunt,
1395 3241 1691 3296 audivimus
1739 3242 1954 3311 Moysen
2016 3243 2100 3295 di-

515 3314 657 3368 xisse
687 3313 980 3380 Pharaoni,
1019 3313 1163 3368 Viam
1185 3317 1336 3366 trium
1357 3315 1548 3366 dierum
1573 3313 1752 3366 ibimus
1777 3315 1830 3365 in
1852 3317 2100 3366 desertum

513 3401 626 3438 cum
650 3385 788 3440 omni
827 3385 1017 3454 papula
1047 3385 1334 3453 sacriﬁcare
1367 3383 1604 3437 Domino.
1644 3384 1958 3454 Videamus,
1993 3385 2098 3438 fra-

515 3463 624 3525 tres
658 3453 1013 3520 dilectiSsimi,
1045 3455 1170 3524 quid
1215 3457 1284 3508 sit
1329 3455 1456 3509 illud
1487 3454 1628 3524 quod
1669 3455 1800 3508 dixit
1847 3453 2055 3525 Moyses
2078 3496 2093 3520 ,

527 3524 670 3579 Viam
699 3528 848 3579 trium
885 3527 1080 3580 dierum
1119 3526 1300 3580 ibimus
1330 3527 1382 3578 in
1432 3527 1712 3591 desertum,
1733 3537 1780 3578 et
1815 3524 2100 3578 immolabi-

515 3613 626 3650 mus
661 3597 879 3650 Domino
923 3596 1031 3650 Deo
1072 3609 1259 3650 nostra.
1293 3597 1415 3650 Haec
1443 3596 1658 3666 quidem
1705 3595 1914 3649 volebat
1949 3595 2098 3666 Moy-

513 3679 636 3730 ses;
682 3667 776 3722 sed
815 3667 1210 3722 contradicebat
1237 3665 1478 3728 Pharao.
1516 3677 1570 3721 et
1599 3667 1812 3720 nolebat
1841 3665 1977 3720 ﬁlios
2023 3665 2099 3720 ls-

515 3738 628 3792 rael
667 3753 698 3790 a
739 3753 798 3792 se
849 3737 1004 3806 longe
1044 3737 1338 3792 discedere.
1389 3736 1610 3790 Nolebat
1651 3738 1900 3806 princeps
1941 3736 2100 3806 hujus

517 3807 700 3862 mundi
740 3808 1032 3862 exercitum
1065 3809 1272 3862 Domini
1323 3809 1478 3860 triqu
1523 3807 1734 3861 dierum
1764 3817 2100 3861 sacramenta

515 3893 870 3947 cognoscere;
903 3879 992 3932 illa
1026 3879 1204 3946 utique
1243 3887 1574 3932 sacramenta
1596 3918 1610 3942 ,
1643 3877 1709 3931 de
1739 3877 1929 3946 quibus
1971 3892 2099 3946 pro-

517 3948 678 4018 pheta
707 3948 840 4003 dixit
867 3967 878 4002 :
923 3947 1202 4016 Viviﬁcabit
1231 3965 1320 4003 nos
1342 3958 1452 4018 post
1482 3948 1609 4018 duos
1635 3948 1741 4002 dies
1763 3989 1778 4012 ,
1807 3948 1860 4000 in
1885 3947 1966 4000 die
1994 3959 2098 4002 ter-

517 4017 588 4090 tia
607 4019 864 4074 suscitabit
913 4019 1064 4090 (Osee
1089 4019 1276 4090 v55).
1319 4017 1494 4090 Prima
1534 4017 1650 4090 dies
1681 4019 1871 4090 passio
1889 4019 2100 4073 Domini

516 4089 810 4145 Salvatoris
835 4088 944 4156 est,
993 4088 1352 4158 secunda'qua
1379 4089 1652 4144 descendit
1683 4089 1748 4142 ad
1791 4088 2056 4143 infernum
2081 4131 2096 4155 ,

513 4162 672 4215 tertia
701 4170 878 4216 autem
923 4161 1326 4216 resurrectionis
1369 4170 1449 4214 est
1486 4161 1620 4214 dies.
1673 4159 1740 4212 Et
1767 4158 1885 4214 ideo
1913 4159 1966 4213 in
2011 4159 2100 4214 die

515 4233 668 4286 tertia
701 4233 838 4286 Deus
864 4231 1212 4286 antecedebat
1248 4245 1340 4286 eos
1368 4246 1461 4300 per
1481 4231 1620 4284 dietn
1645 4230 1694 4284 in
1723 4231 1970 4284 columna
1997 4246 2099 4284 nu—

517 4301 598 4356 bis
619 4344 634 4367 ,
665 4318 758 4370 per
785 4313 993 4358 noctem
1025 4311 1201 4356 autem
1229 4305 1280 4356 in
1309 4303 1555 4356 columna
1588 4300 1754 4370 ignis;
1784 4301 2100 4370 duciturque

517 4373 746 4442 populus
769 4387 864 4440 per
907 4387 1054 4426 mare
1080 4371 1507 4442 Rttbrum.Tres
1535 4371 1830 4442 enimgdies
1873 4375 2100 4442 noniin-

517 4440 749 4512 coitgrue
793 4457 1074 4511 possumus
1111 4442 1320 4504 dicere,
1353 4441 1562 4496 Patrem
1590 4453 1644 4495 et
1671 4440 1861 4496 Filium
1893 4453 1947 4496 et
1981 4441 2102 4510 Spi-

518 4513 675 4566 ritum
699 4523 938 4567 sanctum
970 4529 984 4566 :
1016 4513 1136 4582 quia
1163 4521 1216 4566 et
1238 4512 1404 4582 Pater
1432 4513 1545 4566 dies
1565 4522 1646 4582 est
1667 4553 1680 4575 ,
1713 4521 1764 4566 et
1794 4512 1958 4566 Filius
1983 4513 2100 4567 dies

517 4593 616 4647 est,
649 4593 702 4637 et
726 4583 950 4652 Spiritus
979 4581 1191 4638 sanctus
1217 4581 1331 4636 dies
1361 4590 1475 4646 est;
1505 4581 1640 4652 etrhi
1667 4591 1775 4636 tres
1803 4599 1937 4636 unus
1962 4583 2098 4640 dies.

519 4653 613 4708 Via
640 4651 794 4707 trium
841 4654 1048 4708 dierum
1071 4697 1085 4718 ,
1113 4669 1215 4722 qua
1252 4654 1423 4708 exitur
1448 4653 1514 4708 de
1539 4651 1798 4723 Egypto.
1829 4663 1973 4708 recte
2017 4654 2100 4706 in-

519 4723 774 4796 telligitur
813 4725 900 4779 ille
929 4725 1016 4796 qui
1047 4725 1180 4778 dixit
1211 4743 1222 4778 :
1255 4723 1365 4794 Ego
1395 4741 1505 4796 sum
1537 4725 1648 4796 ria,
1679 4723 1860 4776 veritas
1900 4735 1968 4796 et,
1998 4724 2100 4778 vita

519 4794 696 4868 (Joan.
726 4811 846 4868 ξίν.
879 4794 964 4864 6)ξ
986 4797 1116 4868 Quia
1145 4811 1300 4848 nemo
1325 4795 1470 4848 venit
1494 4794 1558 4848 ad
1593 4794 1972 4868 Patretn,_nisi
2005 4809 2101 4863 per

519 4863 712 4936 ipsum.
741 4863 859 4936 Ipse
889 4863 972 4936 est
998 4867 1080 4920 via
1105 4907 1117 4928 ,
1147 4883 1239 4936 per
1267 4881 1424 4934 quant
1462 4867 1694 4936 populus
1720 4865 1810 4934 qui
1835 4865 1946 4936 Deo
1973 4880 2103 4919 con-

513 4935 751 5008 iungitur
769 4977 784 5001 ,
813 4935 881 4990 de
907 4935 1172 5008 Egypto’,
1219 4936 1272 4990 id
1298 4945 1421 5008 est,
1443 4935 1510 5008 de
1539 4935 1802 5008 idolorum
1842 4935 2101 5008 gobserva-

519 5005 662 5062 tione
688 5007 932 5062 educitur
963 5005 1061 5062 :Cét
1097 5023 1191 5075 per
1221 5022 1368 5062 mare
1395 5005 1630 5060 Rubrum
1659 5005 1854 5060 Christi
1884 5007 2100 5076 sangui-

519 5095 584 5132 ne
613 5078 994 5143 rubicundum,
1022 5087 1076 5132 et
1116 5077 1343 5146 quodam
1381 5075 1539 5148 modo
1581 5077 1690 5145 jam
1735 5085 1860 5130 tunc
1901 5077 1955 5130 in
1985 5075 2100 5148 iny-

517 5150 682 5204 sterio
709 5157 1104 5214 consecratum,
1128 5158 1373 5218 tauquam
1397 5165 1490 5216 per
1515 5147 1770 5216 Baptismi
1793 5147 2100 5202 sacramen-

519 5229 628 5274 tum
661 5220 935 5274 Pharaoue
979 5219 1285 5282 submerso,
1330 5219 1556 5286 pepulus
1603 5218 1698 5272 Dei
1743 5218 1984 5285 eripitur.
2035 5219 2102 5272 Et

520 5306 648 5346 vere
673 5291 742 5344 ita
777 5289 864 5355 fit,
909 5291 1102 5346 fratres
1135 5308 1146 5343 :
1175 5289 1385 5361 quando
1429 5291 1483 5342 in
1502 5289 1724 5361 salutari
1755 5289 1965 5361 lavacro
1993 5296 2100 5361 ter-

520 5363 592 5417 tio
619 5361 902 5416 Christiani
944 5357 1282 5432 merguntur,
1313 5370 1440 5432 tunc
1479 5358 1746 5432 Egyptii,
1795 5357 1848 5432 id
1879 5368 1960 5432 es_t
1989 5359 2097 5432 ori-

518 5434 711 5506 ginalia
751 5443 966 5502 peccata
995 5429 1079 5488 vel
1107 5431 1332 5486 actualia
1359 5429 1619 5496 crimina,
1659 5429 1808 5500 quasi
1834 5430 1884 5483 in
1917 5429 2098 5485 Rubro

581 5595 653 5654 (a)
670 5593 812 5652 Alias,
827 5593 892 5643 de
914 5601 1154 5654 Tempore
1174 5589 1254 5641 90.

581 5595 632 5654 (a
670 5595 812 5652 Alias,
827 5595 892 5643 de
914 5601 1154 5654 Tempore
1174 5595 1254 5641 90.

579 5595 653 5720 (lt)
675 5663 724 5720 tu
756 5655 1030 5720 Appendice
1053 5666 1182 5720 nunc
1201 5652 1406 5720 primum
1427 5647 1707 5720 collocatur:
1729 5647 1964 5713 Pleraque
1987 5657 2101 5720 sunt

517 5711 876 5792 Origenis,_'_éx
907 5717 1059 5792 ipsius
1097 5711 1392 5792 initi—nodum
1427 5711 1642 5792 Hpmiliis
1679 5711 1986 5792 dfpl-ompta...
2029 5719 2096 5792 De

518 5773 653 5832 num.
682 5781 706 5830 1
742 5773 837 5830 vid.
875 5773 981 5830 e’its
1025 5775 1188 5827 homil.
1222 5777 1256 5825 5
1287 5781 1336 5826 et
1359 5775 1422 5838 ὅς
1455 5773 1520 5824 de
1543 5787 1676 5824 num.
1699 5773 1814 5836 2,5,
1843 5773 2008 5824 hemil.
2033 5775 2095 5837 3;

517 5845 584 5892 de
601 5855 733 5893 num.
749 5842 799 5904 Δ,
819 5843 870 5902 5,
893 5793 1058 5892 fromn.
1082 5840 1114 5888 3
1135 5845 1189 5891 et
1207 5837 1255 5886 6.

1969 360 2336 418 APPENDIX.

3669 369 3810 431 im

2215 483 2346 560 mari
2374 485 2737 560 sepeliuntur;
2769 499 2822 543 et
2868 487 2991 544 tltiis
3017 487 3178 546 Israel
3209 488 3707 560 pertranseuntibus
3735 494 3804 548 ad

2215 554 2307 637 Dei
2333 557 2781 637 serv.itiu_tn_,__sola
2811 561 3082 628 patiuntur
3107 554 3322 637 peccata
3353 559 3714 637 naufragium.
3739 564 3808 637 Et

2213 627 2256 680 si
2301 626 2492 704 aliquis
2527 627 2734 682 dubitet
2761 626 2822 684 et
2853 641 3000 699 putet
3037 626 3143 688 non
3173 634 3350 704 omnia
3376 626 3592 704 peccata
3629 634 3804 690 deleri

2215 697 2685 774 per_Baptismum,
2710 697 2962 774 agnoscat
2983 711 3038 758 et
3065 703 3348 774 intelligat,
3377 697 3502 773 quia
3531 705 3804 772 quomodo

2213 768 2390 822 nullus
2419 772 2676 824 remansit
2703 771 3074 843 Egyptiorum
3092 817 3106 839 ,
3135 777 3212 830 sic
3232 768 3622 831 nihilremauet
3651 779 3800 845 peni-

2211 847 2309 908 tus_
2323 850 2688 908 peccatorum.
2746 906 2752 908 _
2955 896 2966 906 ,

2279 892 2346 956 εἴ
2373 892 2899 954 camar'samorum
2921 896 3028 948 sine
3047 910 3185 949 voce.
3212 892 3318 950 Sed
3347 899 3630 962 antequam
3659 905 3812 948 mare

2209 971 2454 1026 Rubrum
2499 969 2832 1032 transiretur,
2867 966 3115 1020 clamavit
3157 966 3368 1036 Moyses
3398 964 3462 1018 ad
3501 964 3804 1036 Dominum.

2212 1043 2494 1110 Quomodo
2516 1041 2746 1096 clamat?
2777 1039 2926 1092 Nulla
2970 1037 3084 1110 ejus
3125 1053 3226 1110 vox
3244 1035 3521 1110 :clamoris
3551 1035 3805 1110 aud_ilnr_;

2207 1107 2262 1170 et
2279 1125 2452 1168 tamen
2482 1115 2610 1168 dicit
2631 1115 2695 1169 ad
2717 1127 2837 1166 eum
2863 1110 3022 1174 Deus,
3053 1109 3188 1175 Quid
3205 1109 3396 1160 clamas
3415 1107 3483 1158 ad
3506 1123 3584 1159 me
3607 1107 3804 1166 (Exod.

2209 1202 2322 1252 xw,
2359 1187 2483 1256 15)?
2505 1186 2678 1238 Velim
2709 1184 2842 1238 scire
2867 1181 3136 1256 quomodo
3166 1179 3658 1256 sanctiﬁsinevoce
3673 1181 3806 1256 fla-

2209 1247 2352 1310 ment
2412 1247 2699 1311 :id‘Deum.
2757 1247 3043 1322 Apostolus
3088 1251 3264 1314 docet,
3325 1249 3454 1313 Quia
3485 1249 3620 1300 dedit
3665 1247 3808 1322 Deus

2208 1328 2456 1399 Spiritum
2485 1327 2610 1380 Filii
2629 1329 2707 1382 sui
2731 1329 2780 1379 in
2804 1321 3038 1399 cordibus
3066 1323 3604 1399 nostris“clamantem,
3639 1321 3802 1399 Abba,

2209 1392 2350 1468 pater
2377 1399 2578 1466 (Galat.
2611 1416 2680 1464 tv,
2705 1399 2781 1466 6).
2819 1399 2882 1452 Et
2912 1394 3219 1468 alibiplpse
3253 1393 3478 1468 Spiritus
3513 1392 3808 1468 interpellat

2207 1463 2298 1540 pro
2327 1463 2466 1526 nabis
2493 1463 2754 1540 gemitibus
2781 1463 3234 1540 inenarrabilibus,‘
3255 1475 3316 1540 et
3339 1463 3808 1540 ll._(3_l'tttll,-_Qttt-tttt-

2206 1533 2303 1596 tem
2325 1533 2579 1598 scrutatur
2595 1559 2737 1596 rencs
2755 1551 2801 1594 et
2828 1543 3002 1602 corda,
3021 1547 3114 1591 snt
3140 1537 3264 1604 quid
3281 1537 3526 1588 desideret
3549 1533 3609 1598 S;
3629 1534 3806 1594 tritus;

2239 1615 2323 1667 uia
2351 1615 2626 1669 secundum
2677 1613 2836 1666 Deum
2867 1611 3086 1678 postulat
3113 1625 3204 1680 pro
3234 1607 3422 1659 sanctis
3467 1604 3644 1680 (Rom.
3687 1617 3802 1680 vnt,

2239 1631 2323 1667 ιιια
2351 1631 2626 1669 secundum
2677 1631 2836 1666 Ut’ttm
2867 1631 3086 1678 postutat
3113 1631 3204 1680 pro
3234 1631 3422 1659 sartth
3467 1631 3644 1674 μιυηι.
3690 1631 3802 1670 un,

2203 1631 2292 1751 g6,
2333 1687 2446 1756 Ἦ).
2488 1686 2576 1741 Sic
2618 1700 2746 1754 ergo
2795 1685 3088 1752 inSpirante
3134 1680 3334 1756 Spiritu
3385 1675 3631 1756 sancto‘,
3663 1677 3806 1744 apud

2205 1747 2372 1812 Deum
2400 1747 2496 1828 per
2518 1747 2785 1812 silentium
2819 1747 3123 1828 sanctorum
3153 1747 3616 1828 clamorauditur:

2275 1831 2327 1886 '5.
2368 1818 2544 1886 C'rttcis
2575 1829 2869 1900 mysterium
2893 1827 3130 1900 iupirga.
3161 1818 3804 1900 @gyptiumspiritualem

2202 1903 2314 1970 quis
2344 1891 2647 1972 exstinguit:
2673 1900 2797 1954 Post
2823 1891 3170 1972 litecjubetur
3197 1895 3404 1963 Moyses
3431 1891 3574 1972 virga
3605 1905 3804 1972 percu-

2203 1967 2316 2028 tere
2341 1988 2488 2028 mare
2509 1967 2707 2042 '(Exod.
2741 1987 2852 2034 xw,
2886 1969 2994 2038 lli).
3021 1967 3074 2020 In
3103 1969 3244 2042 virga
3265 1967 3806 2042 mysteriumrsanctm

2203 2047 2378 2100 crucis
2407 2031 2699 2114 agnoscite.
2719 2031 2982 2097 Etverum
3003 2049 3101 2104 est,
3125 2031 3348 2090 fratres:
3373 2031 3636 2114 attendite
3655 2035 3804 2086 enim

2201 2125 2256 2170 et
2283 2105 2478 2182 videte,
2507 2117 2648 2186 quod
2681 2115 2781 2168 nisi
2817 2114 2958 2182 virga
2983 2127 3141 2178 supra
3167 2121 3313 2161 mare
3339 2105 3806 2186 eleveturzpopu-

2199 2188 2284 2244 lus
2311 2189 2402 2242 Dei
2429 2173 2496 2244 de
2525 2173 2831 2242 'l‘haraonis
2869 2173 3128 2252 potestate
3167 2196 3287 2252 non,
3317 2178 3535 2230 tollitur.
3577 2173 3669 2228 Sic
3695 2185 3800 2240 est,

2201 2258 2392 2315 fratres
2433 2259 2754 2314 charissitni.
2789 2257 2844 2310 Si
2872 2251 3055 2308 sancta
3081 2267 3210 2308 crux
3244 2251 3446 2304 elevata
3492 2263 3597 2299 non
3629 2255 3802 2314 esset,

2199 2330 2538 2386 Christianus
2557 2329 2782 2400 populus
2805 2330 2854 2382 in
2877 2335 3136 2380 aeternum
3158 2325 3400 2400 perisset.
3427 2319 3646 2400 Elevata
3671 2333 3808 2400 vero

2201 2403 2372 2474 virga,
2421 2403 2470 2456 id
2521 2391 2643 2474 est;
2675 2415 2839 2454 cruce
2889 2405 3086 2474 erecta.
3125 2391 3266 2449 cedit
3311 2405 3475 2474 mare,
3519 2391 3720 2474 cedunt
3749 2399 3810 2474 et

2199 2461 2394 2530 ﬂuc'tu's
2444 2475 2557 2542 ejus
2587 2461 2736 2527 {hoc
2779 2481 2882 2536 est,
2931 2469 3159 2542 vincitur
3207 2465 3460 2542 mundus,
3509 2473 3562 2515 et
3593 2461 3808 2542 _mnndi

2201 2547 2352 2600 istius
2383 2533 2696 2616 potestates.
2727 2533 2946 2612 Cogitur
2973 2555 3101 2608 ergo
3125 2539 3318 2591 fluctus
3420 2533 3727 2616 cumulum,
3747 2542 3810 2586 et

2201 2617 2344 2672 unda
2375 2606 2426 2672 i'n
2455 2617 2740 2686 semetipsa
2763 2606 3008 2686 repressa
3039 2606 3312 2686 curvatur.
3344 2606 3812 2686 Soliditatem-re-

2199 2689 2330 2758 cipit
2355 2689 2548 2758 liquor.
2580 2675 3240 2759 etIsoluuintarisarescit
3277 2679 3654 2759 inpulverenv.
3693 2675 3808 2728 Bo-

2200 2749 2424 2820 nitateni
2445 2759 2714 2820 Creatoris
2735 2756 2995 2820 intelligc.
3018 2749 3491 2820 Sivolnnizttiejus
3515 2749 3809 2814 obtempe-

2205 2831 2311 2878 res,
2335 2817 2380 2870 si
2407 2818 2576 2886 legem
2603 2817 2766 2886 ipsius
2791 2817 3050 2887 sequaris,
3077 2817 3190 2887 ipsa
3219 2817 3312 2872 tibi
3336 2819 3597 2873 elementa
3623 2821 3800 2876 etiam

2206 2895 2388 2958 contra
2431 2888 2512 2942 sui
2561 2895 2800 2942 naturam
2831 2889 3032 2944 servire
3059 2889 3351 2957 compellit.
3378 2887 3605 2944 Oremus
3638 2906 3799 2958 ergo,

2205 2955 2396 3033 fratres
2417 2958 2772 3033 dilectissimi1
2795 2967 2853 3033 ut
2879 2959 3133 3033 Dominus
3151 2955 3505 3033 nosterquod
3527 2960 3598 3015 de

2205 3027 2331 3094 ptiis
2361 3027 2485 3082 fecit
2513 3029 2564 3082 in
2593 3030 2721 3082 mari
2741 3029 2942 3096 Rubro,
2969 3029 3122 3084 faciat
3149 3031 3200 3084 iu
3231 3027 3394 3085 corde
3413 3032 3536 3086 etin
3565 3027 3804 3098 corpore

2208 3107 2410 3171 nostro,
2443 3109 2510 3171 ut
2526 3097 2618 3153 det
2647 3101 2798 3154 nobis
2829 3101 3076 3154 virtutem
3107 3109 3154 3154 et
3189 3101 3506 3171 adjutorium
3557 3097 3802 3171 Spiritus

2205 3168 2471 3243 sanc_ti.ut
2499 3169 2552 3224 in
2569 3171 2733 3243 Anubis
2763 3171 2892 3238 ipsis
2917 3168 3506 3243 spiritualesIEgyptios
3523 3168 3802 3243 possimus

2205 3241 2862 3314 exstinguere.Exstingttit
2879 3244 3266 3314 namtltte,5pirit
3279 3241 3799 3314 ualenuEgyptium,

2205 3311 2291 3382 qui
2321 3325 2423 3364 non
2451 3312 2558 3380 agit
2577 3327 2736 3378 opera
2761 3313 3117 3366 tenebrarum.
3139 3313 3436 3380 Exstiuguit
3461 3311 3800 3382 Egyptium,

2203 3381 2292 3453 qui
2325 3397 2429 3436 non
2456 3383 2760 3444 carnaliter,
2803 3383 2896 3434 scd
2935 3383 3278 3451 spiritualitcr
3307 3387 3447 3437 vivit.
3485 3381 3800 3453 Eitstiuguit

2207 3449 2537 3524 {Egyptium
2568 3453 2668 3524 qui,
2683 3449 3028 3524 cogitationes
3057 3454 3298 3508 sordidas
3327 3463 3382 3508 et
3427 3455 3662 3523 impuras
3681 3449 3804 3510 ’νει

2205 3521 2426 3590 depellit
2450 3539 2516 3577 ex
2544 3523 2726 3588 corde,
2756 3521 2854 3576 'vel
2885 3524 3104 3578 omnino
3147 3539 3251 3578 non
3281 3527 3472 3593 recipit
3499 3521 3517 3578 Ξ
3543 3527 3684 3579 sicut
3737 3534 3804 3581 et

2203 3593 2489 3665 Apostolus
2514 3593 2640 3665 dicit
2673 3611 2684 3648 :
2713 3594 3031 3647 Assumcntcs
3063 3605 3260 3648 scutum
3296 3595 3435 3662 fidei,
3469 3597 3520 3649 in
3545 3613 3644 3664 quo
3671 3613 3802 3665 pos-

2202 3663 2369 3736 simus
2382 3665 2556 3736 omnia
2577 3664 2674 3718 tela
2705 3665 2916 3735 maligni
2931 3665 3090 3736 ignita
3109 3667 3441 3735 exstinguere.
3467 3663 3692 3736 (Epltes.
3715 3683 3798 3732 vt,

2205 3734 2318 3806 16).
2356 3734 2468 3789 lloc
2496 3751 2622 3804 ergo
2653 3737 2810 3806 modo
2833 3734 3118 3804 possumus
3149 3734 3304 3790 hodie
3329 3734 3487 3790 etiam
3507 3734 3803 3806 Egyptios

2205 3805 2386 3860 videre
2405 3815 2708 3860 mortuoset
2727 3805 2968 3878 jacentes
2996 3807 3060 3860 ad
3089 3807 3258 3872 littus,
3286 3808 3552 3878 submergi
3573 3805 3802 3876 quadri-

2202 3889 2296 3944 gas
2325 3891 2508 3930 eorum
2537 3885 2591 3930 et
2613 3891 2798 3945 equos.
2833 3876 3121 3932 Possumus
3147 3878 3307 3932 etiam
3333 3876 3666 3932 Pharaonem
3717 3879 3802 3932 vi-

2203 3945 2331 4000 dere
2349 3945 2637 4014 submergi,
2669 3947 2712 4000 si
2745 3955 2884 4000 tanta
2917 3947 3019 4018 fide
3045 3949 3304 4014 vivamus,
3345 3957 3401 4000 ut
3451 3949 3594 4003 Deus
3641 3949 3802 4018 pacis

2205 4023 2445 4086 conterat
2471 4025 2706 4071 satanam
2735 4019 2834 4072 sub
2865 4017 3086 4086 pedibus
3113 4021 3308 4072 nostris
3331 4019 3605 4073 velociter.

2273 4087 2328 4141 4.
2375 4085 2470 4160 Via
2516 4089 2664 4141 trium
2703 4085 2898 4142 dierum
2941 4089 3064 4158 quid
3113 4089 3442 4160 intelligatur.
3485 4089 3576 4142 Via
3621 4090 3799 4146 etiam

2207 4155 2366 4230 trium
2396 4157 2600 4230 dierum
2649 4167 2822 4230 potest
2856 4155 3117 4230 intelligi,
3149 4155 3295 4214 bene
3337 4160 3570 4230 cogitare
3598 4201 3615 4226 ,
3647 4161 3800 4216 bene

2205 4227 2370 4300 loqui,
2409 4229 2543 4282 bene
2568 4229 2793 4298 operari.
2820 4299 2831 4300 ί
2855 4229 2916 4283 Et
2943 4227 3126 4284 revera
3169 4231 3258 4300 qui
3290 4231 3390 4286 hoc
3408 4227 3543 4300 agit,
3593 4238 3646 4284 et
3677 4241 3802 4288 tota

2205 4299 2368 4351 animi
2420 4300 2612 4352 virtute
2649 4299 2918 4364 custodit,
2973 4315 3078 4354 non
3135 4299 3199 4354 ini
3229 4311 3412 4364 nocte.
3445 4299 3540 4356 sed
3587 4302 3644 4354 in
3705 4302 3804 4358 die

2205 4369 2478 4434 ambulat;
2525 4385 2622 4424 nec
2651 4369 2790 4424 ﬁlius
2823 4371 3184 4436 tenebrarum,
3217 4372 3312 4426 sed
3345 4373 3481 4425 ﬁlius
3509 4371 3644 4425 lueis
3669 4372 3804 4426 efﬁ-

2203 4440 2380 4510 citur:
2409 4449 2462 4494 et
2491 4440 2738 4510 impletur
2757 4441 2808 4494 in
2841 4441 2930 4494 illo
2957 4441 3083 4495 illud
3109 4442 3250 4510 qttod
3297 4443 3582 4510 Apostolus
3611 4441 3752 4496 dicit
3783 4461 3802 4499 :

2204 4507 2400 4580 Fuistis
2419 4507 2689 4580 aliquando
2720 4511 2949 4576 tenebrat,
2975 4529 3108 4566 nunc
3127 4507 3295 4566 autem
3317 4507 3406 4566 tua:
3429 4513 3482 4566 in
3527 4512 3756 4566 Domino
3781 4531 3804 4576 ,-

2203 4579 2384 4654 utﬁlii
2421 4579 2546 4654 lucis
2570 4581 2822 4654 ambulate
2863 4579 2974 4652 (Id.
3016 4599 3081 4654 v,
3125 4583 3204 4654 8).
3235 4584 3458 4651 Quando
3489 4583 3688 4654 fuimus
3716 4592 3804 4654 te-

2204 4651 2411 4724 nebrae,
2433 4651 2670 4706 fratres?
2701 4651 2890 4724 Utique
2911 4653 3124 4724 quando
3151 4651 3264 4708 vias
3293 4656 3460 4708 noctis
3483 4653 3800 4724 ambulavi-

2205 4737 2344 4786 mus,
2365 4722 2416 4776 id
2440 4731 2542 4796 est,
2562 4723 2774 4796 quando
2803 4722 3393 4796 malumcogitavimus,
3423 4725 3618 4777 malum
3645 4723 3798 4778 dixi-

2204 4807 2342 4857 mus,
2381 4795 2575 4846 malum
2628 4794 2786 4848 etiam
2817 4795 3020 4864 operati
3050 4794 3251 4848 sumus.
3313 4797 3500 4849 Postea
3539 4809 3668 4848 vero
3701 4811 3804 4850 ve-
3855 4794 3874 4846 Ἴ

2204 4865 2412 4918 nientes
2439 4863 2504 4916 ad
2527 4864 2816 4930 Christum,
2845 4863 2942 4935 per
2965 4865 3130 4933 ipsius
3155 4866 3376 4935 gratiam
3421 4865 3804 4934 relinquamus

2203 4948 2364 5004 opera
2381 4935 2738 5000 tenebrarum,
2757 4943 2812 4989 et
2830 4935 2966 4990 bene
2995 4936 3294 5004 cogitando,
3339 4935 3475 4990 bene
3493 4937 3800 5004 loquendo,

2203 5003 2340 5058 bene
2366 5005 2654 5072 operando,
2683 5007 2824 5058 viam
2865 5006 2997 5060 lucis
3029 5003 3248 5061 currere
3297 5003 3634 5061 festinemus.
3665 5006 3804 5060 Ista:

2203 5089 2330 5144 ergo
2359 5085 2489 5146 sunt
2511 5085 2617 5130 tres
2643 5075 2759 5138 viae,
2797 5091 2894 5144 per
2927 5091 3060 5146 quas
3101 5079 3408 5146 pervenitur
3447 5076 3512 5130 ad
3543 5077 3746 5131 coelum
3783 5095 3800 5132 :

2203 5146 2340 5199 sicut
2360 5153 2417 5218 et
2440 5145 2544 5199 illa:
2568 5155 2682 5218 tres
2707 5146 2822 5218 alia:
2852 5145 3124 5218 sunt,7per
3166 5161 3298 5218 quas
3321 5157 3586 5200 amatores
3601 5147 3806 5202 mundi

2205 5216 2520 5286 perveniunt
2565 5217 2616 5270 in
2667 5215 2956 5282 infernum,
3006 5217 3108 5272 hoc
3145 5215 3250 5282 est,
3291 5219 3488 5272 malum
3529 5219 3806 5286 cogitare,

2205 5287 2400 5338 malum
2423 5285 2620 5357 dicere,
2650 5287 2846 5340 malum
2879 5289 3071 5343 facere.
3095 5287 3198 5343 Ista
3228 5299 3312 5343 est
3333 5290 3436 5342 lata
3463 5297 3520 5342 et
3551 5285 3808 5357 spatiosa

2203 5357 2288 5410 via
2319 5371 2434 5424 quae
2461 5356 2604 5429 ducit
2630 5357 2696 5410 ad
2715 5357 3083 5426 perditionem.
3118 5359 3186 5413 Et
3221 5375 3317 5429 per
3343 5360 3472 5414 istas
3499 5356 3612 5412 vias
3639 5358 3810 5414 dives

2202 5436 2524 5552 purpuratus
2552 5427 2826 5482 descendit
2853 5431 2904 5482 in
2933 5429 3196 5484 infernum
3225 5427 3352 5498 Sper
3379 5431 3498 5484 illas
3513 5445 3642 5484 vero
3657 5431 3810 5484 alias

2249 5512 2434 5550 azarus
2461 5497 2526 5550 ad
2557 5499 2780 5552 Abrahzc
2827 5501 3104 5552 pervenire
3157 5503 3352 5552 meruit
3395 5504 3590 5552 sinum.
3653 5499 3808 5552 Istas

2249 5512 2434 5550 azarns
2461 5497 2526 5550 ad
2557 5499 2780 5554 Abrahae
2827 5501 3104 5568 pervenire
3157 5497 3352 5556 meruit
3395 5504 3590 5555 sinum.
3653 5499 3808 5556 Istas

2203 5579 2314 5622 tres
2341 5569 2453 5624 vias
2479 5569 2686 5624 obsidet
2739 5570 3003 5634 inimicus,
3037 5573 3176 5626 sicut
3201 5573 3268 5625 de
3303 5573 3597 5627 Pharaoms
3625 5586 3802 5626 aer-

2203 5643 2310 5694 citu
2339 5639 2562 5710 legimus
2587 5659 2598 5693 :
2627 5639 2831 5695 Electos
2851 5659 3138 5696 ascensorcs
3161 5653 3326 5696 ternos
3346 5653 3533 5698 stantes
3555 5643 3810 5697 demersit

2209 5771 2840 5899 ampgdﬁigenemzsic
2881 5787 2998 5840 ergo
3041 5775 3373 5842 utterpettaute
3405 5773 3587 5838 Spiritu
3629 5783 3813 5828 sane.
