4062 6368
255 387 399 445 1793

247 519 304 570 in
331 529 476 584 marg
500 512 735 567 Rubrum
763 509 955 584 (Εωοά.
987 525 1076 575 xv,
1094 511 1148 575 4,
1196 523 1304 566 sec.
1336 507 1523 584 LXX).

329 587 383 640 ὅ.
431 583 586 640 Idem
617 581 862 637 tractatur
899 589 1268 652 argumentum.
1311 583 1412 648 Qui
1439 581 1563 637 sunt
1584 581 1674 638 isti
1695 583 1852 640 electi

253 654 618 714 ascensores?
640 653 806 708 Electi
833 655 1011 722 utique
1050 668 1079 706 a
1107 652 1319 706 diabolo
1343 652 1409 707 ad
1452 654 1734 720 luxuriam,
1784 655 1852 710 ad

253 728 546 788 malitiam,
570 725 636 780 ad
665 726 902 780 omnium
950 723 1210 777 malorum
1239 735 1398 793 caput
1425 725 1745 793 superbiam.
1790 727 1855 780 Et

256 796 314 851 hi
341 813 473 864 ergo
503 797 640 850 terni
685 803 908 857 stantes,
939 794 1067 848 istas
1095 802 1204 849 tres
1233 795 1480 850 obsident
1504 795 1638 859 vias,
1670 805 1727 849 ut
1763 796 1854 852 ille

253 880 352 921 aut
381 867 659 921 hominem
691 865 756 920 ad
783 880 942 934 opera
970 866 1111 919 mala
1151 865 1443 932 subvertat,
1495 876 1585 921 aut
1614 866 1700 920 ille
1739 881 1855 922 ser-

253 953 478 992 monem
503 938 701 992 malum
725 935 921 1004 eliciat,
952 944 1044 990 aut
1083 936 1172 991 ille
1199 937 1570 1006 cogitationem
1615 938 1848 1005 iniquam

253 1017 602 1078 extorqueat.
621 1007 724 1062 Sed
757 1007 881 1060 felix
911 1015 994 1062 est
1017 1008 1106 1076 qui
1138 1015 1274 1062 totas
1305 1018 1412 1062 tres
1437 1009 1564 1061 istas
1591 1008 1851 1072 vias,Deo

252 1077 570 1148 adjuvante.
601 1080 865 1143 devitans,
902 1093 996 1145 per
1023 1086 1190 1132 totum
1221 1078 1448 1132 triduum
1474 1079 1540 1133 de
1558 1079 1849 1134 Pharaonis

252 1152 520 1205 societate
553 1149 808 1214 discedit;
856 1150 927 1202 ita
969 1157 1027 1202 ut
1079 1149 1279 1202 nullum
1321 1149 1393 1202 illi
1435 1150 1573 1204 diem
1603 1150 1849 1218 princeps

251 1220 918 1286 subtrahattenehrarum,
932 1235 1029 1274 nec
1041 1220 1376 1289 splendorem
1401 1219 1520 1274 fidei
1538 1221 1653 1290 ejus
1679 1228 1849 1274 vertat

254 1291 308 1344 in
359 1301 603 1348 noctem.
659 1291 726 1345 Et
771 1290 912 1355 ideo,
968 1291 1176 1354 fratres,
1229 1291 1482 1345 faciamus
1529 1291 1654 1344 illud
1705 1290 1845 1360 quod

253 1363 520 1431 scriptum
549 1371 668 1418 est:
704 1361 855 1416 Omni
880 1361 1108 1432 custodia
1137 1376 1277 1415 serva
1302 1373 1544 1415 carinum
1567 1360 1744 1432 (Prov.
1769 1377 1841 1424 tv,

251 1432 366 1503 25).
394 1432 815 1503 Consideremus
841 1448 959 1503 cum
985 1431 1077 1486 Dei
1105 1432 1388 1502 adjutorio,
1411 1445 1466 1487 et
1485 1433 1846 1486 custodiamus

252 1501 344 1556 cor
367 1504 536 1558 simul
563 1514 620 1559 et
638 1501 992 1558 conscientias
1023 1501 1260 1567 nostras;
1295 1511 1348 1557 et
1380 1503 1426 1558 si
1457 1515 1535 1557 est
1565 1505 1842 1572 quisquam

256 1573 308 1644 in
339 1574 527 1640 nobis,
554 1576 636 1630 cui
659 1572 1038 1644 cogitationem
1068 1574 1259 1626 malam
1289 1573 1479 1644 aliquis
1507 1574 1573 1627 de
1594 1574 1844 1644 principi-

250 1643 350 1697 bus
383 1647 728 1700 tenebrarum
757 1643 960 1713 injecit,
1004 1653 1258 1711 quantum
1292 1643 1464 1713 potest
1511 1643 1734 1707 laboret,
1786 1653 1844 1697 ut

253 1715 335 1768 vel
359 1717 412 1768 in
443 1731 699 1770 sermone
727 1731 830 1768 non
856 1724 1036 1782 peccet
1066 1733 1079 1768 :
1115 1714 1165 1767 id
1196 1723 1298 1779 est,
1324 1725 1379 1768 ut
1421 1716 1464 1768 si
1515 1715 1565 1768 ei
1594 1714 1840 1769 diabolus

255 1801 419 1838 unum
452 1786 598 1840 diem
627 1787 800 1854 rapuit
830 1795 883 1840 et
910 1786 1170 1839 convertit
1197 1787 1246 1838 in
1277 1793 1510 1851 noctem,
1538 1787 1623 1840 vel
1651 1801 1842 1839 secun-

252 1856 376 1909 dum
408 1857 554 1911 diem
591 1858 642 1910 in
672 1857 761 1910 illo
782 1856 1021 1910 obtinere
1049 1871 1151 1909 non
1183 1857 1367 1923 possit.
1415 1857 1469 1911 Si
1512 1871 1637 1910 vero
1663 1864 1715 1909 ct
1741 1855 1842 1911 hoc

252 1928 552 1982 subtilitate
583 1927 926 1982 callidissima
979 1927 1210 1994 potuerit
1237 1927 1504 1990 obtinere,
1558 1937 1615 1980 ut
1641 1926 1838 1980 malum

251 2008 302 2051 et
327 1999 498 2069 corde.
551 1999 868 2067 cogitemus,
916 2005 988 2069 et,
1015 2013 1108 2051 ore
1157 1997 1469 2066 loquamur;
1501 1998 1552 2069 isi
1569 1998 1678 2066 jam
1706 1997 1839 2052 duos

253 2067 610 2137 perdidimus,
644 2069 725 2122 vel
754 2084 913 2122 unum
940 2067 1081 2122 diem
1124 2082 1244 2121 cum
1293 2069 1386 2121 Dei
1425 2068 1687 2136 adjutorio
1711 2083 1842 2122 con-

252 2155 536 2192 servemus
558 2182 570 2203 ,
603 2154 669 2193 ne
715 2140 873 2193 etiam
905 2154 1002 2192 nos
1031 2153 1196 2207 usque
1225 2138 1290 2192 ad
1318 2153 1476 2206 opera
1506 2139 1642 2191 mala
1673 2138 1842 2206 possit

250 2210 489 2278 nequitia
522 2210 720 2265 inimici
774 2209 1101 2263 subvertere.
1143 2209 1198 2264 Si
1249 2225 1372 2263 vero
1415 2208 1600 2264 ethoc
1642 2208 1838 2264 factum

251 2292 350 2344 cst,
379 2296 485 2333 non
520 2289 696 2336 tamen
723 2281 792 2334 de
822 2278 1181 2334 misericordia
1202 2279 1580 2348 desperemus;
1613 2279 1705 2334 sed
1733 2281 1840 2333 cito

251 2367 345 2419 per
370 2354 738 2419 penitentiam
769 2350 834 2404 de
882 2351 992 2404 luto
1036 2348 1182 2403 lineis
1213 2352 1372 2419 pedes
1403 2349 1593 2403 animm
1643 2359 1839 2404 nostrae

250 2432 507 2476 excutere
537 2422 871 2477 festinemus.
918 2420 1032 2475 Non
1064 2421 1204 2474 enim
1253 2422 1363 2474 vult
1407 2421 1662 2474 Dominus
1699 2435 1839 2474 mor-

252 2503 357 2544 tem
418 2494 736 2562 peccatoris,
769 2491 862 2545 sed
894 2501 948 2545 ut
986 2500 1324 2546 convertatur
1351 2501 1404 2545 et
1443 2492 1584 2544 vivat
1625 2489 1835 2560 (Ezech.

251 2577 447 2626 Inui,
477 2565 586 2632 ll).
631 2563 718 2617 Sic
749 2573 924 2616 tamen
949 2573 1352 2627 convertamur,
1384 2578 1448 2616 ne
1479 2564 1667 2615 iterum
1688 2571 1839 2632 retro

249 2631 625 2701 reSpiciamus,
657 2650 828 2702 neque
854 2649 1013 2702 opera
1045 2634 1179 2686 mala
1208 2649 1326 2702 qum
1372 2632 1594 2687 fecimus
1615 2674 1634 2698 ,
1677 2631 1842 2686 facia-

249 2717 374 2761 mus
409 2723 423 2757 :
458 2720 559 2758 nec
585 2715 913 2758 revertamur
961 2705 1110 2771 quasi
1151 2704 1298 2757 canis
1328 2704 1394 2757 ad
1418 2704 1702 2765 vomitum;
1745 2702 1836 2758 sed

250 2774 315 2827 ad
347 2777 638 2842 pretiosam
667 2783 720 2830 et
743 2774 1144 2828 desiderabilem
1169 2775 1390 2844 patriam
1425 2774 1722 2839 tendentes,
1747 2789 1842 2844 per

247 2845 394 2897 viam
427 2846 688 2899 bonorum
713 2861 932 2915 cperum
971 2846 1340 2915 perveniamus
1379 2845 1445 2899 ad
1479 2861 1718 2914 regnum,
1757 2859 1843 2899 re-

255 2926 458 2986 gnante
472 2917 695 2970 Domino
723 2914 903 2970 nostro
931 2915 1058 2970 Jesu
1083 2914 1314 2983 Christo,
1334 2917 1426 2986 qui
1450 2917 1844 2985 vivitetregnat

254 2985 312 3038 in
355 2989 549 3042 saecula
579 2987 914 3042 szeculorum.
950 2987 1140 3041 Amen.

786 3098 1012 3154 εει).Μο
1049 3097 1193 3153 xxv
1223 3097 1320 3170 (a).

328 3215 410 3270 De
427 3232 609 3270 amara
629 3233 759 3288 aqua
789 3226 834 3270 et
855 3233 1060 3270 manna.
1089 3215 1256 3271 Exod.
1280 3232 1430 3285 capp.
1457 3229 1550 3282 xv,
1581 3213 1783 3288 xv1(b).

329 3336 379 3389 1.
433 3334 584 3406 Aqua
607 3351 806 3406 amara,
831 3332 979 3404 Legi:
999 3334 1187 3406 (_ittera.
1209 3332 1668 3406 ln_lectio_ne_qtt:e
1690 3329 1842 3406 nobis

255 3406 320 3460 ad
349 3401 547 3460 missas
604 3405 827 3474 legenda
856 3401 959 3470 est,
1000 3403 1192 3458 fratres
1239 3402 1560 3467 charissimi,
1597 3401 1840 3474 audituri

255 3490 467 3543 Sumus,
495 3476 640 3547 quod
661 3471 762 3529 filii
789 3474 948 3547 Israel
997 3485 1113 3547 posi
1155 3475 1428 3528 transitum
1477 3473 1638 3528 maris
1669 3471 1838 3525 Rubri

257 3545 530 3601 venerunt
551 3547 616 3600 ad
645 3547 808 3610 Mara,
845 3545 895 3599 id
920 3555 1020 3608 est,
1051 3545 1116 3599 ad
1151 3560 1341 3615 aquam
1371 3559 1636 3609 amaram;
1665 3553 1844 3597 etnon

257 3626 465 3686 poterat
489 3617 712 3686 populus
743 3617 922 3670 bibere
951 3631 1163 3685 aquam,
1187 3631 1251 3669 eo
1279 3615 1421 3684 quod
1455 3623 1596 3669 esset
1635 3627 1836 3667 amara.

253 3687 355 3742 Pro
382 3703 488 3757 qua
519 3705 576 3742 re
609 3687 864 3742 Dominus
888 3687 1046 3757 beato
1077 3686 1240 3756 Moysi
1265 3686 1498 3740 ostendit
1526 3687 1754 3757 lignum,
1786 3693 1839 3736 et

251 3755 550 3813 misitillud
582 3762 633 3812 in
676 3773 887 3828 aquam,
934 3765 1000 3826 _et
1024 3755 1283 3828 factaiest
1308 3757 1498 3828 dulcis,
1525 3755 1618 3827 (c).
1650 3755 1840 3828 Mirum

249 3829 542 3884 admodum
573 3838 674 3893 est,
703 3825 761 3882 ut
785 3825 980 3897 lignum
1007 3827 1312 3881 ostenderet
1339 3827 1504 3896 Moysi
1535 3825 1678 3897 quod
1715 3826 1836 3878 mit-

251 3909 386 3955 teret
418 3902 471 3954 in
527 3915 738 3969 aquam,
767 3896 1056 3954 etfaceret
1085 3913 1200 3952 eam
1216 3897 1437 3969 dulcem
1467 3896 1688 3969 ;_qtiasi_
1713 3909 1840 3950 vero

248 3987 353 4025 non
384 3967 647 4038 potuisset
675 3972 788 4024 sine
812 3971 953 4039 ligno
977 3983 1168 4037 aquam
1196 3968 1400 4022 dulcem
1425 3967 1636 4023 efficere
1661 3967 1837 4039 Deus;

248 4051 338 4112 aut
369 4036 583 4112 Moyses
612 4036 883 4095 nesciebat
908 4036 1377 4112 lignuni,‘utDeus
1403 4039 1476 4112 illi
1507 4036 1833 4112 ostenderet.

248 4111 354 4167 Sed
379 4107 672 4167 videndum
691 4121 791 4176 est,
824 4107 1181 4181 quid'decoris
1206 4110 1259 4163 in
1290 4109 1373 4164 liis
1403 4109 1624 4181 intcrio_r
1648 4107 1840 4181 habeat

248 4198 464 4238 sensus.
508 4182 742 4236 Rubrum
791 4177 934 4237 enim
961 4196 1126 4246 mare,
1156 4189 1548 4234 sacramentum
1577 4177 1836 4247 Baptismi

247 4253 607 4324 significavit:
639 4268 773 4324 aqua
809 4267 1009 4324 amara,
1040 4251 1197 4324 Legis
1223 4251 1469 4324 litteram,
1500 4249 1835 4324 significavit.

250 4320 493 4394 Déniqne
523 4324 630 4378 Lex
661 4320 706 4378 si
733 4323 1023 4377 secundum
1066 4320 1296 4376 litteram
1335 4321 1680 4390 suscipiatur,
1709 4320 1838 4394 satis

248 4389 430 4448 amara
461 4403 565 4449 est.
617 4394 892 4462 Quomodo
933 4409 1038 4447 non
1067 4402 1208 4447 esset
1233 4408 1411 4446 amara
1450 4389 1569 4462 quae
1605 4389 1833 4462 occidit,

247 4465 464 4520 dicente
491 4459 770 4534 Apostolo,
803 4464 992 4517 Littera
1017 4463 1197 4517 occidit
1227 4463 1291 4533 (ll
1322 4464 1438 4518 Cor.
1467 4459 1564 4534 ἰιι,
1589 4459 1672 4534 6)νῐ
1700 4461 1837 4526 Quid

248 4537 388 4590 enim
419 4532 823 4602 tamamarum,
850 4551 1004 4604 quam
1037 4543 1093 4588 ut
1122 4532 1254 4603 puer
1280 4545 1466 4588 octavo
1495 4532 1581 4587 die
1609 4533 1839 4604 circum-

248 4608 470 4660 cisioais
501 4607 691 4660 vulnus
715 4603 957 4676 accipiat,
993 4615 1047 4659 et
1076 4605 1304 4675 rigorem
1323 4604 1445 4659 ferri
1469 4613 1648 4658 tenera
1666 4603 1836 4676 patia-

249 4685 334 4731 tur
363 4677 630 4732 infantia?
657 4673 911 4730 Amarum
952 4677 1082 4730 satis
1106 4673 1160 4730 et
1191 4691 1523 4743 peramarum
1554 4682 1637 4729 est
1683 4673 1838 4742 hujus

247 4750 389 4819 modi
418 4750 675 4819 poculum
713 4747 889 4817 Legis,
932 4747 984 4800 in
1015 4756 1214 4800 tantum
1243 4755 1303 4819 _ut
1334 4746 1554 4819 populus
1575 4744 1698 4819 Dei,
1732 4759 1836 4819 non

249 4818 334 4874 ille
363 4813 459 4889 qui
504 4821 554 4872 in
587 4819 766 4890 Moyse
793 4813 1108 4890 'baptizatus
1133 4817 1290 4890 estin
1323 4813 1453 4870 mari
1481 4825 1535 4870 et
1573 4815 1624 4869 in
1674 4813 1833 4890 nube,

247 4891 336 4942 sed
362 4885 454 4958 qui
501 4891 551 4942 in
597 4885 782 4958 spiritu
809 4898 863 4956 et
889 4885 1022 4957 aqua
1065 4888 1356 4956 baptizatus
1376 4897 1489 4958 est,
1541 4901 1649 4958 non
1674 4885 1840 4954 possit

247 4957 428 5014 bibere
441 4961 511 5014 de
536 4957 642 5016 ista
657 4976 788 5030 aqua
816 4977 829 5012 :
853 4959 1031 5013 sedne
1051 4968 1263 5030 gustare
1283 4957 1496 5030 quidem
1521 4957 1588 5030 de
1607 4957 1840 5011 circum-

247 5031 466 5085 cisiOnis
497 5028 851 5085 amaritudine
872 5038 1064 5099 potest,
1084 5044 1182 5084 nec
1201 5028 1490 5084 hostiarum
1520 5028 1668 5099 ferre
1687 5041 1836 5082 ama-

247 5102 539 5156 ritudinem
569 5103 727 5167 valet,
775 5097 887 5155 nec
924 5101 1126 5154 sabbati
1165 5099 1576 5154 observantiam.
1617 5097 1673 5153 Si
1708 5112 1836 5152 vero

248 5173 498 5242 emendat
526 5173 665 5227 Deus
693 5173 892 5242 lignum
920 5171 1062 5242 quod
1084 5171 1320 5225 mittatur
1345 5171 1396 5224 in
1425 5169 1834 5242 hancamaritu-

248 5241 450 5313 dinem,
483 5251 542 5298 ut
559 5238 852 5298 duleis'fiat
875 5238 1011 5313 aq'ua
1037 5242 1213 5312 Legis,
1246 5249 1420 5312 potest
1443 5239 1511 5296 de
1538 5239 1625 5294 illa
1654 5238 1836 5294 bibere

249 5311 585 5369 Christianus
610 5313 856 5385 populus.

309 5448 384 5572 in)
407 5448 554 5510 Alias,
577 5447 642 5497 de
664 5455 904 5520 Tempore
924 5447 1004 5497 91.
1735 5504 1746 5516 ⁸

366 5511 386 5572 )
426 5516 480 5560 In
515 5509 790 5572 Appendtce
834 5521 961 5572 nunc
1013 5509 1218 5572 primum
1259 5505 1534 5558 collomtur.
1581 5509 1646 5572 lt;
1669 5512 1746 5554 ori

284 5505 386 5584 .(b)
426 5516 480 5584 ιε
515 5505 806 5584 intendes
834 5521 961 5584 ηιξιιο
1013 5509 1218 5584 Prima“?
1259 5505 1652 5584 99090392111335

444 5571 660 5622 Homiliis
687 5573 738 5620 in
774 5571 986 5620 Exodum
1006 5571 1279 5632 descriptus
1298 5576 1398 5632 est,
1433 5571 1656 5630 exceptis
1671 5571 1836 5632 verbis

253 5635 510 5745 perpaucis
551 5647 662 5684 cum
704 5632 1022 5706 conclusione
1058 5639 1112 5706 et
1154 5628 1434 5705 prmfatione
1460 5628 1602 5691 :quie
1635 5628 1834 5692 quidem

255 5707 304 5745 In
365 5699 488 5746 ibris
530 5701 873 5746 manuscrintis
932 5702 1100 5746 incinit
1135 5694 1266 5743 hunc
1313 5707 1362 5742 in
1399 5691 1593 5741 modum
1637 5703 1650 5739 :
1701 5697 1835 5738 «He-

255 5707 304 5745 ln
347 5701 488 5746 libris
530 5701 873 5757 manuscriptis
932 5701 1100 5758 incipit
1136 5701 1266 5743 hunc
1313 5701 1362 5742 in
1399 5701 1593 5741 modum
1637 5703 1650 5739 :
1701 5708 1724 5736 α
1743 5701 1835 5738 He-

261 5773 284 5804 ι
305 5766 470 5809 sterna
501 5759 585 5808 die
605 5757 893 5816 audivimus,
931 5755 1107 5807 fratres
1131 5756 1414 5815 charissimi,
1451 5767 1562 5804 cum
1583 5753 1742 5802 divina
1763 5753 1835 5803 le-

261 5829 286 5866 α
303 5820 398 5892 otio
418 5819 697 5892 ingerente,
719 5819 848 5884 quod
871 5817 954 5869 filii
977 5817 1122 5868 Israel
1145 5825 1253 5882 post
1274 5817 1544 5878 transitum,
1567 5832 1589 5862 ι
1622 5821 1717 5866 etc.

315 5879 387 5946 (ο)
411 5879 590 5934 Abhinc
609 5879 866 5946 origénes.

1684 397 1911 456 SERMO
1948 398 2112 454 XXV.

3401 409 3536 467 1794

2032 510 2328 593 2._Lignunt
2346 514 2478 567 unde
2496 515 2731 593 dulcescit
2754 533 2927 593 amara
2951 517 3071 585 Lex,
3100 520 3360 593 sapientia.
3382 525 3536 593 Quod

1961 590 2046 654 est
2091 584 2228 638 istud
2272 584 2468 654 lignum
2497 586 2636 654 quod
2686 588 2940 644 Dominus
2968 584 3240 646 ostendit?
3282 584 3530 653 Salomon

1959 653 2457 731 demons_t_rat,cum
2479 653 2546 710 de
2577 659 2831 731 sapientia
2865 659 3013 731 dicit,
3055 661 3176 731 quia
3202 663 3391 731 lignum
3421 669 3536 722 vita

1960 735 2032 807 est
2052 727 2714 807 omnibusainplecl’entibas
2743 746 2848 807 eam
2872 729 3052 807 (Ρη-οι).
3072 727 3154 807 in,
3188 727 3300 807 18⁷)ἶ
3325 735 3379 790 Si
3406 753 3533 807 ergo

1959 793 2155 873 lignum
2182 793 2452 873 sapientia:
2500 796 2694 873 Christi
2740 793 3163 873 missumﬂfuerit
3199 793 3269 858 in,
3283 805 3436 873 Lege,
3467 793 3534 864 ᾍι

1959 867 2250 946 ostenderit
2277 867 2428 922 nobis
2454 868 2718 946 quomodo
2740 872 3082 946 _spiritnaliter
3106 874 3321 946 intelligi
3341 867 3534 933 debeat

1957 938 2308 1012 circumcisio,
2339 939 2606 1012 quomodo
2643 938 2879 1006 sabbata,
2919 945 3183 1012 quomodo
3209 938 3316 1000 Le}
3343 948 3529 1003 obser-

1957 1007 2143 1081 vanda_
2157 1009 2243 1081 sit,
2277 1018 2400 1062 tunc
2425 1009 2653 1064 efficitur
2680 1026 2811 1081 aqua
2841 1007 3019 1067 amara
3049 1014 3238 1079 dulcis,
3267 1020 3530 1073 etamari-

1957 1077 2084 1131 tudo
2123 1077 2277 1146 Legis
2316 1081 2642 1135 convertitur
2697 1077 2750 1135 in
2785 1082 3118 1139 dulcedinem
3171 1077 3530 1146 intelligentia

1954 1147 2282 1230 spiritualis;
2319 1158 2372 1204 et
2400 1161 2521 1204 tunc
2542 1159 2714 1220 potest
2740 1152 2921 1230 bibere
2940 1155 3168 1230 ροριιιιιξΔ
3183 1157 3288 1211 Dei.
3315 1147 3382 1213 Ut
3400 1175 3530 1230 ergo

1953 1220 2122 1300 possit
2151 1219 2258 1300 bibi
2279 1235 2412 1289 aqua
2441 1219 3090 1300 amara,_ostendi_t__‘Deus
3137 1227 3332 1296 lignum
3383 1219 3523 1300 quod

1953 1290 2191 1343 mittatur
2217 1290 2439 1362 ineant;
2472 1301 2532 1346 ut
2563 1293 2650 1362 qui
2678 1309 2743 1346 ex
2773 1309 2833 1348 ea
2879 1295 3086 1361 biberit,
3115 1290 3221 1352 no'n
3249 1290 3523 1360 moriatur.

1952 1373 2053 1438 nec
2076 1361 2482 1441 amaritudinem
2510 1361 2721 1441 sentiat.
2755 1363 2905 1420 Unde
2931 1375 3156 1441 constat,
3176 1369 3319 1441 quod
3347 1371 3390 1424 si
3408 1373 3526 1441 quis

1951 1430 2072 1505 sine
2092 1430 2241 1505 ligno
2262 1431 2400 1505 vitm,
2434 1432 2606 1505 idest,
2631 1435 2746 1488 sine
2776 1438 3030 1505 mysterio
3046 1430 3236 1503 crucis,
3269 1440 3386 1496 sine
3423 1430 3527 1496 fide

1951 1496 2169 1572 Christi,
2202 1503 2315 1557 sine
2341 1503 2681 1572 intelligentia
2709 1496 2966 1572 spirituali
2996 1508 3175 1562 bibere
3205 1496 3430 1566 voluerit
3459 1513 3525 1568 de

1950 1567 2105 1648 Legis
2121 1571 2313 1648 littera,
2331 1588 2423 1640 per
2447 1567 2849 1648 amaritudinem
2873 1579 3086 1632 nimiam
3110 1579 3382 1635 moriatur.
3406 1567 3528 1639 llaec

1951 1643 2127 1717 _sciens
2154 1643 2346 1697 Paulus
2395 1645 2901 1717 apostolusidicebat
2928 1650 3048 1717 quia
3082 1650 3248 1703 littera
3293 1654 3474 1706 occidit
3501 1670 3522 1709 :

1948 1708 2052 1766 hoc
2067 1722 2142 1786 est
2166 1723 2347 1786 aperte
2376 1708 2573 1786 dicere,
2605 1715 2725 1784 quia
2745 1731 2879 1786 aqua
2901 1708 3078 1772 amara
3105 1722 3317 1785 occidit,
3347 1723 3392 1777 si
3420 1708 3525 1778 non

1948 1796 2046 1850 per
2089 1781 2346 1863 Spiritum
2403 1785 2454 1863 in
2505 1781 2840 1863 dulcedinem
2866 1799 3248 1863 commutetur.
3299 1781 3522 1863 Liguum

1947 1866 2072 1922 ergo
2089 1853 2140 1908 in
2168 1870 2356 1921 aquam
2382 1856 2626 1922 mittitur,
2647 1864 2702 1910 nt
2719 1858 2768 1909 in
2791 1857 3121 1914 dulcedinem
3143 1853 3522 1920 commuietur.

1950 1921 2145 2004 Verum
2167 1936 2270 1990 est,
2299 1927 2505 2004 fratres.
2534 1921 2683 2004 Tung
2703 1930 3001 2004 amaritudo
3028 1931 3095 1984 ab
3108 1947 3243 2001 aqua
3280 1935 3482 1989 tollitur
3505 1977 3520 2004 ,

1946 1994 2157 2075 quando
2183 1996 2354 2051 crucis
2397 1997 2594 2067 lignum
2642 1997 2896 2067 Baptismi
2927 1994 3262 2058 sacramento
3285 1994 3512 2075 conjunJ

1944 2073 2101 2133 gitur.

2017 2137 2066 2208 5.
2102 2135 2297 2208 Manna
2322 2139 2469 2207 coepit
2498 2138 2750 2191 dominica
2779 2139 2861 2193 die
2884 2140 3018 2194 dari.
3048 2141 3265 2208 Manna,
3319 2147 3519 2202 verbum

1948 2204 2056 2258 Dei.
2071 2206 2344 2287 _Qoomodo
2358 2204 2783 2287 nianducandum.
2798 2209 3001 2287 l_3tillud
3021 2204 3295 2282 advertite,
3313 2217 3518 2287 fratres,

1944 2276 2087 2358 quod
2138 2277 2440 2358 Judworum
2509 2279 2728 2333 sabbato
2797 2281 2936 2358 Deus
2983 2299 3175 2358 manna
3252 2276 3520 2358 n'unquan'i

1945 2347 2162 2417 omnino
2187 2349 2398 2417 pluerit,
2432 2364 2529 2403 nec
2555 2360 2864 2404 meruerunt
2904 2351 3071 2408 Judaei
3103 2364 3158 2408 ut
3183 2373 3366 2412 eorum
3380 2347 3521 2414 sab-

1943 2414 2067 2487 bato
2093 2414 2258 2487 gratia
2286 2419 2388 2472 illis
2411 2420 2476 2474 de
2501 2419 2638 2476 caelo
2665 2420 3028 2480 descenderet.
3059 2424 3114 2478 ln
3139 2437 3317 2482 nostra
3343 2439 3521 2483 autem

1944 2486 2233 2566 dominica
2261 2489 2344 2543 die
2369 2505 2473 2566 non
2516 2493 2943 2566 solnm__semper
2977 2496 3375 2566 _venit_manna,
3427 2499 3523 2555 sed

1944 2559 2104 2640 etiam
2128 2560 2195 2640 ab
2221 2558 2334 2640 ipso
2359 2560 2714 2640 die-veniendi
2742 2558 2944 2640 initium
2968 2564 3082 2640 _fuit.
3102 2558 3373 2640 ASemper'
3393 2586 3522 2640 ergo

1944 2630 2099 2684 nobis
2129 2632 2381 2685 Dominus
2411 2631 2542 2700 pluit
2568 2649 2757 2686 manna
2790 2633 2855 2686 de
2884 2636 3040 2690 caelo.
3090 2630 3339 2694 leestia
3366 2630 3520 2694 nam-

1985 2716 2048 2754 ue
2075 2709 2200 2775 sunt
2226 2702 2433 2775 eloquia
2464 2703 2560 2756 ista
2589 2719 2706 2772 qua:
2724 2705 2888 2775 nobis
2915 2705 3054 2758 dicta
3078 2717 3228 2775 sunt,
3269 2718 3324 2764 et
3349 2726 3378 2763 a
3411 2711 3520 2765 Deo
3607 2713 3613 2716 ’

1983 2771 2274 2843 escendunt
2299 2773 2457 2826 verba
2503 2771 2621 2842 quai
2652 2773 2802 2828 nobis
2841 2777 3060 2843 recitata
3109 2771 3350 2834 suntzet
3402 2780 3520 2835 ideo

1945 2856 2044 2914 nos
2074 2841 2162 2914 qui
2191 2841 2885 2914 talemannasuscipimus,
2908 2861 3119 2913 semper
3144 2848 3299 2903 nobis
3328 2866 3520 2905 manna

1947 2912 2102 2966 datur
2123 2912 2202 2990 de
2218 2913 2374 2968 ccelo.
2398 2913 2545 2990 Unde
2566 2912 2803 2969 infelices
2818 2915 2985 2970 Judaei
3003 2912 3213 2973 dolendi
3236 2929 3288 2973 et
3309 2921 3520 2990 lugendi

1946 2992 2084 3063 sunt,
2115 2987 2236 3053 quia
2269 3000 2457 3037 manna
2500 2987 2636 3038 sicut
2669 2997 3022 3063 _suscepeijunt
3051 2998 3224 3057 patres
3261 2987 3514 3060 ipsorum,

1947 3054 2045 3122 ipsi
2093 3070 2198 3129 _non
2247 3065 2536 3129 molientur
2571 3057 2810 3124 accipere
2835 3054 2849 3112 ὲ
2878 3057 2950 3111 illi
3007 3054 3298 3129 nunquam'
3327 3054 3519 3116 manna

1947 3125 2288 3203 manducauit.
2315 3125 2428 3203 Non
2455 3127 2594 3180 enim
2620 3136 2842 3203 possunt
2867 3125 3187 3203 manducare
3205 3131 3356 3203 _iliud
3381 3134 3522 3203 quod

1947 3203 2027 3248 cst
2049 3202 2308 3249 minutum
2349 3197 2485 3250 sicut
2512 3212 2690 3252 semen
2713 3198 2998 3264 coriandri,
3023 3201 3367 3256 etcandidum
3385 3197 3524 3260 sicut

1948 3266 2152 3342 pruina.
2173 3266 2314 3342 lfiiiil
2338 3269 2477 3342 enim
2495 3269 2547 3342 in
2564 3268 2838 3342 verhoDei
2862 3270 3139 3337 minutum,
3159 3273 3287 3327 nihil
3309 3274 3519 3342 subtile,

1948 3335 2074 3409 nihil
2127 3335 2365 3392 infelices
2411 3337 2577 3392 Judaei
2611 3340 2845 3393 sentiunt
2892 3335 3190 3409 spirituale;
3219 3343 3312 3398 sed
3353 3335 3518 3400 totum

1948 3407 2159 3477 pingue,
2192 3418 2356 3462 totum
2415 3425 2673 3463 crassum.
2725 3407 3076 3467 lncrasshtum
3125 3422 3207 3468 est
3253 3415 3392 3468 enim
3429 3431 3520 3470 cor

1947 3479 2125 3554 populi
2149 3479 2311 3554 hujus
2329 3478 2548 3554 _(Mattli.
2581 3495 2694 3543 xui,
2720 3482 2830 3551 l5).
2854 3480 2958 3536 Sed
2975 3490 3028 3536 et
3054 3483 3395 3554 interrogatio
3418 3502 3515 3540 no-

1945 3550 2105 3624 minis
2147 3549 2246 3624 hoc
2291 3550 2657 3624 ideiii_sonat.
2706 3549 2894 3624 hianna
2941 3554 3082 3607 enim
3122 3549 3517 3624 interpretatur,

1951 3619 2087 3685 Quid
2108 3629 2177 3673 est
2204 3619 2338 3673 hoc?
2372 3620 2501 3674 Vide
2530 3621 2574 3674 si
2611 3636 2714 3674 non
2740 3621 2850 3690 ipsa
2881 3624 3108 3679 nominis
3138 3619 3300 3679 virttis
3330 3627 3396 3680 ad
3434 3619 3518 3681 dii

1946 3691 2199 3765 scendum
2234 3700 2584 3765 leprnvocat;
2615 3700 2806 3765 utcum
2832 3693 3064 3765 audieris
3086 3694 3280 3765 Legem
3311 3696 3409 3752 Dei
3433 3715 3517 3753 re-

1946 3761 2096 3836 citari
2117 3761 2170 3836 in
2201 3761 2448 3836 ecclesia,
2489 3777 2705 3836 semper
2726 3763 2885 3836 etiam
2936 3761 3254 3836 interroges,
3285 3777 3338 3822 et
3374 3768 3522 3822 dicas

1945 3831 2270 3907 doctoribns,
2305 3832 2440 3898 Quid
2462 3846 2531 3907 est
2558 3833 2696 3907 hoc?
2724 3832 2835 3907 Hoc
2862 3835 3001 3889 enim
3029 3846 3111 3890 est
3139 3831 3282 3907 quod
3323 3838 3520 3894 indicat

1945 3918 2158 3976 manna.
2186 3902 2264 3976 Tu
2288 3918 2434 3972 ergo,
2465 3904 2519 3976 si;
2552 3904 2631 3957 vis
2652 3904 2979 3976 manducare
3002 3902 3214 3974 manna,
3246 3909 3298 3963 id
3338 3919 3438 3976 est,
3476 3911 3521 3964 si

1945 3973 2095 4042 cupis
2119 3973 2388 4042 suscipere
2412 3974 2631 4028 verbum
2651 3974 2764 4036 Dei,
2793 3977 2925 4030 scito
2948 3977 3079 4031 illud
3099 3973 3357 4032 minutum
3402 3973 3522 4035 esse

1945 4054 1997 4098 et
2023 4044 2174 4097 valde
2202 4043 2414 4109 subtile,
2442 4045 2578 4099 sicut
2599 4059 2780 4099 semen
2810 4046 3092 4101 coriandri.
3119 4048 3288 4104 Habet
3304 4051 3443 4103 enim
3467 4051 3518 4104 in

1943 4129 2003 4169 se
2022 4114 2221 4188 aliquid
2251 4114 2441 4188 oleris,_
2460 4130 2567 4188 quo
2611 4116 2810 4170 nutrire
2835 4126 2898 4188 et
2913 4132 3160 4173 recreare
3182 4119 3517 4188 possitinfir-

1943 4183 2383 4262 mos;_qu_i_a_qui
2409 4183 2670 4262 _in’firmus
2721 4197 2821 4262 est,
2851 4187 2995 4262 olera
3031 4183 3314 4262 manducet
3339 4187 3514 4262 (Rom.

1943 4254 2350 4329 mv,_2)._Habet
2378 4254 2572 4329 aliquid
2601 4255 2809 4329 rigoris,
2850 4266 2904 4329 et
2929 4257 3049 4312 ideo
3097 4267 3154 4314 ut
3201 4254 3386 4329 pruina
3414 4269 3514 4314 est.

1941 4325 2200 4381 Candoris
2235 4335 2415 4398 autem
2455 4335 2510 4380 et
2538 4326 2834 4398 dulcedinis
2860 4327 3017 4384 habet
3047 4325 3349 4398 plurimum.
3376 4331 3511 4398 Quid

1943 4399 2083 4450 enim
2114 4396 2410 4462 candidius,
2442 4398 2566 4464 quid
2598 4397 2928 4466 splendidius
2973 4396 3270 4455 eruditione
3299 4396 3518 4456 divina?

1943 4467 2077 4542 Quid
2107 4467 2337 4532 dulcius,
2365 4467 2569 4542 quidve»
2597 4469 2810 4542 suavius
2862 4471 3090 4542 elnquiis
3120 4472 3349 4535 Domini,
3397 4488 3518 4542 qua:

1942 4538 2262 4616 dulciaAsun}
2280 4553 2441 4616 super
2469 4538 2572 4594 mel
2595 4551 2646 4592 et
2670 4540 2842 4616 favum
2875 4538 3049 4616 (Psai.
3068 4558 3266 4616 cxvm_,_
3290 4538 3449 4616 105)?

2013 4611 2067 4664 4.
2113 4608 2248 4682 Quid
2272 4609 2339 4682 sit
2386 4608 2466 4682 die
2501 4620 2639 4664 sexto
2683 4608 2892 4682 duplum
2931 4610 3184 4682 colligere.
3228 4608 3427 4668 Vermés
3452 4631 3516 4670 ea:

1942 4696 2148 4733 manna.
2181 4679 2285 4734 Sed
2313 4680 2438 4749 quid
2471 4691 2552 4735 est
2577 4679 2719 4750 quod
2750 4679 2910 4748 dicit,
2943 4692 3000 4736 ut
3043 4679 3095 4736 in
3130 4682 3216 4738 die
3243 4693 3394 4738 sexto
3421 4685 3521 4740 du-

1945 4751 2087 4820 plum
2132 4751 2508 4823 colligatuLin
2544 4752 2938 4823 repositionem,
2998 4761 3250 4823 quantum
3291 4753 3520 4811 sufficiat

1942 4823 2100 4875 etiam
2126 4821 2506 4895 sabbato?Hoc
2526 4822 2820 4895 secundum
2852 4821 3092 4895 nostram
3115 4824 3518 4895 intelligentiam

1942 4907 2046 4946 non
2065 4892 2220 4946 otiosi
2247 4907 2346 4947 nec
2365 4893 2538 4964 securi
2557 4893 2828 4962 prmterire
2848 4893 3133 4964 debemus;
3164 4895 3258 4950 sed
3277 4892 3369 4964 per
3385 4897 3520 4953 elee-

1941 4978 2192 5034 mosynas
2222 4962 2535 5034 recondere,
2584 4971 2837 5034 quantum
2880 4963 3109 5019 sufficiat
3145 4975 3198 5021 et
3242 4962 3295 5020 in
3344 4967 3519 5023 futuro

1941 5032 2138 5109 dieo’Si
2189 5033 2314 5109 quid
2345 5035 2486 5109 enim
2509 5032 2599 5109 _liic
2641 5033 2769 5109 boni
2807 5035 2986 5109 cperis
3010 5037 3365 5109 acquiras_,isi
3393 5039 3518 5109 quid

1937 5104 2174 5174 justitize,
2213 5103 2592 5158 misericordia
2643 5113 2697 5158 et
2722 5103 2930 5172 pietatis
2970 5103 3518 5172 recohdasQ'hoc'tibi

1942 5177 1994 5248 in
2024 5174 2199 5248 futuro
2228 5176 2428 5248 sazculo
2464 5176 2566 5228 erit
2611 5175 2780 5248 cibus.
2807 5176 3044 5247 Denique
3069 5177 3170 5232 hoc
3201 5188 3256 5232 et
3283 5182 3515 5248 Aposto-

1941 5245 2026 5300 lus
2062 5246 2340 5311 admonet,
2370 5246 2555 5299 dicens
2586 5261 2600 5298 :
2631 5245 2756 5311 Qua:
2801 5247 2933 5300 enim
2961 5245 3293 5302 seminaverit
3332 5245 3510 5315 Ἰιοηιο,

1940 5316 2048 5370 haec
2077 5327 2122 5372 et
2158 5325 2303 5370 metet
2341 5314 2534 5441 iacitur.
2565 5331 2640 5384 v1,
2687 5316 2766 5386 8).
2798 5316 2933 5384 Quid
2978 5333 3104 5390 ergo
3141 5321 3346 5390 agimus
3386 5314 3515 5385 nos,

1940 5389 2030 5441 aui
2059 5402 2300 5441 amamus
2326 5387 2341 5440 i
2367 5386 2456 5441 lud
2498 5386 2792 5441 recondere
2823 5388 2965 5441 auod
2993 5400 3382 5441 corrumpatur.
3409 5405 3515 5441 non

1940 5389 2030 5458 qui
2059 5402 2300 5461 amamus
2326 5386 2456 5442 illud
2498 5386 2792 5461 recondere
2822 5388 2965 5461 quod
2993 5386 3382 5461 corrumpatur,
3409 5405 3515 5445 non

1939 5459 2081 5583 nuod
2112 5467 2419 5528 permaneat
2457 5467 2521 5540 et.
2538 5458 2787 5542 perduret
2818 5459 2871 5513 in
2908 5458 3219 5543 crastinum,
3251 5460 3305 5515 id
3329 5469 3431 5528 est,
3461 5461 3513 5516 in

1963 5539 2117 5583 uturo
2148 5527 2609 5583 saeculo?Div1tes
2635 5545 2778 5583 avari
2816 5539 2870 5583 et
2911 5531 3085 5583 cuntdi
3110 5532 3126 5563 ¹
3169 5531 3283 5583 haec
3330 5545 3513 5583 recon-

1963 5527 2379 5584 iituro’saaculo?
2408 5527 2609 5585 Divites
2635 5529 2778 5584 avari
2816 5539 2870 5584 et
2911 5531 3085 5600 cupidi
3110 5532 3126 5563 ¹
3169 5531 3283 5585 haec
3330 5527 3518 5587 recen-

1939 5600 2070 5656 dunt
2111 5616 2228 5672 qua:
2264 5601 2317 5655 in
2357 5600 2460 5655 hoc
2491 5601 2706 5672 szeculo,
2745 5601 2854 5655 imo
2881 5599 3002 5656 cum
3035 5599 3138 5656 hoc
3169 5605 3364 5672 sznculo
3398 5617 3517 5657 cor-

1938 5671 2252 5743 rumpentur
2282 5689 2300 5726 :
2329 5671 2420 5742 qui
2457 5682 2636 5728 autem
2678 5671 2817 5727 bona
2862 5687 3026 5744 opera
3067 5671 3383 5744 recondunt,
3424 5673 3516 5730 illa

2005 5815 2021 5846 ί
2051 5812 2181 5886 apud
2217 5816 2504 5886 Origenem,
2553 5809 2722 5864 divites
2757 5808 2902 5874 hujus
2938 5809 3105 5864 saeculi
3122 5822 3143 5875 ς
3173 5823 3269 5863 nec
3309 5809 3519 5866 habetur

1939 5884 2074 5927 avari
2098 5884 2144 5929 et
2165 5884 2346 5926 cantat.
