4026 6362
523 361 663 422 1803

521 495 705 535 narum
743 483 1106 548 argumentum.
1139 470 1334 548 lterum
1375 481 1535 542 atque
1581 472 1774 548 iterum
1816 487 1944 548 rogo
1969 489 2098 539 vos,

521 551 745 616 fratres,
767 542 823 604 ei
853 545 1144 616 admoneo,
1171 551 1229 616 ut
1267 542 1418 616 istam
1447 543 1787 616 severitatem
1823 552 1877 599 et
1900 545 2102 612 justum

519 612 774 688 judicium
820 615 943 688 Dei,
971 629 1080 688 quo
1118 613 1298 668 senior
1338 612 1426 667 ille
1473 613 1697 682 populus
1741 628 1838 683 pro
1885 624 2102 688 peccato

521 683 956 747 inurmurattonis
978 686 1026 738 in
1049 683 1270 755 deserto
1283 692 1632 755 consmnptus
1653 693 1754 750 est,
1774 683 1897 739 cum
1916 684 2101 755 grandi

520 767 902 830 semperimetu
929 764 982 830 et
1009 753 1369 830 sollicitudine
1409 755 1732 830 cogitemus;
1761 753 2102 830 et_sic'ame-

523 825 756 885 musâ€”Dei
776 825 1214 894 miscricordiam,
1237 834 1294 879 ut
1320 833 1493 879 tamen
1515 825 1774 894 justitiam
1799 827 2098 882 timeamus.

523 900 698 956 Parcit
733 898 892 953 modo
932 906 984 952 et
1011 906 1147 951 tacet
1170 893 1194 948 :'
1210 894 1302 950 sed
1333 911 1437 950 non
1468 893 1682 966 semper
1707 896 1919 952 tacebit.
1948 896 2104 952 Modo

519 971 663 1026 enim
694 985 789 1040 pro
816 966 1068 1022 ineffabili
1098 968 1293 1036 pietate
1317 981 1410 1020 sua
1441 982 1546 1021 non
1585 966 1756 1040 solum
1788 981 1895 1040 nos
1915 967 2103 1040 admo-

522 1052 643 1106 net,
675 1037 768 1095 sed
791 1040 949 1094 etiam
976 1045 1156 1106 rogat,
1190 1044 1248 1090 ut
1278 1051 1375 1090 nos
1400 1051 1428 1088 a
1453 1037 1682 1106 peccantis
1711 1037 1996 1092 mortiferis
2018 1053 2105 1091 re-

519 1127 792 1167 vocemus.
822 1108 1113 1178 Audiamus
1151 1107 1294 1178 illum
1325 1107 1448 1161 dum
1478 1117 1660 1176 rogat;
1690 1123 1757 1163 ne
1798 1122 1894 1162 nos
1921 1118 2103 1178 postea

520 1197 626 1236 non
652 1181 832 1236 audiat
855 1179 942 1232 ille
962 1220 978 1245 ,
1009 1177 1370 1248 dnmjudicat.
1399 1178 1693 1232 Audiamus
1715 1193 1836 1232 eum
1859 1177 1954 1248 per
1976 1195 2102 1248 pro-

520 1253 734 1322 phetam
762 1250 1074 1322 dicentem,
1105 1247 1242 1312 Fili,
1269 1247 1470 1322 inquit,
1506 1249 1744 1322 miserere
1783 1247 2106 1322 animatum

519 1317 724 1392 placens
751 1321 858 1375 Deo
882 1317 1068 1392 (Eccli.
1099 1333 1205 1392 xxix
1227 1360 1240 1378 ,
1269 1317 1382 1388 9-4).
1419 1317 1556 1386 Quid
1584 1319 1649 1371 ad
1678 1318 1791 1392 haec
1814 1321 2104 1392 responde-

520 1387 601 1447 bit
624 1393 850 1448 humana
874 1387 1166 1459 fragilitas?
1190 1389 1327 1442 Deus
1344 1387 1401 1442 te
1429 1397 1578 1458 rogat
1601 1397 1656 1442 ut
1677 1390 1748 1444 tui
1776 1387 2100 1458 miserearis,

521 1473 705 1518 etnon
747 1464 1103 1516 viszcausam
1147 1468 1288 1513 tuam
1319 1459 1460 1528 apud
1503 1470 1554 1514 te
1595 1460 1736 1529 agit,
1765 1469 1874 1515 eta
1917 1469 1966 1515 te
1997 1477 2101 1516 non

519 1541 698 1603 potest
725 1533 1026 1600 impetrare.
1060 1531 1124 1584 Et
1160 1529 1425 1599 quomodo
1454 1537 1504 1584 te
1529 1531 1676 1584 audit
1705 1531 1792 1603 ille
1819 1532 1872 1586 in
1900 1531 1986 1603 die
2011 1532 2099 1602 ju-

520 1602 645 1659 dicii
670 1603 1235 1673 supplicantemacnm
1275 1609 1334 1673 tu
1374 1614 1496 1654 eum
1536 1615 1632 1669 pro
1659 1609 1711 1655 te
1732 1602 1847 1672 ipso
1871 1602 2105 1658 nolueris

520 1675 707 1730 audire
739 1669 1058 1743 rogantem?
1081 1671 1211 1743 Quis
1252 1670 1393 1743 enim
1421 1687 1524 1725 non
1555 1669 1870 1743 expavescat
1904 1681 1960 1743 et
1985 1690 2102 1728 me-

521 1755 662 1811 tuat,
691 1741 880 1799 fratres
900 1741 1218 1806 cbarissimi,
1241 1741 1381 1810 quod
1409 1756 1507 1812 pro
1526 1741 1871 1812 quadraginta
1893 1742 2100 1799 dierum

522 1817 697 1885 spatio
716 1856 732 1882 ,
758 1814 912 1869 annis
937 1812 1278 1885 quadraginta
1305 1811 1858 1885 populusiudznorum
1888 1829 2101 1882 poenam

521 1881 760 1956 recipere
802 1883 997 1956 meruit
1038 1883 1090 1937 in
1129 1883 1352 1956 eremo?
1377 1881 1431 1937 Si
1471 1883 1614 1937 enim
1662 1899 1758 1956 pro
1800 1881 1958 1939 unius
1999 1885 2104 1940 diei

519 1953 673 2027 culpa
699 1955 855 2027 unius
873 1953 997 2008 anni
1028 1954 1257 2027 spatium
1286 1953 1794 2027 recompensandum
1813 1965 1895 2010 est
1915 1971 2100 2025 ptena;

522 2024 626 2083 nos
646 2026 738 2097 qui
764 2035 905 2080 tanta
939 2024 1176 2097 quotidie
1207 2031 1420 2097 peccata
1457 2025 1871 2097 committimus,
1894 2024 1939 2079 si
1963 2027 2106 2097 elec-

521 2093 862 2167 mosy'narum
895 2095 977 2150 vel
1008 2093 1334 2167 pmnitentiae
1363 2109 1466 2167 non
1489 2095 1836 2167 subvenerint
1869 2096 2103 2151 medica-

519 2163 736 2232 menta,
765 2167 928 2222 timeo
970 2163 1038 2237 ne
1077 2164 1231 2220 nobis
1275 2180 1379 2220 non
1424 2163 1717 2221 inferantur
1758 2168 2100 2237 temporalia,

519 2238 614 2295 sed
639 2247 837 2296 aeterna
858 2235 1135 2306 supplicia.

587 2310 642 2364 d.
686 2305 1018 2378 Peccutorum
1059 2306 1266 2378 vulnera
1303 2306 1424 2378 dum
1464 2305 1682 2378 recentia
1716 2316 1834 2362 sunt
1853 2348 1869 2373 ,
1896 2309 2102 2378 facilius

519 2387 782 2433 curantur.
819 2377 890 2432 Et
926 2376 1046 2446 quia
1087 2375 1274 2430 calidis
1300 2376 1610 2431 vulneribus
1650 2379 1825 2433 solent
1865 2375 2102 2434 medica-

519 2458 698 2504 menta
736 2448 967 2503 celerius
991 2447 1307 2508 subvenire.
1339 2447 1778 2518 quotiescumque
1799 2450 2102 2518 peccaveri-

519 2534 673 2586 mus,
701 2533 806 2574 non
846 2527 1217 2587 exspectemus
1259 2516 1529 2573 mortifera
1568 2516 1854 2573 securitate
1884 2521 2099 2576 vulnera

519 2590 631 2660 ipsa
676 2597 1009 2660 putrescere,
1037 2602 1135 2642 nec
1179 2588 1633 2660 iterumvulnera
1673 2589 1981 2645 vulneribus
2005 2606 2103 2646 au-

515 2658 763 2730 geamus;
793 2658 885 2714 sed
911 2660 1162 2730 continuo
1180 2658 1246 2712 ad
1274 2659 1601 2730 spiritualem
1626 2661 1889 2730 medicum
1916 2676 2100 2716 recur-

516 2729 726 2798 rentes,
755 2730 979 2802 salutem
1021 2729 1258 2798 recipere
1302 2729 1748 2802 fe_stinemus.7Et
1797 2731 1917 2786 ideo
1963 2749 2100 2802 quo-

516 2803 677 2855 modo
705 2799 918 2871 quando
950 2801 1002 2853 in
1031 2813 1255 2871 corpore
1284 2800 1474 2854 vulnus
1497 2801 1787 2871 accipimus
1806 2843 1822 2866 ,
1849 2803 1894 2858 si
1920 2799 2098 2858 statim

517 2870 906 2942 medicamenta
957 2870 1315 2942 requirimus,
1367 2871 1473 2942 cito
1524 2870 1806 2928 sanitatem
1859 2874 2101 2942 recipere

513 2941 809 3011 poterimus
834 2958 846 2994 :
871 2941 942 2994 ita
971 2939 1016 2994 si
1055 2955 1261 3011 moram
1290 2939 1514 3011 feceris,
1547 2956 1767 2998 necesse
1800 2953 1883 2997 est
1911 2939 2098 3000 ut'tar-

515 3008 635 3082 ilius
659 3011 728 3064 ad
751 3011 1032 3066 sanitatem
1060 3010 1210 3079 plaga
1253 3010 1365 3078 ipsa
1393 3008 1604 3078 redeat,
1634 3022 1724 3066 aut
1749 3012 1926 3082 aliqua
1959 3014 2098 3071 fmda

515 3081 738 3136 cicatrix
782 3082 834 3135 in
872 3094 1098 3150 corpore
1133 3088 1319 3135 nostro
1346 3092 1639 3136 remaneat.
1666 3082 1721 3137 Si
1747 3081 1862 3138 hrec
1892 3085 1942 3138 in
1973 3100 2098 3140 cor-

553 3166 648 3206 ore
676 3150 897 3206 facimus
915 3189 930 3216 ,
959 3159 1158 3220 quanto
1180 3150 1348 3220 magis
1373 3150 1644 3220 inanima:
1666 3152 1976 3210 vulneribus
1999 3157 2098 3211 ad-

553 3166 648 3206 ore
676 3165 897 3206 tacunus
915 3189 930 3216 ,
959 3165 1158 3220 quanto
1180 3165 1348 3220 magis
1373 3166 1424 3204 tn
1453 3166 1644 3207 anima:
1666 3165 1976 3210 vulneribus
1999 3165 2097 3211 ad-

515 3165 702 3277 Bibere
731 3220 1020 3287 debemus,
1049 3220 1138 3276 ubi
1177 3219 1245 3274 ad
1285 3219 1567 3290 imaginem
1605 3233 1658 3278 et
1697 3224 2097 3282 similitudinem

515 3291 608 3347 Dei
634 3290 757 3347 facti
783 3291 1007 3363 sumus?
1031 3290 1086 3347 Si
1126 3297 1326 3363 tantam
1370 3307 1553 3363 curam
1594 3293 1954 3363 impendimus
1977 3313 2099 3352 cor-

515 3363 662 3438 pori,
693 3363 866 3434 quod,
897 3361 1120 3417 velimus
1147 3361 1420 3438 nolimus,
1449 3362 1502 3417 in
1532 3361 1806 3434 pulverem
1847 3367 2098 3438 redigen-

514 3431 641 3488 dum
667 3431 780 3508 eÂ§_t;
802 3441 1053 3508 quantam
1083 3431 1491 3508 sollicitudinem
1518 3431 1571 3488 et
1596 3450 1778 3508 curam
1804 3452 1928 3508 erga
1955 3431 2097 3494 salu-

514 3513 622 3578 tem
651 3505 842 3578 animm
884 3504 1143 3578 debemus
1170 3504 1492 3578 appoueuei
1523 3513 1580 3559 ut
1599 3547 1613 3569 ,
1642 3507 1778 3578 sicut
1801 3504 1927 3563 dicit
1956 3514 2100 3578 Apo-

513 3574 712 3641 stolus,
731 3576 851 3648 sine
880 3574 1082 3648 macula
1105 3571 1574 3648 velitigalEphes.
1602 3594 1651 3639 Î½,
1679 3577 1774 3648 27)
1797 3571 2098 3636 mereamur

514 3644 906 3715 antetribunal
953 3645 1138 3700 aeterni
1185 3643 1385 3699 iudicis
1424 3643 1682 3715 apparere
1710 3665 1725 3703 Îµ
1753 3643 1820 3704 ne
1870 3650 2005 3706 forte
2051 3654 2096 3707 si

514 3714 696 3770 multis
740 3723 1080 3785 peccatorum
1120 3715 1427 3770 vulneribus
1462 3714 1690 3773 â€™lacerati
1741 3728 1795 3774 ct
1848 3721 2094 3776 vitiorum

515 3785 705 3858 pannis
739 3784 1327 3858 sordentibus__involuti
1348 3823 1372 3858 ,á¼“
1395 3785 1461 3858 ad
1491 3787 1621 3858 illud
1647 3790 1881 3858 nuptiale
1907 3794 2094 3848 convi-

513 3856 658 3910 vium
688 3859 1020 3932 veneâ€˜rimusi
1056 3855 1262 3932 dicatur
1291 3856 1442 3932 nobis
1481 3857 1612 3932 iliud
1645 3855 1787 3928 quod
1817 3861 1906 3917 ille
1927 3877 2094 3932 spon-

515 3941 608 3982 sus
631 3927 864 3982 caelestis
891 3926 943 3980 in
972 3926 1261 3998 Evangelio
1295 3924 1465 3994 dixit,
1491 3924 1688 3993 Amice,
1720 3924 1974 3998 quomodo
1997 3937 2096 3988 huc

512 3998 742 4062 intrasti,
772 4013 872 4051 non
893 3997 1080 4052 habens
1106 4006 1286 4051 vestem
1313 3999 1629 4066 nuptialem?
1648 3997 1867 4056 Avertat
1890 4018 1919 4057 a
1942 4005 2095 4061 nobis

513 4069 654 4142 Deus
681 4067 808 4142 illud
834 4067 974 4140 quod
993 4068 1256 4142 sequitur.
1277 4068 1407 4142 Cum
1433 4069 1573 4142 enim
1596 4069 1711 4126 lucc
1738 4083 1983 4142 peccator
2009 4076 2096 4131 ille

511 4139 734 4194 audiens
759 4138 1348 4215 obxiiutesceretLdixit
1379 4138 1752 4215 paterfamilias
1780 4161 1792 4195 :
1817 4143 1995 4215 Ligate
2017 4147 2096 4200 illi

512 4226 694 4264 manus
718 4218 763 4264 et
791 4207 969 4281 pedes,
989 4218 1039 4281 et
1069 4209 1297 4281 projicite
1331 4207 1399 4281 iu:
1426 4212 1650 4268 tenebras
1698 4207 1965 4270 exteriores
1989 4233 2009 4270 :
2027 4219 2095 4272 ibi

512 4281 604 4334 erit
625 4277 848 4357 [fetus'et
870 4279 1056 4357 stridor
1069 4277 1294 4333 dentium
1321 4277 1532 4357 (Matth.
1556 4298 1669 4337 xxn
1699 4285 1786 4357 19.,
1812 4286 1924 4357 f3).
1958 4288 2094 4344 Ecce

517 4351 727 4419 qualem
783 4351 1107 4424 sententiam
1149 4351 1415 4424 accepturi
1445 4364 1600 4424 sunt,
1630 4355 1717 4423 qui
1746 4351 1998 4424 majorem
2028 4359 2096 4414 de

513 4434 741 4501 corpore
761 4419 1004 4501 quamde
1025 4420 1200 4474 anima
1217 4419 1621 4501 sollicitudinem
1647 4419 1868 4493 gerunt;
1895 4437 1950 4501 et
1979 4429 2095 4496 plus

515 4490 750 4563 cogitant
769 4490 995 4563 qualiter
1019 4505 1144 4544 caro
1161 4504 1254 4545 sua
1277 4492 1587 4563 parvissimo
1615 4490 1852 4563 tempore
1879 4490 2018 4551 vivat
2040 4501 2092 4554 in

515 4560 687 4615 oculis
723 4561 994 4615 hominum
1016 4600 1032 4628 ,
1058 4575 1217 4631 quam
1255 4576 1363 4631 quo
1393 4562 1551 4616 modo
1579 4560 1755 4619 anima
1783 4580 1876 4619 sua
1905 4579 2093 4624 ornata

513 4631 669 4710 bonis
689 4632 938 4710 operibus
957 4631 1024 4686 ad
1049 4631 1428 4710 beatitudinem
1451 4633 1533 4687 vel
1553 4634 1950 4710 similitudinem
1975 4655 2097 4710 per-

512 4702 691 4774 veniat
709 4701 1054 4774 Angelorum.
1084 4702 1208 4774 llmc
1235 4717 1382 4773 ergo,
1404 4701 1595 4759 fratres
1616 4705 1936 4774 cbarissimi,
1958 4701 2096 4765 s'icut

512 4773 757 4849 superius
783 4773 1112 4849 supplicavi,
1141 4772 1187 4826 si
1213 4772 1465 4849 attentius
1489 4775 1810 4849 voluerimus
1838 4772 2091 4849 cogitare,

514 4842 759 4915 remedia
778 4843 930 4915 nobis
953 4845 1006 4898 in
1035 4843 1120 4898 die
1145 4845 1480 4899 neces~itatis
1505 4847 1827 4915 acquirimns
1854 4867 1869 4904 :
1895 4842 1954 4905 Î¹á¿–Î¹
1973 4842 2093 4906 cuni

514 4913 836 4988 diesjudicii
875 4917 1111 4988 venerit,
1142 4930 1245 4988 non
1277 4930 1409 4988 cum
1452 4913 1625 4988 impiis
1653 4927 1706 4973 et
1731 4921 2096 4988 peccatoribus

516 4985 826 5052 partiamur;
861 4985 954 5039 sed
992 4999 1116 5054 cum
1160 4984 1318 5054 justis
1362 4993 1417 5040 et
1463 4984 1628 5042 Deum
1677 4984 1985 5047 timentibus
2025 4993 2092 5048 ad

517 5064 715 5108 aeterna
745 5055 958 5124 prtemia
983 5053 1203 5111 feliciter
1221 5056 1494 5112 veniamus
1513 5099 1527 5121 ,
1559 5059 1845 5115 auxiliante
1873 5062 2096 5118 Domino

514 5125 649 5200 .fesn
667 5125 906 5190 Christo,
937 5125 1021 5200 cui
1041 5130 1124 5181 est
1149 5125 1318 5200 honor
1337 5128 1693 5200 etimperium
1721 5146 1841 5186 cum
1863 5132 2020 5190 Patre
2042 5145 2098 5192 et

513 5196 712 5264 Spiritu
740 5205 926 5254 sancto
951 5197 1003 5251 in
1031 5197 1227 5252 saecula
1252 5196 1590 5255 smculorum.
1620 5203 1810 5260 Amen.

1031 5309 1257 5365 SERMO
1293 5311 1441 5367 xxx
1472 5322 1546 5387 (Î±)

1061 5421 1146 5476 Du
1171 5423 1436 5480 thuribulis
1459 5425 1554 5497 (á½).

609 5514 660 5568 Î™.
704 5512 1011 5583 Thuribula,
1071 5513 1369 5587 Scriptum.
1427 5517 1705 5572 Thuribula
1773 5535 1937 5588 terea,
1997 5523 2101 5579 ha:-

605 5627 657 5689 a)
683 5625 822 5684 Alias.
847 5625 912 5676 de
933 5634 1170 5689 Tempore
1188 5625 1266 5675 98.

608 5686 730 5756 b)_tn
753 5689 1025 5756 Appendiee
1049 5686 1174 5756 nunc
1195 5690 1402 5750 primum
1419 5687 1710 5756 collocatur._
1729 5695 2003 5756 Descriptus
2026 5704 2103 5747 cst

516 5762 584 5797 ex
602 5749 1046 5811 Origenis'llomilia
1065 5752 1112 5798 in
1135 5749 1368 5799 Numeros
1393 5764 1532 5800 noua.
1561 5758 1608 5799 In
1633 5749 1922 5804 lrâ€˜uliensitun
1944 5761 2100 5808 veteri

524 5812 686 5860 radice
708 5813 996 5862 adscribitur
1020 5815 1322 5875 Hieronymo.

1975 350 2312 407 APPENDI!
2331 400 2335 404 .

3628 351 3748 414 180$

2216 471 2481 525 reticorum
2529 469 2684 525 dicta.
2739 471 3002 527 Ilcrcsnm
3054 474 3261 529 utilitas.
3315 475 3519 532 Ambitio
3563 479 3749 534 clerico-

2211 557 2326 612 rum
2342 551 2613 597 resecatur.
2644 539 2827 604 Modo,
2859 544 3050 599 fratres
3074 545 3425 612 dilectissimi,
3455 562 3569 602 cum
3597 549 3752 608 divina

2212 610 2369 664 lectio
2391 611 2684 691 legeretur,
2703 612 2998 691 audivimus
3023 614 3220 691 dixisse
3240 610 3526 691 Dominum
3541 618 3610 691 ad
3629 619 3755 691 Moy-

2211 696 2303 734 sen
2322 723 2336 747 ,
2371 692 2426 737 ut
2456 683 2718 756 thuribula
2743 683 2794 737 in
2821 684 3012 756 quibus
3041 688 3253 756 superbi
3282 686 3351 740 illi
3373 701 3432 741 ac
3459 689 3666 742 rebelles
3686 683 3753 743 in.

2211 765 2445 825 censum
2461 753 2784 825 obtulerant,
2808 753 3063 810 conflaret
3082 753 3178 822 ,'et
3205 757 3452 825 producta
3481 757 3530 811 in
3559 759 3759 816 laminas

2211 821 2363 876 altari
2391 823 2627 892 afligeret
2658 842 2670 878 :
2702 832 2760 878 ut
2801 835 2980 880 essent
3026 821 3469 882 in'testâ€˜imonium
3511 828 3757 883 rebellium

2211 901 2277 968 et
2293 893 2662 968 superborum.
2687 893 2969 968 Thuribula
2987 940 2999 962 ,
3025 897 3193 968 inquit
3222 898 3478 951 Dominus
3497 940 3509 961 ,
3537 915 3641 966 qua:
3656 917 3761 952 san.

2211 964 2435 1038 eti/irata
2461 974 2575 1018 sunt
2599 966 2651 1018 in
2682 966 2920 1020 mortibus
2942 964 3257 1038 peccatorum
3276 1009 3290 1032 ,
3322 969 3475 1036 facito
3495 964 3764 1023 ettâ€”laminas

2214 1031 2451 1107 ductiies,
2476 1044 2522 1107 et
2556 1038 2814 1089 circumda
2840 1053 2901 1091 ea:
2922 1031 2992 1091 Ã©is
3015 1040 3176 1092 altare
3196 1055 3214 1092 :
3234 1031 3353 1107 quia
3373 1039 3536 1092 oblata
3558 1050 3664 1092 sunt
3687 1057 3762 1090 co-

2213 1119 2322 1182 rum
2343 1103 2579 1170 Domino,
2598 1116 2642 1159 et
2654 1107 2965 1182 sanctificata
2987 1119 3102 1163 sunt
3120 1103 3302 1182 (am.
3318 1125 3429 1174 xvi,
3449 1109 3563 1182 37st
3573 1109 3678 1182 58).
3696 1109 3766 1182 (n)

2215 1173 2635 1260 Iâ€˜locuer'go.per
2685 1173 2839 1260 hanc;
2863 1179 3082 1260 figuram
3134 1181 3341 1260 videtur
3385 1173 3768 1260 ostentli,quod

2214 1243 2478 1300 thuribula
2507 1243 2604 1302 ista
2621 1263 2781 1320 Lquce
2808 1243 3088 1319 Scriptura
3130 1251 3369 1320 nominat
3397 1265 3532 1303 aerea
3554 1291 3566 1312 ,
3599 1243 3766 1320 imagi-

2211 1329 2353 1388 nem
2382 1325 2594 1372 teneant
2619 1317 2907 1388 Scriptum:
2935 1317 3126 1375 divina:
3151 1339 3163 1374 :
3189 1321 3272 1375 cui
3306 1319 3590 1388 Scriptura!
3617 1317 3771 1375 hzere-

2213 1384 2301 1440 tici
2345 1387 2517 1456 ignem
2548 1384 2790 1463 alienum
2818 1391 3153 1463 itnponcntes
3186 1389 3280 1463 (b),
3306 1390 3410 1463 hoc
3431 1384 3514 1445 est
3533 1432 3546 1453 ,
3574 1405 3769 1463 sensum

2213 1470 2521 1525 perversum
2552 1467 2603 1513 et
2629 1460 3026 1530 intelligentiam
3053 1460 3280 1516 alienam
3311 1478 3340 1516 a
3372 1461 3480 1516 Deo
3506 1469 3558 1514 et
3583 1462 3770 1516 veritati

2209 1529 2528 1582 contrariam
2578 1529 3002 1595 ititrOdIICentes,
3056 1533 3327 1588 incensum
3400 1532 3620 1586 Domino
3679 1548 3774 1587 non

2208 1598 2526 1670 suave,sed
2559 1601 2886 1670 exsecrabile
2926 1602 3175 1657 offerunt.
3213 1603 3315 1658 Ista
3360 1616 3489 1670 ergo
3526 1601 3772 1656 thuribula

2210 1683 2380 1741 agrea,
2413 1669 2464 1741 id
2485 1679 2605 1741 est,
2633 1669 3006 1727 haereticorum
3037 1690 3220 1741 voces,
3251 1674 3298 1727 si
3343 1669 3684 1727 adhibeamus
3715 1672 3775 1726 ad

2209 1737 2376 1814 altare
2406 1739 2498 1795 Dei
2518 1742 2649 1814 ,ubi
2674 1741 2885 1814 divinus
2915 1743 3049 1814 ignis
3087 1737 3315 1808 est,â€™ubi
3343 1758 3468 1798 vera
3502 1741 3620 1797 fidei
3657 1759 3778 1811 prac-

2209 1808 2432 1883 dicatio,
2461 1811 2651 1883 melius
2673 1812 2783 1882 ipsa
2805 1808 3002 1868 veritas
3023 1830 3085 1869 ex
3117 1815 3372 1869 falsorum
3397 1808 3777 1883 comparatione

2210 1877 2449 1954 fulgebit.
2472 1879 2526 1936 Si
2549 1877 2726 1954 cuitu,
2757 1892 2814 1954 ut
2836 1885 2985 1954 verbi
3010 1887 3177 1954 gratia
3204 1885 3412 1950 dicam,
3439 1877 3626 1953 ponam
3651 1883 3778 1954 dicta

2209 1951 2530 2022 Arianorum
2553 1953 2635 2006 vel
2658 1951 3068 2008 Manichworuin
3094 1957 3133 2021 á½·,
3150 1964 3242 2010 ant
3264 1951 3493 2010 alterius
3513 1953 3779 2022 cujuslibet

2211 2019 2603 2089 lnereticorum,
2621 2031 2675 2078 et
2695 2023 2809 2078 baâ€˜c
2829 2019 3163 2080 sermonibus
3193 2026 3438 2080 veritatis
3461 2040 3523 2079 ac
3548 2019 3777 2093 Scriptu-

2208 2105 2387 2164 rarum
2412 2093 2709 2147 divinarum
2736 2095 3075 2160 testimoniis,
3095 2096 3238 2152 velut
3258 2095 3425 2150 divini
3447 2095 3628 2149 altaris
3649 2095 3778 2164 igne,

2207 2162 2505 2234 eonfntem;
2539 2179 2716 2222 nonne
2743 2165 3040 2221 evidentior
3059 2181 3245 2222 eorum
3275 2182 3341 2220 ex
3373 2167 3488 2234 ipsa
3519 2162 3781 2233 compara-

2209 2233 2352 2305 tione
2393 2235 2670 2304 apparebit
2707 2235 2984 2305 impietas?
3007 2235 3138 2292 Nam
3181 2237 3225 2291 si
3266 2236 3513 2292 doctrina
3543 2235 3780 2290 ecclesia-

2205 2303 2335 2375 stica
2367 2303 2590 2375 simplex
2612 2303 2796 2371 esset,
2810 2316 2865 2362 et
2887 2307 3049 2362 nullis
3068 2308 3406 2364 extrinsecus
3424 2306 3781 2361 hmreticorum

2206 2373 2509 2448 dogmatnm
2537 2375 2922 2448 assertionibus
2950 2377 3275 2448 cingeretur,
3311 2393 3420 2432 non
3453 2384 3782 2448 poterattam

2205 2444 2346 2497 clara
2389 2453 2442 2500 et
2478 2453 2582 2498 tam
2622 2447 2920 2500 examinata
2960 2444 3126 2504 videri
3177 2448 3309 2504 fides
3341 2444 3550 2503 nostra.
3580 2446 3680 2500 Sed
3710 2445 3783 2500 id-

2205 2514 2349 2568 circo
2389 2515 2688 2572 doctrinam
2723 2517 3037 2572 catholicam
3074 2519 3560 2574 contradicentium
3591 2515 3786 2572 obsidet

2206 2584 2532 2658 impugnatio
2552 2628 2567 2651 ,
2600 2597 2658 2641 ut
2697 2588 2828 2658 fides
2870 2598 3048 2644 nostra
3081 2606 3188 2646 non
3217 2589 3332 2645 otio
3372 2597 3672 2658 torpescat,
3695 2585 3780 2640 sed

2205 2656 2386 2731 multis
2406 2657 2873 2731 exercitationibus
2893 2659 3157 2731 elimetur.
3183 2661 3416 2731 Propter
3442 2656 3546 2714 hoc
3568 2658 3784 2725 denique

2204 2736 2258 2779 et
2283 2727 2567 2793 Apostolus
2603 2727 2842 2794 dicebat,
2878 2729 3086 2798 Oportet
3116 2727 3362 2784 autem'ct
3399 2732 3614 2784 hmreses
3656 2743 3785 2798 esse,

2203 2805 2260 2871 ut
2286 2798 2679 2871 probatiquique
2693 2797 2951 2871 manifesti
2970 2801 3094 2870 fiant
3118 2803 3248 2857 inter
3264 2818 3354 2856 vos
3373 2799 3420 2871 (l
3445 2799 3566 2856 Cor.
3587 2815 3657 2860 XI,
3680 2797 3781 2867 i9).

2205 2867 2318 2939 lloc
2341 2867 2627 2939 estdicere
2642 2909 2656 2933 ,
2681 2867 2902 2939 Oportet
2923 2867 3296 2926 [hereticorum
3321 2867 3609 2927 thuribulis
3631 2871 3787 2924 altare

2203 2938 2554 3002 circumdari,
2589 2947 2645 2994 ut
2671 2938 2815 2995 certa
2859 2950 2915 2996 et
2961 2942 3235 2998 manifesta
3264 2944 3524 2998 omnibus
3557 2943 3642 2994 fiat
3669 2939 3788 2994 lide-

2205 3007 2331 3091 lium
2361 3019 2519 3091 atque
2546 3010 2831 3091 infidelium
2865 3011 3185 3091 differentia.
3205 3016 3350 3091 .Cum
3377 3015 3524 3069 enim
3555 3011 3681 3091 fidus
3709 3021 3786 3091 ec.
3875 3039 3885 3048 -

2203 3078 2496 3154 ciesiastica
2523 3081 2668 3135 velut
2690 3096 2876 3154 aurum
2902 3085 3126 3154 cmperit
3147 3084 3384 3154 fulgere,
3415 3094 3470 3139 et
3497 3081 3790 3154 pra'dicatio

2205 3149 2320 3222 ejus
2340 3160 2410 3222 ut
2437 3161 2712 3220 argentum
2741 3152 2861 3222 igne
2891 3149 3169 3222 probatum
3199 3149 3537 3211 intuentibus
3562 3152 3790 3222 resplenâ€”

2204 3219 2403 3294 duerit,
2434 3219 2558 3276 tunc
2582 3219 2782 3294 majore
2807 3219 2926 3277 cum
2951 3225 3278 3294 turpitudine
3309 3237 3368 3281 et
3395 3219 3666 3282 dedecore
3692 3222 3790 3276 bte-

2203 3290 2488 3345 reticorum
2517 3290 2679 3346 voces
2716 3293 2928 3348 obscuri
2952 3290 3225 3350 teramenti
3245 3297 3461 3352 vilitate
3489 3294 3787 3350 sordebunt.

2204 3359 2330 3436 Hmc
2348 3371 2526 3418 autem
2549 3362 2781 3436 diximus
2803 3364 2885 3436 de
2901 3365 3187 3436 thuribulis
3203 3382 3398 3422 eorum
3427 3369 3520 3436 qui
3543 3364 3791 3420 condem-

2204 3433 2312 3485 nati
2337 3442 2645 3508 s_unt,_qua:
2687 3434 2839 3508 altari
2868 3435 3120 3508 jubentur
3147 3437 3292 3507 affigi
3319 3480 3336 3504 ,
3369 3433 3517 3508 quod
3548 3452 3616 3492 ex
3657 3449 3795 3508 cum:

2205 3505 2480 3571 paratione
2508 3505 2789 3578 impiorum
2811 3505 2940 3574 justi
2981 3507 3234 3578 clariores
3253 3505 3583 3578 appareant
3609 3524 3622 3560 :
3648 3505 3794 3560 simul

2205 3582 2339 3648 utet
2370 3575 2856 3648 posterisdarctur
2895 3577 3235 3647 exemplum,
3265 3575 3509 3648 nequis
3551 3591 3794 3648 pnesum-

2205 3644 2384 3712 ptione
2413 3645 2627 3714 superbi
2667 3645 2884 3714 spiritus
2912 3663 3014 3701 non
3053 3644 3154 3702 sibi
3181 3664 3210 3701 a
3244 3649 3360 3704 Deo
3390 3644 3579 3704 datum
3610 3659 3796 3702 munus

2204 3715 2538 3789 pontificatus
2580 3716 2853 3771 invaderet
2872 3734 2896 3789 ;_
2917 3717 3009 3772 sed
3055 3728 3112 3772 ut
3159 3719 3233 3773 illi
3263 3721 3466 3782 cedat,
3496 3736 3653 3789 quem
3698 3731 3796 3772 non

2202 3786 2420 3838 ainhitio
2452 3785 2680 3862 humana
2701 3828 2717 3853 ,
2743 3803 2846 3862 nou
2876 3787 3035 3862 favor_
3060 3800 3352 3862 corruptus
3389 3785 3645 3846 ascivcrit
3664 3831 3679 3853 ,
3706 3802 3800 3843 nec

2203 3871 2487 3929 munerum
2503 3856 2699 3929 oblatio
2720 3857 2936 3929 profana
2957 3856 3349 3929 subrogaverit,
3373 3863 3469 3916 sed
3493 3862 3798 3915 meritorum

2201 3925 2525 4004 conscientia
2563 3935 2616 3981 et
2660 3927 3021 4004 l)ei_v<_ilun_tas
3037 3925 3413 4004 assumpscrit.
3447 3931 3802 4004 [Quod'crgo

2239 3997 2539 4070 ertulerunt
2563 3998 2777 4070 superbi
2812 3999 2897 4070 illi
2936 3999 3166 4070 Leviue,
3197 3997 3289 4070 qui
3323 3997 3564 4057 Domino
3590 4017 3696 4058 non
3719 3997 3802 4070 ju-

2239 4011 2539 4052 ertuleruut
2563 4011 2777 4066 superbi
2824 4011 2897 4054 Illl
2936 4011 3166 4066 Ï‰Î·Î¹Î¾Î·,
3197 4011 3289 4070 qui
3323 4011 3564 4057 Domino
3590 4017 3696 4058 non
3719 4015 3802 4070 ju-

2199 4011 2361 4142 Eente
2412 4067 2511 4121 sibi
2560 4069 2914 4142 sacerdotium
2957 4069 3335 4139 vindicabant,
3384 4073 3493 4128 hoc
3540 4074 3804 4142 patiuntur

2201 4137 2520 4214 quicumque
2548 4151 2621 4214 se
2646 4139 2698 4214 in
2726 4139 3065 4210 episeopatus
3083 4181 3096 4206 ,
3120 4150 3212 4214 aut
3237 4137 3805 4214 presbytemtus,iaut

2201 4207 2512 4262 diaconatus
2533 4207 2792 4274 officium,
2819 4207 3262 4278 aut'munerihus',
3292 4224 3390 4269 aut
3413 4207 3808 4270 adulationibus

2202 4278 2538 4352 impudenter
2565 4287 2827 4334 conantur
2871 4281 3128 4352 ingerere.
3159 4283 3278 4350 Quo
3323 4287 3496 4340 modo
3545 4280 3806 4340 combusti

2200 4357 2323 4402 sunt
2345 4349 2418 4402 illi
2448 4350 2498 4402 in
2519 4363 2744 4418 corpore
2763 4390 2781 4416 ,
2809 4352 2888 4406 sic
2908 4349 2992 4406 isti
3017 4349 3314 4409 exuruntur
3341 4357 3396 4409 in
3423 4353 3643 4479 corde.)

2271 4418 2326 4471 2.
2357 4420 2526 4473 Aaron
2555 4429 2701 4479 typus
2727 4420 2911 4476 Christi
2937 4423 3245 4477 mediatoris.
3279 4425 3431 4479 Ouid
3459 4428 3609 4479 Anae
3635 4444 3643 4479 Î¹

2271 4418 2326 4471 2.
2357 4420 2526 4473 Aaron
2553 4429 2701 4498 typus
2727 4420 2911 4476 Christi
2937 4423 3245 4498 mediatoris.
3279 4425 3431 4490 Quid
3459 4418 3694 4498 Angelus
3723 4440 3809 4477 va-

2201 4499 2360 4542 stator
2388 4490 2605 4566 cxpauit.
2639 4490 2887 4566 Î™Î™Î¿Î¹Ï‚Î¹Î¾Î¹Î¹Î¹Î¹Î¹âµ
2928 4509 3062 4566 ergo
3083 4494 3292 4566 Moyses
3326 4490 3652 4566 pontificem
3697 4508 3808 4548 ma-

2200 4573 2360 4633 gnum
2383 4601 2398 4625 ,
2426 4558 2486 4633 ut
2510 4558 2698 4615 offerat
2733 4558 3015 4618 incensum
3051 4564 3102 4618 in
3149 4558 3380 4631 castris,
3411 4577 3470 4623 et
3501 4571 3695 4622 exoret
3719 4574 3810 4633 pro

2202 4629 2415 4706 populo.
2446 4631 2568 4706 iam
2610 4633 2771 4706 enim,
2806 4634 3008 4704 inquit,
3039 4637 3225 4706 vastari
3269 4629 3504 4706 populus
3535 4629 3734 4704 ÏƒÎ±Î¸Ïá½°(
3759 4632 3813 4685 fu

2201 4701 2387 4785 spiritu
2432 4700 2645 4785 videbat
2674 4700 2896 4785 Moyses
2916 4720 3034 4774 quae
3061 4700 3416 4785 gerebantur.
3467 4700 3644 4779 [Abiit
3675 4717 3814 4785 .clj'Ã©"

2203 4772 2379 4845 Aaron
2397 4813 2412 4836 ,
2443 4781 2499 4825 ut
2519 4771 2738 4828 offerret
2761 4771 3045 4830 incensum
3067 4771 3170 4844 pro
3193 4776 3403 4845 populo
3423 4819 3440 4843 ,
3467 4771 3534 4831 Et
3564 4776 3715 4831 stetit
3740 4773 3820 4845 in:

2204 4849 2285 4914 ter
2328 4841 2476 4896 vivos
2513 4852 2568 4897 et
2609 4854 2877 4909 mortuos;
2910 4855 2966 4899 et
3014 4841 3285 4914 mitigatus
3311 4841 3612 4901 estâ€™furor
3659 4846 3747 4900 Dei
3777 4841 3819 4914 Â³]

2204 4910 2388 4981 (Num.
2421 4929 2545 4979 xw,
2571 4914 2782 4984 4648).
2803 4915 2860 4970 Si
2904 4910 3212 4970 intellexisti
3253 4917 3512 4972 historia:
3539 4910 3818 4976 ordinem,

2203 4983 2481 5057 etioculis,
2512 4994 2568 5057 ut
2595 4985 2664 5038 ita
2683 4983 2895 5057 dicam,
2922 5001 3144 5041 cernere
3165 4987 3392 5056 potuisti
3425 4998 3672 5043 stantem
3697 5002 3824 5057 pon-

2205 5053 2400 5108 tificem
2421 5055 2653 5109 medium
2681 5055 2819 5110 inter
2838 5057 2986 5112 vivos
3008 5065 3062 5112 et
3090 5053 3360 5112 mortuos.
3390 5059 3660 5114 Ascende
3687 5053 3824 5112 nunc

2268 5245 2285 5277 á½·
2307 5245 2436 5316 Apud
2458 5246 2722 5316 erigentem
2737 5281 2753 5307 ,
2779 5247 3037 5300 Mart-imis
3057 5255 3142 5300 aut
3165 5249 3433 5315 Basilidis,
3464 5251 3603 5314 loco,
3627 5251 3828 5302 Ariano-

2203 5318 2319 5357 rum
2339 5305 2413 5356 á½ºÎ¸á½·
2432 5305 2826 5357 Manichteorinn.

2267 5369 2291 5436 Î¾
2311 5375 2420 5418 Haec
2441 5369 2709 5436 uou_babet
2724 5372 2980 5436 Origenes,
3001 5372 3092 5422 sed
3113 5371 3206 5422 alia
3229 5372 3377 5436 plura
3407 5390 3593 5427 eorum
3619 5377 3746 5428 loco.

2271 5430 2297 5504 Î¾
2314 5437 2491 5540 [iurum
2539 5428 2662 5493 loco,
2708 5428 2835 5494 apud
2876 5428 3138 5498 Origenem
3175 5428 3426 5498 pr'olixior
3468 5440 3699 5490 historiae
3743 5438 3833 5486 deo

2271 5504 2332 5540 an
2356 5505 2421 5540 io.

2205 5503 2421 5554 scriptio.

2270 5574 2343 5638 (á¾³)
2363 5574 2544 5624 Abhinc
2563 5576 2819 5638 Origenes.

2295 5635 2342 5697 b)
2368 5638 2495 5699 Ignis
2535 5635 2727 5686 alienus
2757 5639 3008 5700 impositus
3040 5637 3219 5700 fuerat,
3243 5652 3348 5690 non
3391 5643 3445 5691 in
3472 5642 3745 5694 thuribufis
3767 5638 3831 5686 de

2208 5701 2540 5765 quibusnam.
2566 5712 2656 5765 _x_vt
2671 5701 2852 5765 agitur,
2873 5715 3086 5765 qumque
3105 5703 3343 5764 producta
3371 5705 3424 5752 in
3465 5703 3680 5752 laminas
3697 5702 3833 5763 justa

2209 5758 2322 5830 sunt
2356 5759 2494 5808 altari
2531 5758 2803 5830 attigifsed
2840 5758 3036 5830 in'aliis,
3077 5758 3457 5830 errore
3493 5771 3548 5812 et
3574 5758 3720 5825 Abiu,
3746 5771 3834 5812 Le-

2212 5826 2294 5872 ".it.
2321 5835 2351 5870 x
2378 5835 2390 5871 :
2418 5821 2544 5883 quod
2570 5820 2646 5873 hic
2669 5831 2717 5873 et
2741 5824 2865 5887 apud
2889 5820 3148 5888 urgentem
3167 5820 3516 5874 coalfuuditur.
