4062 6368
273 382 408 442 1805

269 498 333 552 ad
377 496 530 552 verbi
576 495 736 565 hujus
777 493 1002 565 celsiora
1047 492 1250 564 fastigia
1271 534 1287 559 ,
1315 498 1372 547 et
1421 491 1542 547 vide
1579 493 1852 565 quomodo

268 583 422 623 verus
476 562 716 638 pontifex
755 566 911 622 Jesus
955 562 1199 638 Christus
1252 572 1528 638 assumpto
1569 563 1849 638 _thuribulo

266 639 441 694 carnis
478 633 765 701 humanm,
792 645 847 692 et
888 635 1222 704 superposito
1269 633 1389 704 igne
1431 633 1646 704 altaris,
1676 633 1851 687 anima

264 710 380 764 sine
404 707 572 762 dubio
602 707 690 762 illa
721 706 994 776 magniﬁca
1018 703 1143 776 cum
1168 721 1270 776 qua
1300 703 1456 776 natus
1475 712 1558 758 est
1585 703 1636 756 in
1656 718 1848 776 carne,

258 779 476 848 adjecto
505 779 665 833 etiam
694 773 913 832 incenso
941 775 1032 846 qui
1069 784 1151 830 est
1187 773 1406 848 spiritus
1445 773 1813 828 immaculatus
1834 815 1849 837 ,

263 845 473 903 medios
501 849 640 903 inter
661 849 810 902 vivos
833 857 885 901 et
921 845 1162 900 mortuos
1198 845 1370 906 stetit.
1394 853 1448 898 et
1491 851 1716 897 mortem
1744 858 1850 898 non

263 919 510 988 permisit
553 919 689 973 ultra
715 917 945 989 grassari
967 933 983 989 _:
1008 915 1102 971 sed
1123 957 1139 980 ,
1170 915 1322 989 sicut
1350 914 1638 989 Apostolus
1661 913 1847 989 dicit,

261 983 532 1044 destruxit
555 1005 676 1059 eum
709 983 798 1059 qui
829 987 1058 1059 habebat
1094 987 1282 1059 mortis
1312 984 1591 1054 imperium
1613 1025 1627 1048 ,
1661 983 1848 1059 idest,

262 1060 534 1136 diabolum
561 1054 744 1136 (Hebr;
776 1075 810 1113 ιι
825 1057 1000 1136 ,_14);
1028 1063 1088 1111 ut
1114 1057 1202 1126 qui
1244 1057 1296 1136 in
1329 1059 1500 1124 ipsum
1534 1054 1850 1136 pontiﬁcem

261 1128 538 1184 Christum
570 1125 788 1192 'credit,
838 1125 952 1199 jam
995 1143 1101 1181 non
1136 1125 1426 1199 moriatur,
1447 1125 1551 1199 sed
1605 1125 1748 1199 vivat
1795 1126 1848 1179 in

263 1209 543 1254 :rternum.
573 1199 686 1254 Hoc
712 1199 808 1253 fuit
833 1195 959 1267 ergo
989 1197 1296 1267 mysterium
1321 1195 1460 1266 quod
1494 1203 1678 1265 postea
1707 1196 1851 1267 futu-

257 1286 376 1324 rum
418 1270 534 1337 jam
581 1279 705 1325 tunc
744 1266 970 1340 angelus
999 1266 1117 1340 ille,
1148 1268 1238 1336 qui
1283 1266 1846 1340 popu|_um__vastabat,

262 1336 496 1412 expavit.
528 1336 862 1412 Agnoscebat
887 1338 1030 1412 enim
1061 1339 1279 1412 figuram
1311 1336 1582 1412 thuribuli,
1612 1345 1666 1412 et
1690 1336 1844 1412 ignis,

261 1405 543 1465 etincensi
567 1405 668 1476 ςἐι
694 1411 866 1480 qualis
888 1405 1157 1464 offerenda
1179 1415 1331 1463 esset
1359 1409 1467 1462 Deo
1497 1405 1668 1480 hosiia
1689 1407 1850 1480 ab_eo

260 1481 348 1549 qui
401 1481 611 1537 medius
664 1476 994 1536 mortuorum
1053 1479 1398 1549 vivorumque
1447 1476 1850 1549 constituendus

259 1547 409 1615 erat,
443 1551 802 1620 przevidebat:
829 1559 886 1605 et
927 1550 1044 1605 illos
1069 1549 1282 1620 quidem
1313 1547 1447 1603 tunc
1473 1548 1650 1618 imago
1674 1547 1850 1620 prgeﬁ-

251 1617 455 1690 gurata'
492 1622 749 1688 salvavit,
790 1621 858 1676 ad
899 1635 997 1675 nos
1043 1617 1218 1674 autem
1265 1620 1452 1674 salutis
1492 1617 1688 1690 veritas
1737 1617 1848 1688 ipsa

259 1689 527 1760 pervenit.
574 1692 757 1762 Neque
796 1691 940 1746 enim
983 1690 1288 1762 indumenta
1318 1689 1584 1762 pontiﬁcis
1615 1703 1847 1762 purpura

257 1759 320 1814 ac
349 1762 473 1816 lana
498 1759 762 1834 byssoque
789 1770 1036 1834 contexta
1061 1761 1361 1834 erubuisset
1388 1761 1606 1834 angelus
1636 1759 1724 1834 ille
1753 1775 1848 1834 va-

255 1841 429 1887 stator
453 1850 467 1886 :
494 1830 588 1888 sed
610 1830 707 1887 ista
729 1848 844 1902 quae
868 1831 1040 1886 futura
1061 1839 1215 1887 erant
1237 1830 1772 1902 indumenta_Domini
1795 1838 1850 1902 et

255 1902 556 1958 Salvatoris
580 1899 762 1958 nostri
775 1903 1055 1973 singularis
1084 1911 1133 1956 et
1165 1902 1339 1973 magni
1383 1899 1650 1973 pontiﬁcis
1692 1901 1850 1956 intel-

257 1973 421 2044 lexit;
455 1982 511 2029 et
541 1975 624 2030 his
658 1971 1074 2044 cessit,'quibus
1115 1972 1296 2043 utique
1325 1971 1574 2027 universa
1603 1980 1847 2026 creatura

252 2043 484 2099 inferior
508 2052 643 2099 erat.

329 2116 383 2169 5.
431 2113 536 2181 Qui
557 2117 797 2180 viventes,
825 2114 908 2185 qui
949 2113 1211 2185 mortui_in
1238 2111 1318 2166 die
1341 2111 1554 2185 iudicii.
1578 2111 1716 2185 Put_o
1739 2125 1845 2185 au-

253 2192 367 2238 tem
396 2186 541 2256 quod
567 2201 670 2240 non
699 2182 870 2240 solum
895 2187 1068 2254 primo
1090 2183 1318 2256 adventu
1351 2183 1556 2256 Domini
1584 2191 1639 2256 et
1663 2182 1848 2256 Saiva-

257 2257 393 2310 toris
416 2251 591 2311 nostri
628 2257 794 2310 forma
837 2251 950 2325 ipsa
976 2255 1238 2323 completa
1268 2254 1336 2325 sit
1362 2252 1493 2325 :sed
1518 2252 1705 2308 eadem
1734 2251 1845 2306 for-

255 2333 403 2380 tasse
433 2327 740 2381 servabitur
778 2336 831 2380 ct
861 2323 928 2380 in
970 2325 1226 2380 secundo.
1259 2323 1449 2378 Veniet
1477 2325 1620 2378 enim
1653 2325 1843 2378 iterum

256 2395 426 2451 Filius
458 2397 717 2463 hominis;
747 2405 942 2451 etcum
984 2396 1218 2461 venerit,
1250 2395 1367 2449 sine
1407 2393 1570 2449 dubio
1614 2394 1848 2449 inveniet

253 2467 521 2538 quosdam
538 2468 748 2538 quidem
780 2475 1014 2522 mortuos
1034 2507 1049 2531 ,
1081 2465 1545 2538 quosdamiautem
1585 2465 1842 2538 viventes.

249 2536 371 2592 Hoc
402 2539 522 2594 loco
549 2536 654 2594 non
686 2539 972 2608 incongrue
998 2536 1190 2608 mortui
1222 2536 1586 2608 intelliguntur
1621 2536 1727 2600 illi,
1755 2537 1844 2605 qui

256 2609 534 2678 nimietate
560 2609 821 2664 scelerum
853 2607 906 2662 in
934 2607 1161 2678 peccatis
1199 2607 1314 2678 suis
1356 2607 1548 2678 mortui
1595 2620 1844 2678 compro-

251 2677 476 2743 bantur,
509 2680 745 2735 viventes
773 2676 950 2733 autem
975 2679 1047 2732 illi
1082 2678 1169 2748 qui
1197 2677 1247 2730 in
1277 2676 1526 2747 operibus
1562 2677 1683 2748 vitae
1723 2691 1845 2748 per—

253 2751 554 2822 manserint
610 2749 706 2822 (a).
755 2745 1131 2822 Verumtamen
1183 2745 1439 2822 utrolihei
1480 2745 1639 2822 modo
1685 2746 1847 2800 stabit

251 2821 421 2874 etiam
446 2822 497 2874 in
515 2815 690 2874 futuro
717 2835 938 2890 magnus
961 2819 1044 2873 hic
1065 2819 1314 2890 ΡοιιιίιειΔ
1331 2825 1384 2871 et
1407 2815 1649 2890 Salvator
1664 2828 1847 2871 noster

254 2891 473 2944 medius
503 2891 740 2946 vivorum
763 2887 1187 2944 et'mortuorum.
1212 2887 1318 2942 Sed
1345 2896 1398 2941 et
1427 2897 1551 2940 tunc
1578 2887 1713 2941 forte
1730 2903 1844 2940 me-

246 2960 381 3013 dius
411 2962 652 3017 vivorum
691 2970 744 3016 et
774 2970 1100 3016 mortuorum
1133 2968 1273 3014 stare
1300 2957 1554 3012 dicendus
1579 2965 1694 3021 est,
1723 2972 1843 3011 cum

249 3039 461 3085 statuet
497 3046 624 3086 oves
653 3031 864 3100 quidem
892 3046 920 3084 a
955 3029 1186 3095 dextris,
1218 3027 1620 3100 hatdosuantem
1653 3043 1682 3080 a
1713 3027 1846 3100 sini-

253 3103 409 3171 stris,
430 3111 486 3156 et
506 3102 646 3157 dicet
673 3096 754 3156 his
777 3102 916 3171 quia
943 3100 1144 3155 dextris
1159 3105 1315 3171 erunt
1335 3116 1359 3171 εΔ
1381 3096 1574 3171 Venite,
1602 3098 1848 3171 benedicti

257 3169 438 3244 Putris
467 3174 563 3225 mei
580 3215 593 3235 ,
626 3167 866 3244 percipite
892 3187 1102 3242 regnum
1125 3170 1261 3244 quod
1275 3167 1416 3244 vobis
1430 3179 1674 3244 paratum
1693 3177 1764 3244 est
1785 3169 1847 3222 ab

249 3243 456 3310 origine
481 3238 677 3296 mundi.
716 3238 808 3307 llis
844 3238 1020 3297 autem
1049 3238 1204 3311 quia
1244 3239 1472 3311 sinistris
1512 3248 1636 3293 sunt
1677 3238 1842 3304 dicet,

254 3309 350 3364 [se
369 3313 422 3366 in
458 3313 620 3382 ignem
647 3323 918 3378 wternum,
942 3309 1172 3381 operarii
1199 3309 1684 3382 iniquitﬁatiskguent
1713 3325 1845 3379 prte-

254 3385 460 3450 pararit
478 3377 643 3438 'Pater
670 3400 811 3439 meus
830 3377 1028 3438 diabolo
1057 3389 1104 3436 et
1133 3377 1323 3452 angelis
1343 3381 1452 3449 ejus
1476 3377 1689 3452 (Mutth.
1713 3377 1845 3445 ‘xxv,

252 3453 330 3531 3t
348 3496 360 3512 .
393 3453 508 3531 4t),
541 3457 788 3531 quoniam
817 3469 921 3531 non
964 3453 1084 3507 novi
1110 3451 1223 3506 vos.
1255 3451 1322 3505 Et
1351 3458 1472 3504 sunt
1497 3451 1679 3531 utique
1705 3465 1849 3531 mor:

249 3525 356 3596 tui,
379 3521 473 3593 qui
491 3526 544 3580 in
560 3521 746 3596 ignem
769 3527 1048 3579 mittuntur
1073 3531 1330 3596 mteriium
1355 3538 1368 3573 :
1393 3529 1516 3596 sunt
1539 3528 1716 3576 autem
1744 3521 1850 3574 vivi

259 3594 334 3646 illi
379 3589 469 3664 qni
501 3589 780 3650 mitiuntur
820 3595 886 3650 ad
916 3609 1158 3664 regnum.
1192 3592 1273 3646 Ad
1294 3589 1449 3664 quod
1493 3606 1714 3664 regnum
1752 3605 1850 3664 vos

255 3666 382 3732 pius
397 3661 669 3720 'Dominus
697 3661 1230 3736 perducere'prosua
1253 3663 1450 3732 pietate
1474 3661 1740 3736 dignetur,
1763 3661 1849 3736 cui

256 3730 344 3788 est
371 3737 543 3790 honor
567 3746 621 3791 et
647 3730 928 3806 imperium
956 3730 1078 3791 cum
1109 3730 1266 3788 Patre
1289 3742 1343 3788 ct
1368 3741 1553 3788 sancto
1569 3731 1767 3802 Spiritu
1796 3730 1849 3785 in

253 3807 460 3862 srecula
491 3807 830 3862 seculorum.
856 3810 1045 3862 Amen.

773 3897 1003 3954 SERMO
1041 3895 1212 3952 xxxx
1243 3894 1337 3966 (ὑ).

785 3967 864 4022 De
888 3969 1027 4039 virga
1047 3969 1216 4039 Aaron
1246 3967 1339 4039 (c).

338 4037 389 4108 ι.
432 4035 586 4107 Virga
621 4047 692 4092 est
722 4033 1028 4108 principum.
1058 4033 1513 4108 Omnisprinceps
1554 4033 1722 4089 tribus
1752 4047 1851 4104 po-

264 4107 372 4179 puli
405 4106 561 4162 habet
585 4106 807 4179 virgam.
835 4108 950 4164 Non
976 4110 1116 4165 enim
1143 4106 1458 4179 poteSt_qui_s
1482 4120 1664 4174 regere
1686 4120 1852 4179 popu-

261 4175 374 4250 lum
396 4221 411 4242 ,
445 4179 547 4233 nisi
575 4175 766 4234 habeat
803 4181 1026 4250 virgam.
1057 4175 1208 4250 Unde
1237 4187 1290 4250 et
1319 4175 1512 4250 Paulus
1527 4175 1816 4250 _apostol_ns_
1833 4215 1848 4250 ε

259 4249 388 4321 quia
441 4249 687 4321 princeps
732 4259 848 4305 erat
889 4244 1108 4321 populi,
1159 4245 1660 4321 idcirco_dic_ebat:
1716 4244 1854 4321 Quid

261 4315 456 4373 vultis?
478 4321 527 4374 in
555 4315 915 4402 uirgultien‘iam'
937 4315 1004 4374 ait
1028 4315 1116 4402 uos
1135 4361 1158 4402 ι
1177 4337 1241 4402 qn
1267 4320 1320 4371 in
1343 4316 1586 4371 charitate
1606 4315 1853 4396 etapiritu

265 4384 670 4463 mansuetudinis
701 4390 744 4463 (ι
771 4390 888 4445 Cor.
912 4407 964 4445 tv
983 4433 998 4457 ,
1027 4388 1384 4463 21)?i0mnes
1421 4401 1548 4463 ergo
1574 4384 1853 4463 principes

263 4455 502 4514 tribuum
528 4455 759 4517 habeant
785 4455 1001 4517 necesse
1020 4455 1112 4516 est'
1127 4461 1299 4530 virgas
1323 4472 1466 4530 suas.
1478 4455 1597 4530 Sed
1607 4469 1750 4530 unus
1772 4463 1854 4530 est

267 4531 444 4602 solus,
471 4531 608 4586 sicut
645 4533 920 4602 Scriptura
948 4532 1074 4587 dicit
1114 4523 1292 4600 (verus
1322 4523 1552 4602 pontifex
1584 4526 1675 4581 ille
1701 4525 1853 4602 cujus

271 4600 446 4654 Aaron
478 4602 726 4657 sacerdos
753 4596 1068 4671 praeferebat
1094 4596 1337 4670 figuram:
1365 4599 1530 4671 llnjus
1556 4612 1690 4671 ergo
1708 4596 1851 4666 virga

268 4671 606 4742 germinavit.
634 4669 784 4727 Sicut
803 4673 942 4728 enim
966 4674 1107 4742 virga
1124 4669 1306 4742 A’Aaron
1333 4669 1651 4742 germinavit
1681 4669 1730 4720 in
1761 4682 1852 4742 po-

272 4739 399 4808 pqu
432 4741 772 4806 Judmornm;
821 4745 891 4797 ita
938 4737 1072 4797 cmi
1110 4740 1305 4795 Christi
1341 4737 1527 4792 “floruit
1565 4738 1616 4791 in
1659 4737 1854 4808 populo

270 4810 604 4881 Gentium‘).
620 4813 816 4868 Verum
847 4815 1116 4881 quoniam,
1141 4819 1198 4865 ut
1221 4826 1362 4879 sa-pe
1393 4808 1854 4881 ostendimus,_ve-

273 4894 364 4934 rus
391 4877 628 4952 pontifex
665 4877 905 4938 Christus
938 4894 1016 4938 cst
1039 4925 1052 4945 ,
1086 4884 1197 4951 ipse
1228 4877 1379 4952 solus
1405 4878 1680 4952 cst_cujus
1709 4877 1852 4947 virga

271 4948 446 5008 crucis
473 4970 576 5008 non
600 4955 771 5009 solum
802 4948 1134 5023 germinavit,
1167 4951 1338 5023 sedet
1365 4948 1561 5023 ﬂoruit,
1585 4958 1639 5003 et
1665 4963 1853 5001 omnes

272 5023 602 5094 credentium
636 5021 946 5094 populorum
977 5024 1174 5078 fructus
1202 5021 1458 5075 exhibuit.

344 5092 395 5144 2.
439 5093 603 5148 Nucis
631 5088 742 5147 eunt
779 5094 910 5164 Lege
938 5095 1207 5164 allegorica
1239 5093 1568 5164 comparaiio.
1596 5088 1726 5164 Quis
1754 5105 1852 5164 au-

276 5171 378 5216 tv-m
409 5167 508 5218 iste
537 5174 617 5218 est
641 5161 1266 5235 fructus—quem'attulit?
1293 5161 1617 5235 amygdalae,
1648 5161 1848 5235 inquit:

275 5235 564 5303 amygdala:
585 5277 598 5298 ,
631 5236 818 5290 fratres
839 5276 855 5302 _.
886 5232 1050 5289 huccs
1081 5243 1204 5287 sunt
1227 5235 1268 5286 ’.
1299 5233 1396 5300 Qui
1443 5232 1853 5303 fl‘thlllsipl‘lmO

273 5301 480 5370 quidem
514 5301 1074 5360 indumentdamarus
1116 5312 1226 5366 est,
1258 5303 1497 5372 sequenti
1529 5301 1764 5372 numitur
1791 5315 1855 5355 ac

273 5376 485 5444 ιε-εἱιυτ,
517 5377 675 5430 tertio
704 5384 1003 5430 sumentem
1043 5376 1210 5446 pascit
1235 5390 1297 5428 ac
1328 5374 1510 5427 nutrit.
1545 5371 1688 5426 Talis
1726 5385 1853 5442 ergo

613 5479 710 5489 ,μοι
731 5483 740 5487 ς

335 5531 549 5600 'ttormn
587 5530 691 5582 loco
728 5533 964 5594 Origenes
996 5547 1008 5580 :
1055 5533 1275 5595 I'onttfex
1317 5544 1468 5581 .mr-ou
1491 5568 1504 5590 ,
1543 5543 1684 5592 cujus
1718 5543 1853 5594 vtrga

273 5599 569 5646 armaria-nit.
605 5601 797 5652 Verum,
822 5603 917 5644 etc.

333 5653 509 5718 famul
554 5655 835 5718 Origenem,
871 5654 1043 5713 nucis,
1097 5654 1256 5718 inquit
1294 5668 1322 5718 :7
1365 5651 1447 5718 qui
1477 5653 1693 5718 fructus,
1753 5659 1848 5702 etc.

331 5713 401 5778 (ᾳ)
427 5717 544 5778 ttnic
568 5713 910 5778 intelligentiae
929 5719 1049 5766 duas
1067 5713 1184 5765 alias
1203 5713 1398 5778 praefert
1412 5713 1664 5778 Origenes.

330 5772 400 5840 (li)
424 5774 565 5840 (tum,
583 5772 902 5839 de't‘einpore
925 5779 1018 5836 99;
1046 5787 1097 5827 et
1121 5772 1245 5840 post.
1276 5780 1321 5825 in
1348 5772 1616 5838 Appenilice
1637 5775 1710 5840 ιο.

330 5837 400 5894 (ε)
429 5836 589 5885 altera
607 5851 724 5898 pars
748 5836 825 5890 εει
845 5836 1293 5902 Origenis‘homilize
1318 5842 1365 5888 in
1383 5836 1621 5889 nutrieras
1641 5837 1687 5886 9.

1653 377 1882 436 SERLlO
1919 378 2110 437 XXXI.

3407 385 3541 440 1505

1960 503 2042 547 est
2076 493 2400 568 in_E_cclesiia
2428 492 2620 568 Christi
2645 536 2672 568 ,_
2688 492 2926 568 doctrina
2957 494 3113 566 Legis
3156 507 3210 553 et
3232 497 3536 568 "Propheta-

1956 578 2095 616 rum.
2115 564 2298 639 _P_rima
2341 564 2532 639 littera:
2573 563 2739 639 facies
2761 567 2891 620 satis
2915 563 3092 639 amara
3119 578 3202 622 est
3221 610 3235 630 .
3283 563 3403 639 qua:
3431 572 3538 624 cir-

1956 635 2333 694 cumcisionem
2345 636 2519 689 carnis
2534 635 2786 707 praecipit,
2799 651 2913 706 qure
2930 636 2996 691 de
3008 639 3283 693 sacriﬁciis
3296 635 3537 707 mandat,

1957 712 2011 780 et
2035 714 2368 780 caeteraqu
2414 721 2506 774 per
2540 705 2867 759 occidentem
2902 707 3128 780 litteram
3169 705 3534 780 designantur.

1959 773 2082 851 [huc
2101 773 2297 851 omnia.
2311 773 2563 851 tanquam
2586 790 2822 851 amarum
2849 778 2995 831 nucis
3011 773 3532 851 corticemfprojice.

1957 844 2201 900 Secundo
2232 849 2280 900 in
2311 847 2424 900 loco
2462 845 2527 917 ad
2565 846 2888 900 munimenta
2928 857 3062 901 tecta
3099 850 3115 880 ⁸
3151 844 3447 917 pervenies.
3482 856 3535 909 in

1957 929 2063 983 quo
2085 917 2167 970 vel
2201 918 2414 971 moralis
2453 915 2692 970 doctrina
2722 917 2804 969 vel
2848 918 2982 970 ratio
3007 915 3353 976 continentia:
3387 915 3532 978 desi-

1956 996 2149 1054 gnatur
2190 1007 2205 1041 :
2245 1004 2362 1053 qum
2387 987 2682 1041 necessaria
2723 987 2935 1052 quidem
2975 998 3099 1042 sunt
3133 991 3200 1044 ad
3238 993 3532 1050 custodiam

1958 1070 2142 1128 eorum
2172 1073 2290 1125 qua:
2330 1066 2608 1111 servantur
2637 1058 2985 1128 intrinsecus;
3026 1059 3308 1128 frangenda
3352 1073 3531 1120 tamen

1956 1127 2274 1197 quandoque
2299 1128 2414 1182 sine
2438 1128 2599 1183 dubio
2619 1137 2672 1181 et
2692 1127 3030 1184 dissolvenda
3057 1127 3199 1184 sunt.
3228 1131 3293 1187 Ut
3317 1135 3361 1187 si
3385 1137 3532 1190 verbi

1955 1210 2113 1271 causa
2143 1197 2399 1271 dicamus,
2430 1198 2744 1271 abstinentia
2771 1198 3009 1255 ciborum
3033 1208 3088 1254 et
3114 1203 3388 1271 castigatio
3413 1221 3535 1260 cor-

1955 1267 2336 1342 poris_,_‘donec
2380 1283 2563 1342 sumus
2604 1270 2655 1322 in
2700 1283 2926 1342 corpore
2970 1271 3072 1324 isto
3111 1267 3438 1342 corruptibili
3480 1287 3537 1331 et

1955 1338 2222 1405 passibili,
2258 1341 2373 1394 sine
2406 1340 2566 1393 dubio
2595 1340 2905 1410 necessaria.
2933 1350 3048 1404 est;
3081 1357 3200 1396 cum
3237 1338 3411 1399 autem
3439 1362 3535 1400 su-

1954 1410 2295 1476 perveniente
2324 1421 2494 1464 morte
2519 1409 2845 1464 confractum
2877 1409 3034 1465 fuerit
3057 1419 3111 1466 et
3137 1414 3444 1480 resolutum,
3479 1427 3536 1470 et

1955 1481 2361 1554 resurrectionis
2407 1490 2648 1554 tempore
2676 1481 3074 1554 ineorruptibile
3102 1497 3166 1535 ex
3199 1487 3534 1554 corruptibili

1954 1548 2240 1620 redditum,
2269 1560 2425 1620 atque
2454 1567 2517 1605 ex
2545 1551 2759 1604 animali
2782 1551 3072 1619 spirituale,
3099 1567 3201 1606 non
3220 1555 3327 1620 jam
3352 1548 3534 1611 labore

1954 1617 2282 1694 afflictiouis,
2299 1617 2396 1675 nec
2417 1621 2750 1694 abstinentia:
2769 1617 3134 1694 castigatione,
3159 1617 3250 1676 sed
3274 1625 3533 1694 qualitate

1955 1690 2034 1742 sui
2083 1692 2224 1745 nulla
2266 1693 2373 1760 jam
2421 1693 2635 1760 Corpori
2682 1692 2984 1760 corruptela
3022 1690 3398 1748 dominabitur.
3444 1696 3534 1752 Sic

1954 1773 2088 1838 ergo
2109 1770 2162 1814 et
2191 1777 2330 1838 nunc
2355 1762 2577 1838 [durior
2604 1770 2738 1817 testa
2785 1762 2934 1816 nucis
2975 1764 3120 1838 velut
3148 1763 3190 1838 ²]
3229 1767 3531 1823 necessaria

1953 1829 2458 1906 abstinenticeratio
2494 1833 2720 1906 videtur,
2756 1840 2810 1887 et
2849 1829 3190 1906 postmodum
3236 1852 3340 1890 non
3381 1853 3534 1906 qum-

1955 1902 2144 1980 rcntla.
2173 1902 2353 1958 Tertio
2378 1913 2553 1957 autem
2584 1903 2735 1980 loco,
2760 1902 3086 1980 recimditum
3105 1903 3273 1980 [velut
3303 1902 3527 1980 inn'ucel

1954 1975 2191 2045 invenies
2230 1984 2493 2029 secretum
2517 1975 2889 2045 mysteriorum
2917 1975 3191 2044 sapientia:
3211 1986 3266 2031 et
3286 1975 3527 2033 scicntize'

1956 2040 2046 2095 Dei
2076 2058 2310 2108 sensum,
2343 2061 2448 2114 quo
2476 2040 2776 2099 nutriantur
2797 2053 2850 2099 et
2883 2040 3169 2113 pascantur
3191 2048 3382 2102 anima:
3407 2064 3533 2103 san-

1951 2120 2073 2183 _ct:e,
2104 2129 2206 2168 non
2235 2115 2406 2169 solum
2439 2115 2490 2169 in
2514 2115 2758 2183 praesenti
2788 2116 2912 2181 vita,
2942 2116 3036 2170 sed
3064 2117 3298 2172 etiamin
3331 2119 3527 2174 futura.

1953 2180 2071 2256 ipse
2092 2185 2232 2256 enim
2261 2194 2336 2240 est
2373 2180 2688 2256 pontificalis
2713 2185 2934 2250 fructus,
2974 2186 3042 2241 de
3069 2202 3175 2256 quo
3206 2189 3532 2256 promittitur

1953 2251 2036 2327 _his
2065 2255 2153 2324 qui
2179 2251 2420 2327 esuriant
2443 2266 2498 2311 et
2529 2255 2708 2327 sitiunt
2733 2256 3012 2325 justitiam,
3037 2251 3158 2327 quia
3189 2251 3286 2327 ipsi
3323 2269 3532 2315 satura-

1954 2322 2148 2398 l_)uu_tur
2187 2325 2396 2398 (Matth.
2425 2343 2489 2398 vi,
2519 2324 2618 2398 6)._
2642 2322 2753 2382 Hoc
2792 2327 2954 2398 igitur
2989 2322 3147 2381 modo
3190 2322 3240 2382 iit
3281 2331 3528 2385 omnibus

1951 2391 2237 2468 Scriptnris
2283 2397 2503 2466 triplicis
2533 2391 2688 2466 hujus
2716 2391 3031 2468 sacramenti
3071 2399 3206 2452 ratio
3245 2401 3527 2468 percurrit.

1951 2461 2038 2517 Sic
2063 2461 2116 2537 et
2135 2461 2401 2537 Sapientia
2437 2461 2646 2533 monet,
2676 2476 2731 2522 ut
2764 2466 3131 2522 describamus
3156 2461 3271 2522 eam
3301 2471 3452 2524 nobis
3478 2473 3530 2526 in

1950 2535 2112 2608 corde
2155 2535 2463 2607 tripliciter,
2497 2539 2576 2591 Ad
2617 2538 3052 2608 respondendum,
3089 2539 3286 2608 inquit,
3333 2541 3534 2595 verbum

1951 2607 2173 2683 ueritatis
2193 2606 2367 2683 (εἱεᾳαὶ
2376 2606 2725 2679 proposuerint
2749 2608 2888 2683 nobis
2905 2606 3084 2683 (Prov.
3108 2606 3241 2683 χέῃ,
3265 2611 3334 2665 20
3350 2621 3396 2664 et
3414 2611 3532 2683 21).

1949 2673 2082 2750 Nam
2119 2679 2260 2750 quia
2282 2673 2673 2750 sacramentum
2699 2673 3027 2734 sacerdotale
3050 2690 3134 2734 est
3159 2681 3303 2750 virga
3330 2673 3529 2738 nucis':

1952 2745 2153 2801 idcirco
2191 2749 2420 2803 arbitror
2451 2751 2610 2804 etiam
2648 2749 2968 2814 Jeremiam,
3009 2751 3097 2818 qui
3139 2745 3265 2804 erat
3291 2766 3427 2807 unus
3463 2768 3530 2808 ex

1951 2817 2315 2874 sacerdotibus
2343 2835 2407 2874 ex
2438 2819 2706 2881 Anathot,
2738 2819 2933 2875 vidisse
2959 2817 3162 2890 virgam
3193 2836 3413 2876 nuceam
3434 2865 3448 2888 ,
3478 2834 3536 2880 et.

1953 2891 2298 2965 prophetasse
2315 2891 2386 2965 _de
2405 2907 2475 2965 ea
2500 2891 2586 2945 illa
2607 2905 2726 2965 qua:
2747 2890 2938 2965 scripta
2973 2899 3131 2954 sunt,
3158 2892 3254 2965 vel
3293 2893 3360 2947 de
3387 2894 3532 2965 virga

1952 2973 2120 3031 nucea
2142 3001 2155 3020 ,
2179 2961 2261 3014 vel
2297 2961 2364 3015 de
2403 2961 2575 3017 lebete
2601 2959 2712 3014 sive
2737 2959 2842 3013 olla
2868 2975 3121 3015 succensa
3147 2960 3357 3029 (Jerem.
3386 2979 3432 3026 ι.
3466 2959 3494 3020 ἱ
3515 3007 3531 3031 ,

1954 3028 2290 3103 “,12etl3)
2316 3049 2329 3085 :
2353 3032 2500 3102 quasi
2527 3031 2830 3103 ostenderet
2859 3046 2952 3100 per
2981 3033 3092 3084 htec
3121 3028 3172 3084 in
3195 3033 3337 3103 virga
3369 3028 3535 3092 nucea

1951 3113 2072 3155 esse
2103 3102 2299 3168 vitam,
2337 3112 2391 3156 et
2418 3103 2469 3156 in
2499 3102 2671 3157 lebete
2703 3115 2959 3156 succensa
2993 3116 3112 3156 esse
3140 3102 3384 3157 mortem.
3415 3103 3537 3162 Vita

1953 3171 2094 3242 enim
2117 3181 2169 3226 et
2189 3187 2334 3242 mors
2359 3173 2574 3242 ponitur
2593 3184 2715 3226 ante
2737 3172 2923 3228 faciem
2952 3181 3185 3227 nostram
3212 3189 3224 3225 :
3249 3182 3303 3228 et
3323 3183 3407 3229 est
3427 3177 3535 3232 vita

1993 3241 2164 3296 uidem
2205 3240 2450 3298 Christus
2484 3244 2534 3297 in
2579 3251 2913 3297 sacramento
2952 3244 3134 3308 nucis;
3183 3258 3327 3298 mors
3356 3254 3534 3301 autem

1994 3312 2194 3384 iabolus
2223 3313 2274 3367 in
2305 3313 2468 3384 ﬁgura
2500 3313 2688 3368 lebetis
2714 3328 3004 3368 succenszn.
3039 3313 3092 3384 Si
3124 3329 3252 3383 ergo
3277 3329 3535 3383 peccave-

1953 3381 2058 3448 ris,
2107 3381 2404 3453 portionein
2453 3393 2597 3438 tuam
2640 3399 2807 3454 pones
2849 3399 2970 3438 cum
3013 3383 3118 3437 olla
3161 3381 3413 3440 succensa
3446 3406 3459 3439 :
3489 3389 3535 3442 si

1953 3462 2130 3506 autem
2154 3455 2296 3522 justo
2315 3456 2513 3526 egeris,
2545 3454 2804 3526 efﬁcietur
2824 3456 2996 3526 portio
3019 3463 3102 3507 tua
3124 3456 3174 3508 in
3201 3456 3341 3525 virga
3367 3473 3535 3514 nucea

1953 3539 2074 3578 cum
2105 3540 2298 3593 magno
2328 3524 2834 3596 pontiﬁce.Sedet_
2854 3526 2906 3578 in
2936 3524 3180 3596 Canticis
3203 3524 3533 3596 canticorum

1957 3608 2151 3662 Sponsa
2173 3594 2366 3650 dicitur
2389 3595 2716 3652 descendere
2740 3595 2790 3649 in
2821 3594 3033 3650 hortum
3066 3595 3213 3648 niueis
3245 3595 3418 3665 (Cant.
3446 3615 3535 3662 vr,

1957 3665 2089 3736 10),,
2117 3665 2205 3719 ubi
2253 3667 2411 3720 etiam
2459 3667 2654 3736 pariter
2694 3681 2816 3722 cum
2863 3667 3086 3721 nucibus
3125 3667 3537 3724 sacerdotalium

1954 3735 2357 3808 quodammodo
2377 3735 2653 3808 pomorum
2669 3739 2873 3807 copiam
2895 3736 3235 3808 perscribitur
3249 3739 3535 3796 inveniss’e.

2025 3807 2079 3862 3.
2108 3805 2543 3881 Libaaliteipei.
2567 3805 2853 3881 Diligenter
2872 3805 3146 3881 attendite,
3179 3806 3388 3881 fratres,
3413 3812 3538 3881 quia

1955 3893 2120 3932 unum
2149 3879 2391 3948 promisit
2416 3879 2556 3934 Deus
2576 3877 2809 3933 futurum
2837 3880 2888 3932 in
2913 3880 3054 3948 virga
3079 3895 3093 3931 :
3124 3887 3177 3930 et
3198 3880 3347 3947 plura
3367 3877 3534 3936 dedit.

1957 3949 2153 4004 Verum
2197 3957 2299 4013 est,
2347 3949 2538 4005 fratres
2588 3967 2602 4004 :
2651 3950 3053 4005 consuetudinis
3097 3963 3207 4002 sua:
3254 3966 3365 4004 rem
3411 3951 3539 4007 fecit

1958 4020 2213 4090 Dominus
2251 4028 2452 4075 noster.
2487 4021 2711 4090 Semper
2737 4020 2877 4076 enim
2906 4022 3104 4088 majora
3137 4019 3343 4085 tribuit,
3377 4038 3538 4090 quam

1956 4089 2235 4162 promittit.
2277 4090 2344 4144 Et
2371 4091 2492 4162 erit,
2511 4089 2692 4162 inquit
2711 4132 2726 4156 ,
2757 4090 2905 4144 homo
2929 4105 3290 4162 quemcumque
3314 4089 3537 4161 elegero,

1957 4160 2098 4231 virga
2126 4161 2234 4230 ejus
2271 4160 2606 4231 germinavit.
2631 4161 2746 4215 [loc
2788 4169 2867 4214 est
2906 4161 3077 4214 solum
3117 4160 3258 4231 quod
3298 4160 3540 4231 promisit

1959 4229 2122 4295 Deus,
2149 4239 2206 4284 ut
2229 4229 2373 4300 virga
2398 4231 2515 4300 ejus
2543 4245 2701 4301 quem
2727 4231 2964 4300 elegerit,
2989 4229 3266 4299 germinet.
3294 4230 3387 4286 Ubi
3413 4249 3539 4286 vero

1957 4301 2024 4355 ad
2051 4315 2161 4354 rem
2189 4301 2428 4367 venitur,
2457 4309 2515 4355 ut
2551 4301 2692 4371 quod
2730 4301 3048 4370 promissum
3084 4307 3196 4363 est,
3227 4302 3540 4358 ostendatur

1959 4372 2233 4442 impletum
2255 4385 2411 4442 ,ﬂnon
2459 4387 2618 4426 unum
2658 4371 2786 4426 illud
2817 4371 2958 4440 quod
2987 4371 3305 4442 promissum
3337 4373 3538 4440 fuerat,

1957 4441 2207 4498 effectum
2245 4441 2470 4506 dicitur;
2509 4442 2606 4497 sed
2649 4442 2770 4497 vide
2813 4440 3012 4512 quanta
3055 4440 3408 4497 adducuntur.
3455 4447 3545 4498 Ait

1957 4515 2100 4584 enim
2125 4511 2418 4582 Scriptura,
2451 4512 2584 4567 Ecce
2611 4511 2906 4584 germinavit
2930 4515 3069 4584 virga
3103 4512 3270 4584 Aaron
3299 4514 3352 4567 in
3389 4516 3540 4569 domo

1928 4583 2098 4642 _Levi.
2129 4581 2347 4639 lloc’est
2375 4599 2538 4638 unum
2565 4581 2697 4640 illud
2725 4586 2840 4639 sine
2867 4581 3028 4639 dubio
3049 4625 3061 4646 ,
3087 4581 3227 4652 quod
3250 4584 3422 4639 fuerat
3453 4603 3543 4641 re-

1961 4656 2298 4723 promissum.
2330 4654 2436 4710 Sed
2464 4655 2731 4710 adduntur
2755 4665 2810 4708 et
2837 4657 2960 4721 alia,
2991 4663 3044 4708 et
3069 4653 3282 4714 dicitur,
3309 4653 3376 4708 Et
3416 4674 3541 4724 pro-

1959 4725 2104 4797 dierit
2146 4725 2382 4797 frondes,
2415 4734 2467 4797 et
2497 4727 2704 4797 protulit
2743 4728 2926 4797 ﬂores,
2969 4735 3014 4780 et
3051 4725 3348 4797 germinavit
3391 4743 3542 4780 nuces

1964 4795 2154 4867 (Num.
2181 4813 2310 4858 xvtt,
2338 4798 2390 4862 5,
2423 4795 2499 4867 8).
2530 4796 2662 4850 Cum
2691 4811 2819 4867 ergo
2851 4795 2916 4867 de
2947 4797 3061 4867 soln
3086 4795 3326 4863 germine
3356 4797 3544 4852 fuisset

1959 4866 2374 4936 repromissum,
2407 4866 2527 4921 vide
2561 4866 3004 4935 quanta'largitur
3030 4866 3197 4930 Deus;
3233 4875 3289 4919 ut
3319 4883 3421 4920 non
3454 4883 3546 4922 εον

1962 4938 2065 4990 Ιιιιη
2096 4953 2313 5005 germen
2347 4937 2678 5006 produxerit,
2720 4937 2812 4991 sed
2844 4945 2897 4990 et
2937 4937 3179 4997 frondes;
3225 4947 3278 5006 et
3320 4953 3424 4991 non
3454 4954 3544 4994 so-

1960 5007 2066 5060 lum
2097 5005 2356 5075 frondes,
2377 5008 2473 5062 sed
2503 5018 2555 5063 et
2582 5008 2770 5072 ﬂores;
2803 5015 2857 5062 et
2885 5023 2988 5062 non
3025 5007 3194 5063 solum
3223 5005 3414 5075 flores,
3445 5009 3541 5063 Sed

1958 5088 2012 5132 et
2039 5078 2062 5131 Γ
2062 5089 2260 5132 ructus.

2029 5152 2083 5204 4.
2139 5148 2559 5220 Resurrectionis_
2585 5149 2753 5220 figura
2805 5158 2853 5202 et
2893 5149 3259 5220 iprwrogativre
3302 5157 3541 5220 quatuor.

1958 5219 2096 5285 Quid
2125 5220 2284 5290 igitur
2309 5229 2390 5290 est
2423 5218 2564 5288 quod
2595 5218 2660 5290 ex
2704 5219 2787 5273 his
2824 5218 3090 5288 colligere
3111 5228 3164 5274 et
3192 5218 3540 5286 contemplari

1959 5289 2244 5360 possimus,
2273 5289 2566 5344 videamus.
2592 5289 2825 5343 Primum
2861 5291 3096 5344 omnium
3133 5292 3540 5344 resurrectionis

1959 5378 2024 5436 ei;
2047 5363 2269 5436 mortuis
2293 5369 2684 5436 sacramentum
2703 5361 2754 5414 in
2779 5361 2860 5415 his
2885 5360 3160 5415 evidenter
3181 5362 3518 5436 agnoscimus
3541 5407 3543 5409 .
3605 5399 3629 5436 λ

1958 5431 2117 5502 Virga
2153 5433 2294 5487 enim
2336 5430 2482 5484 arida
2521 5432 2811 5501 germinat,
2843 5445 2962 5485 cum
2992 5445 3186 5498 corpus
3214 5433 3539 5486 exsunctnn.

1958 5501 2183 5572 ceperit
2214 5501 2552 5556 reviviscere.
2584 5503 2711 5568 Qum
2754 5509 2879 5556 sunt
2918 5509 3096 5572 autem
3125 5511 3364 5572 quatuor
3405 5503 3539 5569 ista,

1960 5571 2077 5644 qua:
2109 5574 2402 5643 resurgenti
2428 5574 2640 5643 corpori
2671 5571 3094 5644 prwstabuntur?
3123 5571 3191 5627 Ut
3219 5572 3538 5627 seminatum

2023 5716 2036 5744 ί
2059 5714 2312 5774 Origenes.
2337 5717 2486 5764 testa'.

2023 5778 2040 5805 ³
2062 5772 2213 5824 verita
2251 5777 2327 5824 hic
2361 5783 2410 5825 et
2458 5775 2597 5838 [aulo
2641 5773 2762 5825 infra
2803 5788 2936 5825 uncrs
2960 5774 3138 5825 inclusa
3159 5775 3354 5838 origani
3387 5772 3546 5826 addita

1961 5846 2086 5887 sunt.
