4062 6368
503 427 639 484 1887

504 544 555 596 in
577 538 934 606 corruptione,
958 538 1137 599 surgat
1160 528 1211 606 in
1234 525 1662 606 incorruptione;
1686 534 1739 581 et
1761 523 2078 606 seminatunt

503 614 554 668 in
602 597 925 665 inﬁrmitate,
973 597 1152 679 surgat
1200 598 1250 679 in
1296 599 1518 679 virtute;
1565 597 1980 679 et.seminatum
2028 597 2084 679 in

504 679 808 744 ignominia,
854 680 1036 740 surgat
1076 669 1131 724 in
1176 669 1378 744 gloria;
1429 677 1485 744 et
1524 669 1841 744 seminatum
1878 677 2084 744 corpus

501 734 752 809 animale,
776 734 1015 812 resurgat
1035 734 1227 809 corpus
1249 739 1522 820 spirituale
1547 738 1596 807 (l
1616 737 1732 792 Cor.
1756 747 1847 820 xv,
1865 734 2080 820 ιετιι).

499 822 602 875 Ista
635 827 757 872 sunt
786 809 1041 886 quatuor,
1071 810 1362 886 qua;_virg_a
1391 809 1544 886 arida
1564 809 1802 878 corporis
1818 809 1997 886 _nostri
2029 809 2082 858 in

500 877 888 943 resurrectione
931 877 1265 954 germinabit.
1306 877 1413 936 Sed
1451 877 1734 935 redeamus
1768 878 1834 934 ad
1864 893 1926 933 ea
1962 889 2082 946 qua:

500 962 565 1015 de
598 958 742 1023 virga
772 956 950 1009 dicere
975 965 1328 1023 cmperamus.

572 1031 624 1085 5.
680 1019 820 1080 Vita:
861 1019 1149 1100 spiritualis
1191 1021 1378 1100 gradus
1429 1028 1643 1090 quatuor
1689 1019 2078 1100 adumliraniur.

500 1102 794 1154 Possumus
821 1089 994 1148 adhuc
1029 1094 1106 1147 sic
1137 1089 1643 1161 intelligereeorum
1662 1132 1676 1154 ,
1705 1105 1822 1160 qua:
1853 1089 2080 1161 invirga

498 1171 963 1239 gtV-rtninaverant,
1011 1158 1358 1239 differentias.
1409 1159 1592 1239 anis
1634 1158 1824 1239 quiin
1868 1158 2082 1239 Ciiristo

499 1231 668 1294 {redit
690 1281 702 1302 ,
736 1238 906 1307 primo
932 1235 1186 1307 moritur;
1219 1240 1271 1286 et
1292 1241 1412 1307 post
1437 1232 1538 1286 hoc
1564 1231 1878 1307 renascitur.
1903 1231 1981 1307 Et
1999 1239 2082 1284 est

498 1312 658 1364 etiam
691 1300 757 1363 in
802 1307 884 1360 his
924 1305 1126 1375 ﬁgura,
1165 1300 1314 1375 quod
1360 1302 1501 1371 virga
1547 1301 1691 1355 arida
1717 1300 2078 1375 postmodum

499 1381 778 1434 verminat.
811 1377 907 1431 Est
924 1372 1062 1454 ergo
1096 1373 1343 1454 primum.
1370 1387 1586 1454 get-meri
1607 1412 1622 1437 ,
1649 1372 1834 1454 prima
1852 1372 2081 1454 hominis

501 1453 552 1504 in
581 1450 794 1504 Christo
815 1441 1114 1501 confessio:
1135 1441 1382 1498 Secundo
1411 1441 1720 1504 frondescit,
1750 1443 1835 1497 ubi
1866 1453 2080 1496 renatus

499 1524 697 1576 donum
723 1519 1008 1594 gratia:_cx
1047 1514 1274 1594 Spiritus
1314 1513 1408 1594 Dei
1448 1513 1865 1594 sattnctiﬁcatione
1898 1528 2079 1594 suscef

500 1593 655 1659 perit.
692 1582 817 1644 lude
856 1587 1008 1641 atl‘ert
1049 1582 1240 1659 tiores,
1279 1583 1380 1659 _ubi
1428 1582 1686 1659 proﬁcere
1723 1583 1980 1659 cmperit,
2025 1592 2080 1659 et

501 1652 711 1716 inorum
741 1659 998 1714 suavitate
1052 1654 1327 1718 decorari,
1358 1668 1421 1707 ac
1482 1652 1826 1722 fragrantiam
1863 1653 2077 1708 miseri-

501 1733 695 1786 cordiae
721 1739 774 1784 et
801 1727 1133 1795 benignitatis
1159 1724 1449 1779 etl'nndere.
1478 1723 1558 1778 Ad
1588 1724 1826 1778 ultimum
1865 1739 2078 1794 quoque

499 1804 655 1856 all‘ert
687 1802 848 1856 etiam
883 1800 1080 1852 [ructus
1113 1795 1370 1865 justitize,
1411 1795 1600 1865 quibus
1630 1810 1735 1849 non
1767 1795 1935 1865 solum
1966 1795 2079 1864 ipse

501 1874 662 1935 vivat,
692 1871 785 1926 sed
810 1878 864 1925 et
887 1869 1006 1922 aliis
1035 1863 1194 1920 vitam
1220 1863 1473 1934 praebeat.
1501 1863 1634 1918 Cum
1662 1874 1836 1918 autem
1864 1864 1929 1919 ad
1960 1863 2079 1934 per-

499 1943 695 1998 fectum
725 1940 947 2001 venerit,
981 1947 1034 1993 et
1061 1935 1341 2006 protulerit
1368 1950 1432 1988 ex
1455 1949 1514 1990 se
1538 1935 1754 1989 verbum
1781 1935 1922 2006 ﬁdei.
1955 1951 2077 1990 ver-

500 2012 876 2067 bumscientite
905 2010 1016 2071 Dei,
1039 2005 1094 2062 et
1123 2005 1240 2078 [per
1266 2006 1563 2078 doctrinam
1590 2021 1738 2060 suam
1770 2005 1812 2078 ¹]
1838 2007 1969 2060 alios
1998 2007 2079 2078 lua-

499 2083 810 2145 crit‘eccrit;
871 2079 972 2133 hoc
1019 2088 1101 2133 est
1125 2075 1388 2130 'attulisse
1440 2075 1678 2140 fructus,
1737 2075 1931 2146 quibus
1986 2077 2076 2131 alii

501 2155 820 2208 nutriantur.
867 2150 955 2205 Sic
997 2162 1124 2218 ergo
1167 2146 1354 2216 singuli
1401 2147 1595 2218 quique
1638 2147 1968 2218 credentium
2009 2147 2077 2202 de

498 2227 643 2294 virga
672 2225 869 2286 Aaron,
898 2235 1017 2294 quin
1045 2217 1286 2294 Christus
1305 2227 1406 2294 est,
1429 2217 1812 2294 germinantur.
1839 2217 2074 2294 Quorum

498 2287 726 2363 quatuor
756 2294 869 2347 ista:
895 2287 1208 2363 dilierentite
1232 2289 1281 2339 in
1312 2287 1430 2340 aliis
1462 2287 1748 2363 Scriptura:
1777 2288 1908 2342 locis
1936 2289 2078 2363 velut

498 2356 684 2418 :etates
716 2372 939 2432 quatuor
964 2359 1343 2432 designantur,
1373 2372 1506 2427 quas
1527 2356 1766 2432 _Joannes
1803 2359 2077 2432 apostolus

499 2434 552 2488 in
593 2427 824 2504 Epistula
865 2446 958 2504 sua
997 2427 1336 2504 distinctione
1383 2428 1604 2504 mystica
1647 2427 2068 2504 comprehendit.

501 2505 590 2558 Ait
639 2498 794 2559 'enitn
838 2520 851 2556 :
893 2500 1090 2565 Scripsi
1126 2498 1296 2564 vobis,
1335 2500 1509 2567 pueri;
1546 2507 1633 2563 et,
1673 2498 1869 2570 Scripsi
1904 2501 2070 2564 vobis,

497 2575 865 2638 adolescentes;
903 2582 987 2641 et,
1029 2570 1223 2638 Scripsi
1258 2569 1424 2641 tiobis,
1459 2571 1704 2641 juvenes;
1748 2569 1830 2635 et,
1877 2569 2077 2641 Scripsi

497 2645 655 2709 robis,
686 2635 855 2712 patres
875 2635 932 2711 (ι
956 2640 1112 2694 Joan.
1141 2635 1199 2712 ll,
1231 2635 1530 2712 12-14).]n
1557 2640 1747 2712 quibus
1765 2642 1942 2708 utique
1971 2635 2074 2712 non

497 2708 802 2783 corporales
829 2708 1011 2766 aetates
1035 2712 1078 2776 ¹,
1109 2708 1202 2783 sed
1228 2708 1586 2783 spiritualium
1610 2710 2073 2783 profectuumdif-

501 2781 750 2840 let-cntias
776 2783 921 2853 ponit
954 2800 966 2836 :
1000 2789 1053 2853 ut
1089 2781 1247 2853 etiam
1285 2781 1340 2853 in
1385 2781 1485 2853 hoc
1525 2781 1872 2836 sacerdotalis
1912 2781 2073 2853 virga:

496 2857 735 2926 germine
763 2849 1164 2926 observavimus
1188 2849 1470 2926 designari.

568 2931 620 2980 ti.
665 2925 809 2980 Unus
837 2922 1062 2978 Christus
1080 2923 1174 2990 [los
1200 2930 1244 2973 et
1271 2923 1440 2990 virga,
1463 2919 1687 2975 diversus
1713 2921 1940 2977 diversis.
1969 2922 2074 2977 Ha-

494 2996 687 3051 bentur
707 3011 832 3065 ergo
853 2994 1028 3054 omnia
1057 2993 1288 3065 incertou
1315 3000 1418 3065 tam
1447 2991 1498 3065 i_n
1522 2992 1664 3061 virga
1693 2993 1888 3065 Aaron,
1914 3009 2072 3063 quam

497 3068 552 3120 in
581 3082 642 3120 ea
673 3060 816 3136 virg'a
841 3079 958 3134 qua:
985 3064 1117 3136 esiit
1145 3061 1211 3116 de
1242 3060 1419 3116 radice
1443 3060 1622 3127 Jesse,
1652 3072 1706 3136 et
1730 3063 1877 3136 ﬂore;
1890 3060 1979 3136 qui
2004 3065 2073 3120 de

495 3137 674 3206 radice
702 3132 816 3206 ejus
854 3132 1092 3206 ascendit
1110 3175 1132 3206 ,_
1157 3147 1318 3200 super
1355 3147 1518 3206 quem
1554 3134 1813 3206 requievit
1847 3132 2074 3206 Spiritus

500 3208 591 3262 Dei
625 3203 774 3278 (Isai.
802 3221 885 3269 ιιι,
914 3205 975 3278 i,
1000 3204 1078 3278 2).
1119 3203 1181 3278 In
1217 3217 1323 3278 quo
1361 3218 1459 3278 nec
1507 3203 1608 3256 hoc
1640 3205 1819 3278 ipsum
1867 3204 2074 3278 videtur

495 3272 725 3332 otiosum
745 3318 760 3341 ,
787 3274 928 3345 quod
962 3275 1108 3329 exire
1133 3274 1325 3345 dicitur
1353 3273 1523 3343 virga,
1555 3283 1608 3328 et
1633 3272 1733 3345 ﬁos
1761 3275 2069 3330 ascendere.

495 3349 746 3415 Quamvis
764 3342 903 3402 enim
931 3361 1065 3399 unus
1089 3345 1160 3400 sit
1181 3342 1424 3415 Christus
1443 3342 1542 3413 per
1565 3344 1934 3411 substantiam,
1958 3347 2071 3400 sin-

494 3414 634 3488 gulis
677 3429 850 3473 tamen
877 3415 1136 3488 diversus
1183 3414 1428 3488 efﬁcitur,
1458 3425 1612 3484 prout
1659 3415 1858 3488 indiget
1897 3415 1944 3470 is
1984 3417 2071 3486 qui

495 3485 764 3559 operatur.
791 3487 1058 3559 Quiiergo
1097 3485 1310 3559 segnior
1354 3491 1533 3559 est‘et
1577 3485 1945 3559 negligentior,
1978 3485 2074 3556 pro

495 3554 772 3628 disciplina
797 3554 1040 3612 Christus
1069 3557 1139 3628 ei
1159 3554 1595 3628 elticitur_virga;
1617 3566 1671 3610 et
1701 3554 1750 3609 in
1792 3559 1936 3626 virga
1967 3554 2071 3612 non

492 3624 780 3685 ascendere
809 3628 1018 3691 dicitur,
1050 3626 1142 3682 sed
1172 3625 1337 3679 exire.
1377 3624 1689 3698 Exeundnm
1719 3624 1951 3698 namque
1991 3628 2096 3684 esti

495 3701 545 3754 ei
575 3701 662 3770 qui
691 3700 886 3754 inutilis
913 3710 966 3754 et
1004 3700 1222 3768 ignavus
1251 3705 1366 3770 est,
1393 3697 1552 3770 deeo
1578 3707 1718 3770 statu
1748 3699 1799 3752 in
1830 3697 1936 3767 quo
1967 3715 2072 3754 non

496 3766 639 3826 recte
663 3770 937 3833 consistit,
969 3766 1425 3824 et‘transeundum
1451 3767 1516 3820 ad
1542 3768 1702 3822 alium
1730 3766 1923 3824 statum
1955 3779 2073 3824 tan-

491 3857 649 3910 quam
671 3843 829 3910 vitgae
855 3839 1216 3910 compulsione
1235 3877 1248 3900 ,
1281 3836 1332 3890 id
1353 3844 1463 3910 est,
1486 3839 1766 3894 severitate
1785 3881 1798 3902 ,
1821 3840 2075 3896 doctrina:

491 3907 1073 3982 rigidioris'adnionitu.
1090 3908 1205 3982 Qui
1226 3922 1352 3962 vero
1382 3907 1557 3982 justus
1576 3917 1708 3982 est,
1739 3911 1860 3978 quia
1899 3911 2074 3982 justus

491 3977 630 4038 sicut
668 3983 838 4052 palma
871 3977 1224 4052 ﬁoret.(Psal.
1265 3994 1351 4052 xci
1373 4019 1387 4042 ,
1420 3979 1544 4052 lli);
1575 3979 1626 4052 in
1660 3977 1768 4034 hoc,
1786 3977 2075 4052 ascendere

490 4039 683 4108 dicitur
708 4051 969 4107 Christus.
998 4039 1085 4107 Sic
1117 4066 1244 4119 ergo
1268 4039 1690 4120 qui-verberibus
1713 4051 1938 4120 indiget,
1966 4053 2076 4106 exit

489 4125 558 4178 ad
583 4140 703 4177 eum
725 4123 869 4193 virga
896 4137 910 4176 :
933 4123 1019 4193 qui
1044 4118 1221 4175 autem
1243 4118 1460 4193 proﬁcit
1486 4119 1553 4174 ad
1579 4118 1858 4190 justitiam,
1889 4137 2076 4177 ascen-

490 4196 567 4248 dit
608 4195 658 4250 ei
701 4195 752 4248 in
797 4191 1003 4250 liorem.
1047 4191 1300 4246 Ascendit
1333 4199 1547 4256 autem,
1575 4207 1850 4262 quousque
1887 4193 2076 4248 aﬁ‘erat

490 4265 694 4319 fructus
740 4265 966 4335 Spiritus
986 4305 1000 4329 ,
1028 4263 1116 4332 qui
1166 4271 1286 4335 sunt
1329 4262 1590 4335 Charitas,
1622 4263 1903 4335 gaudium,
1934 4279 2070 4334 pax,

489 4331 868 4405 patientiaiJet
891 4331 1111 4405 reliquie
1149 4333 1370 4386 virtutes
1409 4331 1694 4405 (Galatfv,
1735 4332 1833 4398 22,
1864 4331 1984 4405 εδ),
2019 4335 2072 4389 in

488 4402 703 4460 Christo
739 4404 864 4460 Jesu
903 4403 1134 4475 Domino
1177 4413 1358 4475 nostro
1395 4402 1482 4470 qui
1513 4403 1642 4458 vivit
1679 4411 1733 4458 et
1769 4402 1954 4474 regnat
1980 4419 2076 4475 per

490 4475 671 4531 omnia
698 4475 892 4531 srecula
917 4474 1250 4530 smeulorum.
1280 4474 1473 4526 Amen.

997 4563 1229 4620 seauo
1267 4560 1458 4617 xxxu
1489 4561 1584 4635 (a).

707 4655 782 4710 De
805 4665 1031 4726 serpente
1055 4670 1192 4708 teneo
1222 4661 1266 4706 et
1292 4653 1354 4707 de
1383 4653 1523 4724 virga
1546 4652 1714 4724 Moysi
1742 4654 1840 4726 (ὁ).

557 4751 610 4805 1.
645 4749 866 4819 Serpens
885 4764 1052 4803 amens
1069 4748 1234 4818 ﬁgura
1261 4745 1650 4819 Iacui-nationis.
1675 4745 1815 4819 Mors
1830 4764 1861 4800 a
1880 4765 2071 4805 morsu.

487 4815 806 4874 Diabolus’in
831 4821 990 4871 Adam
1007 4815 1150 4888 quasi
1167 4819 1325 4888 jusle.
1345 4818 1396 4870 in
1413 4815 1667 4889 Christum
1687 4818 1870 4889 injuste
1889 4822 2069 4874 satviit.

487 4892 614 4946 Δάαι
641 4891 859 4944 debitum
899 4887 1130 4944 Christus
1169 4887 1395 4942 exsolvit.
1427 4887 1479 4942 ln
1509 4887 1745 4942 lectione
1767 4905 1886 4958 qum
1917 4891 2072 4945 nobis

484 4963 708 5017 recitata
755 4969 867 5024 est,
903 4961 1094 5013 fratres
1141 4959 1440 5030 cltarissimi
1462 4999 1476 5022 ,
1506 4959 1804 5030 audivimus
1833 4961 1972 5030 quod
2005 4977 2087 5016 eo

484 5043 725 5101 tempore
744 5073 759 5097 ,
791 5048 896 5101 quo
937 5039 1151 5099 propter
1184 5029 1485 5101 superbiam
1511 5029 1814 5084 .Iudaeorum
1842 5029 1894 5085 et
1922 5048 2072 5086 mur-

485 5100 838 5159 murationem
879 5116 1063 5155 eorum
1109 5110 1291 5153 contra
1340 5100 1618 5170 Dominum
1661 5115 1690 5154 a
1734 5103 2072 5170 serpentibus

479 5173 684 5244 regulis
703 5214 719 5241 ,
751 5173 801 5228 id
830 5181 944 5237 est,
973 5171 1266 5244 basiiiseis,
1295 5171 1346 5224 in
1390 5169 1604 5244 deserto
1647 5169 1870 5240 populus
1895 5182 2072 5226 vasta-

482 5240 670 5311 batur,
706 5240 1042 5314 praeceperit
1091 5243 1346 5296 Dominus
1404 5240 1604 5311 Moysi,
1659 5251 1715 5296 ut
1763 5253 2068 5312 serpentem

545 5401 565 5431 ¹
602 5407 711 5449 ιιιπο
735 5400 882 5448 etiam
903 5397 1070 5457 verba,
1096 5411 1182 5462 per
1207 5396 1478 5450 doctrinam
1499 5411 1655 5460 suam,
1691 5401 1888 5462 Origeni
1909 5399 2070 5452 addita

467 5470 607 5511 sunt.

542 5527 564 5556 ²
596 5524 851 5586 Origenes,
871 5521 1133 5586 corporalis
1155 5521 1326 5586 (eratis.

528 5586 616 5646 '(a)
643 5584 780 5644 Alias,
805 5585 869 5634 de
893 5584 1131 5646 't‘etnpore
1157 5584 1262 5631 101.

567 5643 614 5709 b)
639 5653 687 5695 In
705 5643 987 5710 Appendice
1003 5643 1129 5694 nunc
1166 5645 1369 5710 primum
1393 5643 1666 5710 collocatur.
1695 5651 1824 5710 Inter
1844 5649 2067 5710 Augusti-

481 5707 652 5758 nianOS
673 5707 929 5757 Sermones
949 5708 1134 5770 alisque
1156 5708 1406 5768 Augustini
1438 5708 1632 5770 nomine
1652 5707 1854 5758 relictus
1873 5722 1899 5757 a
1917 5707 2068 5759 Lora-

479 5771 733 5820 u’tensihus
749 5772 905 5820 fuerat
921 5783 932 5817 :
950 5783 976 5818 a
995 5767 1186 5816 \‘e'rlino
1203 5767 1364 5817 autem
1383 5777 1435 5817 et
1447 5769 1679 5829 \‘indingo
1697 5771 1875 5830 spuriis
1896 5783 2063 5821 acceno

461 5834 616 5884 situs.
639 5835 921 5883 Duhitamus
939 5844 998 5880 an
1021 5832 1083 5881 sit
1101 5833 1228 5880 inter
1244 5832 1534 5880 cmsarianos
1565 5832 1906 5881 numerandus.

1963 407 2323 465 APPENDIX.

3642 411 3778 473 {808

2194 521 2660 596 mnettmlaccret,
2687 539 2914 594 cumque
2944 525 2994 578 in
3021 525 3163 595 ligno
3201 525 3552 596 suspenderet
3570 567 3589 595 ,
3618 544 3782 596 quem

2192 593 2436 668 percussi
2447 664 2454 668 _
2475 593 2837 668 respicientes
2863 596 2943 668 abi
2972 593 3183 668 interitu
3202 667 3207 668 γ
3229 593 3543 652 sanarentur
3572 593 3780 668 (Nam.

2191 679 2284 717 χχι
2305 704 2320 728 ,
2347 663 2488 735 4-9).
2513 663 2745 734 Sérpcns
2767 667 2894 731 iste,
2919 665 3110 720 fratres
3139 667 3474 722 dilectissimi
3492 711 3508 732 ,
3532 663 3656 724 licet
3677 669 3780 726 hoc

2190 735 2320 807 satis
2347 735 2538 807 mirum
2567 751 2686 792 esse
2727 737 2984 807 videatur,
3021 747 3196 790 tamen
3247 739 3486 807 ﬁguravit
3534 743 3781 794 incarna-

2192 803 2388 878 tionem
2421 805 2648 878 Dontini.
2683 807 2878 878 Durum
2907 806 3040 861 forte
3065 808 3220 862 alicui
3248 803 3416 862 videri
3447 820 3650 878 poterat
3678 812 3780 867 ista

2187 875 2535 950 signiﬁcatio,
2578 878 2678 950 nisi
2719 878 2820 950 hoc
2852 877 2978 950 ipse
3006 879 3260 950 Dominus
3287 880 3339 932 in
3365 875 3654 950 Evangelia
3679 897 3780 935 suo

2187 944 2425 1020 dixisset.
2443 947 2530 1020 Sic
2556 949 2696 1020 enim
2717 948 2818 1020 ait:
2840 944 2984 1002 Sicut
3015 947 3216 1020 diog/ses
3235 949 3467 1002 exultavit
3495 944 3781 1020 serpentem

2186 1015 2243 1088 in
2261 1017 2473 1082 deserto,
2494 1019 2564 1070 ita
2581 1018 2792 1072 exaltari
2812 1027 3002 1088 oportet
3022 1015 3210 1072 Filium
3237 1020 3453 1074 hominis
3475 1015 3652 1086 (Joan.
3682 1036 3739 1076 ιιι
3759 1062 3780 1088 ,

2189 1087 2300 1155 14).
2331 1088 2630 1158 Suspensus
2655 1098 2737 1143 est
2763 1087 2890 1158 ergo
2912 1098 3037 1143 tunc
3059 1104 3280 1158 serpens
3300 1105 3482 1144 aeneus
3507 1091 3559 1145 itt
3579 1087 3778 1158 conto;

2187 1158 2306 1230 quia
2337 1155 2579 1230 Christus
2604 1155 3008 1228 suspendendus
3039 1155 3161 1214 crat
3180 1161 3230 1212 itt
3261 1161 3422 1230 ligno.
3452 1161 3603 1216 Tunc
3629 1155 3780 1216 enim

2187 1227 2508 1298 quicumque
2554 1227 2742 1300 inisset
2777 1245 2806 1282 a
2848 1240 3094 1298 serpente
3123 1227 3436 1298 percussus,
3465 1241 3779 1300 serpentem

2186 1313 2392 1352 :eneutn
2426 1299 2776 1369 respiciebat,
2803 1309 2857 1355 et
2895 1301 3178 1354 satiabatur
3203 1319 3216 1352 :
3241 1317 3382 1356 nunc
3421 1299 3779 1357 vero’hunia-

2187 1384 2312 1421 num
2352 1384 2521 1442 genus
2545 1410 2564 1434 ,
2591 1370 2730 1442 quod
2767 1385 2796 1422 a
2841 1371 3102 1442 Spirituaii
3131 1383 3379 1442 serpente
3408 1371 3622 1426 diabolo
3651 1388 3775 1442 per-

2185 1441 2624 1512 CtISsuiniluerat,
2657 1440 2924 1495 Christum
2963 1441 3230 1496 credendo
3255 1441 3497 1512 respicit,
3527 1453 3582 1498 et
3609 1440 3775 1498 sana-

2187 1519 2291 1563 tur.
2323 1509 2650 1581 Quicumque
2694 1526 2978 1580 percussus
3021 1509 3517 1580 serpenten‘t'illum
3557 1529 3775 1569 :eueum

2185 1593 2291 1633 non
2318 1581 2568 1654 vidisset,
2600 1582 2952 1654 moriebatur;
2979 1582 3047 1635 ita
3075 1591 3156 1637 est
3175 1623 3205 1654 ,ί
3223 1583 3412 1637 fratres
3431 1625 3446 1647 ,
3479 1583 3578 1654 nisi
3608 1585 3776 1654 quis-

2183 1665 2285 1717 que
2325 1652 2379 1704 in
2415 1651 2683 1706 Christum
2733 1652 3020 1707 crediderit
3069 1653 3398 1717 cruciﬁxum,
3440 1651 3651 1709 diaboli
3679 1670 3776 1710 ve-

2184 1735 2324 1774 neno
2353 1722 2645 1790 perimitur.
2684 1723 2832 1778 Tunc
2872 1725 3012 1777 enim
3051 1725 3413 1794 unusquisque
3454 1723 3777 1794 respiciebat

2183 1801 2488 1860 serpentem
2521 1801 2814 1855 mortuum,
2843 1802 2895 1846 ιιι
2927 1805 3105 1862 posset
3131 1794 3356 1849 evadere
3384 1794 3559 1848 vivum
3587 1813 3601 1850 :
3625 1811 3773 1850 nunc

2184 1876 2311 1916 vero
2344 1862 2433 1930 qui
2470 1863 2581 1916 vult
2619 1863 2813 1917 diaboli
2850 1864 3014 1919 vitare
3048 1880 3309 1919 venenum
3331 1907 3344 1929 ,
3369 1863 3640 1920 Christum
3685 1881 3776 1922 re-

2182 1933 2718 2004 spiciatcrttciﬁxum.
2747 1934 2814 1988 Et
2835 1935 2956 2004 quia
2991 1952 3137 1990 mors
3166 1951 3194 1989 a
3235 1951 3415 1989 morsu
3443 1951 3638 1991 nomen
3677 1951 3774 1992 ac-

2182 2003 2349 2076 cepit.
2379 2015 2429 2058 et
2468 2006 2646 2071 generi
2684 2003 2914 2076 humano
2942 2021 3122 2059 morsu
3161 2006 3360 2075 antiqui
3390 2008 3652 2076 serpentis
3675 2022 3773 2063 ac-

2182 2073 2416 2146 ciderat,
2445 2084 2498 2128 et
2533 2091 2676 2146 mors
2712 2074 2817 2146 nisi
2842 2090 2872 2128 a
2903 2086 3072 2131 morte
3103 2073 3339 2146 superari
3378 2073 3495 2130 non
3527 2086 3770 2146 poterat;

2185 2143 2305 2198 ideo
2346 2154 2568 2198 mortem
2595 2143 2839 2199 Christus
2867 2147 3142 2210 sustinuit,
3169 2143 3229 2200 ut
3270 2147 3460 2215 injusta
3497 2143 3644 2202 mors
3677 2148 3775 2216 jua

2182 2224 2317 2268 stant
2361 2216 2597 2269 vinceret
2623 2224 2880 2278 mortem,
2919 2227 2971 2270 et
3000 2217 3253 2272 liberaret
3292 2233 3414 2273 reos
3433 2218 3608 2286 juste,
3640 2218 3772 2274 dum

2183 2285 2393 2358 procis
2436 2287 2779 2340 occidebatur
2809 2287 3019 2356 injuste.
3048 2288 3308 2358 Quidquid
3355 2285 3495 2343 enim
3525 2289 3774 2344 diabolus

2182 2355 2236 2430 iu
2270 2356 2436 2430 Adam
2467 2367 2806 2430 exercuerat,
2839 2355 2999 2430 quasi
3029 2358 3170 2430 juste
3200 2355 3476 2413 videbatur
3501 2361 3677 2430 egisse
3714 2361 3772 2415 in

2182 2424 2398 2496 itntnine
2414 2469 2426 2491 ,
2454 2428 2540 2496 qui
2569 2442 2626 2481 se
2647 2429 2804 2481 unius
2829 2424 3044 2483 arboris
3057 2429 3407 2485 delectatione
3429 2424 3768 2486 vendiderat.

2181 2494 2236 2550 In
2263 2497 2431 2552 Adam
2454 2494 2581 2567 crgo
2606 2498 2753 2565 quasi
2781 2498 2832 2551 in
2858 2499 3074 2568 proprio
3099 2514 3253 2554 servo
3278 2500 3398 2568 jure
3423 2502 3522 2556 sibi
3550 2501 3775 2558 domino

2182 2568 2474 2622 dominium
2507 2569 2825 2622 vindicavit:
2856 2571 2908 2622 in
2939 2570 3184 2638 passione
3229 2581 3405 2625 autem
3447 2570 3681 2637 Christi,
3715 2573 3774 2628 in

2181 2653 2289 2706 quo
2317 2639 2517 2710 peccati
2539 2640 2796 2693 maculam
2821 2657 2922 2694 tton
2953 2640 3175 2706 invenit,
3199 2642 3393 2710 injuste
3421 2643 3558 2696 mala
3586 2643 3774 2698 omnia

2181 2709 2522 2782 perpetravit.
2549 2710 2636 2782 Sic
2661 2720 2715 2764 et
2755 2713 2867 2782 ipse
2898 2710 3152 2765 Dominus
3192 2714 3246 2766 in
3273 2711 3558 2782 Evangelio
3584 2713 3721 2769 dixit
3752 2731 3770 2768 :

2180 2777 2314 2849 Ecce
2348 2780 2475 2832 renit
2503 2780 2735 2849 princeps
2760 2777 2912 2846 huius
2938 2782 3143 2846 mundi,
3165 2793 3209 2836 et
3235 2784 3283 2836 in
3319 2800 3397 2835 me
3422 2777 3558 2836 iam
3582 2785 3774 2839 invenit

2182 2850 2199 2920 (
2231 2847 2316 2902 Id.
2337 2865 2447 2911 xw,
2475 2847 2590 2916 50).
2612 2847 2746 2918 Quid
2783 2859 2884 2911 est,
2929 2853 3054 2905 nihil
3079 2852 3528 2907 invenit?Nullum
3547 2855 3774 2910 omnino

2181 2930 2476 2995 peccatum.
2509 2921 2586 2995 Et
2605 2921 2910 2995 itt_Psaltnis
2937 2923 3106 2995 {Quae
3127 2941 3225 2995 non
3247 2923 3414 2994 rapui,
3439 2925 3628 2995 inquit,
3647 2937 3774 2980 tunc

2180 2989 2690 3064 exsolvebantlpsai.
2722 3007 2885 3064 LXVIII
2905 3033 2920 3057 ,
2948 2993 3025 3064 5).
3048 2993 3198 3062 Quod
3223 2989 3350 3064 ergo
3369 2989 3526 3062 juste'
3538 2995 3775 3051 debebat

2179 3061 2372 3136 Adam,
2390 3061 2635 3136 Christus
2664 3063 2856 3130 injuste
2870 3061 3100 3136 mortem
3121 3061 3458 3136 suscipiendo
3489 3067 3771 3136 persolvit.

2180 3129 2272 3204 l||_e
2298 3132 2549 3200 expandit
2576 3129 2790 3204 manum
2820 3133 2884 3187 ad
2929 3149 3206 3203 pomorum
3232 3129 3598 3202 dulcedinem;
3629 3137 3770 3204 iste,

2179 3201 2244 3273 ad
2275 3204 2446 3256 crucis
2472 3203 2882 3258 amaritudinem
2913 3201 3040 3259 {ille
3065 3206 3310 3260 arborem
3333 3207 3516 3273 necis;
3547 3201 3650 3264 iSte
3673 3201 3771 3263 sa;

2180 3271 2303 3346 linis
2323 3273 2554 3327 ostendit
2580 3291 2596 3346 ς
2624 3275 2719 3346 ille
2741 3290 2799 3329 se
2828 3284 3012 3329 contra
3041 3277 3204 3330 Deum
3225 3276 3431 3343 erexit,
3459 3271 3514 3333 et
3541 3279 3771 3346 cecidit;

2180 3340 2425 3397 Christus
2473 3359 2531 3418 se
2579 3343 2908 3418 humiliavit,
2954 3354 3012 3400 ιιι
3055 3361 3242 3418 omnes
3285 3340 3516 3418 erigeret
3548 3366 3564 3404 :
3595 3340 3775 3406 Adam

2180 3424 2405 3468 mortem
2433 3415 2694 3469 universis
2730 3417 2905 3470 intulit
2923 3458 2938 3481 ,
2965 3427 3019 3472 et
3057 3415 3300 3472 Christus
3331 3415 3490 3474 vitam
3516 3420 3774 3477 omnibus

2180 3485 2463 3552 reparavit.
2493 3486 2824 3554 llespiciebat
2844 3503 2972 3556 ergo
2992 3489 3351 3558 unusquisque
3373 3489 3441 3544 ad
3461 3501 3773 3559 serpentem

2179 3570 2408 3631 mnuum,
2431 3565 2533 3631 cta
2556 3560 2828 3631 venenatis
2848 3559 3178 3626 serpentibus
3192 3561 3510 3631 satiabatur.
3535 3561 3774 3631 Serpens

2180 3641 2360 3678 ωιιριιε
2391 3626 2441 3701 in
2473 3628 2860 3701 ligntiposittts
2905 3644 3110 3684 venena
3153 3630 3392 3686 vivorum
3437 3626 3773 3701 serpentium

2179 3697 2481 3770 superavit,
2505 3708 2559 3770 et
2581 3696 2823 3770 Christus
2849 3699 2899 3752 in
2925 3714 3083 3754 cruce
3112 3714 3404 3770 suspensus
3425 3711 3482 3756 et
3502 3696 3773 3769 mortuus,

2179 3768 2392 3836 antiqua
2421 3767 2616 3845 diaboli
2647 3783 2855 3845 venena
2895 3771 3167 3845 restrinxit
3193 3767 3234 3840 ἣ
3265 3780 3321 3828 et
3361 3788 3551 3829 omnes
3574 3774 3668 3845 qui
3695 3767 3771 3830 ab

2180 3851 2246 3890 eo
2272 3839 2506 3905 percussi
2533 3839 2771 3904 fuerant,
2805 3841 3063 3894 liberavit.

2251 3909 2305 3961 2.
2355 3907 2459 3963 Cur
2514 3926 2716 3980 serpens
2757 3926 2960 3986 teneas,
2999 3927 3100 3986 non
3135 3929 3318 3968 aureus
3353 3923 3772 3986 autiargenteus.

2179 3977 2353 4055 Quare
2381 3991 2552 4035 tamen
2569 3977 2788 4055 serpens
2809 3981 2896 4055 ille
2917 3997 3019 4055 non
3038 3982 3105 4038 de
3131 3998 3279 4055 auro,
3304 4000 3407 4039 non
3435 3984 3504 4040 de
3523 3977 3772 4055 argento,

2183 4050 2277 4103 sed
2317 4048 2384 4105 de
2421 4048 2711 4105 :eramento
2750 4053 2904 4106 luerit
2945 4051 3134 4114 factus.
3175 4053 3468 4110 videamus.
3501 4048 3612 4111 Hoc
3634 4048 3775 4112 mihi

2180 4121 2408 4186 videtur,
2426 4121 2564 4195 quod
2585 4121 2720 4195 duas
2745 4123 3153 4192 signiﬁcationes
3173 4124 3366 4180 habere
3387 4126 3584 4195 possit:
3605 4143 3772 4182 unam

2183 4201 2396 4263 propter
2414 4193 2840 4259 diuturnitatem;
2874 4196 2994 4263 quia
3031 4210 3153 4248 vasa
3179 4211 3322 4251 amca
3350 4193 3543 4252 durare
3568 4197 3774 4253 diutius

2179 4262 2352 4337 solent
2392 4281 2405 4316 :
2447 4263 2602 4337 aliain
2646 4271 2862 4337 propter
2893 4262 3061 4337 ’vocis
3107 4265 3429 4332 claritatem;
3464 4284 3584 4322 nam
3626 4270 3777 4325 inter

2180 4334 2356 4407 omnia
2389 4334 2619 4407 metalla,
2642 4334 2930 4407 vasamrea
2961 4336 3216 4406 majorem
3240 4337 3487 4393 tinnitum
3515 4338 3773 4407 reddere,

2179 4413 2234 4457 et
2262 4403 2346 4457 Ion
2389 4405 2468 4456 ius
2493 4418 2684 4458 Sonare
2712 4405 2904 4459 solent.
2937 4403 3188 4462 Doctrina
3217 4423 3320 4462 non
3350 4409 3401 4463 in
3435 4424 3536 4464 una
3559 4403 3774 4466 tantum

2179 4483 2334 4528 ﬂente
2351 4419 2654 4528 §udarorutn
2684 4475 3035 4528 innotescere.
3059 4478 3149 4528 sed
3175 4493 3266 4528 uer
3287 4480 3589 4528 universum
3612 4497 3774 4528 ninn-

2179 4483 2334 4547 gente
2353 4472 2654 4547 Judarorutn
2671 4475 3035 4547 innotescere,
3059 4478 3149 4532 sed
3175 4493 3266 4547 per
3287 4480 3590 4535 universum
3612 4497 3776 4536 mun-

2179 4545 2304 4626 duni
2331 4545 2788 4627 clar.o_salutil'era:
2819 4545 3367 4627 przedicationissono
3399 4559 3606 4627 poterat
3639 4567 3774 4627 pcr-

2180 4615 2364 4686 venire
2395 4635 2406 4669 :
2440 4615 2559 4671 ideo
2583 4631 2802 4686 serpens
2824 4615 2916 4672 ille
2943 4635 3122 4674 tenens
3151 4615 3412 4686 efﬁcitur,
3435 4630 3494 4676 ut
3520 4615 3772 4678 doctrina

2179 4685 2380 4759 Christi
2394 4685 2729 4759 inuniverso
2756 4687 2953 4743 tnundo
2973 4691 3170 4744 clarius
3197 4691 3512 4759 prtedicetur
3533 4707 3548 4756 ;
3573 4707 3776 4747 secun-

2177 4756 2304 4810 dum
2352 4757 2479 4830 illud
2510 4758 2649 4830 quod
2689 4757 2755 4813 de
2780 4761 3048 4829 Apostolis
3074 4756 3326 4830 scriptum
3353 4771 3455 4828 e~t,
3479 4760 3545 4816 In
3566 4779 3774 4817 onmem

2179 4837 2364 4881 terram
2403 4829 2550 4900 erivit
2576 4845 2727 4882 sonus
2752 4845 2946 4897 eorum,
2968 4841 3014 4885 et
3048 4831 3100 4885 in
3135 4829 3261 4900 ﬁnes
3289 4833 3422 4886 orbis
3443 4844 3593 4888 terra
3619 4835 3775 4890 verba

2178 4899 2395 4972 cornuti
2420 4897 2564 4972 i’sal.
2587 4915 2754 4972 _xvtu,
2783 4900 2883 4972 5).
2949 4948 2954 4952 .

2249 4972 2301 5024 5.
2335 4971 2434 5037 Qui
2479 4968 2677 5042 Diaboli
2711 4968 2911 5027 venenis
2952 4973 3174 5042 percussi
3215 4983 3366 5039 sunt,
3397 4975 3466 5027 ad
3506 4972 3776 5030 Christum

2175 5041 2394 5107 ﬁdeliter
2418 5040 2683 5108 aspiciant.
2727 5041 2790 5096 Et
2819 5040 3017 5107 tamen,
3049 5043 3259 5108 fratres,
3287 5045 3446 5098 etiam
3470 5045 3772 5100 secundum

2177 5112 2503 5184 medicorum
2539 5111 2829 5165 carnalium
2875 5113 3230 5180 disciplinam,
3261 5116 3455 5184 quibus
3487 5115 3556 5171 de
3593 5125 3775 5170 morte

2177 5183 2440 5250 serpentis
2475 5183 2921 5254 contravivorum
2951 5183 3518 5254 serpentium’vcnena,
3533 5185 3773 5241 salubria

2177 5262 2544 5325 pra-parantur
2570 5251 2822 5316 antidota,
2856 5269 2959 5308 non
3000 5251 3083 5309 est
3125 5255 3475 5325 incongruum
3517 5268 3576 5310 ut
3618 5272 3773 5311 mor-

2177 5331 2323 5396 tuum
2353 5322 2545 5377 debeat
2572 5333 2871 5396 serpentem
2892 5325 3186 5396 intendere,
3206 5322 3346 5396 quia
3384 5327 3626 5383 vivorum
3652 5341 3776 5382 ser-

2175 5393 2415 5474 pentium
2444 5393 2660 5474 venenis
2697 5393 2964 5449 desiderat
2993 5393 3546 5474 liberariflimeergo
3583 5397 3773 5474 omnia

2175 5463 2296 5518 ideo
2311 5463 2560 5536 diximus,
2590 5471 3028 5536 utquoscumque
3051 5469 3338 5536 serpentis.
3364 5467 3414 5523 id
3436 5463 3540 5534 est,
3565 5467 3772 5524 diaboli

2175 5542 2233 5589 et
2268 5535 2575 5602 angelorum
2609 5535 2724 5602 ejus
2749 5535 2954 5591 venena
2980 5535 3358 5605 percusserint,
3399 5539 3464 5594 ad
3491 5540 3770 5594 Christum

2173 5605 2263 5679 qui
2284 5605 2355 5679 _in
2392 5605 2737 5679 similitudine
2765 5606 2903 5662 illius
2924 5609 3057 5661 aenei
3084 5607 3144 5679 in
3165 5608 3310 5679 ligno
3333 5624 3626 5679 suspensus
3658 5619 3768 5675 est,

2175 5675 2404 5731 lideliter
2428 5675 2708 5745 aspiciant,
2729 5685 2785 5731 ut
2809 5691 2926 5733 cum
2949 5679 3104 5736 beato
3134 5675 3300 5736 Paulo
3327 5675 3570 5752 apostolo
3583 5679 3769 5736 dicen

2239 5835 2253 5865 ε
2290 5838 2445 5891 Forte,
2467 5831 2706 5885 restinxit.
