4062 6368
300 372 431 434 1813

297 504 445 553 sante
473 490 713 567 tribuiari
758 487 1128 567 permittimur,
1171 486 1253 543 vel
1282 485 1486 567 aliquas
1526 485 1876 567 adversitates

296 576 479 621 contra
501 557 770 637 justitiam
786 560 1111 637 sustinemus
1134 592 1150 625 ,
1176 560 1459 637 .patienter
1487 566 1541 612 et
1567 557 1879 637 aequanimi:

297 648 410 701 ter,
470 626 759 689 auxiliante
802 632 1062 701 Domino,
1105 626 1456 701 sulleramus,
1499 636 1716 697 propter
1751 626 1880 701 illud

297 698 435 775 quod
491 704 779 773 Apostolus
801 702 888 775 (ait
930 718 942 753 ε
988 700 1271 775 Non_su_nt
1312 699 1577 768 condigna
1629 698 1882 775 passiones

298 768 451 844 Iiujus
479 768 713 844 temporis
742 773 809 827 ad
833 774 1055 844 futuram
1088 772 1303 844 gloriam
1321 811 1336 833 ,
1373 784 1485 839 qua:
1511 768 1806 844 revelabitur
1830 768 1883 820 in

299 796 365 831 nu
392 796 451 832 l8
479 796 713 844 temporis
742 796 807 827 aa
833 796 1055 842 [murum
1088 796 1303 842 gwrtum
1321 811 1336 833 ,
1373 796 1485 839 qua:
1511 796 1796 822 ιτυσιαυιιιιι
1830 796 1881 820 m

299 796 440 901 nobis
465 849 484 917 (
510 844 662 900 Rom.
690 860 801 908 vttl,
835 844 946 917 18).
978 842 1102 897 Cum
1132 841 1449 917 tribniamur,
1473 856 1505 891 a
1524 835 1741 917 Domino
1767 852 1881 890 cor-

300 908 536 980 ripiatur,
562 926 616 970 ut
645 932 745 969 non
773 930 885 968 cum
907 908 999 967 hoc
1028 912 1216 965 mundo
1242 911 1539 964 damnentur
1569 908 1624 980 (1
1656 908 1771 961 Cor.
1794 924 1846 961 ιιι
1866 947 1879 969 ,

301 936 343 972 Π
402 936 536 979 ntur,
562 936 616 970 ιιι
645 936 745 969 non
773 936 885 968 cum
907 936 999 967 ItUC
1028 936 1216 965 munuu
1242 936 1538 964 uumucmur
1569 936 1624 980 χι
1656 936 1771 961 bur.
1797 936 1844 961 tu
1866 947 1879 969 ν

301 936 411 1053 δέ).
437 987 602 1055 Magis
641 986 833 1060 timere
865 984 1142 1060 debemus,
1163 983 1208 1036 si
1258 990 1347 1060 aut
1373 980 1544 1034 nullas
1562 986 1658 1060 aut
1679 992 1884 1060 parvas

304 1049 675 1113 tribnlationes
725 1057 778 1110 in
820 1055 921 1108 hoc
955 1054 1152 1109 saeculo
1184 1053 1411 1121 patimur
1440 1069 1454 1105 :
1487 1050 1626 1121 quia;
1649 1050 1693 1102 si
1744 1049 1885 1103 Deus

306 1130 527 1198 ﬂagellat
557 1143 770 1201 omnem
801 1125 965 1201 filium
987 1140 1143 1201 quem
1170 1119 1377 1192 recipit,
1400 1119 1884 1201 sine_dubio‘qnem

307 1191 410 1273 non
435 1199 685 1267 ﬂagellat,
716 1212 820 1250 non
850 1191 1257 1273 recipi—t._Si_pr_o
1281 1191 1505 1273 terrenis
1527 1191 1680 1244 bonis
1712 1198 1885 1273 tantos

307 1263 529 1324 labores
542 1280 596 1322 et
626 1278 729 1321 tam
758 1268 935 1337 gravia
962 1264 1195 1337 pericula
1223 1263 1466 1317 homines
1515 1275 1667 1328 aequo
1709 1263 1886 1313 animo

307 1340 596 1409 patiuntur,
628 1335 793 1409 quare
820 1352 915 1407 pro
960 1335 1098 1409 fide,
1134 1337 1653 1409 tlicsat_tro__:eiet_‘no,
1700 1344 1885 1386 smnus

306 1403 478 1481 pigri?
506 1403 680 1477 Quare
706 1403 890 1481 sumus
936 1406 1118 1481 timidi
1132 1421 1227 1473 pro
1251 1405 1358 1481 illis
1384 1403 1603 1481 divitiis,
1634 1416 1764 1471 quas
1782 1415 1889 1481 _ncc

308 1471 577 1550 naufragia
605 1480 758 1534 nobis
786 1488 1007 1548 possunt
1026 1471 1272 1550 auferre?
1292 1474 1479 1550 Iustus
1502 1471 1641 1550 enim
1673 1471 1887 1526 naufrac

306 1567 401 1620 gus
439 1543 619 1604 ev'adit
661 1543 808 1620 dives
846 1558 898 1620 et
950 1546 1141 1620 nudus.
1196 1546 1287 1600 llis
1317 1544 1511 1599 divitiis
1550 1543 1738 1620 plenus
1775 1550 1892 1596 erat

306 1616 523 1676 Sanctus
564 1620 684 1677 Job.
730 1618 869 1673 Nihil
900 1620 949 1672 in
979 1617 1139 1671 domo
1168 1623 1527 1679 remanserat;
1564 1616 1738 1667 omnia
1786 1629 1889 1667 uno

307 1693 411 1747 ictu
432 1690 925 1761 perierunt,quibus
944 1688 1225 1758 opulentus
1250 1686 1404 1761 paulo
1429 1694 1551 1761 ante
1578 1684 1852 1739 videbatur
1873 1701 1885 1761 ε

308 1753 486 1837 subiio
513 1753 787 1837 mendicus
814 1760 866 1814 in
897 1753 1135 1837 stercore
1157 1758 1337 1837 sedet,
1372 1772 1400 1810 a
1425 1755 1601 1837 capite
1631 1770 1797 1837 usque
1823 1753 1889 1837 ad

310 1833 476 1903 pedes
506 1834 797 1907 vermibus
807 1839 1043 1907 scatens.
1057 1827 1206 1907 _Qt_1id
1221 1828 1340 1907 ista
1369 1827 1580 1907 miseria
1606 1825 1889 1907 miserius?

308 1896 432 1972 quid
460 1904 711 1958 interiore
733 1901 983 1957 felicitate
1004 1897 1574 1972 feliciu_s?Perdidcrat
1600 1896 1777 1972 omnia
1802 1896 1888 1972 ilia

309 1967 427 2042 qua:
475 1973 697 2027 dederat
743 1973 884 2042 Deus
923 1989 935 2024 :
971 1969 1337 2042 sedhahebat
1374 1968 1545 2042 ipsum
1588 1968 1677 2036 qui
1712 1967 1889 2042 omnia

309 2038 551 2109 dederat,
584 2045 771 2099 Deum.
833 2040 1038 2104 Nudus,
1086 2040 1272 2109 inquit,
1305 2039 1434 2093 exivi
1462 2039 1522 2093 de
1547 2046 1689 2091 utero
1714 2038 1891 2109 matris

312 2130 455 2179 mete,
490 2105 656 2167 nudus
680 2119 899 2167 revertar
923 2115 974 2166 in
1003 2105 1207 2165 terram.
1241 2109 1490 2163 Dominus
1528 2109 1683 2172 dedit,
1719 2105 1892 2179 Domi-

312 2202 404 2237 nus
430 2178 671 2249 abstulit;
700 2185 826 2239 sicut
852 2182 1071 2237 Domino
1101 2181 1286 2249 placuit
1312 2221 1325 2241 ,
1355 2181 1425 2233 ita
1455 2184 1643 2250 factum
1682 2188 1753 2231 est
1785 2194 1803 2231 :
1828 2178 1892 2231 sit

313 2271 495 2310 nomen
518 2255 721 2309 Domini
750 2254 1056 2309 benedictum
1083 2253 1135 2306 in
1154 2251 1361 2305 secula.
1381 2250 1540 2305 Certe
1567 2264 1766 2319 pauper
1785 2257 1887 2313 est,

313 2335 459 2381 certe
485 2326 617 2381 nihil
640 2326 816 2379 habet.
848 2323 903 2379 Si
932 2323 1061 2377 nihil
1082 2324 1370 2385 remansit,
1406 2319 1476 2375 de
1505 2318 1610 2390 quo
1641 2318 1890 2373 thesauro

314 2396 428 2467 ista:
455 2412 682 2467 gemmae
718 2395 886 2467 laudis
914 2394 1005 2448 Dei
1036 2391 1413 2467 proferuntur?
1450 2391 1639 2467 Postea
1668 2397 1893 2467 tetuator

313 2466 379 2521 ad
420 2460 637 2522 carnem
684 2466 910 2520 accessit
953 2482 967 2518 :
1008 2460 1253 2517 omnibus
1290 2461 1511 2517 sublatis
1559 2460 1890 2516 tentatricem

314 2552 532 2592 uxorem
562 2537 796 2606 reliquit.
829 2536 990 2606 Evam
1029 2534 1229 2589 dimisit
1251 2574 1284 2606 ,_
1309 2532 1405 2587 sed
1443 2531 1612 2606 Adam
1660 2531 1749 2585 ille
1787 2546 1891 2606 non

314 2606 433 2661 fuit.
468 2608 536 2662 Et
578 2601 858 2677 ibiqualis
897 2605 1141 2677 inventus
1169 2604 1289 2677 est?
1317 2602 1584 2677 quomodo
1620 2601 1894 2677 respondit

315 2678 465 2733 uxori
503 2673 880 2746 blasphemiam
930 2673 1268 2745 suggerenti?
1304 2673 1599 2746 Locutaes
1622 2714 1636 2738 ,
1687 2673 1889 2746 inquit,

313 2749 458 2818 quasi
483 2765 585 2801 una
607 2743 669 2802 ea:
692 2743 1050 2818 insipientibus
1065 2746 1375 2818 nutlieribus.
1406 2745 1466 2799 Si
1504 2743 1636 2798 bona
1674 2744 1895 2818 suscepi-

316 2814 429 2874 mus
473 2820 537 2873 de
579 2836 732 2872 manu
762 2814 997 2883 Domini,
1054 2817 1189 2870 mala
1232 2832 1390 2888 quare
1428 2833 1532 2869 non
1559 2814 1894 2888 sustineantus

316 2888 451 2958 (Iob.
486 2901 568 2943 tet
595 2888 691 2956 u)?
718 2888 762 2942 0
787 2889 958 2942 virum
990 2896 1195 2957 putrem
1226 2883 1280 2941 et
1308 2887 1602 2958 integrum!
1631 2904 1663 2940 υ
1692 2883 1892 2940 fmdnm

314 2956 367 3014 et
407 2959 721 3027 pulchrum!
762 2974 797 3013 0
824 2959 1151 3013 vulneratum
1193 2967 1246 3012 et
1271 2958 1487 3012 sanum!
1517 2972 1550 3011 ο
1579 2956 1630 3011 in
1656 2965 1895 3027 stercore

313 3026 585 3085 sedentem
604 3072 619 3095 ,
661 3039 715 3084 et
743 3030 792 3083 in
816 3029 957 3083 caelo
988 3037 1296 3097 regnantem
1321 3031 1335 3081 l
1366 3028 1419 3081 Si
1451 3042 1689 3081 amamus
1712 3067 1727 3091 ,
1770 3026 1892 3080 imi-

312 3108 485 3154 temur
515 3118 529 3155 :
559 3113 614 3155 ut
645 3100 932 3164 imitemur,
964 3099 1286 3153 laboremus.
1325 3098 1555 3166 Adjuvat
1578 3106 1893 3161 certantem,

312 3171 398 3240 qui
420 3182 689 3227 certamen
708 3171 915 3224 indixit.
936 3170 1047 3223 Non
1083 3180 1131 3223 te
1160 3173 1238 3224 sic
1264 3177 1467 3240 spectat
1491 3169 1632 3240 Deus
1653 3168 1704 3222 in
1726 3182 1895 3238 agone

312 3238 625 3312 certantem,
658 3251 713 3294 nt
739 3242 966 3312 populus
988 3238 1511 3312 aurigamaClamare
1539 3239 1682 3294 enim
1714 3240 1891 3305 novit;

312 3311 562 3379 adjuvare
598 3327 703 3366 non
733 3310 877 3367 novit
913 3330 928 3366 :
964 3326 1214 3366 coronam
1244 3310 1449 3366 fencam
1480 3326 1667 3379 parare
1696 3318 1891 3377 potest;

310 3382 456 3437 vires
492 3382 901 3437 Subministrarc
929 3397 1032 3437 non
1064 3390 1258 3451 potest.
1287 3382 1457 3435 Homo
1485 3382 1625 3435 enim
1655 3389 1757 3444 est,
1789 3395 1893 3434 non

312 3451 474 3507 Deus.
508 3454 574 3507 Et
605 3455 737 3507 forte
765 3453 890 3507 dum
932 3462 1172 3522 spectat,
1208 3454 1326 3522 plus
1365 3453 1569 3507 laborat
1611 3451 1848 3506 sedendo
1874 3491 1889 3519 ,

312 3538 472 3592 quam
518 3524 605 3576 ille
640 3524 907 3578 luctando.
956 3524 1095 3578 Deus
1136 3522 1347 3593 quando
1375 3531 1578 3592 spectat
1605 3530 1894 3576 certatores

310 3609 438 3649 suos
457 3634 471 3656 ,
504 3594 719 3663 adjuvat
743 3609 837 3649 eos
863 3592 1191 3648 invocantes.
1220 3592 1351 3647 Nam
1375 3609 1475 3648 vox
1496 3593 1709 3647 athleta:
1730 3593 1894 3661 ipsius

313 3674 389 3717 est
422 3665 475 3717 in
504 3665 715 3719 Psalmo
748 3683 760 3716 :
795 3663 856 3719 Si
882 3664 1124 3727 dicebam,
1156 3663 1328 3717 Motus
1350 3673 1423 3718 est
1450 3680 1536 3733 pes
1562 3679 1722 3725 meus,
1747 3663 1896 3716 mise-

311 3735 530 3788 ricordia
558 3745 664 3799 tua,
694 3733 928 3797 Domine,
956 3733 1229 3804 adiuvabat
1267 3751 1345 3787 me
1392 3734 1561 3799 (Psal.
1600 3749 1746 3799 xcut,
1777 3734 1890 3802 18).

312 3804 427 3859 Νοιι
458 3821 587 3875 ergo
613 3806 780 3859 simus
808 3806 958 3876 pigri,
991 3805 1179 3858 fratres
1209 3805 1349 3876 mei;
1376 3819 1676 3874 quaeramus
1695 3847 1710 3870 ,
1741 3814 1893 3874 peta-

312 3890 431 3930 mus
474 3886 529 3930 et
578 3876 863 3944 pulsemus.
914 3876 1011 3943 Qui
1049 3876 1273 3943 tpmrit,
1316 3875 1551 3939 invenit;
1592 3876 1681 3945 qui
1729 3876 1889 3944 petit,

310 3946 522 4017 accipit,
550 3958 602 4001 et
635 3947 862 4017 pulsanti
888 3946 1157 4017 aperietur
1179 3945 1327 4017 (Luc.
1358 3946 1584 4017 x510);
1610 3954 1895 4015 prmatante

314 4016 543 4071 Domino
588 4026 771 4071 nostro
796 4016 919 4071 Iesu
945 4016 1158 4071 Christo
1176 4016 1197 4081 ,⁷
1219 4018 1301 4070 cui
1329 4025 1411 4071 est
1441 4016 1613 4071 honor
1640 4026 1695 4072 et
1725 4017 1892 4085 impe-

311 4088 448 4141 rium
478 4103 598 4141 cum
631 4088 786 4142 Patre
813 4097 867 4142 et
891 4087 1089 4158 Spiritu
1127 4094 1313 4141 sancto
1349 4087 1402 4141 in
1441 4088 1637 4142 szccula
1672 4088 1895 4142 Steculo-

312 4172 451 4211 rum.
484 4161 675 4213 Amen.

812 4226 1041 4283 senuo
1070 4227 1267 4283 xxxv
1294 4227 1392 4299 (a).

313 4319 389 4375 Dc
416 4338 474 4376 eo
494 4323 630 4392 quod
652 4322 803 4377 Iesus
846 4322 1079 4393 pra'cepit
1110 4322 1317 4392 populo,
1353 4330 1407 4374 ut
1436 4323 1603 4393 parati
1636 4332 1797 4377 essent
1825 4325 1893 4376 ad

378 4393 743 4536 ὓναηεῖιιιῗέιίιη
763 4394 1042 4447 Iordanem
1073 4410 1093 4458 ;
1120 4403 1165 4447 et
1194 4393 1256 4447 de
1281 4393 1599 4448 subversione
1636 4410 1894 4448 murorum

417 4479 520 4516 ertc
540 4480 587 4517 ιο
689 4501 703 4516 .

417 4479 587 4517 ericno
609 4479 703 4517 101.

380 4557 433 4609 1.
474 4552 677 4627 Moyses
704 4555 871 4627 ﬁgura
895 4554 1061 4627 Legis.
1091 4553 1242 4627 Iesus
1263 4555 1429 4627 ﬁgura
1455 4556 1560 4610 veri
1601 4554 1746 4610 Iesu.
1779 4556 1822 4609 Τ
1826 4557 1896 4609 ri-

311 4625 483 4679 nitatis
508 4625 635 4695 ﬁdes
661 4627 729 4679 ad
748 4625 1091 4697 Baptisnium.
1124 4626 1274 4682 Sicut
1296 4625 1602 4696 frequenter
1636 4627 1894 4681 Charitati

310 4704 501 4751 vestrae
528 4698 917 4767 suggessimus,
959 4696 1150 4751 fratres
1176 4697 1495 4763 charissimi,
1539 4697 1748 4767 Moyses
1786 4714 1893 4751 non

310 4767 482 4822 solum
507 4776 687 4837 typum
709 4767 928 4832 Christi,
963 4767 1056 4822 sed
1083 4767 1242 4822 etiam
1266 4767 1485 4837 figuram
1511 4768 1666 4837 Legis
1695 4769 1891 4823 intelli-

308 4838 449 4908 gitur
470 4838 738 4893 habuisse.
763 4839 1003 4908 Denique
1032 4840 1082 4892 in
1115 4847 1294 4893 monte
1322 4838 1409 4892 ubi
1437 4838 1693 4892 Dominus
1723 4850 1895 4892 trans—

308 4907 570 4979 ﬁguratus
611 4917 730 4974 est,
777 4907 984 4979 Moyses
1009 4918 1062 4964 et
1107 4908 1246 4963 Elias
1291 4908 1641 4979 loquebantur
1677 4925 1796 4963 cum
1828 4926 1894 4964 eo

308 4977 537 5049 (Matth.
573 4995 700 5043 xvu,
732 4978 805 5049 ὅ)
840 4977 932 5034 :‘et
962 4980 1012 5034 in
1056 4980 1160 5033 illis
1189 4977 1395 5034 duobus
1427 4979 1533 5033 Lex
1570 4989 1624 5034 et
1656 4980 1894 5049 Prophe-

308 5048 376 5121 iia
403 5049 715 5119 significata:
734 5048 876 5104 sunt.
895 5050 1100 5105 Mortuo
1114 5066 1241 5120 ergo
1262 5050 1462 5121 Moyse,
1486 5050 1641 5105 Iesus
1661 5048 1895 5121 suscepit

307 5118 589 5189 imperium
617 5137 633 5186 ;
676 5128 732 5175 et
760 5130 1004 5176 cessante
1028 5118 1198 5189 Lege,
1219 5118 1475 5175 Dominus
1519 5132 1701 5176 noster
1736 5118 1894 5177 verus

304 5187 461 5262 Iesus
495 5191 658 5244 totius
706 5191 889 5245 mundi
921 5187 1150 5246 obtinuit
1177 5192 1555 5261 principatum.
1577 5192 1734 5247 Iesus
1762 5209 1890 5262 ergo

305 5259 416 5343 iile,
446 5262 535 5330 qui
572 5263 1003 5343 iypum‘Domini
1033 5259 1370 5343 prmierebat,
1416 5263 1636 5343 yeniens
1674 5264 1739 5343 ad
1767 5259 1890 5343 Ior—

303 5329 496 5403 danem
519 5374 533 5396 ,
557 5329 687 5403 dixit
717 5332 781 5387 ad
812 5329 1058 5403 populum
1075 5375 1089 5398 ,
1131 5331 1323 5386 Parate
1348 5333 1486 5387 vobis
1508 5333 1643 5388 cibos
1667 5336 1734 5386 ad
1760 5336 1891 5388 die»:

303 5401 556 5475 tertinmw(
574 5401 736 5475 Iosue
763 5401 823 5469 ι,’
846 5402 965 5475 11).
996 5404 1143 5458 Diem
1177 5405 1387 5458 tertium
1409 5445 1425 5468 ,
1465 5403 1655 5459 fratres
1690 5405 1893 5461 charis-

303 5471 458 5537 simi,
499 5471 773 5545 Trinitatis
820 5471 1155 5544 agnoscimus
1204 5489 1324 5530 esse
1373 5476 1705 5545 mysterium.
1746 5478 1891 5545 Quos

306 5556 436 5613 ergo
465 5543 616 5598 cibos
646 5543 945 5614 praeparare
973 5544 1260 5612 debemus,
1301 5554 1357 5600 ut
1400 5543 1467 5601 ad
1495 5546 1637 5601 diem
1679 5543 1891 5601 tertium

387 5676 441 5740 ᾳ)
468 5674 607 5735 Alias,
631 5675 697 5725 de
711 5673 954 5740 Tempore
979 5678 1083 5728 106.

370 5733 440 5808 ιι»)
462 5742 512 5785 tn
537 5733 972 5811 appendicenune
994 5739 1502 5811 primum__coll_ocatur._
1524 5742 1891 5811 Lovaniensium

305 5800 767 5875 eguerint-edulium}
790 5800 1079 5875 AverlinijetA
1101 5802 1333 5875 vindingi
1354 5803 1537 5875 judicio
1549 5807 1891 5875 _supposititius

306 5863 398 5910 est.
422 5866 585 5911 Nostra
604 5868 768 5912 autem
785 5864 1030 5915 sententia
1050 5865 1253 5915 Caesario
1275 5863 1638 5917 adseribendus'.

1671 362 1900 423 SERMO
1936 356 2149 418 XXXV.

3426 364 3564 423 18“

1988 476 2311 564 vepiamusnt
2332 475 2553 564 videtur
2581 477 2711 563 mihi
2731 478 2873 564 quod
2896 479 3048 564 cibus
3068 478 3166 535 iste
3192 479 3324 537 fides
3347 481 3567 564 intciligi

1986 548 2179 622 debeat
2209 566 2222 603 :
2253 546 2570 622 Christianis
2589 551 2733 622 enim
2748 546 2895 606 'tides
2918 560 3018 616 est,
3049 566 3147 622 per
3172 567 3330 620 quam
3365 554 3416 607 in
3442 546 3567 607 Tri-

1988 620 2207 692 nitatem
2243 619 2504 692 creditnr,
2537 630 2593 676 et
2629 621 2695 675 ad
2724 619 3113 677 sacramentum
3154 619 3408 691 Baptismi
3450 639 3568 692 per-

1986 691 2215 763 venitur.
2244 690 2393 757 Quod
2423 705 2551 761 ergo
2582 699 2705 763 tunc
2740 692 2896 747 Iesus
2927 692 3017 747 ille
3044 692 3185 748 dixit
3211 690 3408 763 p0pulo
3436 690 3567 759 suo,

1987 759 2090 815 hoc
2124 776 2263 815 nunc
2309 770 2359 815 et
2404 759 2564 815 verus
2604 761 2759 817 Iesus
2812 778 2905 830 per
2953 759 3227 818 ministros
3268 759 3396 819 suos
3443 764 3572 818 dicit

1987 831 2181 902 popqu
2205 831 2525 886 Christiano.
2556 831 2687 897 Quid
2717 841 2799 887 est
2821 837 2961 888 enim
2988 833 3130 887 aliud
3158 834 3354 900 dicere,
3384 832 3572 887 Parata

1988 901 2124 955 uobis
2153 902 2316 955 cibum
2343 902 2571 975 adﬂigat
2598 903 2795 975 tertium
2823 918 2847 975 ί
2870 904 2994 975 nisi,
3023 904 3295 959 Trinitatis
3318 905 3572 972 suscipite

1988 982 2377 1044 sacramentum
2416 972 2438 1025 ?
2486 972 2614 1028 Post
2665 973 2779 1029 haec
2820 973 3053 1031 Iordane
3103 976 3364 1039 transito,
3421 976 3569 1044 quasi

1989 1041 2244 1125 Baptismi
2273 1044 2539 1125 completo
2582 1044 2837 1125 mysterio
2861 1086 2877 1109 ,
2911 1044 3337 1125 p0pulns_lsrael
3374 1041 3569 1125 terram

1989 1114 2421 1181 repromissionis
2450 1114 2761 1183 ingreditur.
2792 1114 2987 1169 Verum
3018 1124 3121 1182 est,
3150 1116 3337 1170 fratres
3362 1116 3568 1170 charis-

1991 1182 2134 1244 simi,
2164 1184 2264 1238 nisi
2290 1184 2407 1253 quis
2446 1182 2537 1252 per
2567 1185 2823 1255 Baptismi
2856 1194 3249 1241 sacramentum
3280 1186 3571 1251 transierit,

1992 1260 2187 1325 terram
2217 1269 2357 1309 vera:
2377 1254 2827 1325 repromissionis,
2859 1255 2912 1311 id
2933 1264 3036 1320 est,
3068 1266 3324 1312 aeternam
3346 1256 3573 1313 beatitu-

1991 1322 2168 1378 dinem
2210 1341 2315 1379 non
2344 1322 2565 1380 videbit.

2061 1394 2115 1448 ἓ.
2159 1394 2521 1467 Exploratores
2567 1395 2697 1458 duo,
2737 1395 2839 1467 duo
2884 1407 3151 1467 pracepta.
3198 1396 3354 1453 Mittit
3397 1407 3572 1453 tamen

1991 1463 2147 1536 Iesus
2170 1463 2304 1520 duos
2332 1466 2698 1536 exploratores
2727 1466 2793 1520 ad
2818 1463 3082 1521 ciVitatem
3112 1468 3345 1532 Iericho,
3373 1477 3428 1521 et
3455 1484 3573 1522 sus-

1991 1535 2257 1609 cipiuntur
2281 1552 2311 1591 a
2343 1535 2621 1609 meretrice
2648 1536 2826 1607 (Iosue
2853 1536 2931 1609 ιι).
2962 1538 3017 1592 1η
3049 1537 3132 1593 his
3161 1538 3368 1594 duobus
3400 1539 3577 1609 missis

1992 1605 2097 1661 dno
2136 1616 2397 1674 praecepta
2428 1605 2791 1677 intelliguntur
2815 1605 3042 1678 gemina:
3078 1609 3397 1665 dilectionis.
3442 1608 3575 1674 Quia

1993 1684 2047 1729 et
2075 1692 2260 1748 revera
2289 1678 2412 1747 quid
2442 1678 2596 1732 nobis
2620 1678 2761 1733 aliud
2799 1680 3118 1734 annuntiant
3154 1680 3229 1735 illi
3256 1694 3388 1748 quos
3416 1680 3575 1732 mittit

1992 1760 2149 1800 verus
2177 1746 2367 1813 Iesus,
2410 1749 2509 1803 nisi
2556 1758 2612 1803 ut
2652 1749 2931 1818 diligamus
2976 1750 3183 1816 Deum,
3225 1746 3506 1818 diligamus
3526 1762 3579 1803 et

1993 1818 2290 1885 proximum
2317 1820 2339 1871 ?
2373 1819 2514 1891 Dixit
2545 1834 2676 1891 ergo
2704 1819 2861 1875 Iesus
2880 1858 2894 1886 ,
2924 1819 3222 1891 Prteparate
3258 1818 3393 1875 vobis
3418 1820 3575 1885 cibos,

1994 1898 2037 1940 et
2058 1897 2212 1960 estote
2251 1890 2415 1957 parati
2440 1890 2494 1943 in
2519 1890 2652 1942 diem
2688 1891 2908 1945 tertium.
2932 1890 3082 1946 Sicut
3106 1891 3250 1946 enim
3287 1900 3411 1945 tunc
3443 1905 3573 1960 pra:-

1993 1958 2192 2025 paratis
2234 1960 2395 2024 cibis,
2442 1960 2527 2013 die
2579 1962 2734 2015 tertio
2784 1970 2999 2015 ventum
3045 1970 3129 2016 est
3176 1962 3243 2016 ad
3290 1958 3575 2016 Iordanem

1994 2026 2354 2112 ﬂuvium_;_ita
2385 2038 2452 2112 et
2476 2045 2619 2112 nunc
2645 2031 2697 2112 in
2726 2031 2965 2112 Ecclesia
2981 2032 3250 2112 catholica
3291 2032 3577 2112 assumptis

1994 2098 2356 2172 spiritualibus
2387 2100 2521 2155 cibis
2549 2100 2693 2165 fidei,
2724 2102 2833 2172 spei
2864 2111 2917 2156 et
2947 2102 3244 2169 charitatis,
3273 2098 3579 2172 pervenitur

1993 2167 2368 2243 ad_Tri_nitat_is
2401 2172 2711 2243 mysterium
2737 2167 3067 2243 et_Baptismi
3092 2167 3504 2229 sacramentum.

2067 2239 2118 2311 ὅ.
2160 2238 2382 2309 Lapides
2409 2238 2472 2311 inv
2489 2239 2736 2303 Iordane,
2782 2238 3096 2296 Patriarchte
3124 2260 3141 2307 ;
3171 2244 3224 2296 in
3263 2243 3441 2297 castris
3488 2258 3577 2311 po-

1997 2308 2081 2363 siti
2106 2310 2406 2391 ,ρροεεοιὶε
2428 2310 2572 2365 Tulit
2590 2320 2767 2391 autem
2789 2311 2941 2391 Iesus
2966 2313 3245 2391 duodecim
3274 2308 3498 2391 lapides,
3526 2321 3580 2367 et

1995 2380 2171 2451 posuit
2200 2380 2250 2434 in
2280 2380 2511 2436 Iordane
2538 2398 2551 2435 :
2576 2390 2631 2436 et
2657 2397 2720 2437 ex
2746 2382 2863 2451 ipso
2890 2383 3121 2438 Iordane
3148 2385 3265 2438 tulit
3288 2380 3418 2438 alios
3443 2384 3577 2437 duo.

1996 2449 2170 2524 deeim
2195 2492 2209 2515 ,
2230 2460 2291 2524 _et
2320 2450 2446 2524 ﬁxit
2460 2451 2513 2505 in
2544 2452 2661 2507 loco
2681 2449 2977 2508 castrorum
3013 2453 3073 2524 (1
3083 2455 3135 2506 ιι.
3166 2454 3249 2523 v).
3278 2454 3356 2512 Illi
3376 2453 3582 2508 duode-

1995 2520 2099 2575 cim
2153 2521 2243 2590 qui
2304 2522 2453 2576 missi
2503 2531 2629 2577 sunt
2685 2523 2736 2577 in
2782 2520 3068 2580 Iordanem
3099 2566 3115 2591 ,
3158 2520 3402 2580 videntur
3450 2524 3578 2578 mihi

1997 2598 2203 2663 typum,
2227 2591 2476 2663 habuisse
2519 2593 2944 2649 Patriarcharum
2976 2613 2991 2649 :
3018 2596 3093 2649 illi
3134 2612 3259 2650 vero
3304 2596 3392 2663 qui
3423 2595 3579 2650 levati

1996 2672 2122 2734 sunt
2175 2662 2243 2719 de
2293 2662 2563 2728 Iordane,
2612 2663 2833 2733 ﬁguram
2888 2665 3134 2721 habuisse
3182 2662 3575 2734 Apostolorum.

1997 2731 2124 2805 Post
2151 2742 2374 2788 mortem
2399 2734 2548 2805 enim
2574 2731 2761 2805 Moysi,
2790 2736 3012 2803 sepultis
3061 2731 3401 2797 Patria’rchis,
3437 2738 3577 2805 Apo-

1995 2803 2122 2877 stoli
2142 2803 2616 2877 surrexerunt.Sic
2657 2803 2714 2877 et
2742 2806 2793 2859 in
2814 2805 3033 2861 ‘Psalmo
3061 2806 3284 2877 legimus
3314 2824 3326 2859 :
3357 2805 3469 2859 Pro
3485 2803 3580 2876 pa-

1997 2873 2177 2938 tribus,
2222 2874 2411 2944 inquit,
2452 2876 2549 2928 tuis
2577 2875 2683 2928 nati
2724 2886 2840 2929 sunt
2882 2877 2969 2929 tibi
2999 2873 3157 2943 ﬁtii':
3199 2877 3466 2930 constitues
3490 2873 3578 2930 eos

1998 2944 2439 3017 principes_super
2474 2960 2670 3017 omnem
2712 2955 2905 3001 terram
2943 2946 3123 3017 (Psal.
3151 2964 3294 3007 κων,
3326 2946 3442 3017 17).
3490 2948 3577 3000 Sic

1997 3014 2218 3081 sepultis
2246 3015 2566 3069 Patriarchis
2594 3017 2833 3085 Apostoli
2871 3014 3234 3073 surrexerunt.
3264 3014 3421 3072 Iesus
3446 3018 3582 3072 duos

1996 3085 2159 3138 mittit
2196 3086 2566 3167 exploratores
2597 3103 2612 3140 :
2640 3088 2764 3167 quia
2791 3087 3420 3167 verus‘Iesusdocturus.
3443 3099 3576 3167 erat,

1996 3155 2517 3227 quomodoisepulto
2556 3155 2769 3227 seniore
2808 3158 3004 3227 populo
3028 3159 3078 3212 in
3120 3159 3364 3222 deserto,
3402 3158 3582 3227 jnninr

1998 3226 2226 3295 populus
2268 3226 2395 3283 Iesu
2444 3227 2581 3283 duce
2614 3226 2667 3283 in
2709 3226 2907 3283 terram
2945 3230 3373 3299 repromissionis
3406 3226 3582 3283 indu-

1996 3304 2166 3351 031111⁵.

2067 3367 2121 3421 4.
2142 3365 2474 3441 _Iada:orum_
2503 3378 2551 3441 et
2599 3368 2839 3441 Gentium
2871 3371 3057 3441 ﬁgura.
3099 3370 3245 3425 Nam-
3269 3370 3448 3426 senior
3489 3372 3581 3425 ille

1996 3438 2223 3511 popuius
2251 3447 2431 3511 typum
2461 3438 2655 3511 habuit
2670 3438 2975 3496 Iudteormn
3010 3442 3228 3509 ;junior
3258 3456 3393 3497 vero
3413 3457 3577 3511 popu-

1999 3507 2083 3562 lus
2129 3507 2351 3582 ﬁguram
2380 3509 2579 3582 habuit
2623 3510 2893 3582 Gentium.
2943 3507 3314 3582 Ille—pOpulns
3359 3507 3575 3576 senior,

1999 3580 2225 3653 transito
2258 3580 2393 3653 mari
2426 3579 2637 3653 Rubro,
2656 3581 2910 3653 sepelitur
2933 3582 2984 3636 in
3002 3579 3183 3638 ere—mo
3208 3601 3221 3637 :
3246 3583 3425 3653 junior
3452 3598 3580 3637 vero

1998 3649 2225 3719 populus
2252 3649 2449 3723 ad__hoc
2478 3652 2666 3707 transit
2689 3651 2973 3708 Iordanem
2998 3649 3331 3717 ﬂuviumfut
3356 3654 3582 3723 accipiat

1998 3734 2241 3788 regnum.
2304 3719 2497 3775 Verum
2538 3732 2655 3787 est,
2707 3723 2899 3779 fratres
2935 3741 2949 3788 ;
2996 3739 3169 3780 nemo
3202 3719 3593 3779 beatitudinem.

1999 3792 2147 3859 regni
2168 3790 2404 3867 coelestis
2432 3792 2625 3867 accipit
2645 3833 2662 3858 ,
2686 3794 2803 3867 _nisi_
2822 3795 2969 3863 prius
2995 3812 3091 3867 per
3114 3795 3368 3866 Baptismi
3397 3811 3580 3851 saera-

1999 3872 2176 3936 menta
2203 3862 2487 3936 transierit.
2516 3862 2645 3917 Nam
2667 3864 2733 3918 de
2755 3862 2844 3919 illo
2872 3862 3083 3921 senibre
3121 3862 3316 3936 popqu
3340 3882 3440 3921 non
3469 3882 3582 3920 am-

2000 3928 2139 4012 plius
2181 3946 2338 4012 quam
2391 3933 2500 4012 duo
2553 3945 2865 4012 meruerunt
2910 3928 3136 4012 terram.
3145 3928 3581 4012 repromissionis

1999 4003 2199 4057 intrare
2233 4021 2246 4077 ς
2290 4010 2346 4057 et
2390 4003 2450 4077 in
2462 4004 2615 4077 ipsis
2650 4004 2856 4077 duobus
2898 4007 3095 4073 aliquid
3136 4003 3414 4077 ﬁguratum
3461 4023 3582 4064 esse

1998 4072 2387 4144 cognoscimus.
2418 4072 2565 4129 Sicut
2593 4076 2735 4128 enim
2761 4090 2919 4144 supra
2949 4072 3148 4131 dictum
3172 4072 3284 4141 est,
3315 4078 3420 4131 duo
3455 4090 3578 4131 suut

1999 4152 2261 4227 praecepta
2289 4143 2612 4226 dilectionis,
2639 4161 2760 4227 quae
2802 4147 3158 4227 Christianum
3208 4149 3483 4227 populum,
3524 4159 3581 4202 ut

1998 4213 2159 4266 vitam
2189 4222 2439 4267 aaternam
2470 4213 2802 4283 percipiant,
2831 4217 3073 4270 invitant.
3114 4216 3188 4271 Ita
3211 4213 3297 4271 illi
3324 4218 3429 4272 duo
3461 4220 3577 4272 fue-

1972 4292 2123 4357 runt
2142 4325 2156 4347 ,
2179 4284 2290 4357 _qni
2319 4284 2627 4339 Iudmorum
2659 4287 2852 4355 populo
2878 4289 3158 4341 consilium
3188 4288 3405 4353 dabant,
3437 4291 3577 4357 quod

1998 4354 2126 4436 siin
2177 4355 2340 4436 Deum
2380 4354 2690 4419 crederent,
2732 4354 2951 4413 feliciter
2978 4367 3172 4413 terram
3212 4354 3582 4428 repromissio-

2001 4425 2083 4478 nis
2110 4425 2407 4480 introirent.

2070 4495 2124 4550 5.
2162 4494 2367 4550 Iericho
2411 4507 2563 4567 typus
2609 4498 2807 4552 mundi.
2853 4498 3200 4555 Sacerdotalis
3248 4501 3383 4554 tuba.
3425 4500 3581 4555 Tuba:

1999 4581 2152 4620 sonus
2177 4568 2382 4620 terroris
2407 4577 2508 4630 est,
2541 4585 2643 4622 non
2670 4570 3033 4624 oblectationis.
3065 4572 3191 4624 Post
3216 4572 3328 4624 hate
3350 4571 3417 4624 ad
3449 4574 3579 4626 civi-

2001 4645 2160 4711 tatem
2191 4636 2405 4692 Iericho
2442 4647 2657 4711 ventum
2687 4649 2801 4707 est,
2832 4650 2886 4695 et
2914 4642 3048 4694 muri
3077 4641 3192 4711 ejus
3228 4643 3461 4697 clamore
3491 4660 3577 4711 pn-

2000 4707 2110 4775 puli
2156 4717 2210 4781 et
2247 4723 2382 4781 sono
2436 4710 2676 4781 tubarum
2717 4726 2882 4780 usque
2912 4710 2977 4765 ad
3020 4707 3358 4767 fundamenta
3389 4707 3579 4781 deiecti

1999 4786 2124 4831 sunt
2148 4777 2391 4855 __(_Iosue
2424 4795 2479 4855 vi
2512 4779 2551 4850 ).
2598 4777 2844 4855 Iericho,
2901 4781 3121 4847 fratres,
3148 4794 3349 4855 typum
3402 4777 3583 4837 habuit

2000 4847 2181 4901 mundi
2207 4848 2381 4917 hujus.
2420 4847 2568 4904 Sicut
2592 4852 2733 4904 enim
2779 4860 2904 4907 tunc
2930 4847 3242 4907 canentibus
3267 4857 3406 4911 tubis
3443 4859 3577 4908 muri

2000 4917 2144 4992 illius
2164 4918 2472 4992 ceciderunt
2495 4937 2508 4985 ;
2533 4922 2602 4975 ita
2622 4930 2675 4975 et
2701 4937 2841 4976 nunc
2861 4934 3071 4992 oportet
3094 4934 3153 4979 ut
3169 4925 3355 4980 civitas
3376 4928 3580 4990 mundi,

2000 4989 2052 5062 id
2077 4999 2193 5062 est,
2221 4990 2489 5062 superbia,
2517 5006 2636 5045 cum
2667 4993 2781 5047 suis
2814 4989 3046 5048 turribus
3066 5037 3082 5062 ,
3109 4996 3326 5051 avaritia
3355 4998 3578 5061 scilicet,

2000 5060 2195 5137 invidia
2223 5068 2379 5129 atque
2406 5061 2607 5137 luxuria
2634 5063 2938 5137 ,__simulque
2962 5060 3083 5119 cum
3113 5068 3323 5137 populis
3343 5109 3356 5132 ,
3387 5068 3436 5121 id
3468 5078 3579 5130 est,

1999 5132 2243 5184 omnilms
2273 5133 2718 5200 concupiscentiis
2763 5132 2951 5200 malis,
2998 5132 3209 5192 assidua
3240 5138 3577 5193 sacerdotum

1999 5200 2373 5271 praedicatione
2410 5202 2725 5278 destruatur
2753 5216 2911 5277 atque
2952 5207 3239 5277 dispereat.
3292 5209 3408 5264 Non
3452 5224 3581 5278 ergo

1999 5281 2247 5339 oportet,
2292 5285 2348 5326 ut
2381 5273 2682 5329 sacerdotes
2712 5275 2765 5330 in
2791 5273 3014 5333 ecclesia
3038 5273 3250 5334 taceant
3289 5296 3304 5341 ;
3351 5280 3443 5335 sed
3488 5273 3583 5333 au-

1998 5341 2145 5417 diant
2193 5343 2472 5417 Dominum
2515 5344 2817 5413 dicentem,
2866 5347 3073 5415 Clama,
3104 5365 3167 5404 ne
3210 5366 3386 5413 cesses,
3436 5352 3581 5417 quasi

2001 5412 2118 5491 tuba
2146 5414 2314 5468 exaltu
2337 5430 2506 5491 uocem
2533 5425 2670 5469 tuam
2690 5457 2705 5481 ,
2723 5427 2779 5491 _e_t
2833 5412 3081 5491 annuntio
3110 5422 3296 5491 popqu
3324 5412 3431 5474 meo
3450 5412 3578 5473 ἐσρ-

2000 5484 2105 5537 tera
2143 5501 2315 5560 eorum
2341 5483 2515 5560 (ηαξ.
2541 5502 2681 5549 Lvut,
2715 5488 2805 5557 1).
2852 5483 3254 5560 Clamare'ergo
3291 5492 3578 5560 juhemur;

1999 5563 2053 5608 et
2099 5555 2445 5633 vehementer
2472 5557 2702 5612 clamare
2745 5555 2844 5633 nec
2874 5576 3092 5633 parcere
3134 5555 3270 5626 voci,
3292 5555 3363 5614 ἰιι
3392 5555 3577 5633 μίλτοπᾲ

2000 5641 2118 5701 nius
2151 5627 2337 5701 saluti.
2379 5627 2455 5681 Ne
2498 5643 2719 5697 parcas,
2767 5627 2971 5701 inquit,
3023 5631 3073 5686 id
3131 5642 3246 5699 est,
3290 5627 3576 5701 peccatoris

2000 5696 2259 5764 iniquitati
2287 5715 2383 5753 :ne
2413 5696 2635 5754 tacendo
2666 5696 2853 5771 pereas
2886 5704 2900 5734 ¹
2927 5744 2942 5768 ,
2966 5715 3019 5758 et
3068 5702 3193 5757 dum
3234 5696 3578 5759 verecundae

2065 5810 2081 5841 ι
2117 5815 2222 5880 Mss.
2250 5824 2261 5859 :
2298 5811 2565 5880 recitatoris
2602 5812 2919 5880 iniquitatem
2960 5828 3022 5865 ne
3052 5816 3253 5866 tacendo
3303 5824 3589 5880 prtctercas.

1999 5879 2175 5923 Sensus
2195 5873 2533 5937 incompletus,
2568 5874 2657 5926 nisi
2679 5873 2933 5929 addideris.
2959 5890 3018 5929 ne
3038 5891 3223 5941 pereas.
