4062 6368
314 300 402 357 ιει
413 301 445 355 'l

306 495 517 550 animin
542 509 713 565 gneca
740 494 805 565 Τ,
832 494 1351 565 tau,similitndinem
1382 497 1556 550 erucis
1579 494 1884 555 ostendunt.

373 566 429 620 4.
474 565 579 619 Ras
603 566 655 618 in
686 564 886 635 vellere,
918 564 1098 635 tumin
1127 579 1281 627 area;
1312 565 1437 632 ﬁdes
1468 568 1683 635 primum
1712 569 1763 622 in
1783 568 1885 623 Ju-

304 635 437 700 dtea,
461 635 645 690 exinde
665 636 805 704 apud
826 634 1024 689 Gentes.
1050 634 1117 688 Et
1137 645 1311 688 tamen
1340 634 1638 691 licet'fortis
1667 649 1806 693 esset
1832 649 1888 695 et

303 704 496 771 ﬁdens,
524 706 760 775 pleniora
781 705 953 759 adhuc
980 704 1047 758 de
1072 704 1293 775 Domqu
1321 705 1507 763 futura:
1534 708 1769 763 victoria;
1784 709 1885 763 do-

303 773 550 831 cumenta
592 775 889 845 qunrrebat,
932 774 1152 829 dicens:
1184 773 1245 829 Si
1287 776 1451 830 salvas
1489 779 1540 831 in
1582 795 1733 831 manu
1776 797 1885 835 mea

305 845 491 917 Israel,
518 845 942 917 quemadmodum
973 845 1166 898 locutus
1194 861 1263 905 es.
1292 845 1520 911 Domine,
1547 864 1656 901 ecce
1674 866 1765 917 ego
1793 868 1884 916 po-

303 932 369 971 no
388 916 525 972 lance
545 916 702 971 vellus
724 915 775 967 in
790 933 931 983 area,
956 923 999 967 et
1015 917 1059 969 si
1077 932 1160 969 ros
1181 919 1344 986 factus
1364 918 1514 986 fuerit
1533 935 1681 983 super
1702 915 1879 983 uellus,

304 996 348 1042 et
365 1003 518 1057 super
537 1003 736 1041 omnem
755 996 937 1039 terram
962 986 1180 1050 siccitas,
1203 1002 1496 1055 cognoscam
1520 988 1637 1056 quia
1656 988 1707 1042 in
1729 1006 1883 1044 manu

303 1056 718 1111 measceundttm
762 1057 1006 1125 promissa
1032 1066 1118 1108 tua
1152 1056 1394 1123 populum
1425 1057 1676 1112 liberabis.
1718 1059 1784 1112 Et
1808 1061 1882 1115 ita

305 1129 493 1196 factum
521 1139 616 1182 est.
644 1127 749 1181 Sed
776 1127 967 1194 adjecit
1003 1135 1205 1193 postea,
1234 1137 1289 1179 nt
1317 1143 1498 1179 rursus
1536 1142 1623 1181 ros
1654 1130 1881 1197 proflue-

302 1206 384 1251 ret
409 1211 573 1264 super
601 1206 763 1251 totam
795 1207 1012 1260 terram,
1043 1204 1098 1249 et
1134 1197 1341 1250 siccitas
1381 1206 1522 1251 esset
1564 1197 1619 1252 in
1648 1200 1876 1255 vellere‘

303 1265 497 1336 (Judic.
525 1283 609 1332 vr,
638 1276 693 1321 et
716 1267 832 1336 vn).
865 1268 971 1321 Rus
1006 1267 1146 1319 enim
1185 1265 1236 1318 in
1279 1267 1471 1320 vellere
1504 1267 1634 1322 fides
1672 1278 1786 1322 erat
1824 1270 1875 1325 in

301 1335 480 1392 Judaea
505 1357 518 1390 :
548 1339 667 1405 quia
695 1335 829 1392 sicut
858 1352 945 1391 rus
966 1336 1123 1391 verba
1155 1336 1242 1389 Dei
1268 1336 1617 1392 descendunt.
1648 1338 1799 1395 Unde
1823 1350 1879 1396 et

301 1407 509 1477 Moyses
537 1408 610 1462 ait
642 1426 657 1463 :
692 1407 1023 1478 Exspectant:
1039 1406 1166 1459 sicut
1192 1406 1360 1474 pluvia
1385 1408 1640 1478 eloquium
1678 1427 1872 1472 meum,

299 1486 347 1532 et
361 1476 493 1531 sicut
523 1496 607 1532 ros
631 1478 777 1548 verba
798 1476 921 1531 'mea
948 1476 968 1548 (
994 1476 1138 1529 Deut.
1170 1493 1338 1548 SX}I|,
1371 1477 1408 1531 2
1430 1476 1635 1547 )[Ergo
1664 1480 1875 1547 quando

299 1556 440 1601 totus
483 1548 629 1603 orbis
670 1546 995 1602 iufructno‘o
1042 1556 1173 1600 :cSIu
1219 1546 1442 1602 Geutilis
1485 1546 1874 1617 superstitionis

297 1618 479 1672 arebat
502 1660 517 1681 ,
545 1631 671 1673 tunc
698 1628 810 1673 erat
849 1633 939 1672 ros
972 1617 1061 1670 ille
1087 1617 1316 1671 cmlcstis
1344 1618 1656 1674 visitatiouis
1684 1621 1733 1673 in
1763 1621 1874 1676 vel-

297 1687 428 1752 lere,
457 1688 509 1742 id
544 1700 647 1753 est.
680 1690 731 1743 in
771 1688 981 1759 Judma.
1006 1687 1192 1759 Postea
1238 1704 1362 1739 vero
1385 1705 1541 1753 quam
1585 1705 1713 1744 oves
1755 1707 1873 1759 qua:

294 1760 565 1830 perierant
603 1760 792 1813 domus
828 1758 990 1812 Israel
1031 1775 1045 1809 :
1090 1757 1225 1830 unde
1260 1768 1385 1826 puto
1419 1760 1635 1830 ligtu'am
1674 1757 1870 1830 jndaiei

294 1828 508 1884 velleris
523 1830 886 1884 adumbratam
914 1847 927 1883 :
950 1843 1096 1899 oves,
1126 1828 1358 1895 inquam,
1384 1830 1484 1884 illa:
1509 1828 1700 1883 fontem
1721 1847 1871 1899 aqtne

295 1899 429 1970 viva:
459 1909 816 1970 negaverunt,
844 1915 932 1954 ros
965 1898 1083 1953 fidei
1123 1899 1328 1970 exaruit
1366 1899 1414 1970 in
1456 1901 1754 1967 pectoribus
1774 1898 1868 1956 Ju-

294 1968 571 2035 dmoritur,
616 1979 926 2038 meatusque
961 1983 1085 2023 suos
1117 1968 1234 2022 fons
1263 1968 1350 2022 ille
1383 1969 1597 2024 divinus
1628 1971 1677 2024 in
1707 1972 1867 2026 corda

294 2039 543 2095 Gentium
579 2041 854 2096 derivavit.
885 2039 1011 2093 lude
1044 2047 1128 2092 est
1159 2038 1297 2107 quod
1328 2055 1468 2094 nunc
1495 2040 1609 2093 fidei
1647 2057 1766 2095 rore
1791 2051 1869 2095 to-

295 2119 379 2165 tus
402 2111 549 2164 orbis
578 2110 855 2166 humesrit.
893 2113 962 2164 At
988 2125 1114 2161 vero
1146 2108 1312 2163 ,ιιιάςιεί
1345 2109 1638 2176 Prophetas
1668 2126 1791 2164 suos
1815 2120 1870 2167 et

293 2181 623 2236 consiliarios
655 2181 1012 2249 perdiderunt.
1041 2178 1148 2233 Nec
1174 2179 1386 2244 mirum,
1412 2180 1454 2232 si
1486 2180 1716 2248 perfidia:
1744 2181 1869 2233 sub-

292 2260 420 2305 eunt
440 2252 754 2315 siccitatem,
777 2267 909 2318 quos
935 2251 1185 2303 Dominus
1212 2250 1348 2304 Dens
1370 2250 1658 2318 prophetici
1683 2250 1866 2306 imbris

292 2320 532 2376 ubertate
551 2324 789 2391 privavit.
802 2322 1011 2375 dicens:
1033 2320 1285 2391 Μαικίαὺο
1303 2320 1512 2373 nubibus
1528 2337 1590 2373 ne
1603 2322 1776 2389 pluunt
1788 2338 1869 2374 su-

294 2409 381 2460 per
396 2390 589 2446 vineam
609 2394 753 2446 istaut
774 2391 921 2461 (lsai.
947 2408 997 2454 v,
1013 2390 1088 2456 6).
1108 2392 1191 2444 list
1210 2392 1348 2445 enim
1367 2391 1685 2461 prophetica!
1713 2391 1866 2445 nubis

294 2462 463 2530 pluvia
493 2463 760 2528 salutaris,
784 2460 921 2517 'sicut
956 2472 1009 2515 et
1038 2461 1198 2514 David
1230 2461 1397 2514 dixit:
1433 2460 1705 2514 Descendet
1736 2462 1866 2515 sicut

292 2535 459 2601 pluvia
482 2534 534 2586 in
563 2534 739 2595 vellus,
763 2544 807 2586 et
831 2534 955 2585 sicut
975 2531 1231 2585 stillicidia
1251 2532 1493 2585 stillantia
1514 2548 1664 2598 super
1683 2541 1864 2585 terram

292 2605 310 2671 (
337 2601 476 2657 Psal.
510 2621 651 2669 uxr,
687 2604 780 2673 ὃ).
807 2603 954 2657 Hanc
991 2602 1142 2655 nobis
1166 2602 1453 2673 Scriptum
1481 2602 1671 2655 divinae
1707 2601 1864 2673 totius

291 2674 480 2754 rutundi.
513 2672 745 2754 pluviam
777 2673 1192 2754 pollicebantur,
1219 2689 1334 2754 qua;
1368 2672 1596 2754 .Spiritus
1631 2688 1754 2754 rore
1782 2672 1864 2754 di-

290 2744 394 2815 vini
439 2742 635 2815 rigaret
670 2744 851 2799 orbem
892 2744 991 2798 sub
1033 2742 1252 2815 Domini
1296 2742 1586 2815 salvatoris
1608 2743 1859 2815 adn-run.

290 2812 446 2870 Venit
488 2811 614 2885 Ergo
647 2815 756 2885 jam
786 2829 897 2875 ros,
927 2814 1085 2885 venit
1114 2822 1167 2866 ct
1207 2813 1402 2881 pluvia,
1435 2813 1577 2885 venit
1606 2811 1863 2885 Dominus

288 2881 573 2939 stillicidia'
586 2881 766 2940 secum
794 2884 1028 2938 cmlestia
1056 2883 1298 2937 deferens
1327 2899 1340 2935 :
1372 2891 1426 2936 et
1467 2881 1584 2936 ideo
1615 2882 1722 2948 jam
1764 2897 1862 2937 nos

289 2954 534 3020 bibimus,
557 2958 644 3025 qui
668 2964 791 3010 ante
821 2955 1149 3013 sitiebamus.
1179 2962 1233 3007 et
1261 2953 1496 3025 divinum
1525 2952 1670 3006 illum
1695 2952 1862 3025 Spiri-

287 3032 395 3080 tum
450 3022 644 3081 haustu
694 3026 944 3080 interiore
996 3032 1257 3092 potamus.
1308 3023 1419 3078 Hoc
1454 3038 1581 3092 ergo
1623 3022 1863 3091 praevidit

287 3106 500 3151 sanctus
537 3096 753 3152 cheon
785 3112 803 3147 :
831 3096 952 3165 quia
993 3110 1176 3148 verum
1218 3102 1271 3148 et
1312 3092 1640 3165 spiritualem
1684 3108 1859 3165 rorem

286 3167 441 3292 lﬁliam
477 3167 674 3223 Gentes
704 3163 1047 3236 nationesque
1076 3174 1227 3220 erant
1256 3163 1378 3220 lidei
1409 3163 1750 3234 perceptione
1780 3163 1860 3218 bi-

324 3246 493 3291 Itum.

324 3238 493 3291 iturae.

354 3308 407 3363 5.
438 3308 517 3361 Ad
544 3308 666 3378 quid
684 3307 841 3362 vellus
861 3306 913 3359 in
940 3323 1077 3360 area.
1110 3303 1221 3360 Non
1238 3313 1424 3378 tamen
1447 3304 1617 3378 otiose
1640 3302 1857 3378 Cedeon

285 3378 456 3433 vellus
479 3373 576 3433 nec
598 3379 648 3432 in
678 3393 868 3446 campo
895 3378 1087 3445 posuit,
1118 3391 1215 3430 nec
1237 3376 1289 3430 in
1314 3383 1500 3444 prato;
1524 3374 1616 3429 sed
1640 3373 1691 3427 in
1709 3389 1856 3446 area,

286 3449 371 3502 ubi
399 3449 588 3504 messis
609 3458 689 3501 est
718 3444 875 3507 tritici
898 3444 1111 3518 (messis
1134 3446 1274 3499 enim
1304 3446 1485 3518 multa,
1513 3444 1861 3518 ope_rarii_au-

287 3528 392 3591 tem
422 3520 571 3591 pauci
594 3518 817 3591 [Matt/g.
850 3514 930 3583 η’,
962 3516 1096 3588 57])
1130 3534 1143 3569 :
1176 3532 1242 3571 eo
1270 3515 1409 3591 qupd
1436 3531 1529 3591 per
1554 3514 1714 3591 tidem
1752 3514 1857 3567 Do-

284 3584 491 3643 mini'in
519 3584 753 3645 Ecclesia
774 3589 944 3642 futura
965 3584 1108 3643 esset
1132 3584 1320 3641 messis
1340 3584 1559 3641 fecunda
1580 3585 1854 3639 virtutum.

284 3657 392 3714 Nec
417 3660 545 3713 illud
586 3661 816 3714 otiosum
848 3668 959 3723 est,
999 3658 1139 3730 quod
1169 3657 1454 3730 exsiccavit
1485 3654 1861 3730 velluandai-

285 3744 433 3795 cum,
463 3738 519 3786 et
558 3745 732 3785 rorem
776 3730 892 3800 ejus
918 3727 1062 3783 misit
1104 3729 1155 3782 in
1204 3728 1426 3800 pelvim,
1464 3735 1520 3800 ut
1552 3727 1860 3800 repleretnr

285 3814 437 3869 aqua,
473 3815 577 3855 non
606 3808 781 3855 tamen
804 3795 923 3869 ipse
949 3816 1011 3854 ex
1039 3815 1103 3854 eo
1124 3795 1243 3853 rore
1276 3799 1434 3866 pedes
1448 3796 1607 3869 lavit.
1638 3796 1740 3869 Alii
1765 3795 1860 3851 de-

284 3866 510 3940 btébatur
562 3872 691 3925 tanti
742 3866 1085 3940 prairogativa
1134 3869 1389 3937 mysterii.
1444 3866 1860 3940 Exspeembatur

286 3939 557 4011 Chrisms,
598 3941 688 4011 qui
730 3937 1177 4011 sordes'omninm
1219 3940 1362 4011 solus
1408 3949 1585 4007 posset
1606 3937 1855 4011 abluere.

284 4009 397 4066 Non
425 4022 536 4066 erat
562 4008 737 4065 tantus
761 4010 995 4073 Gedeon,
1034 4010 1120 4079 qui
1148 4009 1370 4079 hocsibi
1402 4009 1710 4079 mysterium
1741 4008 1861 4062 vin-

284 4082 505 4136 dicaret.
550 4082 663 4137 Non
695 4081 836 4135 enim
866 4077 1104 4143 Gedeon,
1135 4078 1228 4133 sed
1255 4078 1420 4133 Filius
1450 4077 1680 4132 hominis
1710 4081 1857 4139 venit

284 4167 388 4206 non
420 4152 728 4214 ministrari,
759 4150 850 4205 sed
882 4151 1182 4203 ministrare
1209 4148 1317 4215 (Id.
1349 4164 1438 4213 xx,
1463 4148 1557 4214 ‘28)
1590 4147 1688 4217 (a).

352 4223 405 4276 6.
452 4222 837 4293 Recapitulatio.
874 4221 1021 4290 Rogo
1040 4235 1155 4293 vos,
1180 4217 1391 4281 fratres,
1419 4228 1476 4271 nt
1502 4235 1605 4272 non
1623 4219 1858 4293 moleste

284 4293 572 4361 accipiatis,
590 4290 734 4362 quod
759 4301 972 4361 propter
993 4290 1252 4362 tardiores
1263 4299 1571 4362 quusqnect
1592 4290 1859 4362 simplices

284 4359 563 4432 aliquoties
592 4359 653 4417 ea
680 4359 799 4430 tunc
830 4362 1096 4425 dicuntur,
1126 4360 1360 4432 breviter
1388 4359 1858 4432 replicamus.gQui

284 4428 423 4487 enim
455 4434 667 4488 litterati
701 4428 753 4486 et
779 4432 920 4487 docti
954 4440 1110 4496 sunt,
1143 4430 1251 4484 Deo
1280 4429 1507 4498 propitio
1534 4428 1650 4484 sine
1679 4431 1860 4489 labore

285 4502 581 4572 intelligunt
607 4519 726 4572 qua:
760 4502 1007 4557 dicuntur
1036 4501 1299 4572 :reliquis
1331 4498 1572 4572 vero,id
1592 4509 1693 4572 est,
1726 4502 1860 4556 idio-

191 4593 199 4601 -
286 4572 351 4644 tis
387 4569 547 4644 auiae
590 4569 960 4644 simplicibus,
981 4571 1080 4626 nisi
1110 4572 1284 4644 brevis
1324 4569 1688 4638 recapitulatio
1726 4571 1859 4629 facta

285 4642 474 4707 fuerit,
504 4645 665 4697 timeo
704 4659 769 4697 ne
807 4659 871 4697 ex
915 4642 995 4695 his
1022 4656 1141 4711 (ωτι)
1162 4642 1409 4694 dicuntur
1444 4656 1626 4709 parum
1669 4657 1860 4710 capere

285 4715 505 4781 possint.
533 4713 769 4777 Gedeon,
802 4712 992 4767 fratres
1016 4712 1331 4776 charissimi,
1362 4720 1540 4781 typum
1568 4712 1732 4780 gessit
1760 4714 1862 4768 Do-

284 4784 408 4836 mini
436 4784 745 4839 Salvatoris.
780 4786 842 4837 Et
878 4784 998 4852 quia
1035 4782 1255 4836 trecenti
1295 4781 1585 4852 secundum
1631 4797 1859 4848 grzecum

282 4863 585 4923 computum
613 4870 822 4909 crucem
846 4851 1060 4916 iaciunt,
1090 4853 1165 4906 ita
1190 4861 1319 4923 tunc
1332 4851 1547 4923 Gedeon
1571 4852 1622 4905 in
1656 4865 1861 4909 trecen-

286 4924 348 4994 tis
380 4922 507 4978 viris
536 4924 837 4979 Iudaeorum
877 4924 1122 4992 populum
1167 4922 1234 4994 de
1263 4922 1645 4977 crudelissimis
1684 4925 1859 4994 genti-

283 4992 387 5048 bus
400 4997 625 5064 eripuit;
654 4994 919 5063 quomodo
946 5002 1123 5062 postea
1153 4992 1395 5064 Christus
1425 4992 1857 5064 perimysterium

282 5066 454 5119 erucis
476 5062 639 5119 testim
656 5062 824 5135 genus
841 5065 1126 5135 humanum
1147 5062 1212 5117 de
1233 5073 1491 5135 potestate
1510 5062 1705 5118 diaboli
1733 5066 1860 5119 Iibe-

280 5136 441 5190 ravit.
465 5133 723 5190 Torcular
742 5136 883 5188 enim
914 5134 999 5187 ubi
1028 5148 1255 5188 messem
1279 5133 1503 5197 terebat,
1538 5146 1753 5203 propter
1771 5150 1857 5190 as-

281 5205 466 5259 siduas
506 5205 901 5266 tribulationes,
948 5205 1196 5258 Ecclesia:
1241 5212 1419 5274 typum
1465 5204 1647 5273 gessit.
1677 5205 1862 5260 Mess-is

280 5290 399 5343 ante
439 5276 774 5340 credebatur,
818 5274 1172 5329 Christianum
1217 5274 1468 5343 populum
1508 5275 1858 5344 significavit,

280 5360 440 5414 quem
468 5346 755 5401 adveniens
782 5345 1024 5399 Christus
1050 5345 1192 5413 virga
1225 5345 1519 5412 disciplina:
1557 5346 1638 5399 vel
1676 5346 1862 5400 lmenlo

281 5417 456 5472 erucis
485 5432 595 5471 sua:
623 5431 654 5471 a
680 5416 866 5487 paleis,
896 5414 953 5469 id
980 5424 1081 5479 est,
1109 5430 1139 5468 a
1169 5415 1401 5484 peccatis
1425 5416 1671 5470 omnibus
1700 5431 1859 5485 sepa-

342 5549 361 5581 ι
395 5554 492 5598 nec
511 5547 618 5598 loco
639 5548 763 5611 apud
787 5547 1086 5611 Ambrosium
1096 5547 1301 5609 quaestio
1504 5548 1675 5611 paucis
1686 5546 1865 5596 enoda-

405 5615 577 5673 Lftrtm
593 5607 687 5659 non
866 5607 1144 5673 incredulus
1164 5622 1266 5673 esse
1284 5607 1518 5673 rideatur;
1542 5608 1624 5673 qui
1645 5609 1865 5672 frequen-

280 5669 410 5734 h'bus
428 5669 711 5733 informatus
722 5668 919 5721 indiciis
942 5670 1103 5719 adhuc
1126 5668 1268 5734 plura
1283 5668 1521 5734 poscebat.

345 5732 421 5797 (ι)
453 5732 552 5784 unc
571 5746 731 5797 usque
755 5733 1043 5784 Ambrosius.

1700 302 1924 360 SERMO
1962 303 2225 363 XXXVII.

308 424 449 479 vium
467 423 702 497 hostium
727 438 847 497 esse
864 421 1415 497 liberandnmlludie.
1434 440 1530 491 vn,
1547 424 1621 497 7).
1641 426 1886 483 Trecenti
1908 404 1911 409 ’

3441 316 3574 375 1818

1993 427 2147 507 ravit.
2167 427 2296 507 Nam
2326 435 2382 507 et
2396 430 2627 507 angelus
2652 431 2743 507 ille
2760 432 2857 507 qui
2881 434 3117 507 venitad
3139 444 3351 503 eum,et
3375 437 3489 507 ipse
3518 441 3569 495 in

1994 505 2174 580 typum
2205 497 2412 580 Domini
2438 497 2724 557 salvatoris
2749 497 3035 580 accipitur.
3056 497 3312 580 Arborem
3337 497 3436 563 sub
3461 525 3565 580 qua

1990 574 2155 648 stetit,
2185 578 2238 622 et
2260 574 2457 648 virgam
2478 588 2647 648 quam
2657 575 2843 640 tenuit,
2867 574 3080 631 crucem
3101 577 3430 648 significasse
3452 574 3569 648 ma-

1992 636 2237 715 infestum
2281 636 2381 694 esi.
2415 636 2564 715 Petra
2597 642 2705 709 illa,
2734 636 2894 714 super
2929 662 3085 715 quam
3119 636 3334 703 Gedeon
3376 642 3567 704 obtulit

1991 704 2384 785 holocaustum,
2422 709 2663 785 Christus
2688 704 2845 785 erat:
2871 704 2960 771 sic'
2984 718 3126 773 enim
3157 720 3229 772 ait
3256 719 3562 785 Apostolus,

1993 774 2146 856 Petra
2175 787 2339 832 autent
2358 790 2464 833 erat
2484 778 2730 856 Christus.
2766 784 2959 856 llacdus
2986 787 3073 842 ille
3100 789 3187 856 qui
3213 774 3421 844 oblatus
3446 774 3561 850 est:

1987 843 2472 931 humannmgenns
2502 854 2729 931 peccatis
2754 854 3039 910 obnoxium
3066 843 3563 931 designavitaQnod

1985 917 2205 987 angelus
2253 917 2391 997 virga
2438 917 2531 997 sua
2564 922 2730 997 tetigit
2775 936 3010 994 petram.
3041 935 3096 981 et
3142 917 3269 981 ei'iit
3299 917 3463 997 ignis:
3510 940 3564 983 ct

1984 989 2313 1079 consumpsit
2343 989 2720 1079 hredtunnillnin
2763 989 2788 1047 τ’
2817 1010 2950 1079 crux
2969 998 3151 1079 tetigit
3178 989 3477 1079 Christum,
3509 1010 3565 1079 et

2072 1056 2239 1150 petra,
2263 1070 2514 1143 qnzncrat
2539 1062 2801 1150 Christus,
2817 1066 2952 1133 ignis
2969 1056 3125 1150 [exi-it
3152 1068 3444 1150 cbaritatis,
3465 1056 3560 1150 qui

1984 1126 2212 1208 humani
2225 1126 2672 1208 generisnpeccata
2699 1126 3050 1208 consumpsit.
3084 1137 3159 1192 De
3190 1152 3247 1208 se
3276 1138 3389 1208 ipso
3415 1126 3557 1193 enim

1981 1212 2139 1279 verus
2173 1197 2389 1279 G_edeon
2423 1197 2668 1279 Christus
2693 1206 2749 1279 ir.
2780 1197 3064 1279 Evangelia
3091 1207 3193 1270 ait,
3222 1197 3396 1276 Ignem
3416 1278 3421 1279 ί
3443 1210 3555 1263 veni

1981 1271 2174 1322 mittere
2200 1271 2253 1323 in
2278 1280 2490 1336 terram;
2516 1283 2563 1326 et
2582 1274 2705 1336 quid
2724 1275 2833 1328 volo
2854 1271 2951 1329 nisi
2976 1287 3029 1329 ut
3048 1271 3384 1332 accendatur?
3411 1278 3553 1332 Tan-

1982 1353 2075 1420 ηιξ
2109 1354 2237 1393 vero
2264 1356 2420 1420 quem
2446 1343 2678 1420 occidit,
2720 1354 2775 1420 et
2800 1346 2910 1420 ipse
2938 1346 3215 1420 Dominum
3255 1348 3509 1420 figurabat
3534 1390 3550 1420 ρ

1980 1412 2068 1476 qui
2091 1425 2186 1477 pro
2202 1412 2565 1481 redemptione
2583 1414 2793 1482 generis
2818 1412 3028 1471 humani
3050 1417 3255 1472 oblatus
3275 1412 3373 1472 e'st.
3397 1419 3549 1485 Quod

1978 1486 2152 1568 autem
2184 1490 2859 1568 septenLannornmle-rat,
2899 1488 3294 1568 septemplicem
3333 1489 3555 1568 gratiam

1977 1547 2203 1629 Spiritus
2236 1547 2443 1629 sancti,
2478 1553 2650 1629 qni_i_n
2695 1547 2983 1629 Christum"
3000 1547 3177 1620 venit,
3226 1547 3556 1629 significasse

1978 1616 2207 1672 videtur.
2236 1616 2580 1696 Yellus'qtiod
2604 1624 2655 1678 in
2689 1639 2810 1678 area
2841 1626 3033 1694 posuit,
3063 1635 3117 1681 et
3137 1616 3341 1696 rogavit
3371 1627 3553 1680 Domi-

1978 1703 2125 1770 num,
2155 1699 2211 1744 nt
2254 1692 2447 1770 in_solo
2476 1694 2669 1770 vellere
2711 1692 2854 1770 esset
2880 1711 3004 1758 ros;
3050 1706 3105 1752 et
3133 1697 3183 1749 in
3201 1692 3366 1770 iomui
3411 1707 3552 1770 terra

1976 1760 2205 1825 siccitas,
2236 1770 2289 1813 et
2317 1760 2509 1835 factum
2530 1772 2610 1818 est
2636 1764 2734 1829 ita;
2762 1774 2816 1820 et
2838 1766 3026 1820 iterum
3049 1766 3276 1835 rogavit,
3307 1778 3363 1821 nt
3384 1768 3552 1822 vellus

1976 1838 2274 1909 remaneret
2311 1832 2508 1909 siccum
2528 1873 2545 1899 ,
2576 1842 2631 1909 e_t
2656 1835 2707 1909 in
2743 1843 2851 1890 tota
2888 1850 3010 1891 area
3047 1832 3189 1891 esset
3221 1850 3309 1890 ros
3340 1855 3364 1909 :4
3385 1837 3553 1891 vellus

1975 1900 2287 1969 significavit
2324 1903 2572 1969 populum
2598 1903 2933 1968 Judaaornm,
2966 1921 3088 1960 area
3126 1915 3303 1961 autem
3353 1907 3404 1960 in
3438 1916 3553 1960 toto

1974 1968 2173 2023 mundo
2217 1972 2479 2046 populum
2504 1974 2746 2046 omnium
2795 1974 3066 2046 Gentium.
3123 1976 3188 2046 Et
3219 1976 3339 2045 quia
3381 1978 3555 2046 primo

1974 2046 2353 2112 temporeros
2370 2042 2515 2096 verbi
2563 2043 2655 2097 Dei
2700 2044 2750 2097 in
2797 2046 2910 2099 sola
2939 2044 3118 2100 Judma
3166 2042 3295 2112 fuit,
3324 2042 3548 2100 et'totus

1973 2109 2202 2186 nuutdus
2228 2110 2550 2186 in_siccitate
2580 2123 2932 2186 remanserat;
2969 2115 3085 2171 ideo
3109 2109 3338 2186 primum
3376 2131 3465 2170 ros
3495 2120 3550 2186 in

1973 2178 2142 2254 vellus
2180 2181 2353 2254 venit,
2380 2191 2430 2236 et
2460 2197 2582 2254 a_rea
2615 2183 2757 2254 sicca
2789 2184 2886 2238 fuit
2905 2178 2927 2248 ;⁷
2958 2178 3140 2254 postea
3181 2200 3306 2240 vero
3334 2185 3546 2253 quando

1971 2246 2138 2324 θυῤωί
2176 2248 2441 2305 Christum
2472 2252 2753 2307 Dominum
2791 2246 3126 2319 occiderunt;
3158 2272 3249 2324 per
3287 2246 3551 2323 passionis

1958 2316 2217 2385 iniuriam
2245 2336 2551 2389 expressum
2574 2332 2658 2378 est
2678 2324 2864 2385 vellus,
2893 2334 2949 2379 et
2970 2316 3223 2379 remansit
3240 2316 3544 2379 Iudaeorum

1970 2390 2194 2469 populus
2220 2391 2399 2445 aridus
2438 2401 2491 2445 ct
2519 2393 2722 2469 siccus,
2753 2404 2807 2469 et
2836 2395 2888 2448 in
2915 2404 3076 2448 totam
3101 2410 3280 2449 aream
3301 2436 3315 2457 .
3349 2394 3399 2449 id
3430 2403 3511 2469 est
3529 2435 3546 2459 ,

1970 2459 2022 2511 in
2051 2459 2353 2535 universum
2389 2461 2670 2535 mundum,
2708 2463 2772 2535 ad
2798 2479 2985 2535 omnes
3008 2476 3211 2535 gentes,
3241 2481 3344 2519 non
3377 2465 3549 2519 solum

1969 2542 2059 2603 ros
2078 2569 2092 2593 ,
2122 2530 2214 2583 sed
2261 2530 2418 2584 etiam
2458 2532 2632 2603 pluvia
2663 2533 2806 2589 verbi
2844 2534 2937 2589 Dei
2966 2530 3416 2603 et'Apostolorum
3447 2535 3550 2588 llu-

1968 2600 2109 2652 miua
2164 2600 2537 2673 pervenerunt.
2571 2602 2809 2672 Denique
2847 2604 2900 2659 in
2942 2600 3185 2658 universa
3216 2612 3356 2658 terra
3398 2606 3548 2673 quasi

1967 2683 2267 2743 area,_rore
2286 2672 2468 2743 gratia;
2496 2673 2784 2740 spiritualis
2813 2673 3061 2743 irrigatur
3084 2674 3315 2728 Ecclesia
3338 2690 3352 2737 ;
3379 2682 3434 2728 et
3463 2674 3545 2727 in-

1967 2736 2093 2813 felis
2119 2736 2391 2811 Synagoga
2418 2742 2484 2813 ab
2509 2736 2897 2813 omnihnmore
2909 2736 3005 2798 'vel
3037 2743 3207 2813 pluvia
3238 2744 3398 2797 divini
3425 2760 3546 2798 ver-

1967 2807 2017 2884 bi
2045 2807 2183 2863 sicca
2215 2807 2467 2884 remansit
2485 2821 2538 2865 et
2560 2812 2727 2867 arida.
2754 2812 2821 2868 Ut
2846 2815 2959 2867 lucc
2979 2807 3105 2884 ergo
3128 2812 3414 2883 spiritualis
3432 2814 3550 2882 pln-

1965 2878 2047 2930 via
2069 2920 2084 2945 ,
2117 2889 2170 2934 et
2204 2896 2292 2951 ros
2318 2881 2510 2935 divina:
2535 2884 2718 2951 gratia:
2746 2878 3065 2951 perseveret
3078 2883 3129 2937 in
3156 2878 3336 2944 nobis,
3369 2878 3545 2937 omnia

1966 2963 2085 3017 quae
2109 2949 2482 3017 prmdicantur,
2510 2949 2793 3006 salubriter
2816 2953 3129 3020 cogitemus,
3154 2962 3207 3007 et
3233 2954 3384 3007 nobis
3406 2953 3544 3007 invi-

1966 3032 2083 3072 cem
2132 3020 2183 3073 in
2231 3021 2582 3089 colloquendo
2618 3022 2761 3076 velut
2798 3022 2989 3077 mttnda
3026 3023 3269 3077 animalia
3309 3023 3547 3077 rumine-

1966 3103 2084 3143 mus
2115 3107 2128 3141 :
2162 3100 2217 3143 ut
2242 3090 2423 3145 utilem
2460 3106 2695 3153 succum.
2738 3093 2874 3147 unde
2899 3094 3072 3146 anima
3100 3102 3277 3146 nostra
3304 3093 3354 3145 in
3384 3103 3544 3145 mter-

1966 3173 2091 3211 num
2114 3159 2292 3215 vivere
2318 3162 2503 3231 possit,
2530 3161 2724 3216 habere
2746 3164 3030 3230 possimus,
3056 3172 3111 3217 et
3132 3162 3320 3216 talibus
3339 3161 3546 3217 deliciis

1965 3231 2185 3283 saturati
2214 3245 2334 3284 cum
2368 3231 2620 3300 propheta
2651 3230 2831 3287 dicere
2856 3248 3158 3287 mereamur
3183 3248 3203 3285 :
3231 3232 3395 3295 Quam
3427 3232 3544 3285 (lul-

1964 3300 2309 3373 ei_a__faucib_us
2342 3304 2463 3373 meis
2496 3302 3090 3373 eloquidtuatDomine
3140 3302 3323 3373 (Psal.
3361 3317 3543 3373 cxvtn,

1966 3369 2090 3441 105)
2112 3371 2125 3424 ε
2148 3370 2253 3424 Sed
2280 3379 2404 3425 tunc
2424 3371 2476 3425 in
2506 3369 2658 3426 nobis
2678 3371 2904 3427 dulcedo
2925 3373 3071 3427 verbi
3093 3369 3181 3426 Dei
3210 3372 3401 3440 poterit
3427 3388 3543 3435 pcr-

1964 3454 2199 3511 manere,
2231 3441 2273 3495 si
2302 3441 2403 3496 hoc
2433 3442 2592 3497 etiam
2622 3443 2739 3496 aliis
2767 3443 2918 3510 plena
2948 3452 3002 3498 et
3031 3444 3260 3511 perfecta
3286 3442 3546 3495 charitate

1964 3508 2293 3580 frequentius
2350 3511 2629 3566 referendo
2681 3508 3005 3566 voluerimus
3031 3508 3313 3578 ingerere;
3355 3520 3410 3564 ut
3438 3527 3544 3565 non

1963 3580 2135 3634 solum
2158 3580 2234 3636 de
2262 3591 2444 3635 nostra
2464 3622 2479 3645 ,
2520 3581 2613 3636 sed
2644 3583 2803 3636 etiam
2842 3581 2908 3635 de
2935 3583 3158 3636 aliorum
3189 3582 3358 3636 salute
3400 3582 3546 3635 lucra

1964 3650 2118 3704 nobis
2144 3651 2433 3720 spiritualia
2468 3652 2729 3720 possimus
2768 3651 3046 3721 providere
3079 3669 3092 3705 :
3125 3652 3409 3706 auxiliante
3442 3654 3545 3704 Do.-

1963 3721 2110 3774 mino
2153 3730 2335 3775 nostro
2375 3721 2499 3776 .lesu
2537 3722 2777 3788 Christo,
2823 3722 2907 3777 cui
2944 3733 3029 3778 est
3065 3722 3239 3777 honor
3274 3733 3329 3775 et
3373 3722 3548 3789 impe-

1963 3790 2101 3845 rium
2130 3806 2251 3917 cAum
2295 3791 2449 3848 Patre
2480 3801 2533 3847 et
2561 3792 2759 3862 Spiritu
2792 3803 2978 3849 sancto
3007 3793 3061 3847 in
3097 3793 3287 3847 smeula
3316 3791 3517 3848 szeculo
3542 3822 3550 3834 -

1964 3875 2105 3916 rum.
2180 3876 2322 3917 men.

1964 3875 2105 3916 rum.
2132 3875 2322 3917 nmen.

2421 3949 2647 4007 SERMO
2684 3951 2927 4008 XXXVII
2960 3952 3061 4025 (a).

2145 4037 2221 4095 De
2249 4039 2417 4094 David
2435 4052 2480 4096 et
2501 4040 2608 4096 Isai
2641 4052 2782 4114 patre
2804 4059 2916 4109 suo,
2945 4052 2991 4096 et
3015 4042 3078 4095 de
3101 4040 3249 4095 Catia
3274 4040 3372 4109 (ὁ).

2038 4132 2088 4204 l.
2115 4130 2276 4204 tidem
2318 4140 2477 4204 potest
2514 4150 2621 4188 esse
2666 4134 2830 4204 ﬁgura
2866 4134 3193 4204 diversorum.
3245 4131 3366 4204 lsaig
3395 4140 3547 4204 typus

1964 4199 2062 4254 Dei
2101 4199 2295 4256 Patris.
2318 4199 2392 4256 'ln
2434 4199 2724 4271 Scripturis
2749 4204 2964 4263 divinis.
3007 4203 3197 4257 fratres
3222 4199 3543 4267 charissimi,

1965 4287 2069 4325 una
2108 4271 2401 4341 eademque
2444 4287 2693 4341 persona,
2735 4282 2892 4341 prout
2933 4282 3142 4341 tempus
3170 4280 3253 4326 est
3288 4281 3342 4325 et
3377 4272 3544 4335 locus,

1965 4289 2069 4352 una
2108 4289 2401 4341 eaaemque
2444 4289 2693 4341 persona,
2735 4289 2892 4397 prout
2933 4289 3142 4341 tempus
3170 4289 3253 4326 est
3288 4289 3342 4325 et
3377 4289 3544 4335 locus,

1965 4342 2232 4413 diversam
2268 4341 2709 4413 signiﬁcationem
2756 4344 2936 4398 rabere
2976 4352 3170 4413 potest.
3201 4341 3331 4413 Nam
3361 4342 3548 4413 beatus

1969 4411 2117 4467 Isaac
2144 4412 2307 4484 (quod
2339 4414 2544 4484 optime
2562 4414 2711 4468 novit
2739 4411 3003 4469 Sanctitas
3026 4411 3247 4484 vestra),
3278 4412 3492 4484 quando
3515 4426 3546 4464 a

1966 4492 2117 4553 patre
2144 4483 2352 4536 oblatus
2376 4492 2479 4553 est,
2509 4483 2778 4539 Christum
2812 4484 3091 4539 Dominum
3121 4483 3393 4553 ﬁguravit;
3426 4496 3547 4553 cum

1966 4551 2095 4607 vero
2143 4553 2253 4607 lilio
2302 4567 2401 4606 suo
2448 4552 2611 4609 Jacob
2651 4554 2943 4620 benedixit,
2985 4563 3039 4609 et
3086 4551 3548 4622 ad'accipiendam

1965 4638 2186 4677 uxorem
2219 4622 2270 4677 in
2300 4624 2733 4693 Mesopotamiam
2763 4625 2925 4689 misit,
2957 4623 3336 4693 Jacobtypum
3369 4622 3553 4676 habuit

1963 4693 2184 4764 Christi,
2228 4702 2283 4748 et
2310 4693 2456 4747 Isaac
2493 4695 2583 4749 Dei
2612 4695 2782 4749 Patris
2827 4695 3110 4764 imaginem
3139 4694 3325 4763 gessit.
3350 4693 3547 4747 lterum

1964 4763 2151 4818 beatus
2189 4764 2356 4818 Jacob
2389 4772 2569 4834 typum
2600 4764 2798 4834 Christi
2843 4763 3046 4828 habuit,
3085 4764 3301 4834 quando
3328 4778 3547 4816 uxorem

1964 4834 2199 4904 accepit;
2244 4834 2336 4889 Dei
2380 4833 2553 4888 Patris
2598 4833 2818 4904 ﬁguram
2857 4835 3041 4904 gessit,
3079 4833 3294 4904 quando
3338 4834 3549 4904 beatum

1964 4902 2165 4974 Ioseph
2208 4905 2330 4974 plus,
2368 4905 2618 4959 omnibus
2642 4902 2780 4959 'liliis
2813 4902 3109 4974 diligebat,
3132 4913 3187 4958 et
3229 4905 3461 4974 tunicam
3500 4902 3551 4956 ei

1966 4973 2460 5056 polymitammfecit,
2491 4990 2611 5056 qua:
2656 4973 3072 5056 incarnationem
3115 4974 3329 5056 Domini
3361 4973 3552 5056 Salva-

1966 5043 2098 5100 toris
2148 5044 2487 5115 signiﬁcaret.
2511 5043 2816 5112 Quomodo
2858 5060 2987 5117 ergo
3034 5054 3161 5100 tunc
3198 5043 3397 5099 factum
3443 5051 3549 5108 est,

1974 5239 1984 5250 .
2030 5179 2133 5249 {In
2156 5183 2238 5250 Its.
2279 5176 2385 5227 l‘ul.:
2408 5187 2545 5229 crux
2582 5175 2735 5241 tetigit
2756 5183 2945 5243 petram
2963 5190 3074 5243 quin
3110 5182 3216 5229 erat
3250 5174 3485 5235 Christus,
3508 5178 3557 5226 et

1984 5247 2108 5304 gms,
2134 5247 2230 5288 etc.

2028 5301 2100 5365 (ᾳ)
2136 5300 2276 5359 Alias,
2299 5300 2365 5350 de
2380 5308 2619 5365 Tempore
2646 5300 2752 5365 197.
2947 5360 2976 5365 __
3454 5358 3461 5365 _

2050 5360 2099 5424 ὁ)
2132 5368 2182 5425 tu
2218 5360 2637 5424 Appendice'nunc
2659 5364 2864 5425 primum
2885 5360 3160 5411 collocatur.
3180 5369 3276 5425 per
3296 5360 3560 5425 levamen-

1966 5420 2050 5473 ses
2071 5420 2272 5486 relictus
2283 5420 2423 5473 inter
2466 5420 2838 5486 Augusti’nianos
2855 5457 2875 5486 ,_
2895 5431 3121 5485 tanquam
3138 5484 3145 5486 Α
3162 5422 3340 5486 dubius
3362 5420 3560 5486 (arebat.

1968 5484 2218 5547 Augustini
2242 5486 2454 5534 nomine.
2480 5481 2651 5551 postea
2667 5498 2755 5551 per
2768 5481 3015 5551 νει-ηαυςῆ
3032 5491 3082 5533 et
3101 5483 3384 5551 \‘itnlingum
3408 5481 3560 5551 ipsius

1968 5542 2065 5609 non
2099 5557 2211 5609 esse
2233 5552 2371 5595 certo
2392 5546 2645 5609 probatum
2668 5542 2788 5595 'fuit.
2811 5542 3420 5609 (mrbtmﬁrelateinsctn
3445 5542 3561 5589 faci-

1968 5605 2064 5678 lius
2076 5605 2759 5680 rel‘ert'quarn'augustinurn,
2783 5606 3144 5680 tametsi__buius
3163 5605 3357 5680 lumine
3382 5605 3561 5680 inure:

1970 5669 2133 5731 viariis
2156 5667 2323 5717 multis
2358 5667 2551 5731 legatur
2575 5670 2811 5719 uomitum
2844 5674 2950 5730 post
2972 5667 3293 5718 t’enteausten
3314 5674 3506 5730 quam.
3529 5669 3557 5712 Α

1971 5730 2224 5780 I’arisiensi
2248 5744 2345 5780 non
2367 5728 2435 5779 ita
2456 5731 2643 5794 pridem
2668 5728 2895 5795 expunet!
2914 5742 2941 5778 s
2963 5736 3057 5783 est.
