4026 6362
475 317 480 320 ’
543 338 675 395 ιδιθ

537 459 731 514 fratres
759 449 1078 517 charissimi,
1101 447 1154 502 in
1190 445 1359 502 beatis
1383 442 1727 517 Patriarchis,
1747 441 1903 498 lsaac
1929 441 2119 496 videli-

539 513 625 586 cet
651 538 705 585 et
723 525 920 588 Jaoob;
949 524 1020 577 ita
1042 513 1095 576 et
1125 520 1176 574 in
1201 517 1303 574 lsai
1328 514 1671 588 patreDavi‘d
1694 513 1977 588 figuratum
2001 527 2119 567 esse

538 584 930 670 cognoscimus.
957 590 1182 660 Quando
1207 584 1347 645 enini
1373 585 1747 670 Davidnfiliu‘m‘
1765 584 2030 670 mittebat,

542 653 838 736 reﬁttireret
881 653 1072 736 fratres
1107 675 1267 736 suos,
1299 670 1480 730 typum
1525 657 1618 736 Dei
1658 656 1830 736 Patris
1872 653 2122 708 habuisse

540 725 767 794 videtur.
804 736 901 791 Isai
933 733 1077 790 misit
1107 730 1292 790 David,
1322 725 1382 784 ut
1407 728 1699 796 requireret
1729 725 1921 796 fratres
1959 738 2118 787 suos;

541 820 595 866 et
625 811 764 864 Deus
789 808 948 863 Pater
988 803 1132 858 misit
1161 799 1496 870 Unigenitum
1524 813 1699 861 suum,
1725 813 1789 850 ex
1819 795 1971 870 cujus
2002 809 2122 870 per-

541 863 956 946 sottaiscriptum
977 882 1079 932 est.
1108 863 1343 946 arrabo
1369 885 1548 946 nomen
1574 878 1713 946 tuum
1736 865 1975 946 fratribus
2002 863 2124 915 meis

542 950 714 1021 (l’sal.
743 935 862 1010 xx't,
889 947 1004 1014 9.3).
1054 943 1135 1000 Ad
1183 940 1530 1021 requirendos
1573 935 1948 1021 enim‘fratres
1996 949 2124 1016 suos

540 1007 760 1076 venerat
796 1007 1059 1079 Chrisius,
1105 1012 1315 1081 quando
1358 1011 1605 1081 dicebat,
1634 1007 1754 1081 Non
1795 1007 2124 1081 sttttt_t_ttissus

542 1091 642 1145 nisi
669 1075 736 1144 ad
765 1106 876 1144 oves
894 1075 1503 1156 perdit-ardemus_I_sracl
1530 1078 1738 1156 (Matth:
1760 1075 1992 1156 xvuﬂl)‘.

613 1162 668 1214 2.
711 1159 874 1214 Dauid
894 1144 1058 1230 ﬁgura
1081 1154 1286 1230 Christi.
1320 1153 1457 1230 Dixit
1485 1144 1617 1230 ergo
1637 1149 1731 1230 lsai
1759 1147 1824 1202 ad
1857 1144 2124 1230 David-ifi-

519 1232 673 1289 'lium
713 1247 865 1287 suum
892 1215 906 1284 ί
929 1215 1114 1298 accipe
1149 1225 1264 1298 ephi
1293 1223 1525 1292 polentrc,
1551 1215 1633 1298 'e_t_
1663 1218 1832 1298 decent
1868 1215 2126 1298 [ormellas

543 1288 692 1369 casei,
726 1312 770 1356 et
804 1302 947 1365 vade,
977 1288 1188 1365 require
1217 1288 1396 1366 {ratres
1438 1289 1751 1369 tuos._Ephi,
1782 1288 1971 1343 fratres
1997 1288 2123 1367 mei,

545 1360 706 1427 trium
732 1360 1309 1426 modiorqumensura
1340 1373 1421 1417 est
1449 1381 1460 1416 :
1489 1371 1544 1416 et
1570 1361 1620 1414 in
1645 1360 1810 1414 tribus
1839 1360 2121 1420 mensuris,

547 1443 858 1513 mysterium
905 1438 1216 1513 intelligitur
1257 1433 1548 1513 Trinitatis.
1583 1431 1726 1513 Bepc
1766 1436 1985 1511 noverat
2025 1427 2126 1513 hoc

549 1497 857 1583 mysterium
878 1511 1038 1583 etiam
1065 1497 1118 1562 (ἷι
1136 1508 1321 1583 beatus
1341 1502 1626 1558 Abraham.
1651 1501 1890 1582 Denique
1918 1497 2127 1583 quando

550 1573 650 1636 su'b
687 1583 806 1636 ilice
851 1579 1084 1636 Mambre
1137 1579 1186 1631 in
1239 1575 1408 1629 tribus
1454 1573 1694 1641 personis
1733 1579 2125 1641 sacramentum

546 1653 822 1707 Trinitatis
850 1651 1027 1704 videre
1054 1647 1364 1717 promeruit,
1400 1639 1496 1698 tria
1526 1653 1637 1696 sala
1680 1642 1868 1717 simila:
1913 1639 2126 1694 misceri

549 1723 823 1792 praecepit.
865 1720 987 1792 Tria
1025 1711 1160 1792 sata,
1182 1725 1602 1792 “tresumensurie
1638 1721 1779 1792 sunt.
1813 1711 1960 1792 llanc
2000 1724 2128 1792 ergo

549 1779 854 1848 mensuram
890 1800 944 1846 et
972 1789 1071 1844 lsai
1097 1779 1244 1844 dedit
1275 1786 1380 1841 filio
1411 1800 1527 1838 suo.
1563 1782 1616 1836 ln
1653 1782 1837 1836 decem
1866 1779 2128 1836 formcllis

549 1863 713 1928 casei,
746 1863 1053 1931 intelligitur
1072 1859 1353 1931 decalogns
1380 1855 1575 1931 veteris
1595 1852 1942 1931 Te_stamen_ti.
1972 1850 2130 1931 venit

552 1949 679 2001 ergo
697 1921 878 1987 'David
909 1921 1028 1985 cum
1061 1930 1228 2002 tribus
1257 1921 1520 2002 mensuris
1557 1933 1614 2002 e_t
1654 1923 1837 2002 decem
1870 1921 2130 2002 formellis

549 1994 714 2070 casei,
741 2013 799 2059 ut
827 2003 1014 2057 fratres
1045 2015 1168 2054 suos
1191 1999 1242 2052 in
1276 1997 1454 2070 prmlio
1477 1994 1937 2070 positos_vis_itaret
1964 2010 1975 2046 :
2004 1994 2128 2062 quia

550 2064 806 2144 venturus
830 2081 946 2128 erat
973 2070 1214 2126 Christus
1239 2064 1360 2144 cum
1390 2064 1823 2144 decalogo_Legis
1847 2072 1901 2144 et
1927 2071 2129 2144 myste-

554 2145 638 2198 rio
677 2143 970 2210 Trinitatis,
1010 2150 1069 2197 ut
1095 2155 1262 2212 genus
1293 2132 1601 2194 humanunf
1629 2135 1695 2190 de
1721 2132 1994 2206 potestate
2011 2132 2128 2188 dia-

551 2213 661 2270 boli
687 2215 954 2269 liberaret.

621 2285 676 2340 5.
718 2284 897 2339 Frater
923 2285 1190 2348 increpans
1218 2278 1400 2345 David,
1422 2277 1594 2332 Judwi
1613 2276 1690 2332 vel
1714 2275 1946 2348 diabolus
1977 2273 2129 2330 Chri-

551 2355 619 2409 sti
652 2354 920 2408 adventant
959 2346 1254 2406 invidentes.
1285 2349 1542 2405 Veniente
1567 2359 1747 2403 autem
1775 2346 1966 2413 David,
1991 2361 2130 2400 unus

551 2439 583 2478 c
614 2425 862 2479 fratribus
896 2423 1008 2478 suis
1038 2421 1331 2490 increpavit
1354 2418 1704 2490 eum,dicens
1731 2437 1744 2472 :
1773 2416 1942 2490 Quare
1978 2415 2129 2490 dimi:

549 2494 661 2563 sisti
673 2495 914 2563 pauculas
930 2509 1040 2548 oves
1052 2487 1430 2563 illas,:et_venis_ti
1442 2489 1509 2541 ad
1523 2490 1751 2563 pretium
1765 2488 1804 2557 (I
1821 2487 1948 2563 Reg.
1963 2488 2130 2556 xvn)?

551 2558 743 2619 Frater
764 2565 864 2619 iste
889 2564 1088 2628 senior,
1115 2561 1204 2631 qui
1237 2560 1399 2614 David
1451 2570 1631 2631 typum
1687 2558 1915 2631 Domini
1940 2573 2132 2631 geren-

553 2644 661 2704 tem
691 2649 784 2704 per
810 2626 1742 2704 malitiam'increpavit,_signiﬁcavit
1764 2626 2012 2704 populum
2037 2626 2132 2682 Ju-

554 2697 814 2770 dzeorum,
847 2705 937 2774 qui
979 2719 1074 2774 per
1101 2697 1354 2774 invidiam
1385 2699 1595 2774 Christo
1627 2697 1873 2765 Domino,
1913 2699 2002 2766 qui
2035 2713 2133 2774 pro

554 2775 729 2831 salute
762 2768 1216 2844 generis'humaui
1245 2779 1482 2844 venerat,
1515 2769 1960 2844 detraxerunt._et
1996 2768 2130 2844 mul-

553 2845 622 2900 tis
648 2838 950 2916 frequenter
973 2842 1179 2914 injuriis
1203 2841 1512 2916 affecerunt.
1528 2839 1744 2916 Quare,
1767 2839 1954 2916 inquit,
1981 2838 2132 2916 dimi:

542 2916 664 2980 _sisti
703 2909 815 2971 oues
847 2915 983 2980 illas,
1022 2909 1068 2968 et
1105 2913 1279 2967 venisti
1307 2911 1375 2964 ad
1412 2910 1683 2981 prndium?
1709 2909 1865 2981 Quasi
1893 2923 1998 2981 non
2038 2909 2131 2981 tibi

556 2985 768 3042 videtur
798 3003 892 3055 per
921 2978 982 3039 os
1023 2984 1140 3053 ejus
1169 2982 1323 3055 saluti
1353 2978 1627 3055 hominum
1665 2978 1910 3055 invidens
1940 2979 2132 3055 diabo-

554 3055 640 3112 lus
665 3048 812 3127 loqui
825 3075 846 3127 γε
871 3048 1123 3125 tanquam
1159 3055 1205 3107 si
1231 3052 1434 3107 diceret
1458 3051 1691 3115 Christo,
1721 3049 1895 3115 Quare
1923 3048 2132 3105 dimisi-

555 3127 624 3181 sti
645 3126 930 3196 nonaginta
959 3135 1014 3180 et
1042 3139 1233 3196 novem
1263 3137 1391 3177 oves
1413 3137 1532 3191 qua:
1560 3135 1664 3196 non
1702 3128 2048 3196 erraverunt;
2081 3127 2135 3175 et

555 3187 747 3252 venisti
771 3187 828 3250 ιῖι
849 3212 1006 3250 unam
1026 3194 1325 3262 requireres
1351 3187 1467 3261 qua:
1492 3191 1722 3262 perierat
1741 3187 2130 3262 (Mattlt._xvttt,

558 3265 671 3334 η),
699 3277 752 3322 et
780 3282 898 3322 eam
928 3266 994 3320 de
1020 3259 1180 3319 manu
1206 3259 1703 3334 spiritualisGolize,
1721 3259 1789 3334 _i_d
1815 3269 1916 3324 est,
1950 3260 2016 3314 de
2042 3275 2136 3334 po:

557 3331 750 3394 testate
793 3336 1010 3401 diaboli,
1064 3331 1379 3404 perrcrueis
1427 3332 1669 3404 baculum
1721 3331 2023 3404 liberatam,
2061 3331 2134 3404 ad

556 3408 696 3463 ovile
745 3407 1013 3476 preprium
1067 3401 1382 3476 revocares?
1412 3401 1614 3476 Quare,
1655 3401 1846 3476 inquit,
1902 3402 2136 3476 dimisisti

557 3471 801 3548 pauculas
838 3471 950 3532 oves
975 3476 1091 3530 illas
1109 3476 1155 3548 2Δ
1171 3473 1307 3548 Malo
1336 3473 1561 3548 quid_em_
1581 3483 1636 3526 et
1662 3471 1894 3548 superbo
1921 3473 2131 3548 animo,

560 3542 657 3602 sed
694 3558 870 3602 tamen
899 3563 1080 3602 verum
1107 3545 1316 3599 dicebat
1349 3542 1506 3613 iquia
1536 3543 1711 3607 Jesus,
1755 3542 1893 3597 sicut
1910 3543 2020 3612 jam
2050 3543 2135 3598 di-

557 3630 702 3672 ctum
722 3627 824 3680 cst,
855 3617 1171 3672 dimissurus
1208 3623 1324 3668 erat
1352 3614 1632 3684 nonaginta
1662 3621 1718 3668 et
1759 3629 1948 3667 novem
1982 3629 2132 3680 oves,

557 3698 620 3741 ut
644 3696 908 3757 qumreret
932 3701 1112 3750 unam,
1135 3693 1198 3757 et
1235 3683 1301 3738 ad
1330 3683 1468 3738 ovile
1502 3683 1806 3755 proprium,
1839 3684 1890 3738 id
1933 3693 2037 3753 est,
2069 3683 2135 3740 ad

558 3755 884 3812 Antielorutn
913 3755 1241 3811 consortium
1277 3765 1569 3808 revocaret.

671 3867 684 3880 .
727 3826 828 3882 Leo
863 3837 906 3881 et
935 3842 1081 3880 ursus
1120 3843 1150 3878 a
1179 3823 1344 3878 David
1386 3825 1556 3885 occisi,
1598 3825 1830 3879 diabolus
1867 3841 1900 3878 a
1936 3823 2137 3880 Christo

559 3899 822 3967 spoliatus.
854 3898 1166 3964 Priusquam
1196 3896 1407 3967 veniret
1436 3894 1618 3967 David,
1650 3909 1786 3967 cum,
1795 3895 1904 3967 jam
1945 3905 2137 3967 unctus

558 3963 703 4023 esset
727 3983 755 4022 a
787 3968 941 4022 beato
980 3963 1248 4031 Szitnttele,
1277 3965 1413 4019 sicut
1440 3974 1493 4019 et
1530 3965 1642 4034 ipse
1669 3963 1814 4019 Sauli
1841 3966 1955 4036 regi
1981 3965 2136 4036 dixe-

559 4047 663 4102 rat,
705 4045 758 4092 et
797 4038 1004 4093 leonem
1042 4046 1096 4091 et
1139 4052 1321 4091 ursum
1367 4037 1481 4090 sine
1514 4036 1678 4090 armis
1703 4035 1926 4090 occidit.
1945 4035 2053 4090 Sed
2084 4048 2138 4090 et

559 4108 646 4163 leo
691 4118 746 4164 et
787 4123 943 4163 ursus
984 4119 1164 4178 typum
1208 4106 1404 4178 diaboli
1452 4105 1890 4178 praefemntzqui
1934 4121 2035 4178 pro
2071 4122 2137 4161 eo

559 4179 700 4248 quod
739 4178 808 4234 de
853 4176 1044 4233 ovibus
1088 4177 1254 4232 David
1299 4177 1498 4248 aliquid
1543 4176 1792 4248 invadere
1834 4177 1946 4231 ausi
1989 4185 2132 4248 sunt,

559 4247 728 4318 ipsius
760 4250 922 4304 David
958 4249 1157 4303 virtute
1201 4255 1326 4302 sunt
1367 4247 1775 4318 suffocatial-loc
1806 4255 1996 4318 totum,
2029 4247 2136 4300 fra-

560 4316 671 4374 tres
696 4319 1018 4382 charissimi,
1057 4318 1198 4387 quod
1238 4326 1362 4372 tunc
1393 4319 1445 4372 in
1489 4317 1657 4372 David
1689 4318 1912 4386 legimus
1940 4316 2136 4386 figura-

559 4397 692 4454 tutn,
717 4390 770 4444 in
797 4389 1022 4443 Domino
1044 4397 1226 4442 nostro
1244 4387 1368 4442 Jesu
1393 4387 1607 4442 Christo
1621 4388 1992 4456 cognoscimus
2015 4402 2138 4442 esse

555 4460 902 4528 cotnpletum.
932 4459 1082 4528 Tunc
1100 4459 1294 4528 etenim
1317 4457 1524 4528 leonem
1549 4467 1605 4513 et
1632 4472 1812 4511 ursum
1843 4458 2137 4528 strangula-

557 4530 654 4594 vit,
683 4527 896 4594 quando
922 4527 988 4583 ad
1019 4528 1224 4582 inferna
1247 4527 1598 4586 descendens.
1637 4542 1824 4581 omnes
1856 4527 1922 4580 de
1949 4542 2134 4581 eorum

556 4597 796 4655 faucibus
830 4600 1089 4656 liberavit.
1133 4598 1370 4668 Denique
1399 4598 1522 4668 audi
1552 4597 1861 4667 prophetam
1911 4612 1977 4651 ex
2015 4613 2137 4666 per-

555 4686 688 4724 sona
732 4671 941 4726 Domini
978 4667 1364 4738 supplicantem
1395 4685 1407 4722 :
1436 4667 1575 4722 Erue
1609 4685 1641 4720 a
1682 4669 1874 4736 framea
1913 4668 2136 4722 animam

555 4757 741 4805 meam,
767 4741 904 4796 etde
944 4756 1098 4795 manu
1126 4740 1266 4793 canis
1300 4739 1502 4792 unicam
1544 4755 1707 4792 meam
1728 4755 1748 4792 :
1768 4738 1923 4791 libera
1960 4754 2039 4791 me
2075 4754 2138 4793 ea:

554 4828 641 4866 ore
662 4813 819 4866 leonis
843 4809 1148 4880 (Psal.xxr,
1191 4809 1285 4874 2|,
1315 4808 1430 4880 22).
1465 4809 1532 4863 Et
1557 4809 1678 4878 quia
1707 4824 1862 4880 ursus
1892 4809 2133 4880 inmanu

517 4881 526 4890 ’
551 4879 918 4936 fortitudinem
934 4880 1112 4946 habet,
1130 4889 1186 4936 et
1201 4881 1284 4934 leo
1299 4880 1350 4934 in
1366 4895 1460 4935 ore
1481 4897 1494 4932 :
1515 4881 1567 4933 in
1587 4880 1703 4934 istis
1721 4879 1926 4933 duabus
1950 4879 2136 4934 bestiis

545 4951 696 5007 idem
733 4951 978 5006 diabolus
1022 4951 1276 5022 figuratus
1317 4959 1419 5022 est.
1470 4950 1756 5022 llocﬁergo
1782 4966 1882 5022 res
1908 4965 2133 5019 persona

550 5023 752 5078 Christi
781 5022 984 5077 dictum
1021 5020 1123 5087 est,
1169 5031 1227 5075 ut
1252 5021 1410 5076 unica
1442 5021 1558 5090 ejus
1586 5021 1824 5076 Ecclesia
1852 5020 1921 5076 de
1946 5036 2130 5090 manu,

549 5091 606 5147 id
634 5103 736 5156 est,
767 5093 835 5148 de
870 5100 1130 5161 potestate
1150 5091 1346 5145 diaboli
1377 5091 1668 5146 tolleretur.

543 5171 552 5200 ‘~
621 5164 676 5219 5.
719 5164 846 5218 Ante
870 5163 1125 5217 Christum
1159 5178 1252 5216 nec
1278 5163 1498 5228 animus,
1527 5179 1617 5216 nec
1642 5162 1769 5216 vires
1803 5171 1918 5215 sunt
1941 5161 2010 5215 ad
2039 5178 2134 5231 pu-

550 5235 831 5302 gnandum.
878 5233 1122 5288 Diabolus
1167 5241 1278 5302 post
1319 5233 1588 5287 adventum
1637 5232 1824 5287 Christi
1865 5233 2127 5302 religatus.

548 5290 712 5361 Venit
738 5320 866 5375 ergo
910 5290 1178 5372 David,et'
1212 5305 1412 5360 invenit
1440 5303 1740 5375 Ιιιάιυοτιιιιι
1773 5290 2026 5375 ροῃιιιιῖιῃ
2077 5305 2128 5358 in

547 5377 688 5432 valle
711 5373 1024 5432 Terebinthi
1057 5375 1306 5445 positum,
1337 5383 1395 5428 ttt
1429 5384 1611 5428 contra
1640 5373 1950 5445 Allophylos
1973 5373 2132 5429 dimi-

546 5457 730 5512 caret;
770 5447 893 5516 quia
919 5444 1179 5502 venturus
1222 5455 1338 5500 erat
1374 5461 1532 5516 verus
1573 5444 1737 5499 David
1780 5444 2042 5516 Christus,
2074 5454 2130 5499 ut

545 5517 616 5573 de
639 5515 881 5574 convalle
913 5526 1252 5587 peccatorum
1291 5517 1409 5571 sive
1441 5515 1792 5587 lacrymarum
1837 5515 2126 5587 humanum

543 5603 717 5658 genus
739 5585 988 5659 erigeret.
1025 5589 1251 5643 Stabant
1288 5597 1466 5641 autem
1499 5585 1718 5639 in'valle
1744 5593 1930 5639 contra
1974 5585 2125 5659 Alto-

544 5655 752 5728 phylos.
779 5655 843 5712 Ιιῐ
867 5660 1006 5713 valle
1042 5667 1226 5720 erant;
1262 5659 1379 5725 quia
1424 5671 1517 5710 eos
1549 5665 1886 5724 peccatorum
1917 5655 2126 5728 pondus

543 5725 901 5801 oppresserat.
927 5730 1151 5783 Stabant
1178 5728 1342 5791 enim,
1377 5738 1425 5780 et
1461 5742 1694 5801 pugnare
1719 5737 1901 5801 contra
1931 5725 2121 5801 adver-

541 5797 714 5858 sarios
737 5817 845 5856 non
870 5801 1151 5855 attdclnttt.
1183 5801 1359 5866 Quare
1389 5813 1493 5853 non
1524 5797 1824 5852 audebant?
1854 5797 1986 5865 Quia
2021 5797 2120 5850 Da-

1962 322 2325 383 API’ENDIX.

3643 335 3762 394 1390

2232 439 2338 503 vid,
2368 437 2455 508 qui
2486 446 2665 563 te'pum
2693 435 2884 492 Christi
2905 437 3142 509 gerebat,
3171 439 3400 498 nondum
3429 459 3645 504 venerat.
3674 452 3762 509 Ve-

2235 525 2353 563 rum
2376 518 2477 563 est.
2525 518 2694 563 ratres
2722 510 3041 563 charissimi.
3073 510 3202 563 Ouis
3228 513 3366 563 enim
3397 526 3567 563 contra
3595 519 3752 563 Λῐηιιη.

2235 525 2353 563 rum
2376 518 2477 570 est,
2503 510 2694 564 fratres
2722 510 3041 565 charissimi.
3073 510 3202 578 Quis
3228 513 3366 567 enim
3397 526 3567 570 contra
3595 519 3753 578 diabo.

2231 579 2340 634 lum
2393 595 2628 651 pugnare
2671 589 2899 651 poterat,
2943 591 3225 651 antequam
3271 581 3505 640 Christus
3541 587 3764 648 Dominus

2230 666 2396 720 genus
2418 650 2705 704 humanum
2736 650 2803 704 de
2826 650 3297 718 potestatediaboli
3329 654 3599 712 liberaret?
3621 661 3760 718 David

2232 721 2373 776 enim
2403 721 2777 797 interpretantr
2802 720 2956 775 Manu
2994 721 3162 797 fortis.
3192 723 3325 797 Quid
3363 739 3425 779 eo
3451 726 3646 797 fortius,
3671 731 3763 785 fra-

2233 800 2364 861 tres,
2419 793 2504 861 qui
2560 792 2865 845 universum
2919 793 3169 846 mundum
3218 791 3360 857 vicit,
3408 791 3644 852 armatus
3677 817 3766 856 nor.

2233 860 2396 926 ferro,
2428 860 2532 933 sed
2569 862 2751 933 ligno?
2774 861 2996 933 Stabant
3037 879 3164 933 ergo
3192 862 3286 917 ﬁlii
3317 864 3470 919 Israel
3499 877 3664 922 contra
3700 873 3779 922 atl-

2234 932 2502 987 versarios
2547 932 2894 1000 quadraginta
2937 932 3070 987 dies.
3103 932 3462 1005 Quadraginta
3509 938 3630 1010 dies,
3665 957 3769 1010 pro-

2233 1011 2351 1077 pter
2376 1014 2602 1072 quatuor
2631 1013 2863 1077 tempora
2903 1013 2956 1077 et
2997 1013 3222 1077 quatuor
3248 1016 3422 1076 partes
3449 1009 3585 1062 orbis
3614 1009 3768 1077 terrze,

2233 1073 2393 1127 vitam
2425 1081 2743 1144 prmsentem
2787 1073 3101 1144 significant,
3151 1073 3203 1128 in
3248 1073 3350 1144 qua
3388 1087 3563 1131 contra
3591 1073 3771 1136 Coliatn

2233 1152 2286 1218 et
2317 1142 2608 1218 exercitum
2630 1143 2764 1211 ejus,
2791 1143 2841 1196 id
2873 1154 2975 1207 est,
3005 1153 3189 1218 contra
3218 1142 3482 1201 diabolum
3513 1159 3561 1202 et
3581 1152 3774 1218 angelos

2234 1213 2369 1284 ejus,
2418 1213 2836 1286 Christianorum
2883 1216 3108 1284 populus
3145 1231 3382 1286 pugnare
3425 1233 3525 1271 non
3562 1213 3771 1275 desinit:

2234 1300 2332 1338 nec
2357 1293 2529 1337 tamen
2562 1284 2777 1338 vincere
2808 1295 3006 1353 posset,
3057 1285 3157 1339 nisi
3185 1284 3342 1342 vcrus
3371 1288 3527 1341 David
3559 1289 3776 1346 Christus

2234 1369 2354 1427 cum
2387 1355 2591 1427 baculo,
2623 1354 2671 1408 id
2697 1363 2796 1418 est,
2815 1357 3132 1427 _cmu_t-rucis
3154 1358 3404 1427 mysterio
3426 1357 3776 1414 descendisset.

2233 1426 2369 1498 Ante
2412 1424 2694 1498 adventum
2741 1425 2880 1498 enim
2927 1424 3119 1498 Christi
3163 1424 3365 1482 solutus
3401 1438 3512 1482 erat
3538 1429 3778 1498 diabolus;

2234 1497 2454 1549 veniens
2495 1495 2738 1568 Christus
2770 1496 2890 1548 fecit
2919 1495 2986 1568 de
3025 1513 3091 1551 eo
3139 1498 3277 1566 quod
3329 1500 3378 1551 in
3422 1495 3779 1568 EvangeliodiL
3862 1547 3868 1556 .

2235 1575 2375 1638 ctum
2405 1575 2506 1638 est,
2540 1564 2702 1638 Nemo
2733 1576 2890 1634 potest
2911 1566 3100 1621 intrare
3118 1564 3171 1620 in
3198 1568 3403 1621 domum
3427 1564 3589 1638 fortis:
3615 1581 3658 1624 et
3681 1588 3782 1626 vasa

2235 1637 2343 1710 ejus
2367 1637 2607 1710 diripere,
2650 1637 2756 1710 nisi
2778 1638 2917 1710 prius
2940 1639 3222 1710 alligaverit
3261 1637 3440 1706 [artem
3468 1639 3666 1710 (Matth.
3699 1658 3785 1708 ιιι,

2234 1706 2348 1776 29).
2382 1707 2691 1778 Venitergo
2719 1706 2981 1773 Christus,
3009 1706 3062 1761 et
3089 1709 3323 1778 alligavit
3357 1706 3638 1764 diabolum.

2309 1775 2360 1832 6.
2405 1775 2646 1831 Mordere
2667 1793 2765 1830 non
2797 1788 2955 1847 potest
2994 1779 3090 1831 nisi
3116 1775 3381 1834 volentem.
3413 1780 3517 1835 Sed
3557 1781 3675 1836 dicit
3698 1783 3784 1836 ali-

2234 1848 2354 1920 quis
2383 1865 2395 1900 :
2427 1847 2482 1903 Si
2507 1848 2748 1920 alligatus
2780 1857 2881 1912 est,
2914 1864 3077 1920 quare
3105 1849 3277 1904 adhuc
3302 1860 3501 1904 tantum
3529 1853 3787 1920 praevalet?

2235 1917 2432 1992 Verum
2454 1928 2555 1992 est,
2585 1917 2809 1992 fratres:
2829 1919 3051 1992 multum
3093 1921 3380 1989 przcvalet;
3419 1922 3510 1976 sed
3530 1917 3718 1992 tepidis
3742 1934 3788 1979 ct

2235 1989 2644 2059 negligentibus,
2685 1998 2740 2043 et
2783 1989 2946 2043 Deum
2993 1989 3043 2042 in
3091 1992 3314 2046 veritate
3357 2007 3461 2046 non
3510 1989 3788 2048 timentibus

2235 2059 2556 2114 dominatur.
2581 2059 2837 2132 Alligatus
2867 2071 2948 2114 est
2973 2061 3112 2114 enim
3141 2069 3392 2132 tanquam
3424 2063 3641 2118 innexus
3659 2066 3789 2118 canis

2234 2132 2472 2204 catenis;
2498 2140 2551 2204 et_
2579 2131 3047 2204 neminemgpotest
3074 2131 3343 2204 mordere,
3371 2134 3468 2187 nisi
3498 2149 3614 2188 eum
3635 2135 3716 2204 qui
3741 2150 3792 2190 se

2234 2201 2302 2255 ad
2329 2201 2479 2272 illum
2502 2201 2641 2254 ultro
2679 2201 2952 2256 mortifera
2989 2203 3275 2257 securitate
3319 2201 3664 2272 conjunxeritl
3689 2206 3788 2260 Jatn

2233 2272 2430 2345 videte,
2458 2269 2670 2338 fratres,
2700 2288 2857 2345 quam
2896 2273 3087 2345 stultus
3116 2276 3274 2345 homo
3305 2274 3393 2345 ille
3416 2269 3518 2340 est,
3543 2291 3691 2345 quem
3713 2291 3792 2331 ea-

2234 2342 2318 2415 nis
2347 2343 2399 2396 in
2437 2353 2623 2398 catena
2650 2343 2854 2415 positus
2882 2343 3108 2415 mordet.
3142 2343 3226 2415 Tu
3250 2354 3302 2399 te.
3323 2344 3390 2398 ad
3427 2342 3574 2399 illuni
3599 2361 3685 2415 per
3711 2361 3794 2399 vo-

2235 2413 2465 2486 luntates
2491 2421 2544 2466 et
2570 2414 2887 2482 cupiditates
2913 2413 3095 2486 szreuli
3126 2414 3233 2486 noli
3259 2413 3614 2486 conjungere;
3643 2425 3692 2470 et
3717 2417 3794 2471 ille

2234 2482 2303 2538 ad
2333 2493 2385 2538 te
2414 2499 2518 2538 non
2543 2492 2831 2555 przesumet
2853 2484 3126 2540 accedere.
3155 2482 3378 2540 Latrare
3407 2482 3598 2555 potest,
3624 2487 3796 2542 sollici-

2236 2563 2350 2609 tare
2382 2565 2586 2624 potest;
2616 2553 2861 2609 mordere
2903 2569 3008 2608 non
3049 2565 3240 2624 potest.
3261 2555 3369 2611 nisi
3392 2553 3669 2612 volentem.
3694 2556 3796 2612 Non

2234 2625 2378 2698 enim
2407 2625 2668 2694 cogendo,
2699 2625 2794 2679 sed
2826 2624 3099 2698 suadendo
3116 2635 3284 2698 nocet
3313 2644 3326 2680 :
3361 2643 3461 2682 nec
3486 2639 3752 2698 extorquet
3771 2643 3798 2681 a

2235 2696 2389 2768 nobis
2412 2710 2768 2768 consensum,
2781 2695 2874 2750 sed
2892 2696 3033 2768 petit
3059 2696 3130 2768 (a)
3143 2735 3155 2748 .

2307 2767 2360 2820 7.
2399 2765 2567 2818 David
2604 2782 2719 2818 cum
2751 2766 2927 2820 baculo
2970 2765 3143 2820 contra
3180 2765 3403 2822 Goliam.
3439 2769 3660 2824 Christus
3700 2785 3799 2822 cum

2235 2853 2384 2891 cruce
2405 2847 2580 2909 contra
2603 2837 2886 2909 diabolum.
2920 2835 3094 2909 Colias
3135 2840 3343 2907 praprio
3368 2841 3562 2909 gladio,
3593 2839 3802 2893 diabolus

2236 2907 3069 2978 propriainiquitatepm'cussas.M
3077 2910 3242 2962 embra
3263 2907 3442 2964 nostra
3455 2928 3596 2964 arma
3613 2911 3802 2975 diaboli,

2235 2976 2312 3032 vct
2331 2976 2517 3047 templa
2543 2977 2654 3032 Dei.
2684 2976 2842 3048 venit
2863 2993 2990 3048 ergo
3009 2979 3190 3042 David,
3209 2989 3263 3034 ct
3294 2981 3498 3036 invenit
3519 2981 3800 3037 Juda-orum

2273 3050 2490 3117 opulum
2520 3059 2704 3103 contra
2733 3047 3001 3103 diabolum
3043 3049 3414 3118 prteliantem;
3459 3063 3513 3107 et
3545 3068 3662 3106 cum
3699 3051 3804 3106 nul-

2261 3134 2319 3192 us
2344 3126 2487 3192 esset
2513 3120 2603 3192 qui
2634 3129 2977 3192 prmsumeret
3003 3119 3082 3175 ire
3123 3120 3190 3175 ad
3229 3122 3505 3192 singulare
3530 3133 3800 3178 certamen.

2237 3188 2329 3261 ille
2371 3188 2729 3261 quimliguram
2776 3190 2973 3245 Christi
3015 3192 3252 3260 gerebat,
3285 3188 3552 3261 processit
3593 3193 3656 3247 ad
3687 3207 3806 3260 pra:-

2239 3259 2387 3324 lium,
2423 3259 2809 3315 tulit’baculutn
2845 3262 2894 3314 in
2934 3259 3092 3315 manu
3122 3277 3238 3326 sua,
3269 3259 3327 3318 et
3351 3264 3483 3320 exiit
3507 3259 3697 3319 contra
3715 3263 3808 3317 Go-

2241 3329 2387 3403 l_iam.
2419 3330 2570 3403 Et_in
2615 3331 2707 3403 illo
2749 3331 2962 3403 quidem
3004 3341 3129 3403 tunc
3159 3333 3446 3402 figuratum
3491 3343 3574 3388 est
3600 3333 3732 3403 quod
3761 3333 3806 3386 in

2240 3400 2466 3455 Domino
2492 3400 2615 3456 Jesu
2645 3401 2857 3456 Christo
2884 3400 3217 3471 completum
3247 3415 3353 3458 est.
3382 3405 3538 3460 Venit
3563 3400 3699 3459 enim
3723 3419 3807 3459 ve-

2238 3487 2330 3544 rus
2369 3473 2528 3528 David
2573 3471 2838 3544 Christus,
2878 3473 2968 3544 qui
2996 3483 3182 3528 contra
3229 3476 3570 3544 spiritualem
3599 3476 3808 3536 Collatu,

2240 3541 2292 3615 id
2342 3553 2445 3609 est,
2500 3541 2995 3615 contraudiabolum
3046 3541 3381 3615 pugnaturus
3417 3561 3632 3602 crucem
3673 3560 3808 3615 suam

2240 3612 2355 3681 ipse
2398 3613 2647 3683 portavit.
2677 3611 2884 3679 Videte,
2915 3611 3141 3680 fratres;
3159 3615 3246 3669 ubi
3287 3616 3484 3672 beatus
3523 3617 3681 3672 David
3718 3614 3814 3670 Go-

2240 3683 2363 3738 liam
2393 3685 2746 3756 percusserit;
2779 3685 2830 3738 in
2861 3685 3044 3756 fronte
3075 3685 3275 3756 utique,
3322 3687 3412 3742 ubi
3449 3689 3625 3744 crucis
3650 3689 3813 3756 signa-

2239 3755 2419 3827 culum
2449 3770 2552 3827 non
2581 3754 2824 3827 habebat.
2853 3755 3002 3827 Sicut
3029 3755 3426 3827 enimbaculus
3445 3759 3620 3813 crucis
3647 3754 3813 3827 typum

2241 3823 2457 3899 tumuit;
2506 3825 2578 3899 ita
2608 3824 2766 3899 etiam
2798 3825 3025 3899 etglapis
3049 3825 3232 3899 ille_de
3261 3844 3373 3897 quo
3415 3823 3815 3899 percussu—sest,

2239 3892 2508 3968 Christum
2541 3895 2818 3950 Dominum
2852 3892 3113 3968 figuravit.
3148 3892 3386 3965 Ipse'est
3413 3892 3558 3954 enim
3587 3899 3716 3968 lapis
3744 3898 3816 3950 vi-

2239 3965 2446 4040 vus,_de
2472 3981 2577 4034 quo
2599 3976 2853 4040 scriptum
2875 3976 2976 4032 cst,
3002 3965 3246 4040 Lapidem
3263 3986 3419 4040 quem
3441 3965 3817 4040 reprobaverunt

2239 4036 2569 4112 d'diﬁcantes,
2604 4037 2684 4090 hic
2710 4037 2966 4112 [ηιξκιε-ιρι
3001 4037 3052 4090 in
3077 4051 3228 4112 caput
3256 4036 3442 4112 anguli
3464 4036 3636 4110 (Psat.
3665 4055 3818 4112 cxvu,

2239 4104 2354 4177 22).
2385 4107 2542 4181 Quod
2569 4104 2746 4162 autem
2771 4107 2933 4161 David
2962 4124 3066 4162 non
3094 4104 3297 4164 habens
3323 4104 3564 4181 gladium
3592 4108 3820 4166 ascendit

2239 4175 2402 4252 super
2427 4175 2654 4242 Goliam,
2695 4186 2749 4232 et
2789 4193 2886 4252 suo
2911 4194 3032 4252 eum
3054 4181 3295 4252 proprio
3319 4175 3593 4239 interfecit
3618 4181 3819 4252 gladio;

2239 4246 2572 4322 designatum
2604 4257 2686 4303 est
2724 4247 2864 4317 quod
2912 4250 2964 4322 in
3002 4246 3232 4304 adventu
3272 4251 3482 4308 Christi
3528 4246 3823 4322 suo'gladio

2239 4317 2480 4390 diabolus
2525 4319 2692 4374 victus
2734 4327 2836 4383 est,
2875 4321 2963 4388 qui
3003 4335 3098 4388 per
3131 4323 3426 4390 nequitiam
3478 4339 3632 4380 suam
3661 4317 3713 4378 et
3746 4323 3822 4374 in-

2236 4389 2433 4458 justam
2485 4391 2903 4458 persecutionem
2933 4406 3091 4459 quant
3119 4389 3362 4446 exercuit
3411 4394 3464 4448 in
3520 4395 3823 4455 Christum,

2239 4461 2478 4535 omnium
2527 4460 2578 4512 in
2627 4475 2750 4514 cum
2800 4459 3415 4535 credentiumgperdidit
3456 4467 3824 4535 principatum.

2239 4529 2392 4597 Quod
2421 4539 2599 4584 autem
2629 4544 2774 4601 arma
2801 4529 2967 4601 Goliae
3006 4529 3377 4601 David‘posuit
3401 4529 3825 4592 in'taber'naculo

2239 4613 2369 4676 suo;
2392 4615 2537 4676 arma
2559 4600 2751 4676 diaboli
2784 4616 2882 4676 nos
2906 4600 3124 4676 fuimus.
3155 4600 3242 4676 Sic
3267 4606 3418 4660 enim
3447 4605 3582 4662 dicit
3612 4609 3830 4676 Aposto-

2240 4669 2332 4745 lus
2349 4711 2365 4736 ,
2391 4669 2535 4726 Sicut
2563 4672 2694 4745 enim
2715 4671 3006 4728 exhibuistis
3032 4675 3252 4745 membra
3276 4686 3446 4730 vestra
3482 4697 3631 4733 arma
3652 4669 3829 4745 iniqui-

2241 4742 2357 4794 tatis
2379 4749 2611 4810 peccato;
2647 4743 2718 4794 ita
2747 4752 2794 4796 et
2822 4760 2956 4796 nunc
2993 4743 3217 4798 exhibete
3246 4748 3480 4802 membra
3508 4759 3673 4804 vestra
3697 4742 3832 4799 arma

2229 4811 2444 4885 justitia:
2469 4810 2571 4864 Deo
2595 4829 2612 4866 :
2637 4823 2688 4866 et
2716 4813 2929 4885 iterum,
2963 4813 3154 4877 Nolite,
3191 4815 3384 4885 inquit,
3409 4821 3651 4874 exhibere
3681 4835 3829 4871 mem-

2241 4882 2331 4957 bra
2357 4891 2516 4957 vestra
2543 4899 2688 4957 arma
2722 4883 3000 4957 iniquitatis
3041 4897 3246 4957 peccato
3268 4882 3461 4957 '(Iiom.
3486 4907 3564 4956 vt,
3599 4892 3686 4955 l9,
3727 4890 3831 4957 15).

2238 4953 2401 5006 Arma
2431 4953 2569 5006 enim
2611 4953 2808 5008 inimici
2847 4957 3014 5009 nostri
3043 4953 3188 5010 tuisit
3211 4953 3464 5014 Christus
3509 4953 3562 5015 in
3593 4953 3834 5015 taberna-

2239 5023 2371 5102 culo
2399 5037 2516 5102 suo,
2562 5023 2774 5104 quando
2822 5041 2919 5080 nos
2945 5028 3032 5104 qui
3074 5027 3264 5104 domus
3292 5028 3500 5086 diaboli
3520 5103 3525 5104 γ
3546 5033 3832 5104 fueramus,

2239 5107 2335 5175 per
2361 5097 2523 5175 ipsius
2546 5097 2768 5175 gratiam
2799 5097 3055 5175 templum
3088 5099 3177 5175 Dei
3209 5101 3834 5175 ess_c_me_ruimus._Nat_u

2237 5173 2293 5218 et
2325 5167 2556 5217 vicissim
2593 5179 2691 5218 nos
2721 5167 2771 5219 in
2801 5167 3032 5232 Christo,
3055 5180 3110 5222 et
3140 5171 3190 5222 in
3219 5171 3376 5224 nobis
3404 5173 3661 5227 Christus
3690 5171 3836 5226 habi-

2238 5242 2352 5304 tare
2389 5235 2748 5304 cognoscitur.
2781 5237 2934 5304 Quod
2964 5248 3141 5293 autem
3169 5241 3419 5295 Christus
3471 5245 3525 5298 in
3559 5245 3716 5298 nobis
3745 5243 3838 5294 ha-

2236 5301 2389 5386 bitet,
2420 5301 2706 5386 apostolus
2738 5301 2955 5386 probat,
2988 5324 3106 5386 cum
3128 5311 3190 5386 _in
3223 5310 3469 5386 interiori
3508 5315 3732 5369 homine
3763 5311 3840 5386 di-

2234 5376 2311 5448 cit
2355 5376 2582 5430 habitare
2625 5376 2883 5432 Christum
2927 5395 3015 5448 per
3063 5380 3217 5448 ﬁdem
3259 5384 3311 5435 in
3357 5387 3609 5440 cordibus
3658 5383 3840 5440 nostris

2267 5445 2455 5517 tfjphes.
2485 5461 2559 5509 nr,
2587 5448 2699 5517 17).
2725 5449 2878 5513 Quod
2899 5445 3074 5504 autem
3104 5452 3290 5506 iterum
3319 5468 3423 5507 nos
3451 5455 3761 5510 habitemus
3789 5453 3837 5506 iu

2241 5515 2471 5603 Christo,
2501 5515 2940 5603 idem_;:tpostolt.ts
2965 5521 3286 5603 designavit,
3315 5522 3514 5603 dicens
3541 5527 3840 5603 gthtotqnot

2233 5587 2285 5640 in
2306 5587 2504 5642 Christo
2531 5589 2772 5658 baptizati
2809 5593 2946 5656 estis,
2985 5587 3240 5646 Christum
3269 5595 3515 5652 induistis
3533 5587 3838 5670 (Calatftu,

2283 5742 2367 5814 .(a)
2401 5750 2509 5791 Ilzcc
2555 5757 2789 5814 expressa
2822 5751 3046 5814 sunt_c.v
3091 5748 3290 5814 cpistola
3334 5746 3527 5812 Pelagii
3565 5752 3626 5800 ad
3675 5761 3823 5801 neme

2234 5805 2456 5865 triadetn,
2475 5819 2578 5868 cap.
2707 5809 2844 5871 cujus
2867 5809 3013 5858 verba
3037 5805 3184 5860 etiam
3206 5811 3322 5861 alias
3343 5805 3594 5862 Carsidius
3611 5816 3846 5871 mittatur.
