4062 6368
285 348 420 407 139.9

270 478 457 535 panem
473 456 759 535 charitatis
783 454 1013 535 habebas
1037 470 1051 521 ;
1070 454 1341 535 sinemini
1354 456 1641 535 dedisses,
1656 478 1659 481 ν
1676 458 1847 527 ipsum

267 526 441 589 solum
473 532 695 586 haberes
726 547 739 583 :
769 528 914 581 mille
942 526 1247 581 hominibus
1268 526 1492 591 dedisti,
1517 528 1661 583 mille
1687 526 1851 597 panes

266 603 576 673 acquisisti;
620 602 742 673 quia
782 608 924 651 tanta
964 606 1044 673 est
1083 597 1351 673 possessio
1376 598 1680 673 charitatis,
1710 608 1770 673 ut
1799 608 1852 653 et

265 667 491 743 singulis
517 667 715 743 tota—sit
734 709 750 734 ,
775 678 828 721 et
851 668 1097 743 omnibus
1126 667 1327 743 integra
1356 682 1474 723 esse
1498 669 1681 743 possit.
1709 668 1852 743 Ergo

264 759 317 802 et
354 736 478 797 aliis
514 740 743 802 dedisti,
782 748 923 809 ettu
969 737 1097 790 nihil
1132 739 1348 809 penitus
1390 736 1663 809 perdidisti
1699 756 1711 791 :
1746 736 1853 791 imo

263 834 371 871 non
403 814 575 867 solum
604 826 706 864 non
738 808 1029 876 perdidisti,
1050 807 1143 861 sed
1169 807 1306 860 sicut
1324 807 1430 874 jam
1456 808 1851 877 dixi,quidquid

261 889 384 940 aliis
426 901 455 937 a
498 894 550 937 te
591 882 839 936 collatum
885 886 992 941 est,
1043 887 1097 931 tu
1143 879 1513 946 centupliciter
1557 879 1848 948 acquisisti.

265 959 409 1017 lci-go
431 997 445 1017 ,
478 953 669 1007 fratres
696 950 992 1004 charissimi
1014 990 1027 1009 ,
1050 948 1320 1016 agnoscite
1348 948 1554 1001 viduam
1586 965 1690 1002 non
1721 950 1845 1013 alio,

263 1018 363 1079 nisi
392 1026 461 1079 de
493 1024 612 1077 oleo
634 1064 646 1082 ,
681 1037 710 1073 a
741 1021 852 1074 suis
881 1018 1232 1073 creditoribus
1262 1018 1555 1071 absolutam
1579 1036 1592 1084 ;
1620 1028 1674 1073 et
1695 1019 1851 1074 intel-

264 1098 410 1161 ligite
462 1093 756 1148 Ecclesiam
800 1090 1112 1161 catholicam
1158 1102 1264 1161 non
1312 1088 1555 1161 aliunde,
1606 1091 1709 1161 nisi
1758 1105 1851 1159 per

261 1157 440 1218 oleum
498 1161 874 1217 misericordia:
896 1160 1014 1225 Dei,
1063 1158 1129 1212 de
1174 1159 1285 1213 suis
1329 1157 1490 1214 fuisse
1540 1157 1852 1216 criminibus

261 1239 564 1290 liberatam.

332 1307 387 1360 4.
448 1305 579 1358 Vasa
617 1302 875 1355 charitatis
899 1342 912 1365 ,
943 1299 1197 1371 homines,
1227 1298 1500 1371 implentur
1527 1316 1648 1371 cum!
1669 1316 1850 1353 aman-

261 1388 362 1428 tur.
416 1375 523 1430 Sed
575 1374 675 1427 hoc
722 1370 1016 1435 attendite,
1067 1369 1308 1433 fratres,
1339 1369 1478 1437 quod
1526 1369 1715 1424 mulier
1762 1371 1850 1424 illa

260 1447 518 1514 quamdiu
568 1443 750 1514 habuit
774 1456 926 1514 vasa,
960 1440 1256 1514 ubipleuut
1289 1440 1620 1514 ittftmderet,
1651 1441 1849 1514 tamdiu

259 1509 441 1569 oleum
487 1514 673 1569 crevit.
707 1512 835 1566 Nam
864 1511 996 1565 dixit
1026 1509 1133 1563 lilio
1162 1525 1259 1564 suo
1281 1552 1296 1573 ,
1330 1509 1467 1575 d/fer
1493 1511 1613 1563 mihi
1642 1527 1749 1564 vas.
1784 1510 1851 1564 Et

261 1588 348 1640 ille
396 1584 706 1655 respondit,
754 1580 874 1634 Non
918 1580 1093 1655 habeo.
1146 1581 1206 1633 Et
1236 1580 1310 1633 ait
1337 1581 1608 1655 Scriptura
1633 1582 1850 1655 stetisse

259 1658 439 1709 oleum
467 1650 861 1724 [posteaquam
902 1653 985 1705 ubi
1027 1660 1281 1724 poneret,
1322 1650 1428 1705 non
1469 1652 1688 1705 invenit.
1729 1652 1851 1720 Sic,

258 1720 597 1782 dilectissimi
641 1720 829 1777 fratres
849 1763 862 1776 .
901 1721 1095 1775 lauuliu
1125 1720 1354 1791 eharitas
1382 1730 1636 1789 augetur,
1665 1735 1849 1791 quam-

256 1799 349 1851 diu
374 1798 639 1851 tribuitur.
670 1794 736 1847 Et
761 1793 878 1846 ideo
899 1793 1055 1845 etiam
1081 1807 1145 1846 ex
1171 1790 1429 1845 industria
1452 1790 1708 1846 debemus
1726 1807 1850 1845 vasa

256 1882 507 1936 quzerere
528 1908 541 1927 .
570 1865 658 1918 ubi
687 1862 1145 1936 nleumpossiinus
1171 1860 1484 1936 infundere:
1510 1862 1849 1936 quiaproba-

253 1930 435 1991 vimus
486 1936 627 2006 quod
667 1936 790 2006 dum
836 1934 952 2006 aliis
1001 1930 1357 2006 iufundirnus,
1410 1932 1846 2006 plus_habemus.

257 2008 399 2061 Vasa
440 2002 744 2069 charitatis,
780 2003 1020 2057 homines
1050 2011 1192 2055 sunt.
1223 2002 1278 2056 Si
1308 2002 1579 2057 charitatis
1609 2003 1729 2056 oleo
1756 2017 1849 2056 vo-

257 2080 437 2132 Inmus
466 2075 739 2131 abundare
759 2116 772 2134 ,
807 2090 911 2127 non
941 2072 1110 2125 solum
1140 2073 1338 2138 bonos,
1372 2072 1462 2127 sed
1490 2074 1649 2126 etiam
1679 2072 1848 2126 malos

255 2148 520 2203 debemus
548 2147 763 2214 diligere
798 2162 809 2196 :
840 2146 1005 2197 bonos
1031 2184 1041 2205 ,
1071 2144 1193 2211 quia
1223 2143 1343 2196 boni
1377 2152 1534 2207 sunt;
1562 2144 1728 2214 malos
1751 2184 1764 2205 ,
1790 2150 1848 2197 ut

254 2219 385 2273 boni
417 2218 563 2270 liaut.
598 2212 769 2269 llabet
798 2214 939 2268 enim
972 2214 1104 2267 hanc
1135 2214 1383 2266 virtutem
1412 2215 1585 2267 oleum
1615 2212 1847 2267 charita-

254 2288 323 2343 tis
348 2330 366 2354 ,
396 2297 527 2342 utet
554 2287 722 2340 bonos
749 2285 995 2338 meliores
1019 2284 1205 2349 faciat,
1234 2284 1484 2354 etgmalos
1505 2284 1571 2337 de
1601 2294 1846 2353 peccato-

253 2352 377 2414 rum
410 2357 644 2413 tenebris
668 2355 734 2408 ad
762 2355 929 2408 lucem
954 2354 1191 2408 veritatis
1220 2352 1452 2407 reducat.

324 2431 384 2484 5.
412 2428 600 2482 Clauso
629 2427 756 2479 ostio
781 2428 855 2478 vel
875 2433 1049 2493 aperto
1079 2424 1188 2493 quis
1220 2432 1356 2494 agat.
1388 2422 1539 2489 Quod
1565 2432 1740 2477 autem
1772 2424 1849 2479 ait

251 2498 553 2567 Scriptura,
582 2497 763 2551 clauso
784 2496 918 2567 ostio
947 2494 1158 2567 viduam
1184 2494 1326 2547 illam
1354 2495 1531 2567 oleum
1558 2494 1610 2549 in
1624 2495 1849 2567 vasculis

253 2565 549 2647 infudisse;
579 2568 679 2620 hoc
724 2565 1175 2647 significavit,‘ut
1217 2565 1575 2647 unusquisque
1606 2566 1848 2647 'eleemo-

252 2656 447 2711 synatn
478 2640 658 2711 clauso
686 2635 822 2711 ostio
849 2635 1031 2711 iaciat,
1134 2644 1236 2711 est,
1265 2649 1362 2704 pro
1389 2635 1507 2711 solo
1530 2635 1618 2689 Dei
1641 2649 1844 2711 amore;
1874 2684 1877 2685 ν

253 2704 363 2764 non
394 2708 516 2763 ideo
544 2717 600 2763 ut
623 2707 867 2765 laudetur
886 2707 952 2761 ab
979 2705 1307 2770 hominibus,
1336 2704 1428 2759 sed
1451 2706 1658 2773 utapud
1680 2705 1849 2759 Deum

254 2780 505 2834 invenire
548 2779 769 2848 gratiam
813 2788 1097 2848 mercatur.
1138 2775 1236 2842 Qui
1268 2777 1407 2829 enim
1433 2791 1545 2848 pro
1567 2776 1719 2848 laude
1747 2775 1846 2848 hu-

251 2867 413 2904 mana
472 2845 864 2918 electnosynam
916 2846 1082 2918 facit,
1120 2854 1303 2914 aperto
1344 2846 1481 2918 ostio
1524 2845 1677 2918 facit;
1724 2845 1847 2915 quia

254 2930 505 2990 apertum
528 2916 775 2973 omnibus
802 2926 964 2987 patet.
990 2917 1088 2982 Qui
1111 2931 1353 2990 veropro
1376 2917 1486 2969 sola
1514 2916 1846 2990 vitaaeterna

251 2986 306 3044 ei
354 3007 453 3060 pro
503 2986 815 3060 remissione
858 2997 1209 3060 peccatorum-
1240 2988 1375 3060 _bona
1405 3001 1598 3060 _opera_
1620 2986 1843 3060 fecerit,

253 3056 470 3114 etiamsi
494 3060 703 3131 publice
726 3059 879 3131 faciat
904 3100 919 3125 ,
948 3058 1129 3131 clauso
1154 3058 1291 3131 ostio
1319 3056 1443 3131 facit
1473 3073 1485 3108 :
1514 3057 1634 3126 quia
1650 3056 1732 3131 _de
1759 3057 1845 3131 illa

252 3126 601 3202 cleemos'yna
639 3145 743 3202 inm
774 3128 873 3183 hoc
918 3128 1105 3202 quaerit
1142 3128 1285 3196 quod
1315 3127 1542 3202 videtur,
1572 3126 1665 3181 sed
1705 3126 1845 3195 quod

252 3216 361 3255 non
408 3197 639 3255 videtur.
670 3200 807 3253 Laus
858 3197 1000 3253 enim
1044 3198 1270 3251 humana
1311 3197 1550 3261 videtur;
1588 3206 1845 3252 mternum

251 3272 535 3339 praemium
569 3286 675 3325 non
701 3270 927 3323 videtur.
956 3268 1059 3334 Sed
1086 3268 1205 3339 audi
1229 3269 1352 3337 quid
1375 3269 1502 3323 dicit
1521 3269 1843 3337 Apostolus:

256 3337 387 3405 Qua:
429 3343 564 3395 enim
596 3340 846 3405 videntur,
875 3337 1186 3410 temporalia,
1212 3349 1366 3410 sunt;
1392 3354 1504 3408 qua:
1536 3348 1703 3391 autem
1746 3354 1847 3391 non

253 3413 510 3478 ridentur,
537 3422 723 3466 (eterna
757 3410 833 3483 (ll
855 3407 984 3483 Cor,
1004 3426 1073 3483 tv,
1097 3407 1220 3480 18).
1259 3409 1489 3463 Securus
1521 3424 1844 3483 ergounus-

251 3483 486 3552 quisque
530 3480 923 3552 eleeiitiisynarii
955 3480 1140 3543 faciat,
1173 3488 1372 3533 tantum
1404 3489 1459 3533 ut
1496 3494 1590 3548 pro
1620 3480 1704 3533 illa
1731 3480 1861 3549 gIo-.

252 3554 393 3606 riam
426 3553 710 3606 humanam
734 3568 836 3605 non
864 3552 1116 3621 requirat.

324 3643 386 3697 6.
453 3642 641 3696 Mulier
698 3642 856 3696 Sume
917 3658 979 3695 ex
1029 3640 1289 3694 sterilitate
1332 3640 1399 3692 ad
1477 3639 1847 3710 facunditatem

256 3713 542 3774 transiens,
604 3712 839 3766 Ecclesia:
905 3722 1070 3781 typus.
1138 3711 1264 3765 Post
1321 3711 1432 3764 bare
1504 3710 1841 3775 audivimus,

253 3784 399 3853 quod
450 3783 575 3837 dum
635 3784 821 3837 beatus
878 3783 1078 3836 Eisaais
1146 3781 1393 3853 transiret
1452 3795 1546 3845 per
1608 3782 1843 3853 Sunam,

255 3850 503 3922 quaedam
550 3853 744 3907 mulier
792 3868 979 3922 magna
1030 3852 1323 3920 susceperit
1372 3866 1531 3922 eum,
1561 3860 1613 3904 et
1640 3850 1847 3922 dixerit

254 3921 319 3975 ad
376 3925 546 3977 virum
594 3939 747 3977 suum
793 3941 806 3976 :
855 3922 1211 3975 Animadverto
1262 3921 1398 3989 quod
1439 3925 1587 3973 homo
1630 3921 1721 3974 iste
1771 3922 1846 3974 vir

257 3994 361 4046 Dei
423 3995 487 4047 sit
513 3994 798 4062 :faciamus
847 3993 924 4045 illi
976 3991 1314 4054 etvuaculum,
1347 4001 1393 4043 et
1419 4007 1665 4059 ponamus
1710 3992 1756 4044 ei
1791 3992 1847 4044 in

257 4080 314 4117 eo
338 4065 526 4117 lectum
550 4105 566 4129 ,
596 4080 820 4117 mensam
840 4103 854 4128 ,
883 4063 1059 4116 sellam
1082 4071 1127 4114 et
1147 4062 1501 4114 candelabrum
1525 4076 1543 4124 ;
1568 4071 1622 4113 ut
1642 4062 1846 4130 quando

254 4135 485 4200 venerit,
513 4142 712 4187 maneat
737 4134 822 4187 ibi.
863 4134 929 4186 Et
972 4132 1159 4185 mulier
1201 4131 1289 4184 illa
1339 4131 1532 4185 sterilis
1571 4140 1722 4196 erat,
1751 4131 1847 4185 sed

254 4214 449 4259 orante
490 4204 714 4269 Elissae,
746 4204 926 4274 genuit
955 4202 1354 4274 lilium.i_ASic_et
1396 4201 1663 4274 Ecclesia,
1691 4211 1846 4274 ante-

254 4288 421 4344 quam
460 4274 704 4329 Christus
748 4271 987 4336 veniret,
1029 4272 1222 4344 sterilis
1266 4272 1383 4344 fuit.
1426 4271 1669 4344 Etsicut
1709 4272 1802 4344 illa
1827 4313 1842 4337 ,

255 4342 451 4398 orante
492 4344 704 4412 Elisato,
732 4345 914 4413 genuit
942 4344 1125 4405 lilimn;
1145 4342 1212 4413 ita
1240 4352 1301 4413 et
1318 4342 1848 4413 Ecclesia,iveniente

255 4414 321 4467 ad
352 4430 413 4469 se
441 4411 881 4485 Christo,genuit
915 4414 1161 4483 populum
1183 4412 1557 4485 Christianum.
1582 4411 1685 4467 Sed
1710 4411 1847 4468 filius

259 4486 509 4539 mulieris
556 4484 727 4548 illius,
752 4486 878 4540 dum
916 4485 1136 4539 Elisatns
1177 4484 1370 4537 absens
1400 4491 1575 4543 esset,
1607 4492 1847 4537 mortuus

256 4564 341 4609 cst
370 4572 382 4607 :
410 4556 489 4609 sic
514 4563 569 4611 et
596 4555 733 4609 filius
761 4555 1031 4618 Ecclesize,
1053 4554 1154 4607 hoc
1179 4562 1293 4619 est,
1326 4554 1548 4622 populus
1574 4552 1841 4619 Gentium,

259 4634 547 4694 antequam
592 4623 833 4680 Christus
875 4626 1108 4687 veniret,
1154 4625 1383 4692 peccatis
1428 4634 1666 4694 mortuus
1710 4632 1844 4677 erat.

262 4693 633 4749 Descendente
652 4697 717 4751 de
746 4704 921 4750 monte
948 4696 1142 4749 Eliszco
1162 4736 1176 4759 ,
1210 4694 1347 4747 filius
1369 4694 1536 4747 vidua:
1577 4693 1698 4747 huic
1726 4696 1848 4749 vita:

257 4766 527 4830 redditur;
555 4765 912 4821 descendente
949 4766 1016 4819 de
1040 4765 1178 4819 coelo
1206 4764 1447 4829 Christo,
1477 4764 1618 4817 titius
1658 4764 1847 4818 Eccle-

258 4834 378 4907 sie,
404 4835 596 4907 idest,
620 4837 845 4907 populus
860 4835 1105 4892 Gentium
1136 4835 1418 4889 suscitatur
1442 4851 1454 4887 :
1484 4834 1576 4889 sed
1600 4833 1700 4889 hoc
1719 4848 1848 4904 qua-

259 4905 385 4960 liter
426 4905 637 4960 factutn
651 4905 721 4961 sit
734 4949 748 4973 ,
780 4906 1072 4961 videamus.
1426 4930 1431 4933 -

331 4977 385 5029 "'.
404 4976 741 5048 _l’rtc'ceptum
775 4994 875 5030 non
899 4975 1209 5048 resalutandi
1235 4977 1287 5028 in
1328 4974 1593 5048 Scriptura
1620 4974 1741 5045 quid
1762 4991 1847 5048 ve-

258 5055 346 5098 tet.
396 5045 473 5117 Ui
492 5045 620 5117 puer
648 5045 823 5101 Elisazi
842 5088 855 5107 .
888 5048 959 5102 sic
996 5045 1098 5101 nec
1127 5045 1328 5116 Moyses
1356 5047 1519 5117 potuit
1545 5048 1696 5099 vitam
1727 5046 1846 5099 red-

260 5118 397 5168 dere.
424 5116 633 5171 Mortno
658 5119 800 5172 enim
828 5118 936 5172 lilio
955 5133 1073 5183 suo,
1096 5118 1285 5171 mulier
1310 5117 1394 5170 illa
1421 5116 1579 5182 abiit,
1605 5124 1660 5170 et
1688 5117 1848 5171 vesti-

258 5186 455 5258 giisse
500 5188 667 5258 sancti
710 5189 884 5243 Eliszei
917 5188 1217 5258 prostravit.
1235 5187 1441 5258 Beatus
1469 5202 1597 5240 vero
1624 5185 1848 5258 Elismus

259 5254 410 5309 dedit
438 5257 680 5311 baculum
719 5273 875 5313 suum
906 5254 1104 5327 puero,
1136 5266 1190 5313 et
1217 5256 1348 5311 dixit
1378 5256 1441 5309 ad
1469 5271 1590 5327 eum
1624 5271 1637 5309 :
1677 5254 1846 5327 Vade,

261 5336 310 5379 et
352 5327 493 5380 mitte
520 5328 752 5382 baculum
791 5325 955 5383 meum
983 5344 1133 5397 super
1158 5328 1336 5398 faciem
1367 5328 1528 5398 pueri.
1558 5326 1618 5398 Si
1639 5336 1685 5381 te
1710 5325 1849 5381 salu-

263 5397 443 5469 taverit
465 5398 636 5460 homo,
658 5415 760 5453 non
778 5398 1020 5453 resalutes
1037 5396 1266 5465 eum'(lV
1293 5396 1423 5469 Reg.
1445 5396 1540 5469 tv).
1575 5397 1846 5469 llocloco,

261 5462 487 5537 fratres,
520 5469 693 5524 videte
712 5512 726 5535 ,
757 5485 825 5525 ne
843 5470 1001 5524 alicui
1026 5462 1279 5537 subrepat
1304 5462 1461 5536 im'pia
1491 5462 1758 5537 cogitatio,
1795 5477 1850 5523 et

263 5534 409 5610 dicat
435 5539 574 5610 quod
606 5534 879 5610 augurium
908 5540 1094 5595 beatus
1124 5534 1340 5592 Elismus
1360 5534 1645 5592 observare
1669 5540 1851 5592 volue-

263 5605 375 5680 rit;
405 5605 466 5662 et
488 5609 607 5665 ideo
627 5605 847 5680 jusserit
884 5626 1048 5680 puero
1094 5624 1192 5664 suo
1211 5649 1228 5680 ,
1258 5610 1667 5680 utsalutantem
1708 5625 1765 5663 se
1797 5610 1847 5662 in

265 5674 355 5728 via
380 5693 483 5733 non
502 5674 834 5736 resalutaret.
864 5674 1190 5751 Frequenter
1209 5679 1306 5734 hoc
1328 5678 1381 5732 in
1402 5678 1690 5747 Scripturis
1711 5679 1849 5751 legi-

267 5758 392 5799 mus
419 5751 555 5820 :sed
587 5767 681 5820 pro
707 5749 1089 5806 celeritate—cst
1117 5750 1346 5814 dictum,
1378 5765 1481 5802 non
1538 5764 1633 5817 pro
1674 5749 1848 5819 aliqua

267 5818 534 5886 superﬂua
560 5818 613 5877 et
642 5823 896 5892 sacrilega
922 5821 1291 5879 observatione
1322 5830 1641 5891 pracct‘ptum
1664 5853 1678 5875 .
1711 5818 1771 5875 ac
1802 5820 1846 5875 si

1692 342 1918 399 SERMO
1956 343 2139 400 XLIII.

3414 349 3545 429 csso

1958 459 2197 520 diceret,
2231 456 2304 511 lta
2326 457 2577 514 velociter
2615 461 2856 526 ambula,
2889 470 2945 516 ut
2978 461 3135 517 nullis
3160 452 3347 517 fabulis
3375 464 3426 519 iu
3456 467 3542 521 via

1955 529 2201 603 occupari
2229 538 2318 603 aut
2347 531 2602 584 retardari
2633 547 2941 600 pra-sumas.
2977 533 3120 586 Abiit
3148 548 3275 603 ergo
3298 549 3428 603 puer
3446 576 3461 601 ,
3486 546 3542 591 et

1956 600 2101 653 misit
2148 599 2393 671 baculum
2446 614 2606 669 super
2638 599 2832 657 faciem
2874 604 3052 671 pueri;
3096 611 3152 658 et
3190 599 3402 671 penitus
3432 599 3541 661 non

1956 670 2204 745 surraxit.
2254 671 2515 745 l’neriste
2561 680 2741 745 typum
2776 670 2957 745 habuit
2999 674 3136 728 beati
3163 670 3349 745 Moysi.
3402 673 3544 733 Misit
3619 707 3632 720 ο

1956 742 2264 814 enimeurn
2285 740 2421 814 Deus
2439 757 2558 814 enim
2584 733 2799 814 bactle
2804 743 2854 795 in
2885 742 3172 814 Egyptum
3210 762 3222 797 :
3250 733 3344 799 sed
3377 745 3543 801 bacu-

1956 811 2037 864 lus
2067 810 2181 884 sine
2206 809 2418 864 Christo
2447 810 2715 880 llagellare
2736 812 2927 935 [Egypt
2939 809 3042 866 u'tii'
3058 815 3259 883 potuit;
3285 814 3353 871 de
3374 816 3542 887 origi-

1957 881 2061 934 nali
2092 896 2220 934 vero
2246 881 2325 934 vel
2356 884 2545 934 actuali
2580 893 2798 935 peccato
2864 884 3070 935 iberare
3114 886 3193 935 vel
3224 888 3542 935 resusciuire

1957 881 2061 934 nali
2092 881 2220 934 vero
2246 881 2545 951 veliactuali
2580 893 2798 951 peccato
2843 881 3070 938 liberare
3114 886 3193 938 vel
3224 881 3543 943 resuscitare

1956 966 2059 1025 non
2086 953 2271 1025 potuit.
2299 950 2449 1025 [vigit
2467 950 2618 1016 enim,
2643 952 3151 1025 dicente_Apostolo,
3174 955 3243 1007 ad
3265 959 3543 1025 perfectum

1955 1021 2166 1095 adduxit
2198 1021 2301 1075 Lex
2328 1020 2509 1095 (llebr.
2537 1038 2633 1095 Avn
2657 1064 2670 1083 ,
2701 1020 2810 1095 t9).
2840 1020 2983 1092 Opus
3012 1034 3128 1078 erat
3166 1036 3223 1079 ut
3259 1020 3539 1095 quibacu-

1956 1090 2063 1144 lum
2096 1090 2344 1153 miserat,
2378 1093 2488 1161 ipSe
2518 1090 3141 1149 descenderetCBaculus
3188 1090 3302 1149 sine
3347 1097 3543 1152 Elismo

1954 1161 2082 1234 nihil
2108 1162 2344 1234 valebat;
2369 1163 2488 1234 quia
2510 1178 2635 1217 crux
2664 1163 2779 1218 sine
2807 1164 3016 1219 Christo
3045 1164 3170 1219 nihil
3189 1175 3414 1234 poterat.

2026 1232 2080 1287 8.
2106 1231 2322 1285 Elisteus
2361 1248 2413 1285 se
2458 1233 2711 1286 inclinans
2754 1251 2963 1301 puerum
2983 1277 2996 1299 ,
3023 1231 3252 1291 Christus
3277 1253 3332 1291 se
3371 1238 3542 1292 Immi-

1955 1301 2084 1357 lians
2111 1302 2352 1375 mundum
2384 1304 2713 1375 resuscitauit.
2746 1304 2903 1358 Venit
2929 1320 3056 1375 ergo
3085 1306 3268 1361 beatus
3297 1307 3538 1375 Elismus,

1953 1382 2007 1425 et
2032 1372 2268 1427 ascendit
2319 1373 2369 1426 in
2399 1374 2762 1438 cceoaculum;
2800 1375 2921 1444 quia
2950 1372 3204 1430 venturus
3226 1388 3341 1433 erat
3380 1372 3540 1434 Chri;

1953 1452 2102 1514 stus,
2131 1451 2184 1495 et
2243 1457 2561 1498 ascensurus
2604 1445 2777 1498 crucis
2825 1445 3135 1514 patibulum.
3176 1447 3448 1504 lnclinavit
3476 1465 3539 1506 se

1955 1512 2194 1575 Elisacus,
2224 1523 2285 1568 ut
2313 1529 2533 1582 puerum
2565 1512 2941 1580 resuscitaret;
2975 1516 3268 1572 humiliavit
3297 1534 3355 1573 se
3378 1520 3541 1574 Chri-

1954 1592 2067 1656 stus
2092 1627 2105 1647 ,
2127 1591 2189 1638 ut
2214 1585 2466 1656 mundum
2495 1585 2544 1638 in
2577 1586 2809 1654 peccatis
2835 1586 3095 1655 iacentem
3127 1589 3372 1656 erigeret.
3394 1589 3539 1644 Misit

1956 1654 2176 1724 ljllismus
2203 1655 2387 1707 oculos
2403 1669 2563 1723 super
2585 1656 2789 1718 oculos,
2816 1654 3003 1710 manus
3025 1672 3186 1724 super
3205 1654 3411 1712 (uanus.
3441 1659 3538 1714 Vi-

1953 1723 2093 1786 dete,
2126 1724 2332 1788 fratres,
2356 1734 2607 1792 quantum
2631 1742 2687 1779 se
2715 1726 2795 1779 vir
2822 1727 2909 1780 ille
2931 1726 3178 1795 perfecta:
3206 1731 3378 1783 aetatis
3406 1744 3532 1784 con~

1954 1796 2236 1868 traxitht
2263 1796 2483 1868 parvulo
2511 1803 2719 1849 mortuo
2745 1806 2795 1868 et
2811 1796 3006 1864 jacenti
3030 1808 3362 1867 congrueret.
3387 1800 3541 1868 Quod

1954 1865 2093 1918 enim
2113 1864 2347 1940 ΔΕΙίςςυιιίδ
2375 1865 2441 1940 in
2472 1866 3014 1940 pucroprailiguravit
3033 1908 3062 1940 _,
3088 1864 3190 1940 hoc
3220 1869 3269 1922 in
3302 1864 3537 1940 toto'ge-

1954 1950 2080 1989 nere
2112 1936 2341 2006 humano
2366 1934 2609 1989 Christus
2646 1934 2898 2003 implevit.
2930 1937 3065 1990 Audi
3115 1939 3425 2006 Apostolum
3442 1934 3539 1994 di-

1952 2014 2181 2081 centem,
2217 2005 2509 2081 flumiliqpit
2548 2008 2890 2081 semetipsum,
2915 2005 3348 2081 factus__obediens
3384 2027 3541 2081 usque

1953 2075 2263 2150 ad_mortem_
2284 2074 2542 2150 (Philipp.
2570 2092 2629 2141 ll,
2654 2074 2731 2139 8).
2753 2076 2889 2150 Quia
2912 2078 3119 2150 parvuli
3146 2094 3380 2150 eramus,
3413 2074 3534 2150 par-

1954 2145 2130 2217 vulum
2158 2161 2214 2217 se
2238 2145 2361 2199 fecit
2388 2147 2543 2215 ;quia
2574 2147 2764 2200 mortui
2788 2147 3116 2217 jacebantus,
3138 2149 3255 2217 pius
3286 2166 3345 2205 se
3365 2145 3537 2205 medi-

1952 2229 2046 2291 cus
2077 2215 2345 2291 inclinavit
2372 2234 2385 2269 :
2420 2218 2540 2291 quia
2569 2225 2621 2270 et
2662 2215 2845 2291 revera
2872 2258 2897 2291 ,_
2917 2216 3107 2291 fratres
3128 2215 3151 2284 ,’
3182 2234 3337 2291 nemo
3362 2229 3539 2291 potest

1948 2284 2211 2353 jacentem
2238 2284 2463 2354 erigere,
2483 2286 2525 2338 si
2553 2300 2610 2339 se
2640 2286 2869 2340 noluerit
2887 2287 3159 2341 inclinare.
3178 2289 3330 2356 Quod
3356 2284 3536 2346 autem
3602 2312 3611 2322 δ

1955 2371 2083 2436 puer
2127 2357 2371 2440 oscitavit
2415 2356 2643 2440 septies,
2673 2356 2996 2424 septiformis
3020 2359 3186 2440 gratia
3226 2362 3392 2440 sancti
3419 2362 3540 2430 Spi-

1954 2426 2087 2498 ritus
2116 2427 2430 2498 ostenditur,
2459 2442 2577 2498 quas
2607 2427 2839 2498 humano
2868 2426 3067 2496 generi,
3089 2440 3143 2482 ut
3172 2426 3534 2498 resuscitetur,

1952 2495 2005 2549 in
2026 2496 2253 2571 adventu
2277 2497 2759 2571 Cliristitribuitnr.
2790 2495 2999 2571 Deipso
3020 2498 3217 2571 Spiritu
3240 2500 3368 2555 dicit
3396 2495 3541 2571 Apo-

1951 2567 2147 2637 stolus,
2176 2566 2236 2622 Si
2260 2568 2373 2637 quis
2400 2567 2650 2635 Spiritum
2681 2566 2867 2620 Christi
2904 2584 3003 2620 non
3030 2570 3209 2635 habet,
3244 2572 3324 2623 hic
3344 2566 3540 2627 non'est

1953 2639 2062 2707 ejus
2093 2636 2264 2707 (Rom.
2297 2652 2422 2703 vni,
2452 2636 2529 2707 9).
2566 2637 2740 2704 lpsuut
2784 2638 2942 2691 etiam
2975 2638 3229 2706 Spiritum
3279 2642 3535 2696 Dominus

1953 2656 1979 2689 e
2004 2656 2062 2689 us
2093 2656 2264 2707 tuom.
2297 2656 2422 2703 vni,
2452 2656 2529 2707 υ).
2566 2656 2740 2704 ipsum
2784 2656 2942 2691 etiam
2975 2656 3229 2706 Spiritum
3279 2656 3535 2696 Dominus

1952 2656 2096 2778 dli-dit
2135 2708 2408 2776 discipulis
2433 2750 2447 2771 ,
2483 2707 2695 2778 quando
2727 2708 3011 2762 insufﬂavit
3034 2717 3087 2762 et
3116 2710 3283 2778 dixit,
3308 2711 3538 2778 Accipite

1953 2776 2199 2848 Spiritum
2243 2788 2467 2831 sanctum
2491 2776 2509 2846 (
2527 2777 2682 2830 Joan.
2735 2795 2800 2832 xx
2829 2819 2841 2837 .
2873 2778 2943 2831 22
2964 2778 3004 2848 ).
3035 2778 3107 2834 Os
3136 2776 3278 2833 enim
3306 2776 3535 2847 quodam

1953 2847 2110 2919 modo
2146 2863 2305 2919 super
2342 2863 2404 2902 os
2436 2850 2637 2914 result.
2679 2849 2894 2919 quando
2939 2850 3260 2904 insnlllando
3280 2851 3535 2919 Spiritum

1950 2916 2115 2971 dedit.
2147 2918 2359 2991 Gratias
2382 2932 2506 2991 ergo
2532 2933 2748 2991 agamus
2777 2918 3014 2991 piissimo
3040 2916 3380 2988 lledeinptori
3402 2963 3416 2987 ,
3444 2922 3536 2991 qui

1952 3003 2050 3042 nos
2091 2989 2248 3042 nullis
2290 2988 2713 3057 prmeedentibus
2757 2989 2961 3044 meritis
3005 2990 3314 3054 suscitavit;
3343 3001 3399 3045 et
3427 2988 3535 3047 non

1951 3059 2121 3112 solum
2144 3058 2208 3112 de
2234 3067 2405 3112 morte
2436 3067 2687 3128 perpetua
2718 3059 2932 3128 eripuit,
2955 3060 3046 3113 sed
3068 3061 3228 3115 etiam
3255 3062 3539 3129 adjuvante

1949 3129 2114 3202 gratia
2145 3129 2332 3202 ipsius,
2351 3129 2393 3181 si
2424 3128 2559 3183 bene
2574 3129 2859 3202 egerimus,
2884 3139 3081 3184 teterua
3109 3128 3331 3202 pr:emia
3352 3147 3541 3202 repro-

1952 3200 2094 3270 misit
2124 3241 2136 3253 .
2161 3200 2298 3268 quod
2323 3199 2433 3267 ipse
2462 3208 2714 3267 praestare
2739 3199 3003 3269 dignetur,
3034 3201 3123 3270 qui
3151 3216 3271 3255 cum
3298 3199 3454 3256 Patre
3481 3211 3537 3259 et

1951 3269 2165 3394 Spiritn‘
2178 3277 2363 3324 sancto
2384 3271 2511 3324 vivit
2554 3278 2609 3324 et
2636 3279 2824 3339 regnat
2852 3272 2991 3325 Deus
3022 3269 3073 3325 in
3094 3272 3287 3328 smcula
3312 3273 3536 3328 smculo-

1951 3355 2090 3394 rum.
2175 3356 2318 3394 men.

1950 3355 2068 3394 rum
2078 3379 2090 3391 .
2126 3355 2165 3394 Α
2175 3356 2294 3394 men
2304 3379 2318 3393 ο

2432 3429 2664 3486 SEltMO
2702 3429 2865 3486 xun
2914 3430 3011 3504 (a).

2425 3539 2501 3595 De
2525 3539 2767 3595 Naaman
2796 3541 2931 3613 Syro
2955 3541 3048 3615 (b).

2021 3652 2075 3705 1.
2100 3650 2231 3703 Cum
2273 3650 2504 3704 Naaman
2536 3651 2675 3774 regis
2702 3651 2872 3723 Syriae
2901 3653 3152 3723 princeps
3179 3654 3426 3724 perfusus
3454 3658 3535 3713 le-

2021 3736 2044 3774 a
2080 3719 2299 3774 fuisset.
2333 3736 2560 3774 cumaue
2617 3723 2878 3774 torrenda:
2909 3725 3074 3774 nlaem
3106 3726 3375 3774 maculoso
3403 3728 3535 3774 πίτρ-

1950 3736 2044 3791 pra
2080 3719 2299 3794 fuisset,
2333 3736 2573 3794 cumque
2600 3719 2878 3794 horrendze
2903 3719 3074 3794 plaga:
3092 3719 3375 3781 maculoso
3403 3728 3536 3783 all‘e-

1950 3802 2068 3846 ctus
2095 3792 2339 3862 contagio
2359 3799 2450 3862 ,et
2478 3792 2575 3846 sibi
2604 3792 2712 3858 jam
2739 3802 2792 3847 et
2811 3792 3015 3849 cunctis
3047 3796 3304 3862 horreret;
3324 3798 3539 3853 dolebat

1951 3878 2047 3938 rex
2072 3861 2270 3938 Syria:
2308 3861 2425 3938 talis
2472 3877 2542 3938 se_
2563 3863 2663 3938 viri
2694 3863 2951 3933 privatum
2967 3868 3211 3938 auxilio,
3242 3883 3337 3937 per
3374 3885 3534 3938 quem

1952 3932 2173 4001 plurima
2203 3932 2506 4003 confecerat
2529 3932 2703 3999 bella,
2730 3943 2916 4003 gentes
2948 3932 3262 4003 domuerat,
3288 3932 3537 3994 victorias

1954 4012 2281 4077 perpetrarat
2298 4014 2394 4077 ,_et
2418 4002 2486 4056 de
2513 4002 2931 4077 mann_ImStiunt
2948 4046 2964 4072 ,
2994 4002 3255 4075 Syrorum
3279 4010 3531 4077 populant

1954 4072 2290 4148 liberaverat.
2311 4072 2459 4127 Tunc
2481 4072 2888 4148 audit_Naaman
2913 4072 3050 4148 apud
3071 4072 3328 4148 lsraelein
3350 4072 3537 4148 'popu-

1951 4143 2059 4196 lum
2091 4143 2336 4197 Elisazum
2359 4158 2478 4197 esse
2505 4143 2815 4212 prophetam
2838 4143 3252 4213 sanetissimnm,
3281 4143 3536 4202 miiaiidis

1951 4213 2235 4268 virtutibus
2262 4212 2538 4283 prmditum
2559 4254 2575 4278 ,
2608 4222 2661 4267 et
2703 4214 2979 4283 stupendis
3009 4212 3258 4285 eperibus
3286 4218 3535 4272 nomina-

1946 4288 2098 4347 tum;
2129 4299 2224 4355 per
2246 4297 2404 4355 quem
2435 4291 2615 4351 posset
2644 4292 2697 4355 et
2725 4299 2901 4355 causa:
2934 4287 3167 4355 periculo
3196 4287 3405 4342 liberari
3433 4329 3448 4354 ,
3476 4296 3532 4344 et

1953 4354 2249 4429 perniciosa
2270 4354 2523 4429 varietate
2549 4353 2841 4429 tergi._Mox
2857 4353 3018 4429 suum
3044 4357 3212 4427 pergit
3235 4357 3301 4429 ad
3329 4353 3530 4429 regem,

1952 4423 2315 4497 commendari
2353 4439 2425 4497 se
2476 4423 2668 4497 litteris
2712 4423 3065 4497 Israelitarum
3118 4423 3226 4497 regi
3273 4423 3535 4497 deposcit,

1952 4492 2324 4567 Confestim‘in
2353 4492 2495 4567 hunc
2521 4494 2735 4567 modum
2763 4511 2854 4551 rex
2880 4496 2948 4551 ad
2979 4513 3155 4567 regem
3180 4492 3388 4553 litteras
3410 4500 3537 4554 mit-

1955 4565 2035 4619 tit.
2064 4564 2220 4630 Misi,
2254 4564 2452 4636 inquit,
2486 4571 2552 4618 ad
2581 4575 2629 4619 te
2660 4563 2899 4620 Naaman
2927 4563 3121 4623 servum
3151 4585 3336 4636 meum,
3368 4579 3423 4623 ut
3447 4586 3536 4625 cu—

1953 4652 2164 4707 res_eum
2189 4651 2219 4687 α
2245 4634 2386 4707 lepra
2412 4636 2590 4707 ipsius.

2023 4705 2076 4779 2.
2113 4705 2217 4760 llas
2250 4705 2450 4779 litteras
2475 4721 2595 4779 cum
2619 4722 2711 4761 rex
2738 4720 2767 4760 a
2803 4722 2928 4779 rege
2970 4707 3160 4779 missas
3186 4710 3453 4779 acciperet
3481 4719 3537 4767 et

1955 4776 2197 4852 legisset,
2220 4776 2375 4852 scidit
2398 4777 2714 4852 vestimenta
2735 4791 2849 4842 sua,
2877 4778 3059 4852 dicens
3084 4796 3097 4833 ε
3124 4776 3318 4845 Videte,
3346 4782 3534 4852 inquit.

1954 4848 2112 4900 videte
2135 4847 2373 4916 quoniam
2410 4847 2655 4900 malitiam
2695 4847 2788 4900 iste
2818 4849 3065 4918 conquirit
3097 4851 3269 4904 :misit
3306 4847 3438 4905 enim
3468 4853 3537 4905 ad

1954 4934 2034 4992 me
2076 4918 2357 4982 Itanu'nem,
2387 4927 2440 4969 ut
2474 4934 2642 4992 curem
2663 4934 2847 4992 Δειιιηα
2877 4918 3019 4992 lepra
3061 4920 3238 4990 ipsius.
3275 4921 3537 4992 Numquid

1955 4987 2092 5061 peus
2114 5004 2229 5061 sum
2258 5004 2345 5055 ego
2363 5027 2380 5051 ,
2408 4998 2463 5061 ut
2492 4987 2798 5061 morti/icore
2831 4998 2925 5061 aut
2963 4987 3213 5058 vivi/icore
3243 4987 3470 5061 possim?
3494 4992 3539 5049 Ο

1956 5056 2087 5112 fides
2104 5055 2361 5133 _Naama_n_
2382 5057 2672 5133 principis}
2701 5073 2733 5111 ο
2762 5056 2909 5133 istius
2956 5055 3172 5129 perfidia
3200 5055 3371 5133 regis!
3403 5063 3540 5119 Naa-

1954 5143 2078 5181 rnan
2102 5128 2264 5203 Syrus
2294 5128 2765 5203 fideliterfesuuat
2790 5128 2860 5203 ad
2876 5128 3067 5203 Dento;
3099 5142 3153 5186 et
3178 5128 3286 5188 rei
3299 5135 3533 5203 pertidus

1955 5196 2379 5271 suumdiscindit
2408 5197 2801 5271 vestimentum.
2833 5199 3086 5255 Diflidunt
3111 5203 3198 5271 qui
3245 5196 3536 5270 noverant;

1940 5268 2012 5322 ’et
2038 5268 2128 5337 qui
2178 5284 2281 5345 non
2314 5275 2590 5345 noverant,
2614 5269 2855 5345 credunt.
2887 5268 3173 5345 Domesdci
3209 5268 3537 5345 repugnant;

1955 5347 2010 5393 et
2059 5336 2263 5392 externi
2309 5336 2578 5392 festinant.
2638 5339 2746 5393 Rex
2785 5339 2952 5401 Svrim
2999 5344 3169 5399 credit
3236 5336 3391 5401 posse
3424 5336 3540 5400 fieri

1955 5358 2010 5393 et.
2059 5358 2263 5392 euertit
2309 5358 2578 5392 tesunant.
2638 5358 2746 5393 “οΧ
2785 5358 2952 5395 δίΊίιε
2999 5358 3169 5399 Ct'cutt
3271 5360 3391 5401 osse
3424 5358 3539 5400 tterl

1955 5408 2097 5484 quod
2144 5408 2433 5484 audierat;
2458 5417 2515 5484 et
2544 5424 2632 5484 rex
2683 5358 2849 5464 Israel
2891 5428 2995 5484 non
3024 5414 3193 5467 credit
3236 5359 3348 5469 lieri
3382 5430 3539 5484 posse

1954 5480 2093 5566 quod
2134 5488 2371 5566 noverat.
2409 5479 2581 5566 Alieni
2606 5482 2914 5566 currnntad
2954 5484 3241 5566 aunxilium_;
3266 5479 3542 5566 etproprii

1955 5551 2172 5605 cmleStc
2198 5549 2461 5617 denegant
2487 5549 2705 5605 donum.
2746 5551 2845 5619 Qui
2880 5552 3168 5622 praedicare
3196 5549 3414 5623 debuit,
3441 5549 3542 5612 de-

2019 5705 2092 5773 (ςι)
2124 5704 2349 5773 Olim,_de
2373 5712 2611 5773 Tempore
2634 5704 2754 5767 207;
2781 5715 2831 5757 et
2844 5715 2983 5773 post,
3003 5710 3051 5759 in
3075 5710 3347 5773 Appendice
3365 5711 3442 5762 62.

2018 5762 2086 5831 (li)
2109 5769 2277 5835 Incerti
2301 5762 2517 5835 auctoris
2533 5778 2582 5817 ct
2605 5762 2791 5835 Joanne
2810 5762 3157 5835 CItrysostomo;
3183 5775 3260 5825 cui
3283 5774 3472 5829 duobus
3493 5762 3544 5827 in

1957 5829 2292 5891 ma’auscrii‘tis
2316 5829 2622 5892 adscribitur,
2653 5831 2892 5894 indignus.
