4062 6368
318 357 463 415 1849

393 476 445 532 2.
476 474 709 532 Christus
730 516 747 541 ,
775 482 941 529 turtur
963 482 1010 530 et
1035 489 1225 544 passer.
1265 473 1376 528 Vox
1391 472 1612 544 tut-turis
1633 514 1647 535 ,
1679 473 1910 528 doctrina

314 550 584 604 castitatis.
619 547 806 600 Christi
846 542 1062 608 domus,
1096 544 1345 599 Ecclesia.
1383 542 1562 611 Pulli,
1610 544 1904 599 Christiani.

318 620 429 675 Nec
472 622 590 674 sine
628 634 789 673 causa
820 618 872 671 in
922 616 1372 685 consequentibus
1416 616 1593 669 statim
1630 616 1907 670 Psalmista

316 690 557 746 Subdidit
582 732 596 756 ,
628 689 814 743 dicens
847 706 858 740 :
899 688 1093 741 Etenim
1126 704 1297 756 passer
1322 687 1505 740 invenit
1536 688 1630 741 sibi
1659 688 1866 741 domum
1888 729 1904 754 ,

316 773 365 815 et
409 773 576 814 turtur
602 761 777 813 nidum
821 760 915 813 sibi
936 802 951 824 ,
983 759 1067 812 ubi
1094 769 1304 827 reponat
1333 759 1501 828 pullos
1546 775 1680 811 suos.
1712 757 1767 812 In
1796 769 1907 812 tur-

318 841 438 887 ture
484 843 536 885 ct
566 846 781 899 passere
822 831 1066 886 Salvator
1092 839 1273 883 noster
1316 828 1645 899 snguilicatur
1668 871 1682 894 ,
1717 829 1907 885 fratres

316 903 640 958 charissimi.
675 903 864 956 Passer
888 903 1054 963 enim,
1084 911 1140 954 ut
1164 901 1331 963 scitis,
1363 914 1618 969 perparva
1647 901 1758 953 avis
1783 910 1863 954 est
1887 917 1902 966 ;

317 984 495 1029 turtur
521 983 697 1028 autem
721 1015 735 1037 ,
771 985 825 1026 ut
857 973 1083 1042 legimus
1106 1014 1120 1037 ,
1154 971 1515 1042 pudicissima.
1551 970 1618 1024 Et
1647 970 1765 1024 ideo
1791 970 1907 1026 Sal-

315 1058 472 1098 vator
503 1056 685 1098 noster
733 1041 1118 1113 passer’dictus
1159 1051 1276 1106 est,
1323 1042 1444 1111 quia
1475 1041 1654 1113 docuit
1702 1043 1907 1111 primus

314 1115 674 1169 humilitatem
699 1132 713 1178 ;
736 1111 743 1113 ἡ
766 1124 935 1168 turtur
962 1113 1136 1169 dictus
1179 1122 1260 1166 est
1284 1154 1297 1175 ,
1330 1113 1451 1181 quia
1480 1111 1662 1167 docuit
1706 1114 1906 1181 primus

312 1188 636 1241 castitatem.
674 1185 823 1241 Unde
851 1186 1011 1238 etiam
1057 1185 1108 1237 in
1134 1182 1367 1237 Canticis
1406 1185 1734 1239 cautiCorum
1778 1201 1904 1249 pro-

314 1259 473 1326 pheta
497 1257 644 1322 dicit,
678 1255 785 1310 Vox
804 1257 1012 1310 turturis
1032 1255 1209 1326 audita
1225 1255 1367 1308 estin
1388 1263 1712 1326 terranoslra
1732 1252 1901 1325 (Cant.

314 1325 347 1382 ιι
375 1369 391 1392 ,
430 1328 541 1396 19.).
581 1328 689 1382 Vox
741 1327 993 1391 tttrturis,
1046 1325 1287 1380 doctrina
1320 1325 1628 1396 intelligitur
1658 1326 1903 1381 Salvato-

312 1401 407 1451 ris.
444 1399 642 1454 Audire
667 1399 847 1467 t-mpit.
884 1400 1162 1467 puritatem
1191 1397 1447 1450 castitatis
1500 1395 1784 1451 adamavit.
1815 1398 1904 1451 Et-

311 1472 443 1522 enim
474 1487 649 1539 passer
689 1466 875 1522 inuenit
898 1467 993 1523 sibi
1013 1466 1218 1520 domum
1243 1508 1259 1532 ,
1286 1477 1334 1520 et
1364 1477 1528 1539 turtur
1566 1468 1739 1539 nidum
1768 1468 1901 1536 sibi,

312 1542 397 1593 ubi
424 1538 636 1606 reponat
670 1540 835 1605 pullos
863 1556 1000 1594 suos.
1030 1539 1160 1606 Quae
1185 1547 1267 1592 est
1289 1538 1434 1593 enim
1466 1538 1656 1592 domus
1681 1538 1899 1607 Christi,

312 1613 411 1664 nisi
449 1612 684 1666 Ecclesia
714 1611 846 1665 Dei?
874 1611 1005 1677 Quae
1048 1620 1129 1665 est
1158 1610 1347 1665 domus
1372 1607 1605 1673 Christi,
1641 1610 1738 1662 nisi
1769 1626 1901 1664 con-

311 1693 506 1736 ventus
532 1684 708 1751 populi
744 1681 1063 1735 christiani?
1094 1680 1240 1735 Hane
1265 1695 1392 1749 ergo
1419 1680 1637 1735 domum
1660 1680 1903 1737 Salvator

308 1768 431 1806 cum
480 1754 676 1822 ingenti
729 1754 923 1821 pietate
950 1752 1229 1824 quzesivit,
1262 1760 1316 1824 et
1347 1751 1584 1824 invenit;
1620 1752 1754 1807 hanc
1801 1768 1897 1824 pe—

307 1825 583 1878 coliaritcr
605 1824 793 1894 diligit.
823 1824 1008 1877 Merito
1037 1822 1373 1894 peculiariter
1390 1822 1590 1894 diligit,
1619 1839 1776 1893 quam
1802 1822 1901 1893 pe-

308 1896 585 1949 cnliaritcr
610 1893 984 1964 sno’sangnine
1010 1893 1354 1964 comparavit.
1387 1893 1442 1947 ln
1470 1894 1569 1947 hac
1594 1909 1720 1963 ergo
1740 1895 1901 1949 domo

309 1965 555 2020 Salvator
598 1963 885 2036 congregat
914 1966 1086 2035 pullos
1111 1978 1256 2019 suos.
1282 1963 1447 2036 Quos
1472 1980 1601 2034 ergo
1630 1967 1900 2021 credimus

309 1980 555 2020 Salvator
598 1981 792 2036 congrc
830 1980 885 2018 at
914 1980 1086 2035 pullos
1111 1980 1256 2019 suos.
1301 1980 1447 2033 quos
1472 1980 1601 2034 ergo
1630 1980 1899 2021 creonnus

307 2037 505 2091 Lhristi
553 2037 766 2106 pullos?
793 1980 938 2104 alios
961 2078 976 2102 ,
1009 2036 1107 2089 nisi
1140 2034 1363 2104 populos
1402 2035 1763 2089 christianos?
1796 2037 1899 2091 De-

307 2109 468 2178 nique
491 2108 580 2178 qui
627 2109 734 2162 sint
765 2108 972 2162 Domini
1018 2107 1186 2161 nostri
1226 2106 1393 2176 pulli,
1423 2107 1539 2175 ipse
1579 2107 1737 2162 hodie
1766 2123 1897 2160 con—

305 2177 520 2233 ventus
546 2188 723 2233 vester
765 2179 1014 2234 ostendit.
1066 2178 1196 2231 Dum
1240 2179 1383 2232 enim
1428 2177 1628 2247 aspicio
1667 2188 1897 2234 vestram

306 2251 774 2319 congregationem
799 2291 815 2315 ,
846 2264 1200 2319 congregasse
1242 2248 1294 2302 in
1341 2249 1564 2303 ecclesia
1614 2250 1783 2314 pullos
1816 2250 1898 2302 vi-

306 2321 410 2376 deo
437 2320 789 2377 Salvatcrem.
822 2322 1077 2387 Quamvis
1101 2321 1340 2387 legamus
1372 2320 1421 2371 in
1450 2320 1568 2374 aliis
1600 2320 1748 2374 libris
1767 2323 1900 2375 scri-

296 2398 456 2462 ptum
482 2434 497 2459 ,
530 2401 587 2446 ut
615 2408 775 2461 supra
807 2392 914 2446 dixi
940 2433 956 2456 ,
1006 2389 1074 2444 Et
1103 2400 1268 2444 turtur
1297 2390 1473 2443 nidum
1517 2392 1611 2445 sibi
1635 2392 1769 2462 ,Wubi
1813 2409 1896 2445 re-

304 2461 463 2535 ponat
494 2465 661 2533 pullos
689 2479 847 2535 suos;
874 2462 967 2517 sed
995 2471 1277 2535 utrumque
1303 2462 1357 2535 in
1388 2476 1614 2535 persona
1642 2461 1899 2517 Ecclesia:

302 2532 445 2588 bene
474 2532 722 2589 Convenit
752 2551 765 2587 :
800 2533 852 2588 id
878 2543 961 2587 est
985 2575 1000 2598 ,
1033 2533 1173 2603 quod
1205 2547 1300 2587 nos
1328 2532 1571 2587 Salvator
1598 2542 1652 2589 et
1675 2548 1899 2603 congre-

304 2615 395 2670 μοι
422 2615 473 2658 et
504 2614 745 2675 reponat.
774 2604 1073 2675 congregat
1100 2605 1239 2659 enim
1270 2617 1388 2670 nos,
1421 2614 1477 2657 ut
1504 2605 1802 2658 doctrinam
1834 2605 1897 2658 il-

305 2678 412 2731 lius
437 2677 719 2732 audiamus
751 2693 764 2729 :
796 2684 851 2730 et
886 2676 1134 2747 reponit,
1166 2686 1222 2729 ut
1245 2675 1313 2730 ab
1342 2675 1547 2747 insidiis
1574 2675 1770 2747 diaboli
1802 2676 1898 2731 tuti

303 2762 428 2803 esse
459 2749 745 2819 possimus.
772 2746 923 2813 Quod
949 2745 1007 2802 ut
1030 2746 1207 2811 faciat,
1231 2754 1286 2801 et
1309 2745 1546 2819 quotidie
1569 2745 1755 2819 faciat,
1779 2762 1897 2816 pre-

301 2817 489 2873 cemur
520 2820 684 2874 Deum
712 2817 1041 2873 Salvatorem
1070 2827 1341 2881 nostrum;
1364 2817 1449 2871 cui
1478 2826 1559 2871 est
1588 2832 1708 2872 cum
1741 2818 1897 2873 Patre

303 2898 358 2944 et
377 2890 579 2961 Spiritu
603 2899 788 2945 sancto
810 2890 981 2945 honor
1000 2898 1054 2944 et
1071 2890 1238 2959 gloria
1266 2889 1531 2943 in‘szecula
1554 2890 1891 2945 saeculorum.

302 2962 495 3016 Amen.

852 3030 1082 3087 senae
1118 3029 1206 3086 Lv
1247 3029 1343 3103 (a).

306 3143 382 3199 De
405 3161 465 3199 eo
490 3145 625 3215 quod
648 3146 894 3214 scriptum
916 3153 989 3199 est
1016 3145 1070 3199 in
1098 3144 1308 3198 Psalmo
1332 3159 1519 3210 cxvm,
1553 3143 1641 3210 66,
1673 3145 1893 3200 Bonita-

410 3226 539 3281 tem,
567 3226 622 3271 et
645 3217 999 3287 disciplinam,
1030 3226 1084 3271 ct
1109 3216 1386 3271 scientiam
1414 3215 1547 3271 doce
1574 3231 1658 3270 me
1686 3217 1781 3287 (ὁ).

374 3332 425 3386 l.
463 3331 598 3399 Quid
625 3331 893 3386 orandum.
932 3329 1160 3384 Bonitati
1189 3331 1468 3402 necessaria
1508 3331 1775 3402 disciplina
1800 3374 1814 3394 ,
1846 3342 1893 3387 ct

302 3403 500 3474 utrique
525 3402 753 3457 scientia.
788 3403 929 3457 Inter
950 3410 1141 3474 czetera
1172 3401 1366 3474 quibus
1391 3401 1578 3456 beatus
1611 3401 1773 3457 David
1806 3404 1893 3457 iu-

303 3472 640 3529 ftrn'iitatibus
668 3482 967 3529 nostrarum
999 3472 1246 3528 medetur
1272 3472 1566 3527 animarum
1595 3515 1608 3535 ,
1639 3474 1738 3528 sub
1763 3490 1894 3544 qua-

301 3544 424 3599 dam
456 3545 706 3599 trinitatis
729 3546 906 3615 regula
934 3544 1122 3598 orandi
1153 3559 1250 3598 nos
1281 3544 1503 3615 formam
1536 3552 1749 3615 tenere,
1771 3556 1891 3600 tan-

301 3632 459 3685 quam
494 3614 845 3685 peritissimus
874 3616 1126 3686 magister
1149 3656 1164 3681 ,
1198 3614 1430 3686 erudiit,
1464 3615 1648 3670 dicens
1665 3634 1695 3686 7:
1730 3614 1890 3671 Boni-

300 3684 452 3740 tatem
473 3684 501 3750 ,'
521 3695 567 3740 et
593 3687 914 3754 disciplinam
936 3727 951 3752 ,
970 3684 1030 3741 ἐι
1071 3686 1331 3740 scientiam
1356 3684 1481 3739 doce
1506 3703 1582 3738 me
1604 3728 1619 3753 ,
1652 3685 1886 3742 Domine.

300 3758 591 3813 Sollicitius
622 3759 796 3829 itaque
820 3800 835 3825 ,
866 3756 1056 3829 fratres
1081 3798 1094 3821 ,
1127 3756 1384 3829 intendite
1412 3771 1543 3829 quas
1586 3757 1687 3811 sibi
1720 3760 1889 3829 potis-

300 3831 495 3883 simum
518 3827 741 3884 virtutes
764 3828 917 3883 tribui
939 3844 1034 3883 rex
1056 3828 1394 3897 prepheticus
1414 3827 1731 3897 deprecatur
1752 3846 1766 3884 :
1791 3827 1893 3885 Bo-

300 3903 509 3970 nitatem
532 3940 549 3966 ,
580 3909 626 3953 et
651 3900 972 3970 disciplinam
995 3942 1009 3963 ,
1040 3899 1206 3965 inquit
1230 3940 1247 3964 ,
1275 3908 1321 3953 et
1341 3899 1600 3953 scientiam
1626 3898 1748 3953 doce
1771 3917 1850 3955 me
1870 3944 1887 3969 ,

303 3968 539 4025 Domine.
570 3970 708 4026 Vere
737 3968 882 4025 nevit
907 3978 1051 4026 recte
1081 3970 1278 4034 vivere,
1301 3970 1389 4039 qui
1418 3978 1563 4025 recte
1593 3972 1739 4025 novit
1766 3987 1888 4027 ora-

300 4056 379 4096 re.
410 4041 524 4095 Non
555 4043 697 4096 enim
738 4042 887 4111 petiit
915 4042 1299 4097 mundanorum
1345 4041 1641 4095 divitiarum
1672 4041 1890 4098 thesau-

301 4127 391 4168 ros
414 4155 429 4177 ,
464 4128 569 4167 non
596 4127 758 4179 regna
794 4112 1017 4166 finitima
1042 4156 1057 4179 ,
1093 4127 1195 4166 non
1227 4121 1464 4179 tempora
1495 4112 1775 4179 prolixiora
1807 4115 1889 4168 vi-

301 4184 458 4238 vendi
484 4201 499 4250 ;
534 4185 626 4239 sed
658 4182 947 4238 bonitatem
979 4198 1036 4237 se
1064 4183 1243 4238 doceri
1272 4182 1431 4236 simul
1473 4192 1528 4235 et
1555 4182 1887 4251 disciplinam

301 4256 570 4325 poposcit.
602 4254 817 4309 Bonitas
847 4259 988 4309 enim
1034 4255 1157 4309 facit
1185 4254 1466 4308 amabilem
1511 4253 1844 4325 disciplinam
1869 4297 1886 4325 ,

301 4323 354 4379 et
374 4323 652 4396 disciplina
674 4325 838 4380 efficit
858 4326 1228 4393 inculpabilem
1252 4324 1565 4396 bonitatem.
1583 4323 1691 4379 Nec
1713 4323 1891 4395 quem?

299 4412 458 4466 quam
491 4395 659 4452 latere
703 4407 829 4467 puto
853 4438 867 4463 ,
896 4398 1017 4466 quia
1052 4396 1262 4451 bonitas
1289 4395 1404 4450 sine
1444 4395 1722 4465 disciplina
1752 4396 1888 4453 deli-

301 4475 508 4521 ctorom
552 4476 725 4523 mater
759 4476 840 4522 est
864 4508 878 4529 ,
910 4475 965 4521 et
990 4467 1265 4535 disciplina
1294 4466 1412 4523 sine
1455 4467 1693 4522 bonitate
1721 4468 1890 4523 tristis

300 4539 543 4608 qna-dam
586 4538 888 4593 amaritudo
918 4538 1149 4593 vivendi.
1184 4537 1471 4594 Scientiam
1517 4540 1758 4609 praestari
1788 4540 1887 4595 sibi

303 4610 503 4677 pariter
528 4610 794 4680 implorat,
809 4618 867 4664 ut
893 4609 1103 4663 noverit
1121 4610 1353 4664 scienter
1377 4609 1751 4680 sapienterque
1781 4611 1890 4666 dis-

303 4681 572 4757 tin_guere__
598 4681 824 4757 qui__sint
864 4680 1075 4736 termini
1120 4680 1366 4757 bonitatis
1392 4721 1405 4741 ,
1434 4690 1489 4735 et
1516 4680 1671 4757 quam
1698 4681 1891 4757 debeat

301 4750 499 4806 habere
523 4750 802 4820 disciplina
833 4766 1136 4806 mensuram
1162 4767 1176 4814 ;
1212 4766 1277 4804 ne
1305 4750 1439 4820 forte
1474 4750 1566 4806 au't
1592 4752 1768 4805 nimia:
1800 4769 1889 4807 re-

303 4822 573 4876 missionis
597 4819 726 4877 vitio
751 4823 958 4878 bonitas
988 4823 1282 4876 inconsulta
1310 4819 1541 4878 fedetur
1564 4864 1578 4888 ,
1607 4831 1698 4876 aut
1726 4822 1887 4878 disci-

303 4893 444 4961 plina
473 4892 658 4947 durior
684 4894 795 4964 ipsa
820 4893 905 4949 sui
935 4894 1243 4964 austeritate
1268 4893 1614 4948 crudelescat.
1650 4894 1756 4954 Vis.
1782 4893 1889 4949 fra-

304 4973 402 5029 ter,
442 4964 614 5020 bonus
645 4963 764 5019 esse
794 4964 1067 5033 peceanti?
1089 4963 1323 5034 Benigne
1351 4965 1562 5033 quidem
1594 4964 1724 5019 facis
1750 4983 1763 5018 :
1795 4965 1889 5020 sed

302 5044 356 5087 ut
381 5050 508 5089 vere
551 5036 625 5090 sis
658 5036 827 5090 bonus
849 5076 863 5100 ,
893 5037 1129 5104 vigorem
1158 5036 1206 5090 ei
1251 5036 1445 5090 adhibe
1474 5035 1800 5104 disciplinm;
1834 5045 1891 5092 ut

304 5116 387 5159 tua
437 5106 514 5160 illi
544 5105 753 5160 bonitas
783 5108 1022 5175 proficiat
1049 5106 1114 5159 ad
1142 5106 1387 5161 salutem.
1437 5106 1604 5172 Quem
1637 5108 1817 5176 utique
1843 5108 1888 5163 si

302 5177 442 5248 nulla
470 5178 768 5232 coercentis
792 5192 1032 5232 censurae
1060 5177 1421 5245 increpatione
1452 5178 1735 5239 terrueris,
1768 5193 1890 5248 per-

302 5247 501 5302 niciosa
533 5249 635 5303 erit
659 5250 710 5304 ei
753 5249 865 5303 haec
889 5249 1098 5302 bonitas
1122 5258 1241 5310 tua;
1276 5249 1397 5317 quia
1424 5249 1688 5317 permittis
1717 5247 1890 5317 perire

300 5330 611 5389 peccantem
633 5361 646 5384 ,
686 5335 845 5389 quem
875 5328 1125 5387 potueras
1151 5319 1357 5373 salvare
1393 5329 1710 5374 correctum.
1747 5320 1887 5375 Rur-

301 5402 419 5444 sum
440 5432 456 5455 ,
500 5391 543 5444 si
576 5390 739 5445 nimio
763 5390 1055 5460 disciplinae
1082 5391 1258 5461 rigore
1297 5390 1494 5444 nullam
1527 5392 1745 5446 scientia
1790 5391 1888 5446 bo-

301 5462 484 5516 nitatis
507 5463 524 5493 ¹
556 5462 905 5531 ριἰῑιιθιιάοιοὶδ
930 5461 1283 5526 medicinam;
1315 5462 1439 5515 dum
1470 5460 1697 5531 rigorem
1741 5470 1886 5516 tuum

302 5532 497 5603 refugit
541 5548 802 5602 peccans,
848 5533 1045 5602 peccati
1092 5531 1457 5603 :cgritndincm
1505 5547 1607 5585 non
1653 5534 1884 5588 curabis.

367 5668 382 5699 ¹
419 5670 471 5715 ιιι
491 5672 571 5715 its.
600 5664 633 5715 f.
657 5664 869 5716 saltantis
890 5662 1127 5715 bonitatis.

367 5748 443 5811 (a)
473 5748 616 5812 alita,
655 5748 687 5797 4
726 5761 791 5799 ex
843 5748 1056 5799 uomitus
1095 5749 1191 5809 50;
1240 5756 1293 5799 et
1337 5757 1475 5812 post,
1523 5750 1571 5798 in
1612 5749 1887 5812 Appendice

662 5873 889 5935 auctoris,
908 5886 1006 5923 non
1026 5872 1271 5924 tnerudlti.

1777 347 2004 410 SEBMO
2040 350 2149 406 LV.

3467 362 3607 422 1850

2020 468 2086 522 Et
2112 483 2229 547 qua:
2247 468 2466 547 tandem
2494 471 2868 547 vivendiratio
2893 473 3016 539 erit,
3043 489 3231 543 quaeve
3250 473 3456 547 justitia
3479 479 3603 545 erit,

2016 551 2075 594 ut
2104 541 2327 618 solutior
2364 542 2554 598 lenitas
2590 545 2943 618 cohibentiam
2972 547 2989 577 ¹
3024 541 3267 616 praebeat
3295 551 3560 617 peccatori
3585 541 3603 618 λ

2015 619 2107 665 aut
2132 612 2481 686 immoderata
2519 617 2774 686 severitas
2802 631 2834 670 a
2863 612 3036 686 lapsu'
3058 633 3163 672 non
3190 612 3409 674 revocet
3429 612 3602 676 delia;

2015 683 2299 758 quentem?
2319 683 2390 758 lit
2414 694 2588 758 autem
2618 685 2870 758 bonitatis
2896 683 3049 757 hujus
3071 689 3469 758 disciplinaeque
3491 708 3602 747 ma-

2012 753 2287 831 gisterium
2313 755 2368 831 _i_n
2402 756 2598 810 nostris
2626 756 2787 811 fuisse
2814 753 3137 831 majoribus,
3167 753 3397 831 plenius
3423 762 3600 829 perfe-

2012 825 2254 894 ctiusque
2296 824 2597 891 discamus,
2636 844 2798 896 pauca
2841 824 2914 885 de
2939 824 3184 899 pluribus
3216 824 3597 890 venerabilium

2014 906 2223 967 patrum
2255 912 2628 952 recenseamus
2656 900 2918 967 exempla.

2082 966 2137 1042 ᾖ
2174 966 2284 1042 Has
2308 969 2516 1042 uirtutes
2557 970 2610 1042 in
2636 987 2689 1024 se
2726 966 2948 1025 exhibuit
2981 970 3181 1027 Petrus.
3216 972 3454 1042 Implevit
3484 976 3599 1033 sine

2011 1035 2172 1091 dubio
2199 1039 2448 1093 bonitatis
2464 1056 2525 1094 ac
2550 1039 2842 1110 disciplina!
2866 1043 3015 1096 istius
3039 1044 3259 1097 formam
3292 1035 3475 1099 beatus
3499 1047 3597 1102 Pe-

2014 1116 2126 1163 trus
2144 1150 2159 1175 ,
2189 1123 2309 1163 cum
2329 1151 2345 1175 ,
2377 1112 2514 1165 sicut
2538 1127 2665 1167 vere
2693 1112 2862 1168 bonus
2882 1154 2895 1178 ,
2925 1114 3133 1170 oblatos
3158 1115 3257 1168 sibi
3288 1115 3483 1169 dicitur
3503 1135 3595 1171 cu-

2010 1194 2160 1254 rasse
2180 1179 2448 1254 infirmos;
2471 1191 2527 1237 et
2552 1192 2606 1236 ut
2633 1183 2922 1253 disciplina:
2949 1186 3180 1240 ctelestis
3205 1197 3430 1247 amator.
3454 1189 3592 1254 justa

2012 1249 2213 1325 ultione
2253 1253 2474 1325 punisse
2498 1249 2787 1325 mendaces
2829 1256 3155 1325 perhibetur.
3189 1249 3469 1312 Nimirum'
3496 1260 3591 1313 bo-

2010 1321 2190 1398 nitatis
2219 1322 2596 1398 ejus‘gratiam
2638 1321 2861 1398 testatur
2894 1324 3095 1381 Encas
3135 1327 3221 1382 ille
3247 1328 3435 1383 debilis
3457 1372 3469 1392 ,
3504 1332 3591 1398 qui

2010 1391 2230 1447 claudus
2250 1391 2319 1468 ab
2344 1391 2583 1468 infantia,
2604 1396 2799 1451 sedens
2822 1397 2873 1468 in
2907 1408 3054 1466 porta
3083 1400 3264 1468 templi
3285 1391 3489 1453 Domini
3513 1391 3594 1455 at-

2009 1477 2111 1532 que
2134 1463 2468 1539 mendicans,
2499 1466 2793 1539 ingnomine
2821 1463 3018 1523 Christi
3047 1463 3463 1539 Jesu.'Apostoli
3501 1488 3593 1525 cu-

2008 1534 2191 1612 rantis
2204 1535 2427 1612 imperio
2464 1537 2745 1612 antiquam
2766 1540 2983 1612 accepit
3014 1534 3295 1595 sanitatem
3324 1540 3458 1612 (Act.
3492 1558 3544 1595 ιχ
3573 1584 3589 1608 ,

2007 1603 2122 1680 ὅτι).
2156 1605 2521 1680 Probaveruut
2544 1603 2913 1680 elidisciplinte
2939 1610 3056 1680 ejus
3084 1603 3421 1665 severitatem
3453 1603 3592 1666 Ana;

2007 1677 2124 1751 nias
2152 1686 2204 1730 et
2232 1677 2458 1745 Saphira
2479 1721 2492 1743 ,
2520 1680 2624 1751 qui
2654 1677 3012 1751 disn-aheutés
3040 1697 3223 1750 agrum
3255 1698 3412 1751 quem
3460 1698 3583 1737 ven-

2005 1746 2135 1824 dere
2178 1763 2336 1802 nemo
2381 1746 2637 1824 cogehat,
2669 1751 2795 1806 dum
2823 1746 3095 1824 depretiiw
3119 1746 3412 1824 quantitate
3438 1769 3590 1809 men-

2007 1820 2207 1890 tinntur
2238 1823 2494 1890 Apostolo
2514 1862 2527 1885 ,
2563 1833 2787 1877 mortem
2819 1823 2919 1877 sibi
2949 1820 3174 1878 falsitate
3220 1826 3437 1879 mercati
3468 1833 3592 1880 sunt

2008 1886 2117 1960 (Id.
2155 1904 2221 1964 v_,
2253 1886 2574 1964 11H).Quo
2612 1891 2753 1948 facto
2788 1893 3003 1949 edocuit
3037 1895 3452 1964 gloriosissimus
3491 1896 3590 1951 Pe-

2008 1971 2157 2035 trus,
2191 1961 2366 2015 inesse
2394 1963 2494 2017 sibi
2537 1964 2824 2020 bonitatem
2851 1979 2913 2020 ac
2942 1961 3272 2035 disciplinam
3295 2008 3309 2029 ,
3338 1967 3463 2021 dum
3502 1983 3589 2021 re-

2007 2030 2496 2106 mediumprzestat
2527 2035 2772 2098 infirmo,
2803 2043 2858 2089 et
2896 2030 3288 2106 competentiam
3329 2039 3490 2092 sumit
3522 2038 3589 2093 de

2007 2102 2351 2179 mendacibus
2378 2105 2639 2179 ultionem,
2668 2123 2680 2159 :
2714 2106 2855 2176 quod
2884 2123 3004 2162 eum
3023 2102 3174 2162 recte
3195 2122 3483 2179 sancteque
3513 2109 3586 2164 fe-

2004 2171 2143 2247 cisse
2186 2174 2421 2228 caelestis
2459 2176 2644 2245 judicii
2685 2171 2980 2234 consensus
3006 2179 3257 2233 o~tendit.
3286 2181 3361 2233 De
3399 2171 3586 2247 perfe-

2004 2243 2180 2331 c‘tionc
2206 2259 2334 2298 vero
2351 2243 2735 2331 scientia-zejus
2759 2249 2876 2318 quis
2899 2250 3162 2331 ambigat,
3195 2252 3285 2331 qui
3313 2243 3585 2331 9hristum

2005 2312 2287 2386 Dominum
2316 2316 2416 2370 vivi
2453 2319 2540 2371 Dei
2570 2312 2758 2373 Filium
2779 2312 2921 2386 esse,
2941 2321 3008 2375 de
3033 2312 3170 2376 (telo
3190 2312 3289 2375 sibi
3321 2322 3477 2376 Patre
3500 2337 3584 2376 re-

2004 2385 2232 2461 velante.
2254 2389 2536 2461 cognovit?
2551 2389 2615 2444 Et
2640 2391 2761 2459 quia
2791 2385 3001 2461 bonitas
3029 2406 3097 2446 ac
3113 2391 3389 2461 disciplina
3413 2394 3588 2446 scien-

2006 2455 2184 2529 tiaque
2210 2472 2315 2511 non
2328 2455 2559 2526 deerat,
2594 2455 2884 2529 pascendas
2914 2462 2986 2516 illi
3019 2455 3273 2518 Dominus
3294 2477 3419 2517 suas
3438 2477 3586 2518 com-

2002 2526 2530 2604 meltdavitoviewas
2555 2526 2769 2604 (Matth.
2794 2547 2882 2587 xvi
2902 2574 2916 2597 ,
2950 2533 3160 2604 16-19).

2074 2599 2125 2653 3.
2148 2596 2346 2677 Paulus
2362 2596 2609 2677 similiter.
2644 2602 2834 2677 T_enu_it
2859 2596 3149 2660 bonitatem
3167 2620 3229 2659 ac
3252 2604 3585 2677 disciplinam

2001 2669 2161 2722 etiam
2206 2671 2619 2746 gloriosissimus
2672 2673 2894 2740 Paulus,
2955 2677 3072 2744 qui,
3120 2685 3178 2730 ut
3223 2676 3337 2746 ejus
3389 2669 3585 2745 scripta

2001 2749 2298 2815 testantur,
2332 2742 2607 2815 discipulis
2644 2746 2755 2799 suis
2793 2756 2847 2799 ct
2895 2742 3093 2815 \ivgam
3139 2742 3587 2803 correctionis—et

2001 2810 2246 2887 spiritum
2279 2810 2697 2887 mansuetudinis
2736 2810 3147 2887 'prtetenu'ebat;
3200 2829 3417 2887 prepter
3442 2817 3584 2886 quod

2000 2877 2228 2954 faciebat
2254 2898 2374 2937 eum
2407 2886 2655 2941 omnibus
2691 2877 3053 2942 et'amabilem
3079 2877 3315 2954 bonitas,
3336 2898 3389 2943 et
3419 2877 3583 2943 disci-

2001 2952 2497 3029 plina__terril_iilem.
2545 2955 2675 3011 Nam
2719 2957 2877 3029 etiam
2920 2958 3058 3013 inter
3102 2959 3213 3029 ipsa
3260 2952 3443 3014 mundi
3474 2960 3582 3028 pri-

2000 3024 2206 3099 mordia
2239 3034 2296 3078 ut
2325 3026 2612 3081 bonitatem
2660 3043 2723 3083 ac
2765 3027 3100 3099 disciplinam
3125 3024 3335 3086 'Christi
3363 3024 3583 3086 doceret

1998 3095 2273 3169 ecclesias,
2324 3106 2378 3150 et
2421 3099 2681 3169 removeri
2727 3095 3233 3169 jussit’peccantem
3276 3116 3304 3154 a
3343 3116 3587 3155 comnm-

2000 3166 2159 3219 nione
2187 3176 2491 3242 sanctorum
2525 3166 2798 3242 (IACQrIv,
2821 3171 2898 3242 5),
2928 3166 2982 3225 et
3004 3172 3249 3226 eumdem
3275 3172 3437 3241 recipi
3466 3188 3585 3226 cor-

1998 3246 2200 3312 rectum
2233 3236 2313 3308 (ll
2334 3236 2451 3293 Cor.
2485 3236 2541 3306 n,
2582 3239 2725 3312 6-9).
2759 3236 2831 3297 De
2858 3236 3080 3297 scientia
3109 3252 3285 3297 autem
3316 3236 3433 3309 ejus
3458 3244 3583 3310 quid

1998 3323 2095 3361 nos
2135 3310 2391 3372 dicemus,
2414 3325 2532 3363 cum
2555 3310 2741 3366 omnes
2770 3327 2890 3367 eum
2921 3316 3165 3368 noverint
3194 3315 3243 3367 in
3275 3315 3584 3369 cmlesnhus

1996 3378 2269 3446 didicisse,
2312 3395 2431 3450 quin
2478 3381 2696 3437 doceret
2724 3384 2775 3437 in
2809 3384 3002 3440 terris?
3030 3385 3104 3439 lbi
3137 3385 3257 3439 talia
3288 3402 3346 3439 se
3375 3400 3582 3438 uicino-

1996 3450 2133 3592 ῧιέἱι
2163 3450 2435 3592 ωιιῖιιὶιῖι,
2486 3453 2659 3522 qualia
2705 3453 2847 3524 loqui
2887 3457 3200 3510 mortalibus
3246 3472 3349 3511 non
3396 3456 3582 3512 liceret

2096 3538 2234 3584 .xu,
2305 3553 2325 3561 -
2398 3560 2411 3575 .

2096 3562 2107 3572 .
2142 3538 2234 3584 xu,
2268 3538 2411 3584 1-4).

2142 3521 2530 3665 ἴιὲηἶζιέξηηεε
2560 3592 2809 3665 Baptista.
2844 3595 3045 3653 Habuit
3088 3595 3432 3651 nihilominus
3480 3596 3580 3652 bo-

1995 3663 2213 3738 nitatem
2243 3672 2295 3716 et
2330 3663 2661 3738 disciplinam
2709 3668 2857 3720 testis
2895 3667 3194 3722 dominicus
3246 3676 3301 3722 et
3350 3668 3583 3738 baptista

1994 3732 2256 3809 Joannes,
2288 3735 2376 3809 qui
2405 3732 2777 3809 reéipiscentes
2805 3754 2833 3791 a
2862 3739 3092 3807 peccatis
3121 3739 3231 3793 suis
3253 3732 3581 3809 prophetica:

1995 3806 2208 3874 pietatis
2238 3804 2406 3881 allato
2449 3808 2773 3875 poinitentia:
2804 3804 3069 3879 baptismo
3096 3804 3374 3875 diluebati
3422 3822 3581 3881 atque

1994 3885 2054 3948 ut
2081 3891 2209 3948 vere
2238 3876 2485 3945 legalium
2534 3876 2916 3948 praeceptorum
2956 3890 3135 3936 custos
3182 3876 3507 3947 immobilis,
3524 3891 3582 3938 et

1995 3946 2261 4002 Herodem
2283 3962 2462 4017 regem
2489 3948 2557 4003 de
2583 3946 2763 4004 illicita
2788 3953 3071 4006 accusabat
3091 3968 3276 4014 uxore,
3300 3963 3351 4007 et
3373 3946 3579 4008 eunetis

1994 4017 2146 4093 a_d_sc
2171 4020 2611 4093 conctirrentibus
2639 4023 2960 4093 purgatioris
2980 4024 3102 4076 vita:
3130 4033 3392 4093 praecepta
3424 4039 3578 4079 man-

1994 4089 2174 4142 dabat.
2202 4088 2448 4164 Scientige
2481 4088 2657 4164 autem
2686 4088 2826 4164 illius
2858 4088 3234 4161 plenitudinem
3262 4088 3382 4164 quis
3402 4103 3580 4163 potest

1994 4174 2303 4232 agnoscere.
2328 4161 2416 4232 qui
2441 4161 2582 4232 quod
2622 4177 2717 4230 pro
2755 4163 2926 4218 salute
2955 4165 3138 4219 mundi
3168 4161 3311 4220 venit
3344 4179 3375 4219 e
3402 4161 3540 4220 ccelo
3559 4207 3574 4230 ,

1995 4231 2197 4299 primus
2224 4231 2471 4284 omnibus
2508 4233 2760 4286 revelavit
2781 4233 2805 4288 ?
3338 4242 3355 4261 '

2065 4301 2119 4356 5.
2179 4299 2458 4374 Peroratio.
2518 4302 2705 4357 Videte
2744 4305 2941 4374 itaque,
2991 4306 3202 4371 fratres,
3249 4320 3355 4374 quo
3389 4307 3575 4363 orandi

1994 4371 2311 4446 compendio
2344 4384 2399 4426 et
2426 4389 2526 4446 qua
2569 4371 2853 4446 paucitate
2870 4378 3153 4431 verborum
3195 4371 3576 4446 perfectionem

1994 4442 2205 4497 vivendi
2241 4442 2859 4514 venerabilis'Propheta
2910 4442 3210 4517 quaerebat:
3258 4448 3578 4505 Brevissima

1995 4529 2224 4588 namque
2279 4528 2527 4588 sermone
2554 4517 2861 4588 conclusit,
2931 4518 3183 4588 quidquid
3223 4518 3575 4588 spiritualium

1998 4585 2156 4661 habet
2199 4584 2792 4661 multitudo_virtutum.
2822 4587 2875 4661 Si
2905 4584 3033 4660 ergo
3063 4584 3150 4645 ille
3189 4584 3574 4661 Prophetarum

1997 4656 2295 4726 praecipuus
2321 4655 2457 4710 hanc
2477 4656 2658 4712 doceri
2684 4675 2742 4714 se
2767 4676 2796 4712 a
2826 4660 2935 4714 Deo
2962 4655 3241 4715 sanctioris
3278 4655 3397 4716 vitae
3436 4663 3575 4717 viam

1996 4737 2274 4804 tantopere
2310 4727 2655 4804 precabatur;
2694 4730 2817 4799 quid
2860 4729 3038 4785 facere
3080 4746 3177 4785 nos
3216 4742 3447 4800 oportet,
3486 4735 3577 4804 qui

1995 4806 2047 4870 et
2076 4799 2209 4852 tardi
2237 4813 2424 4852 sensus
2452 4799 2757 4855 inﬁrmitate
2786 4810 3078 4870 torpeinus,
3109 4812 3162 4856 et
3198 4799 3351 4857 nexia
3392 4799 3579 4861 remis-

1996 4868 2153 4943 sioris
2180 4869 2301 4923 vita:
2324 4871 2709 4943 consuetudine
2724 4941 2731 4943 ξ
2748 4868 3147 4943 depravantur?
3169 4873 3292 4937 Nos,
3318 4876 3531 4943 inquam
3557 4919 3574 4940 .

1995 4939 2165 5013 magis
2185 4955 2340 4994 orare
2369 4939 2624 5013 debemus
2647 4982 2663 5007 ,
2704 4939 2965 5009 dicentes,
3003 4942 3287 4999 Bonitatem
3312 4988 3327 5013 ,
3356 4939 3404 5000 et
3426 4945 3582 5002 disci-

1997 5011 2211 5088 plinam2
2237 5020 2281 5064 et
2303 5011 2567 5088 scientiam
2599 5013 2728 5088 doce
2773 5030 2866 5088 nos
2890 5056 2905 5080 ,
2933 5013 3151 5069 Domine
3180 5032 3199 5071 :
3227 5011 3491 5088 quatenus
3522 5019 3575 5075 in

1996 5081 2403 5158 nobi_s_bonitas
2445 5082 2701 5158 malitiam
2753 5086 2966 5150 vincat,
3009 5088 3132 5141 vitia
3173 5081 3577 5158 iac-voluptates

1995 5152 2564 5225 disciplina‘eoerccat,
2592 5162 2646 5225 et
2675 5156 2986 5225 ignorantia:
3030 5159 3323 5213 caecitatem
3352 5152 3576 5217 scientia

1994 5223 2235 5300 feritatis
2283 5223 2561 5300 illuniinet.
2607 5223 2664 5280 Si
2698 5223 2856 5300 enim
2913 5229 3099 5284 scieris
3155 5230 3575 5300 omnipotentem

1999 5294 2161 5370 Deum
2188 5293 2396 5370 Patrem
2428 5293 2718 5370 [filiumque
2756 5298 2875 5366 ejus
2910 5301 3235 5370 unigenitum
3272 5293 3425 5357 unius
3458 5319 3577 5358 esse

1996 5364 2327 5441 substantias,
2359 5363 2611 5436 Spiritum
2634 5363 2856 5441 quoque
2881 5363 3121 5427 sanc'tum
3152 5373 3262 5441 pari
3284 5374 3578 5429 credideris

1996 5436 2291 5490 mternitate
2320 5436 3092 5512 regnantem,'nullaunquam
3125 5436 3176 5497 te
3216 5443 3300 5497 vel
3343 5445 3578 5511 l’agano—

1994 5522 2120 5584 runt
2143 5522 2274 5561 vana
2294 5510 2602 5584 persuasio.
2635 5509 2735 5584 vel
2766 5509 3087 5567 Arianorum
3116 5515 3317 5584 perfida
3346 5509 3579 5570 turbabit

1995 5578 2257 5646 impietas.
2292 5576 2349 5632 Si
2379 5578 2536 5633 futuri
2557 5580 2739 5649 judicii
2770 5585 2992 5639 scientia
3018 5576 3280 5640 cor'tunm
3311 5596 3574 5641 mentem-

1994 5664 2097 5719 que
2141 5649 2439 5719 repleverit,
2467 5650 2687 5707 habebis
2726 5654 2779 5708 in
2819 5656 2921 5711 tuis
2952 5657 3190 5712 moribus
3218 5656 3572 5729 disciplinam.

2060 5814 2787 5895 istceebareeawue
2810 5821 2943 5895 sum
2979 5834 3073 5873 νοι
3112 5825 3161 5876 ιιι
3184 5838 3276 5877 um
3317 5837 3424 5881 em
3455 5832 3580 5895 apud

2010 5884 2231 5940 veteres,
2255 5892 2358 5942 pro,
2810 5890 2865 5931 It.
