4062 6368
1304 244 1335 266 ,ε

479 348 619 409 I855

477 474 532 521 et
563 462 797 521 nondum
825 462 1020 519 infuso
1047 468 1131 519 est
1153 462 1172 494 ί
1202 479 1217 517 :
1242 459 1385 531 quod
1410 459 1463 514 in
1491 458 1611 531 fuso
1635 455 1920 514 collectum
1949 468 2054 522 est,

474 538 584 608 jam
613 534 937 608 prteteritutu
968 543 1081 608 est.
1097 532 1242 603 Opus
1263 529 1396 601 ergo
1425 540 1572 608 tuum
1600 529 1651 583 in
1690 530 1805 582 l‘uso
1834 531 1921 608 sit,
1944 544 2056 608 pen

478 599 533 663 in
574 599 711 662 colo.
745 605 804 660 in
841 605 962 660 colo
998 599 1162 659 enim'
1183 611 1267 659 est
1303 599 1443 673 quod
1470 601 1702 673 facturus
1724 614 1825 673 es;
1855 600 1907 653 in
1940 599 2059 673 fnsn

480 678 622 749 quod
652 676 841 749 fecisti.
869 673 1006 749 Vide
1044 691 1173 749 ergo
1206 669 1455 749 siih'abes
1493 670 1773 749 a_liq_uid_in
1804 669 1939 724 fuso.
1982 669 2059 749 lbi

477 740 621 805 enim
651 748 929 801 ﬁrmantur
957 740 1173 803 brachia
1200 753 1288 799 tua
1310 788 1324 812 ,
1358 745 1428 798 ibi
1457 744 1560 798 erit
1584 742 1738 797 fortis
1757 740 2058 795 constantia

480 827 568 875 tua
588 861 602 883 ,
631 818 701 873 ibi
740 833 963 872 securus
995 818 1103 873 Deo
1129 817 1275 872 dices
1306 835 1319 869 :
1348 816 1457 885 Da,
1483 812 1784 885 quiandedi;
1817 812 2056 885 dimitte,

519 892 601 945 uia
630 889 842 954 dimisi;
870 887 983 952 fac,
1014 889 1134 959 quia
1162 886 1285 943 feci.
1310 884 1464 955 Quod
1494 882 1690 955 pendet
1724 884 1780 959 in
1809 883 1957 959 ccio,
1991 882 2059 937 ad

519 906 601 945 Illa
630 906 803 943 GlmlSl
827 906 842 954 ζ
870 906 983 952 lac,
1014 906 1134 959 quta
1162 906 1285 943 1601.
1310 906 1464 955 υιιοα
1494 906 1690 955 penum
1727 906 1780 937 111
1809 906 1957 946 cum,
1991 906 2059 937 au

478 906 657 1036 gusum
690 959 1055 1036 trajiciendnm
1085 969 1169 1036 est
1204 977 1217 1014 :
1251 973 1355 1013 non
1385 965 1563 1036 autem
1599 953 1739 1036 quod
1774 953 2061 1036 gollectutn

479 1040 563 1088 est
603 1033 656 1086 in
698 1024 906 1097 fusum,
936 1030 1001 1084 ad
1036 1032 1212 1085 colum
1253 1027 1607 1084 revocandum
1638 1034 1741 1080 est.
1774 1024 1916 1097 Ergo
1942 1024 2063 1097 vide

535 1102 608 1157 tid
639 1117 784 1173 agas,
810 1110 868 1156 ut
894 1096 1089 1156 habeas
1115 1104 1166 1156 in
1196 1098 1332 1165 fuso,
1360 1097 1768 1173 utbrachia'tua
1799 1096 1977 1151 ﬁrmes
2009 1096 2061 1173 in

504 1166 632 1245 bso,
667 1166 804 1245 quod
845 1183 898 1227 te
936 1174 1241 1245 consoletur
1264 1169 1449 1245 Lquod
1484 1177 1536 1224 te
1572 1168 1851 1245 confirmet
1873 1208 1887 1231 ,
1920 1166 2063 1237 quod

480 1245 575 1301 tibi
600 1238 697 1300 det
719 1244 964 1299 ﬁduciam
992 1242 1311 1312 deprecandi
1330 1238 1396 1296 iet
1424 1238 1691 1312 sperandi.

552 1317 607 1370 4.
636 1315 865 1386 Christus
895 1305 1161 1386 dupliciter
1202 1324 1248 1367 et
1283 1305 1586 1386 simpliciter
1616 1308 1921 1386 laudandus.
1961 1305 2063 1364 Se-

428 1428 432 1458 ,
482 1386 694 1458 quitur,
738 1385 926 1458 Manus
967 1378 1087 1440 suas
1130 1385 1328 1453 aperuit
1376 1378 1606 1458 pguperi.
1658 1379 1786 1458 _Eia,
1836 1378 2061 1458 fratres,

484 1451 735 1514 exercete
775 1456 1059 1512 laniﬁcium
1100 1451 1456 1511 sanctum.'Si
1482 1451 1615 1522 'quis
1658 1451 1818 1505 habet
1847 1451 2063 1519 plenum

418 1522 433 1545 ⁷
483 1529 778 1593 cellarium,
815 1527 1028 1597 plenum
1054 1527 1341 1597 horreum;
1370 1524 1546 1578 omnia
1572 1523 1669 1577 ista
1693 1522 1743 1575 in
1773 1522 1891 1597 colo
1915 1529 2062 1588 sunt,

484 1607 758 1681 transeant
787 1593 837 1652 in
867 1598 1058 1653 fusum.
1093 1596 1183 1681 [1η
1212 1597 1424 1681 sinistra
1466 1602 1618 1676 sunt,
1650 1593 1903 1681 quamdiu
1932 1607 2064 1661 pau-

525 1669 702 1724 eribus
724 1684 828 1723 non
852 1665 1152 1739 erogaveris
1178 1688 1190 1723 :
1215 1679 1268 1723 at
1290 1668 1378 1722 ubi
1408 1665 2064 1739 eteperisueleemosynam

525 1685 702 1724 BI‘IDUS
724 1685 828 1723 ΠΟΙὶ
852 1685 1152 1739 erogaverts
1178 1688 1190 1723 Ξ
1215 1685 1268 1723 at
1290 1685 1378 1722 “DI
1408 1685 1635 1735 C(BPCI'IS
1670 1685 2064 1735 ειρθιηυδγιιδιη

486 1685 683 1807 ﬁcere,
714 1739 1100 1795 transferuntur
1125 1740 1191 1794 ad
1213 1740 1486 1794 dexteram
1506 1778 1519 1800 ,
1550 1744 1605 1790 et
1641 1736 1697 1788 tit
1727 1750 1895 1807 opus,
1928 1733 2067 1788 unde

490 1806 1012 1885 1e5tisfie_ri_possi_t.
1037 1811 1058 1885 ]
1088 1809 1275 1866 Omnes
1311 1807 1568 1862 domestici
1597 1807 1707 1879 ejus
1736 1806 1895 1885 uestiti
1927 1813 2063 1885 sunt.

486 1880 751 1949 Numquid
782 1876 849 1936 de
877 1876 1114 1938 nuditate
1142 1894 1416 1936 servorum
1438 1876 1657 1949 suorum
1684 1876 1941 1930 sollicitus
1966 1878 2069 1949 erit

464 1952 569 2023 gvir
592 1946 708 2023 ejus
725 1951 940 2023 habens
963 1953 1241 2023 coniugem
1274 1950 1471 2023 talem?
1498 1946 1786 2023 [Qu_is__cs_t
1826 1947 2064 2023 iste‘vig,

486 2024 589 2096 nisi
610 2015 853 2096 Christus
869 2022 895 2079 ἲ
910 2033 1003 2079 aut
1026 2015 1151 2096 qua?
1165 2030 1249 2096 est
1270 2020 1461 2096 coniux
1484 2015 1623 2096 {nisi
1653 2019 1884 2096 Ecclesia
1915 2015 2068 2096 (a)1]

488 2094 677 2150 Vesuti
717 2104 840 2149 sunt
863 2135 879 2161 ,
921 2088 1181 2165 quot'quot
1208 2092 1278 2165 in
1315 2088 1529 2165 Christo
1559 2088 1811 2165 baptiza_t_i_
1834 2088 2072 2165 sunt.__Et

408 2192 417 2201 -
488 2166 614 2219 boni
644 2166 782 2221 servi
811 2159 871 2221 et»
894 2159 1018 2221 m'ali
1046 2159 1221 2220 vestiti
1242 2170 1387 2219 sunt.
1412 2159 1528 2218 Non
1555 2167 1731 2214 cessat
1760 2159 1847 2212 illa
1880 2159 2072 2213 mulier

488 2251 676 2312 omnes
705 2237 901 2292 vestire
930 2254 944 2291 :
978 2247 1033 2290 ut
1058 2242 1501 2312 nemo_queratur
1536 2238 1592 2286 et
1614 2229 1778 2312 dicat,
1808 2228 2072 2312 ldeonon

489 2323 605 2361 sum
651 2309 788 2362 bene
832 2317 1104 2375 operatus,
1150 2301 1280 2375 quia
1318 2318 1585 2375 nnnnfsum
1638 2301 1775 2375 bene
1823 2301 2071 2375 vestitus.

488 2376 733 2446 Duplicia
763 2369 923 2447 pallia
949 2378 1063 2446 fecit
1088 2369 1195 2431 uiro
1215 2392 1326 2430 suo.
1355 2373 1520 2429 Pallia
1548 2372 1740 2447 iaudes
1764 2380 1910 2447 sunt,
1940 2369 2073 2447 fides

491 2457 546 2503 et
571 2442 957 2504 confessiones;
991 2447 1201 2503 Laudas
1232 2447 1417 2508 Deum,
1443 2442 1629 2499 laudas
1653 2443 1942 2499 hominem.
1970 2444 2073 2498 Du-

491 2519 702 2589 pliciter
746 2520 962 2585 laudas,
1013 2529 1068 2574 et
1112 2517 1436 2589 simpliciter
1476 2514 1659 2568 laudas
1706 2532 1719 2566 :
1770 2513 2071 2589 dupliciter,

531 2591 613 2644 uia
645 2589 804 2644 homo
830 2599 913 2646 est
931 2582 986 2645 et
1007 2591 1182 2654 Deus;
1215 2582 1546 2657 simpliciter,
1571 2599 1675 2639 non
1708 2594 1767 2640 ut
1790 2582 1866 2638 sis
1897 2582 2071 2657 ﬁctus.

539 2660 770 2723 hotinus,
789 2677 817 2715 a
842 2676 947 2732 quo
968 2661 1203 2715 haeretici
1225 2655 1529 2732 Photiniatti
1553 2656 1909 2732 appellantur,
1923 2655 2075 2732 quasi

494 2732 714 2802 simplex
743 2727 955 2802 pallium
989 2731 1113 2786 fecit
1136 2732 1248 2785 viro
1278 2743 1394 2802 suo.
1425 2728 1611 2802 Solum
1628 2727 1781 2802 enim
1804 2727 2075 2802 hominem

494 2798 755 2865 credidit,
787 2803 1055 2858 Christum
1089 2803 1253 2857 Deum
1280 2801 1458 2856 colere
1494 2799 1685 2853 noluit.
1720 2798 1913 2853 Existit
1938 2798 2077 2851 alter

496 2883 681 2929 texens
709 2875 824 2929 viro
860 2888 955 2929 suo
994 2887 1300 2945 pannosum
1321 2871 1558 2945 pallium.
1590 2869 1678 2945 ᾼὶι
1706 2871 1849 2945 enim
1871 2866 2074 2945 ,_Gbri-

494 2955 608 3000 stus
640 2946 777 3000 Deus
796 2954 879 3000 est
909 2939 1132 3009 tantum,
1162 2939 1379 2999 omnino
1408 2940 1639 2995 hominis
1667 2940 1796 2995 nihil
1826 2939 2027 2994 habens
2061 2957 2073 2993 :

499 3017 600 3070 hoc
628 3015 903 3071 Manichzei
933 3016 1137 3071 dicunt.
1168 3013 1473 3071 Photiuiaoi
1510 3012 1728 3079 dicunt,
1755 3012 1926 3066 Homo
1956 3018 2077 3065 tan-

499 3096 609 3141 tmn
638 3094 755 3152 est;
787 3086 1059 3142 Manichazi
1088 3087 1303 3151 dicunt,
1340 3084 1477 3138 Deus
1518 3091 1723 3157 tantum
1763 3094 1867 3138 est.
1901 3081 2080 3157 [Ecce

498 3157 566 3212 de
609 3157 751 3226 quali
794 3159 1016 3213 ecclesia
1062 3173 1220 3228 quam
1266 3157 1494 3226 pretiosa
1536 3156 2079 3228 vestimentu_proce-

497 3224 648 3283 dunt.
680 3229 743 3282 Et
769 3239 1046 3298 propterea
1074 3224 1142 3285 de
1171 3224 1279 3282 illa
1299 3228 1555 3298 scriptum
1586 3235 1673 3298 est
1697 3224 1875 3298 quod]
1900 3224 2079 3293 dupli-

498 3300 576 3353 cia
608 3296 991 3368 pallia’fecerat
1010 3300 1123 3354 viro
1144 3315 1262 3354 suo.
1296 3297 1528 3367 Duplicia
1552 3296 1742 3365 pallia;
1766 3296 2083 3368 conﬁtemur

498 3366 639 3424 enim
672 3371 835 3424 Deum
860 3371 914 3425 in
945 3370 1178 3436 homine,
1208 3378 1264 3425 et
1294 3366 1560 3422 hominem
1594 3368 1644 3420 in
1674 3369 1801 3422 Deo.
1834 3366 1911 3420 De
1936 3367 2082 3437 bysso

499 3450 545 3497 et
570 3458 794 3509 purpura
817 3443 1104 3497 vestimenta
1145 3440 1437 3511 spiritualia
1466 3440 1785 3511 prteparavit.
1822 3438 1895 3492 De
1922 3436 2084 3511 bysso

501 3511 777 3568 candidam
798 3509 1213 3578 confessionem,
1230 3512 1297 3565 de
1316 3524 1543 3581 purpura
1564 3510 1851 3579 gloriosam
1876 3509 2082 3578 passio—

501 3599 641 3638 nem.
674 3584 896 3654 Byssum
918 3627 931 3647 ,
959 3599 1077 3638 cum
1109 3585 1272 3638 Deum
1304 3584 1654 3654 confitemur,
1696 3582 2034 3651 agnoscimus
2066 3596 2079 3632 :

502 3653 762 3726 punpuras
794 3657 843 3707 in
872 3656 1192 3726 martyribus
1220 3653 1602 3726 collaudatntts

576 3720 650 3797 [5.
675 3720 1029 3797 Eleemosynas
1049 3724 1373 3796 facientes,dc
1382 3724 1492 3778 colo
1507 3723 1703 3797 truhere
1717 3721 2009 3797 festinemug
2018 3720 2086 3774 ad

505 3792 696 3867 fus—unt,
717 3807 761 3847 et
778 3795 841 3850 de
856 3792 1058 3851 sinistra
1075 3799 1436 3866 transferamus
1455 3794 1523 3847 ad
1539 3794 1812 3867 duxterain.
1838 3792 1966 3856 Nos,
1990 3794 2088 3846 fra-

504 3864 634 3930 tres,
650 3867 841 3936 quibus
858 3868 994 3922 Deus
1021 3864 1224 3921 tantum
1245 3868 1439 3920 bonum
1460 3865 1703 3919 conferre
1721 3864 1966 3933 dignatus
1980 3872 2083 3936 est,

509 3946 568 3991 ut
596 3932 693 3991 nec
731 3937 799 3992 de
819 3938 1035 3996 .lndzeis.
1072 3953 1170 3993 nec
1195 3937 1263 3992 de
1294 3936 1557 3991 haereticis
1587 3932 1953 3997 nasceremur,
1990 3932 2087 3988 sed

503 4007 778 4063 catltolicm
803 4008 1053 4063 Ecclesia:
1067 4010 1159 4062 lilii
1173 4023 1292 4062 esse
1312 4021 1642 4062 mereremur
1660 4023 1672 4067 ς
1692 4013 1947 4072 quantum
1967 4018 2090 4073 pos-

505 4094 709 4141 sumus,
740 4079 848 4134 Deo
872 4081 1070 4149 gratias
1093 4078 1404 4139 referamus,
1420 4076 1845 4149 quinobisfidem
1864 4085 2084 4140 rectam,

503 4151 670 4203 etsibi
697 4146 940 4219 placitam
969 4151 1226 4218 inspirare
1245 4150 1325 4204 vel
1345 4149 1615 4203 insinuare
1635 4146 1880 4217 dignatus
1903 4156 1984 4200 est
2003 4163 2015 4199 :
2036 4154 2091 4200 et

505 4223 630 4276 totis
650 4222 851 4275 viribus
878 4223 1025 4290 (quia
1053 4222 1181 4275 fides
1203 4220 1318 4274 sine
1348 4219 1597 4290 operibus
1628 4233 1725 4272 nos
1750 4219 1963 4290 salvat-er
1982 4233 2089 4272 non

505 4293 706 4362 potest)
733 4292 799 4345 ad
835 4289 1112 4361 spirituale
1154 4290 1440 4345 laniﬁcium
1471 4289 1598 4343 illttd
1637 4298 1853 4362 nostros
1883 4289 2091 4362 animos

505 4358 887 4432 prwparemusl
928 4362 1134 4431 iugiter
1159 4362 1279 4433 idco
1308 4363 1680 4433 eleemosynas
1706 4360 1991 4433 facientes,
2022 4358 2092 4414 de

505 4431 622 4487 colo
652 4433 860 4487 trahere
887 4434 1194 4488 festinemus
1216 4432 1284 4487 ad
1309 4433 1504 4496 fusum,
1522 4431 1657 4486 etde
1678 4431 1891 4485 sinistra
1914 4438 2085 4486 trans-

505 4502 740 4558 feramus
776 4505 842 4558 ad
901 4504 1178 4558 dexteram
1229 4522 1242 4559 :
1285 4514 1339 4557 ut
1373 4517 1464 4572 per
1492 4503 1861 4573 cleemosynas
1891 4516 2091 4571 paupe-

512 4590 626 4627 rum
667 4575 862 4629 stolam
895 4575 1260 4645 unusquisque
1297 4582 1534 4628 nostrum
1565 4581 1829 4645 praaparet
1855 4572 1904 4624 i‘n
1933 4581 2091 4645 teter-

510 4660 635 4699 num
656 4685 672 4710 ,
716 4656 805 4709 ttt,
835 4647 971 4701 sicut
998 4642 1125 4700 dicit
1156 4642 1441 4714 Apostolus
1462 4687 1476 4705 ,
1518 4642 1573 4714 in
1600 4644 1807 4700 caelesti
1848 4642 2094 4714 convivio

512 4717 670 4770 vestiti
699 4726 745 4771 et
771 4733 871 4770 non
902 4717 1026 4771 nudi
1054 4713 1365 4788 inveniamur
1394 4716 1471 4788 (11
1501 4713 1618 4770 Cor.
1647 4716 1788 4788 v.75)
1813 4732 1825 4767 :
1857 4731 1919 4766 nc
1942 4713 2095 4766 nobis

509 4787 732 4850 dicatur,
757 4788 946 4858 Amice,
969 4787 1218 4858 quomodo
1240 4788 1337 4840 huc
1357 4786 1556 4840 intrasti
1580 4803 1681 4838 non
1700 4786 1890 4858 Altabcus
1916 4794 2096 4858 vestem

511 4860 791 4932 nuptialem
808 4854 1020 4932 (Matth.
1044 4875 1152 4914 χιιι
1172 4899 1187 4922 ,
1214 4857 1338 4932 1‘2)?
1358 4857 1451 4932 sed
1475 4857 1643 4932 magis
1661 4856 1730 4910 ab
1749 4856 1930 4908 auditu
1954 4854 2097 4932 inalo

511 4924 748 4994 liberati,
783 4924 923 4983 illam
956 4931 1161 4985 felicem
1190 4940 1243 4985 et
1267 4924 1672 4984 desiderabilem
1699 4940 1881 4979 vocem
1911 4924 2097 4980 audire

513 5015 844 5066 mereamur,
885 4999 1059 5055 Venite
1080 5040 1096 5065 ,
1125 5000 1367 5054 benedicti
1397 4999 1569 5053 Patris
1590 4999 1720 5065 mei,
1750 4997 1991 5066 percipite
2017 5012 2100 5050 re-

546 5088 664 5143 num
693 5074 827 5143 quod
851 5081 1193 5143 pt'teparatum
1213 5081 1287 5143 est
1313 5071 1376 5124 ab
1404 5070 1597 5143 origine
1622 5068 1798 5122 mundi
1823 5066 1935 5140 (Id.
1971 5081 2093 5134 xxv,

546 5088 664 5124 nunt
693 5088 826 5143 quoa
851 5088 1193 5143 pt'wparatum
1213 5088 1287 5125 est
1313 5088 1376 5124 an
1404 5088 1531 5140 orig:

510 5088 632 5217 g4);
664 5145 803 5215 quod
826 5145 940 5215 ipse
965 5151 1216 5214 praestare
1242 5138 1533 5212 dignetur.]

1044 5255 1271 5313 SERMO
1311 5255 1428 5310 th
1470 5253 1567 5325 (b).

658 5350 737 5406 De
760 5351 915 5406 tribus
948 5352 1116 5421 pueris
1146 5349 1310 5403 missis
1339 5348 1392 5401 in
1426 5349 1681 5420 fornacem
1704 5346 1837 5418 ignis
1865 5343 1956 5416 (ο).

592 5466 646 5521 1.
689 5463 919 5537 Tyranni
965 5464 1154 5518 sterilia
1200 5462 1255 5517 in
1301 5469 1401 5517 tres
1456 5476 1659 5531 pueros.
1704 5458 1865 5516 Jubet
1915 5468 2102 5530 tyran-

577 5606 598 5670 ἓ
630 5603 948 5670 Augustinus.
964 5598 1127 5670 ράΙιιιε
1149 5597 1371 5670 Mm
1385 5601 1493 5670 es};
1513 5593 1644 5670 cupit
1663 5592 1718 5647 in
1738 5596 1846 5661 fuso
1861 5599 1952 5670 est.

576 5667 648 5731 (a)
672 5658 767 5717 nae
790 5674 917 5731 nunc
934 5658 1007 5731 ab
1020 5658 1286 5731 Augustino
1300 5660 1442 5731 abest
1464 5658 1479 5709 ἑ
1503 5658 1594 5710 sed
1610 5658 1777 5710 tamen
1788 5659 2036 5722 reperitur
2055 5658 2108 5708 in

515 5720 643 5782 vera'
653 5731 793 5779 Beda:
814 5720 1115 5778 Collectione'
1126 5724 1186 5772 ad
1208 5720 1356 5772 celat.
1383 5737 1416 5771 ι.

602 5795 652 5851 b)
685 5791 829 5849 Alias,
850 5790 915 5840 de
936 5796 1172 5851 Tempore
1193 5783 1302 5851 240,

599 5844 653 5916 ei
684 5862 736 5904 tn
759 5844 1030 5916 Appendice
1056 5844 1189 5900 nunc
1219 5847 1426 5909 primum
1444 5844 1720 5898 collocatur.
1747 5846 1920 5899 Incerti
1948 5851 2110 5895 aucto-

1926 340 2293 400 APPENDIX.

2170 470 2271 533 nus
2293 455 2570 533 fornacem
2593 457 2842 533 incendi,
2878 464 2936 514 et
2971 463 3230 529 quantum
3268 472 3386 531 Ipse
3411 461 3534 533 igne
3561 464 3757 522 furoris

2164 527 2405 600 ardebat,
2435 537 2581 600 tanto
2606 529 2900 600 sanctiores
2921 527 3122 600 pueros
3148 527 3574 590 consummabant.
3606 537 3758 599 Nunc

2165 598 2413 672 undantis
2439 597 2855 672 fumidensitate
2878 597 3073 656 caelum
3101 602 3424 672 contegitur,
3454 597 3758 664 nunchor-

2165 668 2318 746 nifico
2346 670 2523 725 sonitu
2546 669 2785 746 Chaldaei
2817 672 3010 746 cuncti
3022 668 3328 746 terrentur;
3362 668 3421 731 ut
3444 679 3757 746 magnitudo

2165 740 2359 795 divinae
2387 742 2687 797 severitatis
2717 756 2815 812 per
2838 740 3093 812 supplicia
3118 740 3587 801 monstrareturfs
3609 753 3755 807 -τιὶθ,

2165 812 2253 888 bat
2282 812 2812 888 violentusinimicus
2837 855 2850 877 ,
2882 814 3200 888 supplicium
3229 815 3580 888 suisfamulis
3607 833 3755 888 quat-

2166 883 2387 955 siturus.
2419 882 2687 939 Saeviebat
2707 923 2722 948 ,
2764 898 2869 939 non
2900 893 2957 939 ut
2989 882 3162 953 justos
3192 886 3516 955 trucidaret,
3560 882 3653 945 sed
3699 900 3759 948 ut

2167 954 2278 1008 suis
2305 954 2575 1009 interitum
2611 963 2942 1024 procuraret.
2974 957 3240 1011 Szeviebat
3260 999 3275 1020 ,
3309 972 3414 1013 non
3445 966 3507 1014 ut
3546 976 3761 1017 cresce‘

2165 1035 2283 1096 rent
2305 1040 2582 1096 poenarum
2608 1034 2911 1094 augmenta.
2944 1026 3036 1080 sed
3059 1036 3115 1080 ut
3140 1028 3347 1083 cunctis
3368 1039 3763 1088 monstraretur

2166 1095 2344 1171 divina
2374 1106 2639 1171 potestas;
2662 1107 2721 1151 ut
2750 1098 2873 1150 dum
2900 1097 3049 1168 impii
3071 1099 3346 1171 suppliciis
3373 1101 3759 1171 gloriarentur,

2168 1165 2499 1239 flammarum
2546 1169 2745 1239 impetu
2790 1165 3471 1225 vorareitturfSaeviebant
3517 1165 3764 1230 scelerati

2168 1238 2402 1310 Cbaldasi
2422 1238 2703 1310 suppliciis
2732 1239 3085 1307 praesentibus
3106 1241 3347 1310 perituri,
3382 1252 3436 1295 et
3461 1241 3761 1299 futurorum

2169 1308 2335 1377 ignari
2363 1309 2588 1364 ministri
2605 1309 2751 1379 jussa
2769 1310 3088 1376 accelerant,
3108 1308 3300 1379 parant
3323 1313 3587 1379 incendia,
3607 1314 3761 1369 flam-

2170 1394 2293 1454 mas
2324 1392 2671 1454 exaggerant.
2721 1378 3019 1454 Crudelitas
3050 1378 3166 1452 ejus
3201 1382 3440 1452 possidet
3483 1394 3722 1441 mentem
3742 1429 3759 1454 ,

2169 1450 2369 1504 srevitia
2402 1452 2646 1507 immutat
2679 1453 3029 1506 voluntatem.

2239 1520 2291 1575 2.
2317 1520 2441 1576 Tres
2476 1523 2620 1595 pueri
2655 1523 2709 1576 in
2752 1526 2959 1595 fornace
2984 1522 3171 1595 illwsi.
3196 1523 3250 1578 In
3295 1523 3567 1581 fornacem
3607 1528 3765 1585 missi

2170 1602 2296 1647 sunt
2326 1596 2525 1661 sancti,
2556 1593 3014 1666 fugiuntﬁammze
3034 1637 3049 1660 ,
3082 1594 3277 1649 cedunt
3302 1596 3450 1666 ignes
3470 1638 3486 1661 ,
3516 1597 3766 1655 incendia

2170 1673 2547 1736 expavescunt.
2576 1664 2788 1719 Timent
2835 1667 2982 1736 ignes
3020 1666 3213 1736 laedere
3232 1664 3368 1736 quos
3397 1666 3605 1722 fuerant
3632 1669 3766 1731 iussi

2172 1735 2466 1806 incolumes
2510 1750 2807 1790 reservare.
2834 1734 3134 1791 Ostendunt
3157 1734 3425 1806 justorum
3469 1740 3722 1794 meritum
3747 1780 3763 1806 ,

2171 1804 2299 1878 dum
2321 1806 2529 1878 tyranni
2550 1815 2900 1878 contemnunt
2926 1804 3231 1878 imperium.
3250 1808 3397 1863 Licet
3412 1811 3613 1863 sanctis
3639 1804 3764 1865 cum

2172 1876 2295 1945 igne
2333 1876 2501 1946 jocari
2522 1918 2535 1939 ,
2568 1877 2761 1946 quibus
2788 1893 2908 1931 cum
2941 1876 3243 1933 hominibus
3288 1894 3392 1933 non
3425 1880 3574 1934 licuit
3611 1897 3767 1935 com-

2174 1949 2388 2022 morari.
2419 1946 2597 2022 Licuit
2616 1946 2912 2022 infernace
2945 1950 3106 2022 Deum
3140 1951 3406 2022 venerari,
3435 1968 3593 2020 quem
3617 1952 3763 2022 apud

2173 2018 2417 2073 homines
2439 2034 2542 2073 non
2567 2018 2713 2073 licuit
2735 2019 3003 2074 honorari.
3029 2020 3178 2074 Licet
3203 2018 3532 2076 ﬂammarum
3562 2018 3767 2078 mereri

2174 2090 2427 2163 nbsequia
2448 2132 2472 2163 ,ί
2489 2090 2577 2160 qui
2609 2105 2710 2144 non
2739 2100 3044 2163 meruerant
3068 2090 3438 2147 Chaldaeorum
3478 2094 3765 2163 supplicia.

2174 2160 2325 2215 Licet
2353 2162 2560 2234 ignibus
2584 2165 2887 2234 conservari
2914 2162 3132 2228 illaesos,
3163 2179 3295 2232 quos
3318 2160 3573 2234 tyrannus
3586 2160 3772 2220 dede-

2175 2243 2255 2284 rat
2284 2232 2606 2286 exurendos.
2644 2232 2791 2287 Licet
2815 2234 2868 2286 in
2897 2248 3052 2301 poena
3083 2249 3200 2287 esse
3238 2232 3490 2302 securos,
3512 2251 3647 2304 quos
3676 2252 3774 2290 ex-

2180 2311 2256 2355 tra
2283 2316 2495 2371 prunam
2533 2318 2642 2357 non
2665 2304 2809 2358 licuit
2832 2318 2952 2358 esse
2981 2305 3207 2359 intactos
3237 2323 3250 2358 :
3282 2314 3340 2358 ut
3366 2306 3452 2360 ubi
3485 2307 3771 2371 interitus,

2177 2372 2248 2448 ibi
2290 2374 2481 2448 salus;
2526 2374 2612 2448 ubi
2644 2375 2943 2448 supplicia,
2966 2375 3037 2430 ibi
3080 2376 3443 2431 invenirentur
3468 2376 3773 2448 refrigeria.

2178 2444 2395 2518 Accipe,
2412 2443 2613 2518 iniistis,
2639 2460 2671 2499 a
2700 2445 3329 2518 suppliciisexemplnm,
3356 2449 3442 2517 qui
3472 2443 3776 2502 humanita-

2180 2516 2247 2571 tis
2296 2514 2570 2587 perdidisti
2620 2516 2924 2588 consilium.
2957 2514 3189 2588 Fugiunt
3228 2514 3604 2588 ignes'justos,
3637 2534 3778 2588 quos

2179 2587 2375 2656 injuste
2400 2587 2663 2644 damnasti
2695 2604 2711 2643 :
2738 2586 3099 2656 expavescunt
3142 2586 3411 2649 flammae,
3429 2599 3482 2643 et
3512 2586 3780 2644 innocen-

2181 2666 2261 2713 tes
2301 2659 2678 2727 pronuntiant,
2708 2670 2845 2730 quos
2886 2657 3078 2731 dignos
3104 2659 3367 2729 supplicio
3405 2660 3630 2731 deputas
3668 2677 3683 2714 :
3720 2669 3783 2716 et

2181 2746 2299 2800 quae
2325 2731 2514 2785 sawire
2538 2728 2964 2795 consueverant,
2992 2728 3185 2800 dignos
3223 2736 3441 2785 sanctos
3468 2728 3521 2786 in
3552 2729 3781 2800 fornace

2181 2798 2489 2873 cernebant.
2526 2802 2787 2855 Damnant
2816 2800 2999 2873 hostes
3024 2798 3079 2873 et
3103 2800 3386 2857 absolvunt
3409 2800 3580 2873 ignes.
3607 2798 3785 2873 Chal-

2181 2870 2282 2925 drci
2313 2872 2584 2940 adjiciunt,
2614 2882 2666 2926 ct
2693 2888 2863 2942 preme
2889 2872 3201 2928 defendunt.
3235 2870 3491 2928 Homines
3519 2871 3773 2939 saeviunt,

2183 2951 2237 2996 et
2281 2945 2534 3012 supplicia
2584 2952 2924 2999 venerantur.
2977 2943 3260 3015 Tyrannus
3311 2945 3527 3013 putabat
3569 2953 3785 3000 tantum

2186 3023 2449 3068 tormenta
2481 3029 2636 3084 posse
2663 3016 2850 3069 saevire
2871 3055 2885 3081 ,
2914 3023 3166 3084 quantum
3191 3016 3316 3085 ipse
3342 3016 3630 3085 sacrilegus
3658 3016 3784 3071 exi—

2185 3085 2434 3139 stimabat
2461 3100 2520 3141 se
2563 3094 2878 3155 potestatem
2908 3085 3122 3141 habere.
3156 3085 3310 3156 [goes
3343 3086 3502 3156 justis
3536 3085 3782 3154 cedunt,

2186 3156 2406 3211 ardores
2429 3156 2764 3211 flammarum
2792 3158 2842 3210 in
2884 3156 3218 3227 refrigerium
3260 3165 3569 3222 vertuntur,
3613 3168 3668 3212 et
3696 3158 3786 3212 in-

2187 3229 2384 3281 stituta:
2424 3237 2625 3282 naturae
2653 3243 2875 3282 voraces
2903 3229 3130 3296 impetus
3160 3229 3580 3294 obliviscuntur;
3610 3237 3669 3283 ut
3689 3228 3784 3298 ju-

2187 3307 2298 3352 stos
2320 3308 2637 3353 venerantes
2661 3301 2928 3361 timerent,
2947 3308 3000 3351 et
3028 3315 3212 3353 eorum
3245 3299 3428 3353 hostes
3449 3314 3784 3370 persequen-

2188 3377 2268 3424 tes
2315 3370 2581 3437 punirent.
2615 3371 2764 3440 Ignes
2789 3370 2963 3438 justus
2998 3371 3230 3439 hospitio
3256 3386 3376 3425 cum
3404 3371 3546 3424 omni
3574 3370 3787 3425 honore

2188 3441 2517 3524 suscipiunt,
2561 3449 2616 3495 et
2659 3441 2886 3524 libenter
2936 3442 3251 3524 obsequium
3294 3442 3554 3524 prmbent.
3601 3442 3788 3524 Hostis

2190 3519 2394 3583 mutato
2430 3526 2628 3582 genere
2675 3512 2863 3583 saevit,
2905 3526 3005 3567 nec
3044 3512 3220 3583 aliqua
3261 3512 3460 3582 pietate
3502 3522 3781 3578 movetur,

2190 3597 2289 3654 nec
2317 3581 2644 3654 humanitate
2674 3582 2960 3637 blanditur.
3003 3581 3192 3638 Posset
3217 3581 3460 3646 vincere,
3501 3583 3545 3637 si
3569 3584 3786 3654 ignibus

2191 3653 2497 3724 imperaret.
2527 3653 2836 3708 Oﬁ‘eruntur
2864 3668 2992 3724 ergo
3023 3655 3376 3724 igoibusjusti
3407 3653 3603 3708 vestitu
3629 3654 3783 3716 tecti,

2189 3722 2416 3779 νίιῖριιὶἱε
2466 3725 2699 3795 colligati
2744 3742 2757 3779 :
2798 3722 3159 3780 defenduntur
3208 3722 3488 3780 ardoribus
3538 3726 3695 3791 justi,
3726 3733 3785 3780 et

2192 3811 2325 3864 quos
2354 3796 2695 3867 visnhumana
2726 3796 3029 3859 damnavit,
3062 3797 3197 3867 ignis
3227 3796 3473 3851 absolvit.
3507 3795 3647 3850 Nihil
3686 3810 3787 3850 co-

2192 3869 2355 3936 gitat,
2389 3866 2519 3920 nihil
2560 3867 2767 3939 metuit.
2808 3867 2911 3939 Sic,
2938 3866 3164 3937 namque
3199 3867 3484 3939 crudelitas
3510 3867 3790 3939 tyrannica

2193 3946 2437 4007 superata
2467 3938 2825 4008 prosternitur
2843 3978 2859 4002 ,
2883 3938 3009 3992 dum
3044 3940 3126 3992 sui
3155 3938 3412 3993 satellites
3436 3939 3784 4008 devorantur.

2192 4009 2375 4063 Cernit
2405 4007 2615 4077 poenam
2637 4050 2653 4071 ,
2684 4017 2737 4062 ct
2762 4023 3035 4062 servorum
3073 4010 3163 4063 Dei
3192 4009 3383 4077 aspicit
3409 4009 3652 4079 gloriam.
3679 4007 3785 4063 Ju-

2194 4080 2290 4133 stis
2321 4084 2470 4149 ignes
2489 4080 2802 4150 obsequium
2837 4090 3108 4148 praestant,
3133 4079 3343 4149 injustis
3365 4080 3633 4135 interitum
3659 4079 3795 4134 sub-

2164 4151 2515 4222 ,ministrant.
2545 4149 2675 4203 Dum
2700 4150 2932 4205 vindicat
2957 4149 3201 4216 ﬂamma,
3234 4152 3382 4222 impii
3409 4159 3700 4218 necantur,
3731 4157 3792 4205 et

2190 4221 2315 4291 justi
2347 4222 2638 4278 salvantur.

2269 4295 2318 4347 5.
2353 4292 2661 4347 Miraculum
2687 4293 2911 4364 agnoscit
2952 4301 3217 4364 tyrannus.
3241 4292 3374 4348 Cum
3404 4293 3467 4346 ad
3513 4291 3790 4346 fornacem

2198 4372 2456 4434 tyrannus
2496 4364 2806 4418 festinanter
2835 4363 3142 4426 accederet,
3159 4375 3336 4434 stupet
3362 4364 3593 4429 Iaudem,
3622 4363 3793 4434 mira-

2197 4431 2284 4489 tur
2315 4437 2531 4500 factum,
2554 4443 2839 4505 veneratur
2861 4435 3027 4488 Deum
3056 4447 3177 4490 cum
3208 4431 3377 4490 tribus
3397 4436 3575 4505 pueris
3601 4434 3652 4487 in
3678 4431 3796 4488 for-

2199 4520 2348 4560 nace.
2400 4506 2598 4573 ASpicit
2627 4506 2772 4575 justo
2814 4504 3101 4574 divinoque
3137 4506 3336 4561 ambitu
3380 4504 3625 4576 protegi,
3658 4518 3797 4574 quos

2201 4592 2369 4645 nuper
2402 4574 2639 4646 iusserat
2660 4575 2925 4631 violentus
2954 4577 3238 4646 exstingui.
3272 4578 3329 4632 In
3359 4574 3461 4630 illis
3490 4574 3557 4630 in'
3573 4574 3796 4631 fornace

2201 4648 2375 4712 videt,
2407 4663 2563 4717 quem
2595 4649 2644 4701 in
2675 4647 2780 4701 illis
2805 4656 2928 4701 ante
2969 4662 3074 4702 non
3107 4664 3227 4703 esse
3265 4656 3495 4718 putaret.
3526 4648 3644 4714 Quo
3675 4647 3796 4702 visu
3847 4660 3868 4715 ς’

2202 4721 2418 4773 territus
2451 4718 2612 4773 furori
2641 4719 2786 4772 addit
2812 4718 3081 4772 lenitatem
3117 4736 3131 4772 :
3165 4719 3223 4774 ﬁt
3250 4729 3470 4789 repente
3493 4718 3797 4789 confessor,
3851 4722 3864 4745 ‘

2203 4791 2291 4859 qui
2338 4806 2507 4859 nuper
2537 4789 2711 4845 fuerat
2762 4799 3088 4859 persecutor.
3121 4788 3380 4845 Praedicat
3424 4804 3584 4859 quem
3633 4788 3800 4857 paulo

2203 4870 2325 4916 ante
2357 4860 2601 4932 negabat,
2625 4860 2867 4932 venerari
2897 4860 3156 4932 praecipit,
3184 4862 3275 4932 qui
3321 4870 3642 4915 venerantes
3696 4860 3800 4912 da-

2205 4928 2447 4987 mnavit.‘
2461 4931 2631 5003 Rogat
2649 4930 2731 5003 de
2755 4928 2982 5003 fornace
2998 4928 3183 5003 justas
3203 4928 3531 5003 procedere,
3550 4938 3802 5003 precatur

2205 5004 2271 5058 de
2303 5004 2421 5073 igne
2453 4999 3092 5073 Dei'famulosprosilire.
3124 4999 3288 5069 Exiie,
3322 5004 3513 5073 inquit,
3543 4999 3674 5056 servi
3698 4999 3800 5073 Dei

2206 5072 2407 5128 excelsi.
2442 5072 2594 5128 Nunc
2612 5088 2697 5128 me
2726 5072 3061 5128 defensorem
3089 5074 3182 5129 Dei
3210 5072 3484 5145 profiteor,
3514 5073 3668 5142 cujus
3693 5072 3803 5125 ini-

2208 5146 2402 5199 micum
2449 5145 2611 5200 fuisse
2639 5152 2875 5207 constat;
2898 5152 2958 5199 ut
2979 5144 3130 5215 cujus
3154 5144 3339 5201 servos
3366 5146 3581 5215 ignarus
3611 5157 3800 5215 perse-

2207 5217 2429 5286 quebar,
2458 5216 2573 5285 ejus
2603 5216 2845 5269 inimicos
2869 5225 2929 5270 ut
2955 5214 3235 5282 defensor,
3264 5213 3511 5271 ulciscar.
3536 5215 3691 5269 Tunc
3714 5213 3805 5286 de

2210 5284 2425 5342 fornace
2447 5284 2791 5357 egrediuntur
2820 5286 2972 5341 illaesi
3013 5286 3257 5354 Hebraei,
3299 5288 3545 5341 laetantur
3587 5284 3802 5340 incolu—

2210 5373 2345 5425 mes,
2376 5356 2708 5428 triumphant
2731 5358 2996 5424 victores,
3025 5358 3170 5428 quod
3200 5359 3307 5413 Deo
3348 5358 3574 5413 ﬁdeliter
3598 5356 3804 5411 servie-

2211 5439 2363 5497 runt,
2384 5438 2439 5485 et
2456 5426 2692 5485 furerem
2713 5430 2926 5502 tyranni
2948 5426 3385 5500 contempserunt
3405 5428 3565 5503 (Dan.
3591 5434 3693 5498 ut).

2212 5658 2383 5724 risest
2396 5691 2414 5724 _,
2431 5666 2535 5706 sum
2550 5655 2615 5724 Ain
2634 5650 3100 5724 dicendofsmlta'tis
3136 5658 3189 5702 et
3211 5649 3524 5724 eloquentiae.
3539 5645 3812 5724 periculur-

2214 5663 2283 5709 rls
2304 5663 2383 5708 est
2397 5691 2414 5717 ,
2431 5663 2615 5731 sum‘tn
2634 5663 3100 5730 dicendetlautws
3136 5663 3189 5702 et
3211 5663 3810 5761 eloquenttaaigﬁtwum

2214 5720 2466 5792 bidentis:
2492 5730 2629 5792 cujus
2650 5716 3321 5792 tudemnmgentum-saptuau't
3340 5712 3420 5792 alii
3442 5725 3515 5792 (In
3566 5781 3640 5792 ὼ
3658 5723 3810 5792 supe-

2214 5786 2318 5834 rius
2348 5773 2572 5855 impnessi
2590 5773 3083 5855 seu-mones_,_§cillicet
3098 5776 3149 5839 3,
3172 5773 3221 5838 7,
3245 5774 3323 5837 23,
3350 5774 3430 5836 27,
3454 5773 3535 5835 36,
3560 5781 3682 5835 etc.,
3702 5773 3810 5837 qui-

2217 5857 2318 5907 que
2334 5838 2559 5905 prdxime
2579 5841 2913 5902 subsequitur,
2935 5838 3014 5889 60.
