4156 6374
387 303 520 358 1389

382 417 547 470 nativa
581 425 926 484 corrumpente
951 415 1273 468 medicamine
1292 413 1437 466 :dicit
1463 415 1592 466 enim
1612 412 1767 478 Deus,
1801 433 1819 466 ι
1845 412 1949 466 Fa-

383 489 575 555 ciamus
597 485 846 539 hominem
869 485 935 538 ad
957 485 1222 555 imaginem
1252 493 1297 537 et
1321 485 1693 537 similitudinem
1731 495 1951 538 nostram

384 554 534 626 (Gen.
576 570 614 614 ι.
646 555 743 626 26)
772 574 784 609 :
815 564 858 608 et
885 556 1034 626 audet
1067 554 1550 626 quisquam‘mutare
1587 565 1633 607 et
1675 566 1957 608 convertere

382 619 516 696 quod
561 627 678 696 fecit
720 619 900 678 Deus?
948 619 1132 678 Manus
1186 619 1354 676 Deum‘
1383 623 1642 690 offendunt
1671 626 1707 688 ³,
1753 625 1954 694 quando

381 695 436 748 id
460 696 596 764 quod
621 695 707 748 ille
734 697 985 765 formavit,
1015 696 1290 765 reformare
1318 702 1362 746 et
1414 695 1776 763 transﬁgurare
1823 711 1946 765 con-

382 763 590 820 tendunt
617 781 635 817 :
661 763 868 818 scientes
893 765 1026 833 quod
1055 781 1180 833 aptis
1225 763 1318 816 Dei
1348 775 1416 817 est
1463 780 1608 816 omne
1627 765 1760 831 quod
1785 764 1951 816 nasci—

383 846 499 897 tur;
529 835 736 895 diaboli,
765 835 1112 902 quodcumque
1130 843 1367 886 mutatur.
1397 833 1456 887 Si
1483 834 1591 902 quis
1613 834 1848 903 pingendi
1874 850 1955 885 ar-

384 905 508 974 tifex
531 903 723 974 vultum
749 905 966 973 aliCujus
986 914 1030 956 et
1074 903 1287 972 speciem
1312 912 1356 955 et
1403 903 1627 971 corporis
1665 905 1954 971 qualitatem

382 973 566 1028 tantulo
588 973 754 1027 colore
792 976 1054 1045 sigttassel,
1081 974 1345 1045 et_signato
1366 975 1479 1045 jam
1517 985 1956 1044 consummatoque

382 1046 670 1107 simulacro,
699 1041 877 1098 manus
900 1044 1032 1097 alius
1071 1041 1290 1107 afferret,
1315 1041 1434 1096 utet
1454 1043 1564 1112 jam
1588 1047 1823 1114 formata,
1843 1041 1955 1111 jam

384 1118 519 1182 picta
547 1114 692 1183 quasi
736 1114 939 1184 peritior
965 1115 1254 1184 reformaret
1279 1128 1296 1174 ;
1340 1114 1514 1184 gravis
1543 1114 1722 1180 prioris
1749 1114 1956 1180 artificis

381 1185 576 1253 injuria
602 1193 649 1236 et
663 1184 804 1253 justo
824 1183 1102 1252 indignatio
1118 1183 1381 1236 videretur.
1417 1183 1482 1236 Et
1508 1183 1556 1235 in
1579 1184 1950 1250 sequentibus:

445 1269 508 1306 on
536 1255 732 1320 metuis,
761 1270 822 1306 ne
844 1270 959 1306 eum
981 1253 1360 1323 resurrectionis
1399 1253 1503 1305 dies
1532 1255 1738 1318 venerit,
1770 1256 1956 1323 artifex

366 1335 500 1381 ,tuus
527 1340 626 1376 non
655 1333 702 1376 te
739 1331 1082 1394 recognoscat,
1114 1331 1158 1394 et
1183 1322 1250 1394 ad
1279 1339 1372 1375 sua
1401 1323 1608 1391 prtemia
1629 1333 1674 1376 et
1707 1322 1954 1392 promissa

383 1395 655 1447 venientem
675 1393 922 1447 removeat
945 1393 1269 1463 eti-excludat,
1300 1394 1567 1463 inattepans
1593 1395 1759 1463 rigore
1786 1409 1951 1447 censo-

385 1465 452 1516 ris
479 1473 524 1516 et
543 1464 730 1533 iudicis
762 1465 893 1516 dicat
914 1479 932 1516 :
965 1462 1106 1532 Opus
1132 1463 1224 1516 hoc
1250 1479 1414 1516 meum
1441 1479 1536 1515 non
1558 1462 1652 1522 est,
1681 1480 1769 1516 nec
1789 1464 1956 1533 imago

383 1534 488 1587 [uec
510 1543 682 1586 nostra
711 1542 799 1599 est,
831 1550 942 1586 eum
959 1543 1005 1586 te
1023 1534 1155 1602 ﬂavo
1177 1534 1502 1586 medicamine
1527 1533 1751 1602 polluisti
1775 1535 1816 1599 ³,
1844 1550 1957 1586 cum

384 1607 598 1672 [armant
625 1621 774 1674 quam
814 1605 1049 1658 dederam
1075 1603 1180 1668 tibi,
1209 1604 1470 1656 mendacio
1495 1606 1789 1674 deformasli
1813 1621 1831 1668 ;
1878 1608 1958 1672 fa-

382 1674 481 1727 cies
508 1673 745 1742 corrupta
787 1684 878 1740 est,
933 1675 1152 1727 membra
1195 1674 1360 1726 aliena
1400 1685 1513 1726 sunt
1542 1689 1560 1726 :
1590 1673 1749 1726 Deum
1791 1674 1957 1726 videre

384 1761 482 1816 non
509 1747 732 1816 poteris;
762 1746 999 1816 quoniam
1024 1743 1154 1816 oculi
1184 1744 1269 1816 tibi
1307 1761 1406 1797 non
1433 1753 1545 1797 sunt
1565 1759 1688 1812 quos
1729 1743 1863 1798 Deus
1892 1747 1958 1813 fe-

381 1815 466 1877 cit,
499 1815 588 1868 sed
612 1830 734 1882 quos
755 1814 980 1868 diabolus
1007 1814 1216 1882 infecit?

452 1885 505 1939 5.
519 1883 684 1938 Deum
703 1887 753 1938 in
774 1901 983 1954 corpore
1002 1886 1112 1954 quis
1131 1893 1306 1952 portet.
1341 1915 1410 1924 —
1426 1884 1607 1937 Audite
1628 1890 1705 1936 nte
1719 1885 1883 1952 itaque
1902 1892 1956 1935 ut

385 1964 640 2025 parentem
659 1957 866 2025 ;auditc,
884 1970 1070 2025 qutvso,
1111 1970 1194 2008 vos
1207 1955 1462 2008 docentem
1480 1954 1664 2025 pariter
1674 1970 1733 2006 ac
1753 1969 1956 2006 monen-

385 2024 505 2089 tem;
528 2025 696 2078 audite
705 2024 1000 2079 utilitatibus
1015 2027 1186 2078 vestris
1203 2035 1247 2077 et
1264 2026 1535 2078 commodis
1547 2024 1759 2092 fideliter
1772 2039 1956 2076 consu-

384 2096 584 2166 lentem.
610 2094 781 2166 Estote
793 2096 936 2159 tales,
955 2095 1124 2166 quales
1138 2111 1222 2148 vos
1239 2093 1376 2147 Deus
1396 2095 1580 2166 artifex
1620 2095 1735 2166 fecit
1766 2109 1784 2146 :
1799 2103 1960 2166 estote

387 2164 688 2235 tulesqu'ales
708 2181 791 2222 vos
811 2163 989 2219 manus
1011 2163 1179 2219 Patris
1199 2164 1490 2219 instituit.1ll
1497 2163 1640 2218 aneat
1662 2165 1713 2217 in
1733 2163 1864 2217 vobis
1879 2166 1958 2233 fa—

383 2237 483 2289 cies
497 2234 806 2317 incorrupta,
825 2239 990 2317 cervix
996 2252 1148 2317 pura,
1165 2237 1551 2317 formasincera,
1570 2255 1602 2290 a
1617 2234 1959 2317 calcetiiiteiuis

385 2306 657 2377 superﬂuis
683 2305 830 2377 pedes
865 2305 1028 2370 liberi,
1052 2307 1211 2358 crines
1245 2308 1384 2360 nullo
1419 2308 1585 2360 colore
1612 2306 1788 2377 fuca_ti,
1826 2305 1960 2377 oculi

384 2374 737 2446 conspicienda
751 2374 912 2430 Deum
929 2377 1088 2446 digni.
1107 2377 1326 2444 Apostoli
1342 2393 1436 2430 vox
1451 2387 1541 2441 est,
1555 2374 1698 2446 quem
1714 2375 1960 2446 Dominus

386 2460 472 2500 vas
509 2445 764 2502 electionis
789 2445 1061 2515 appellavit
1091 2461 1109 2498 :
1140 2446 1260 2500 dicit
1295 2449 1443 2510 enim,
1485 2445 1688 2499 Primus
1723 2445 1870 2498 homo
1899 2445 1961 2497 de

388 2525 541 2581 terra,
571 2521 827 2582 terrenus;
855 2515 1101 2570 secundus
1129 2517 1276 2570 homo
1300 2519 1362 2571 de
1386 2519 1529 2580 cwlo,
1558 2517 1788 2570 caelestis.
1815 2515 1958 2569 Sicut

388 2585 710 2658 portavimus
743 2587 1010 2658 imaginem
1054 2589 1256 2658 terreni,
1297 2591 1368 2642 sic
1415 2597 1665 2656 portemus
1692 2586 1960 2658 imaginem

388 2655 595 2729 “plastis
610 2655 655 2729 (ι
672 2655 789 2729 Cor.
811 2655 902 2723 xit,
914 2658 988 2729 747
1005 2665 1050 2709 et
1061 2656 1172 2727 49).
1193 2657 1237 2710 Η
1246 2675 1337 2711 auc
1351 2655 1615 2727 imaginem
1634 2655 1960 2729 portat’virgi-

388 2726 540 2793 nitas,
553 2726 719 2798 portat
740 2728 1020 2798 integritas,
1040 2726 1205 2796 portat
1220 2726 1476 2793 sanctitas,
1496 2736 1657 2796 portat
1681 2736 1727 2779 et
1751 2727 1928 2798 veritas
1940 2740 1958 2788 ,'

391 2805 593 2868 vortant
613 2797 891 2868 disciplinis
922 2797 1014 2850 Dei
1041 2813 1301 2857 memores.
1321 2799 1571 2868 justitiam
1593 2813 1704 2850 cum
1724 2797 1961 2868 religione

391 2867 673 2938 retinentes,
701 2866 900 2922 stabiles
917 2869 967 2921 in
988 2869 1109 2938 fide,
1141 2866 1353 2921 humiles
1377 2870 1430 2921 in
1457 2869 1649 2926 timore,
1674 2866 1741 2918 ad
1765 2882 1960 2938 omnem

393 2937 711 3009 tolerantiam
752 2941 926 3009 fortes,
966 2937 1034 2991 ad
1065 2939 1410 2992 sustinendam
1439 2938 1678 3008 injuriam
1709 2937 1869 2996 mites.
1893 2937 1962 2989 ad

395 3007 678 3076 faciendam
720 3007 1114 3062 misericordiam
1140 3010 1334 3078 faciles,
1380 3007 1602 3078 fraterna
1633 3023 1753 3076 pace
1779 3009 1962 3078 unani-

391 3093 494 3131 mes
519 3087 674 3149 atque,
692 3079 960 3132 concordes
983 3079 1082 3149 (De
1109 3077 1300 3132 Habitu
1335 3077 1596 3147 Virginum
1622 3094 1771 3149 capp.
1793 3077 1848 3141 2,
1866 3078 1958 3146 4):

392 3163 508 3220 qua:
532 3147 712 3220 omnia
757 3147 1061 3215 observare,
1088 3150 1308 3220 diligere
1350 3160 1404 3204 et
1440 3149 1659 3216 implere
1685 3147 1958 3220 debemus,

394 3227 450 3290 ut
471 3218 710 3288 Apostoli
739 3228 1058 3289 pneceptnm
1086 3218 1488 3290 adiinpleaums.
1521 3220 1692 3289 Empti
1715 3219 1830 3272 estis
1859 3233 1964 3285 pre-

393 3288 461 3361 tio
479 3304 670 3361 magno
683 3306 701 3353 ;
729 3288 1005 3361 glori/irate
1025 3300 1070 3342 et
1090 3288 1283 3360 portate
1311 3291 1472 3344 Deum
1495 3293 1547 3346 in
1571 3288 1780 3358 carpare
1805 3298 1962 3341 vestro

397 3358 437 3430 (I
464 3356 589 3414 Cor:
618 3375 691 3426 vi,
729 3356 868 3431 '20);
893 3362 1055 3415 Deum
1081 3356 1221 3416 enim
1253 3365 1305 3415 in
1333 3377 1556 3430 corpore
1585 3356 1766 3413 uoStro
1788 3368 1965 3431 porta-

393 3429 532 3502 mus,
564 3444 684 3485 cum
711 3429 990 3502 imaginem
1031 3431 1145 3498 ejus
1186 3447 1278 3498 per
1307 3429 1606 3486 itnmundas
1635 3441 1688 3484 et
1721 3429 1962 3502 probatas

394 3500 924 3574 adiuventionesqnou
954 3501 1334 3574 deformamus,
1367 3517 1486 3555 cum
1517 3518 1613 3574 per
1651 3501 1826 3554 omnia
1847 3514 1963 3574 ser-

395 3570 572 3624 vitutis
596 3571 846 3641 obsequia
894 3571 1247 3642 redemptoris
1299 3570 1535 3641 imperio'
1566 3587 1753 3642 parere
1779 3570 1960 3624 stude-

395 3655 530 3694 mus.
566 3643 638 3697 Ita
664 3645 806 3696 enim
834 3643 1115 3711 imaginem
1146 3657 1294 3696 suam
1337 3646 1387 3695 in
1423 3644 1574 3696 nobis
1599 3649 1960 3708 recognoscct,

393 3719 445 3764 et
474 3713 692 3780 nuptiali
724 3723 869 3767 veste
895 3727 1108 3767 ornatus
1134 3729 1162 3765 a
1191 3729 1287 3766 suo
1316 3723 1723 3781 sanctorumque
1749 3725 1966 3764 consor-

395 3781 465 3852 tio
492 3797 596 3836 non
626 3783 869 3839 excludet
898 3801 908 3833 :
941 3782 1080 3852 quod
1106 3783 1256 3837 nobis
1281 3784 1965 3852 misericorditerpiaestare

393 3850 658 3920 dignetur,
685 3854 772 3923 qui
805 3854 931 3906 vivit
958 3850 1015 3907 et
1067 3862 1252 3923 regnat
1281 3855 1417 3908 Deus
1450 3871 1541 3922 per
1567 3851 1743 3906 omnia
1773 3852 1964 3904 saazula

393 3923 724 3978 ria-culorum.
756 3925 947 3978 Amen.

887 4013 1114 4068 SERMO
1154 4013 1336 4068 Lxxv
1373 4015 1472 4084 (a).

395 4103 471 4158 De
489 4104 647 4159 verbis
673 4103 938 4175 Evangelii
961 4104 1212 4169 Matthwi,
1244 4123 1393 4176 capp.
1426 4121 1574 4171 xxn',
1600 4105 1685 4172 i9,
1721 4105 1808 4160 Va:
1835 4122 1969 4175 prau-

673 4177 956 4246 gnantibus
981 4186 1034 4230 et
1057 4177 1428 4241 nutrientibus,
1464 4187 1559 4230 etc.
1587 4177 1681 4246 (ὑ).

466 4286 519 4358 i_.
549 4284 684 4358 Quid
710 4285 992 4358 Scripturte
1017 4288 1097 4358 hic
1123 4287 1434 4358 promittant.
1458 4287 1603 4342 Scire
1625 4298 1675 4341 et
1706 4288 1964 4350 intellige-

398 4371 455 4410 re
479 4355 750 4417 debemus,
783 4355 969 4411 fratres
989 4355 1305 4418 charis~imi,
1334 4359 1452 4426 quia
1486 4359 1814 4423 Christianis,
1842 4358 1965 4412 dum

398 4426 450 4497 in
476 4426 579 4480 hoc
603 4440 844 4497 corpore
873 4428 1067 4492 vivent,
1099 4427 1366 4481 tribulatio
1404 4428 1591 4482 deesse
1619 4445 1720 4482 non
1755 4431 1964 4497 poterit.

396 4496 482 4568 Sic
527 4496 816 4568 enim_Ir.-s,
869 4497 1002 4550 sicut
1047 4498 1288 4561 audistis,
1333 4508 1656 4568 contestatur
1686 4496 1968 4568 Apostolus

397 4567 582 4639 dicens
615 4583 629 4620 :
664 4565 849 4639 Omnes
879 4568 962 4639 qui
1005 4569 1172 4639 volunt
1199 4570 1279 4638 pie
1304 4569 1461 4639 vivere
1481 4570 1530 4621 in
1552 4565 1767 4632 Christo,
1798 4586 1966 4639 perse-

396 4637 919 4710 cutionempatientur
990 4639 1027 4690 ll
1068 4637 1205 4690 'l'im.
1245 4655 1319 4700 Ill,
1370 4637 1456 4709 Η.)
1486 4656 1498 4701 ;
1531 4647 1584 4691 ct
1629 4637 1836 4705 iterum,
1872 4640 1970 4693 l’er

396 4709 582 4778 multas
609 4705 1162 4778 tribulationes'oportet
1192 4724 1280 4760 nos
1308 4705 1496 4760 intrare
1514 4709 1564 4761 in
1593 4725 1798 4778 regnum
1822 4710 1972 4764 caelo-

397 4794 509 4830 rum
541 4777 674 4842 (Act.
701 4793 811 4840 xw,
849 4778 961 4845 21).
999 4777 1209 4832 Venturi
1238 4788 1359 4831 sunt
1394 4777 1509 4831 dies
1543 4777 1891 4832 tribulationis
1917 4791 1970 4834 et

397 4848 657 4901 malarum
714 4847 1137 4910 tribulationum;
1196 4851 1401 4902 venturi
1461 4859 1603 4914 sunt,
1661 4851 1797 4903 sicut
1847 4849 1970 4904 dicit

399 4916 668 4989 Scriptura
684 4933 719 4989 λ
735 4927 787 4972 et
815 4928 1067 4987 quantum
1094 4921 1350 4972 accedunt
1369 4919 1502 4980 dies,
1526 4929 1783 4989 augentur
1808 4921 1972 4974 tribu-

400 4987 646 5042 lationes.
681 4987 847 5040 Nemo
885 4990 983 5042 sibi
1015 4989 1289 5057 promittat
1317 4989 1455 5056 quod
1488 4987 1833 5058 EVangelium
1865 5004 1968 5044 non

401 5058 679 5128 promittit.
701 5059 976 5122 Quol'nodo
996 5060 1134 5111 cuitu
1160 5062 1613 5128 appropintpiante
1644 5064 1746 5114 line
1768 5061 1967 5122 mundi,

399 5125 539 5200 sicut,
563 5128 1077 5200 dicitltjvmgelium.
1102 5125 1372 5200 abun—dabit
1402 5125 1659 5198 iniquitas,
1683 5131 1970 5200 refrigescet

401 5197 620 5252 charitas
651 5198 862 5268 (Matth.
883 5215 1028 5266 xxiv,
1062 5199 1148 5270 l2)
1171 5216 1184 5265 ;
1211 5201 1286 5253 sic
1310 5197 1524 5269 propter
1551 5200 1690 5269 ipsas
1721 5197 1969 5270 iitiquita-

464 5351 645 5462 ζέας)ιὲ
668 5357 963 5462 Cyltérianum,
989 5362 1086 5405 Deo
1105 5354 1331 5418 inferunt.
1356 5363 1408 5406 Et
1431 5365 1562 5418 mox,
1581 5356 1836 5410 nescientes
1850 5361 1974 5426 quod

642 5453 655 5462 .
684 5429 713 5462 e
765 5452 778 5462 .

594 5427 655 5465 ει.
684 5424 778 5465 etc.

401 5425 516 5476 opus
552 5425 655 5472 Det,
684 5425 778 5465 etc.

463 5477 482 5542 ξ
514 5479 786 5542 Cyprianus,
813 5483 966 5528 cutem
987 5475 1106 5542 fttlso
1124 5478 1453 5530 medicamine.

484 5536 697 5605 aiebas,
731 5540 794 5588 de
819 5536 1179 5588 Verbis'Domiui
1206 5543 1290 5600 :20;
1315 5551 1363 5589 et
1389 5551 1510 5603 post,
1539 5546 1583 5592 in
1610 5543 1878 5605 Appendiae
1898 5546 1942 5594 4.

554 5601 773 5649 Continet
791 5609 1020 5667 excerpta
1040 5616 1099 5650 ex
1118 5598 1364 5667 Augustini
1389 5598 1690 5653 citari-aliane
1708 5608 1777 5653 iat
1797 5607 1883 5654 sal.
1897 5610 1974 5667 δῖ),

405 5673 454 5709 n.
477 5660 553 5708 28.
580 5667 629 5709 In
664 5663 856 5711 caeteris
878 5660 982 5711 fere
1005 5660 1257 5712 (:esaridm
1285 5667 1474 5714 referre
1509 5669 1645 5717 nobis
1681 5668 1883 5717 videtur.
1912 5660 1975 5718 1)ιὶ

407 5731 533 5772 nam.
557 5722 587 5771 Ξ
610 5724 773 5772 confer
795 5727 981 5773 (:zcsarii
1009 5726 1168 5774 honiil.
1195 5725 1271 5774 2i.

1779 293 2001 348 ἕλικι)
2042 293 2249 346 LXXV.

3505 311 3637 366 13(εο

2068 419 2432 479 lesnnnquam
2459 409 2623 485 deerit
2667 413 2978 485 adversitas.
3011 416 3153 485 Opus
3193 427 3272 472 est
3298 428 3352 472 ut
3404 421 3634 479 animum

2064 490 2300 562 nostrum
2323 496 2425 533 non
2456 483 2622 534 solmn
2654 483 2716 536 ad
2750 483 3135 562 pgmntentiam,
3161 485 3252 562 sed
3269 489 3427 545 etiam
3457 493 3520 546 ad
3549 510 3637 562 pa-

2062 552 2320 628 tiemianr
2345 566 2718 628 praeparemus.
2766 554 2980 610 Fratres
3009 558 3133 628 mei,
3165 559 3385 628 obsecro
3407 577 3519 628 vos,
3550 552 3635 618 Ξιι-

2063 621 2262 697 tendite
2291 621 2589 697 $_cripturas
2620 631 2850 697 Sanctus,
2901 628 2945 697 si
2970 626 3174 697 aliquid
3228 621 3561 697 fefellerunt;
3589 636 3632 688 si

2059 690 2254 760 aliquid
2281 691 2548 756 dixerunt,
2577 705 2632 745 et
2654 693 2807 763 aliter
2835 695 3027 748 accidit
3054 690 3208 763 quam
3235 700 3514 755 dixerunt:
3548 690 3648 758 ne»

2059 776 2209 837 cesso
2238 771 2320 815 est
2363 769 2419 837 ut
2444 776 2610 837 usque
2633 763 2701 837 .in
2747 762 2904 837 linem
2937 765 3014 818 sic
3043 762 3152 837 (tat,
3183 771 3630 837 quemadmodum

2059 831 2325 905 dixerunt.
2353 831 2502 905 _Non
2525 831 2676 905 nobis
2704 835 3015 905 promittunt
3042 831 3328 905 Scriptura:
3359 850 3555 894 nostra:
3585 843 3635 896 in

2061 901 2162 953 hoc
2204 901 2422 980 sarculo“,
2455 901 2552 980 nisi
2585 901 2969 980 tribui-aliquos,
3005 901 3301 972 presseras,
3335 913 3632 980 angustias,

2059 981 2342 1040 augmenta
2382 971 2645 1031 dolorum.
2684 971 3057 1027 abundantiam
3092 971 3461 1032 mutationum.
3487 971 3635 1036 Sient

2061 1051 2113 1092 et
2139 1044 2250 1119 ipse
2287 1042 2536 1119 llotniuns
2559 1043 2609 1094 in
2630 1041 3097 1119 _Evangelii_i_dicit,
3123 1044 3187 1099 In
3213 1049 3398 1100 mundo
3430 1067 3631 1119 pressu-

2059 1126 2168 1184 ram
2220 1113 2457 1184 habebitis
2486 1128 2503 1163 :
2531 1121 2578 1184 et
2630 1112 2840 1184 iterum,
2893 1112 3115 1169 Mundus
3156 1112 3504 1184 gaudebit,'et
3551 1136 3636 1174 vos

2061 1182 2221 1258 tristes
2280 1182 2466 1258 eritis_;_
2493 1183 2598 1258 sed
2623 1183 2823 1258 tristitia
2848 1195 3008 1236 vestra
3051 1182 3267 1258 vertetur
3298 1204 3350 1241 in
3395 1182 3634 1258 gaudium

2062 1249 2240 1327 (Joan.
2273 1252 2630 1327 χνιεὸᾷηὲιι).
2680 1253 2759 1305 Ad
2805 1253 2902 1305 ista
2948 1255 3334 1324 praecipuenos
3361 1249 3628 1327 paremus,

2062 1336 2128 1372 ne
2157 1321 2391 1388 imparati
2420 1322 2744 1376 deﬁciamus.

2128 1389 2184 1468 ἓ.
2239 1391 2590 1468 Prargnat_ttes__
2614 1403 2661 1444 et
2707 1393 2996 1468 nutrientes.
3029 1393 3182 1468 Avari
3211 1406 3360 1451 artes.
3395 1398 3468 1453 De
3505 1400 3633 1468 ipsis

2060 1461 2198 1536 etaim
2238 1461 2675 1536 tribulationibus
2729 1477 2848 1536 cum
2914 1462 3259 1536 Evangelium
3306 1461 3577 1536 legeretur
3609 1511 3624 1536 ,

2060 1531 2313 1594 audistis,
2391 1531 2475 1584 Va:
2543 1534 2914 1601 prwgnantibus
2974 1542 3019 1586 et
3076 1531 3424 1590 nutrientibus.
3483 1531 3631 1592 Prasi-

2060 1610 2282 1668 gnantes
2324 1611 2467 1666 sunt,
2511 1602 2598 1670 qui
2650 1605 2698 1654 in
2747 1617 2842 1669 Spe
2904 1603 3300 1658 intumescunt:
3335 1609 3629 1662 nutricnlcs

2060 1679 2273 1745 autem,
2341 1671 2391 1723 id
2451 1679 2535 1745 e_~t
2599 1671 2890 1745 lactantes,
2948 1673 3036 1742 qui
3103 1675 3213 1745 jam
3273 1675 3446 1745 adepti
3511 1689 3635 1732 sunt

2061 1741 2199 1807 quod
2263 1743 2684 1816 ιουιιιειιρῇιειυίιιιι.Δ
2729 1741 2937 1816 Etenim
3004 1744 3198 1816 mulier
3250 1741 3526 1816 praegnans
3580 1750 3630 1800 in

2061 1819 2344 1886 spettnuct
2396 1811 2507 1874 lilii,
2547 1811 2778 1886 nondum
2822 1811 2977 1886 videt,
3013 1814 3191 1886 lilium
3226 1811 3263 1866 :_
3291 1811 3409 1886 qua:
3456 1827 3632 1870 autent

2056 1878 2164 1946 jam
2224 1881 2418 1956 lactat,
2462 1881 2794 1956 amplectitur
2842 1884 2980 1956 quod
3022 1878 3630 1956 sperabatfPrwgnans

2061 1958 2162 2026 est,
2193 1951 2278 2017 qui
2321 1965 2406 2026 res
2456 1952 2654 2026 alienas
2675 1951 2996 2026 cencupiscit
3027 1955 3310 2026 ;_ttull'iCIlS
3360 1951 3488 2018 est:
3537 1958 3628 2026 qui

2058 2018 2166 2094 jam
2217 2020 2398 2094 rapuit
2440 2021 2580 2094 quod
2608 2018 2969 2094 concupierat.
2995 2092 3002 2094 _
3033 2023 3097 2076 Et
3141 2032 3197 2094 ut
3245 2027 3345 2079 hoc
3394 2018 3630 2094 apertius

2063 2089 2220 2160 etiam
2247 2090 2514 2157 simplices
2547 2089 2837 2159 intelligei'e
2867 2092 3089 2159 pessint,
3114 2093 3342 2160 aliquam
3381 2089 3631 2150 similitu-

2063 2158 2238 2212 dinem
2273 2175 2644 2230 proponamus.
2679 2158 3014 2229 concupiscit
3048 2158 3237 2230 aliquis
3275 2164 3453 2218 'villam
3495 2166 3629 2221 alios

2064 2244 2204 2293 nam,
2232 2238 2285 2282 et
2309 2229 2470 2282 dicit:
2506 2229 2645 2281 Bona
2697 2239 2778 2284 est
2833 2231 2926 2283 ista
2980 2232 3099 2283 villa
3142 2229 3304 2287 'viciui
3344 2235 3447 2288 mei
3483 2253 3495 2288 :
3525 2249 3560 2289 ο
3584 2236 3628 2288 si

2063 2314 2178 2352 mea
2208 2300 2376 2352 esset!
2408 2316 2440 2348 o
2469 2300 2510 2351 si
2544 2299 2883 2367 adjungcrem
2916 2300 3078 2362 illmn,
3098 2312 3149 2354 ct
3176 2301 3406 2357 facerem
3433 2304 3499 2358 de
3528 2305 3630 2358 isto

2064 2368 2227 2422 fundo
2251 2379 2305 2422 ct
2328 2367 2394 2422 de
2417 2370 2504 2422 illo
2533 2370 2818 2422 unitatem!
2845 2371 2998 2422 Amat
3025 2379 3079 2423 et
3101 2373 3316 2426 avaritia
3340 2375 3628 2428 unitatem:

2101 2438 2202 2492 uod
2231 2448 2369 2492 amat
2396 2439 2588 2492 boumn
2618 2449 2720 2504 est;
2751 2439 2843 2492 sed
2869 2439 2953 2492 ubi
2998 2440 3278 2494 amandum
3306 2443 3407 2508 sit,
3442 2443 3627 2498 nescit.

2063 2508 2221 2562 Forte
2237 2509 2386 2562 dives
2405 2517 2488 2562 est
2509 2510 2709 2580 vicinus
2737 2508 2823 2562 ille
2850 2509 2936 2578 qui
2965 2508 3125 2564 habet
3147 2512 3320 2564 villam
3344 2512 3558 2580 bonam,
3578 2524 3633 2568 ct

2063 2579 2359 2652 suspicatur
2384 2577 2523 2646 quod
2554 2578 2695 2631 illam
2722 2594 2826 2652 non
2869 2581 3037 2650 possit
3092 2581 3318 2646 tollere;
3367 2585 3488 2652 quia
3531 2577 3628 2652 po-

2066 2660 2181 2703 tens
2206 2649 2365 2702 homo
2391 2657 2492 2711 est,
2520 2657 2574 2702 et
2603 2649 2850 2716 pmvalet
2871 2649 2934 2702 se
2961 2658 3142 2703 contra
3182 2651 3326 2704 illum

2064 2735 2123 2774 re
2153 2735 2169 2773 :
2198 2733 2296 2773 nec
2321 2717 2667 2791 concupiscit,
2699 2733 2798 2772 nec
2827 2719 3230 2789 impraegnatur;
3255 2722 3381 2774 nihil
3405 2736 3628 2791 sperans

2064 2805 2168 2843 non
2189 2788 2438 2858 concipit,
2470 2803 2574 2841 non
2601 2797 2682 2843 est
2703 2795 2979 2858 praegnans
3003 2788 3199 2843 animo.
3227 2792 3282 2845 Si
3324 2788 3452 2844 vero
3477 2791 3626 2857 juxta

2063 2859 2256 2928 aliquis
2280 2857 2484 2912 vicinus
2505 2859 2574 2930 sit
2602 2857 2828 2930 pauper,
2843 2859 2932 2928 qui
2957 2861 3036 2913 vel
3070 2860 3119 2912 in
3166 2862 3482 2915 necessitate
3529 2878 3629 2930 po-

2064 2931 2197 2983 situs
2215 2938 2316 2994 est,
2342 2936 2401 3000 ut
2423 2928 2871 3000 possitivendere;
2893 2930 2976 3000 vel
2999 2940 3169 2996 potest
3197 2932 3443 3000 opprimi,
3463 2928 3629 2986 utco-

2064 3009 2216 3068 gatur
2243 2998 2502 3062 vendere;
2533 2999 2764 3068 injicitur
2786 2999 2993 3063 oculus,
3014 3009 3194 3066 Sperat
3340 3015 3498 3069 posse
3526 3003 3627 3055 tol-

2068 3069 2176 3124 lere
2206 3079 2292 3124 aut
2318 3069 2491 3122 villam
2517 3078 2609 3122 aut
2637 3069 2898 3123 coloniam
2949 3070 3104 3122 vieini
3152 3072 3415 3138 pauperis,
3447 3079 3502 3124 et
3528 3071 3628 3126 im-

2067 3141 2226 3192 mittit
2247 3139 2321 3192 illi
2352 3140 2553 3207 aliquas
2581 3139 2971 3193 tribulationes.
3017 3139 3172 3193 Verbi
3220 3141 3385 3209 gratia
3409 3142 3517 3210 agit
3542 3155 3629 3195 se-

2067 3211 2262 3263 cretius
2288 3210 2424 3278 apud
2453 3223 2548 3263 eos
2563 3211 2652 3279 qui
2682 3219 2926 3277 possunt,
2957 3217 3017 3261 ut
3047 3210 3191 3262 illum
3237 3220 3514 3265 exactores
3542 3222 3631 3264 aut

2065 3279 2316 3333 afﬂictum
2343 3280 2595 3346 afﬂigant,
2626 3290 2720 3333 aut
2748 3280 2799 3332 in
2828 3281 3002 3348 aliqua
3038 3281 3246 3348 publica
3290 3281 3631 3336 administra-

2069 3351 2211 3402 tione
2237 3350 2632 3419 constringant:
2660 3365 2724 3404 ex
2745 3351 2948 3419 quibus
2966 3353 3250 3404 contractis
3275 3349 3469 3404 debitis
3491 3352 3629 3403 und-

2070 3420 2136 3473 tis
2157 3433 2374 3474 necesse
2401 3418 2592 3474 habeat
2613 3419 2793 3473 infelix
2822 3418 3052 3474 vendere
3072 3421 3346 3484 casullatn,
3379 3419 3518 3475 unde
3541 3430 3629 3474 aut

2070 3491 2204 3560 ipse,
2235 3498 2326 3560 aut
2369 3488 2459 3542 lilii
2506 3489 2594 3560 sui
2620 3491 3092 3560 sustentabatttur.
3145 3489 3469 3543 Necessitate
3506 3507 3630 3557 ergo

2068 3558 2374 3627 compulsus
2396 3558 2545 3628 venit
2567 3559 2632 3613 ad
2656 3560 2820 3625 illum,
2853 3575 2944 3626 per
2983 3561 3134 3626 cujus
3172 3559 3456 3628 nequitiam
3506 3575 3631 3628 pre—

2070 3632 2228 3683 mitur
2255 3636 2310 3698 et
2353 3627 2603 3698 afﬂigitur
2632 3647 2644 3681 :
2677 3637 2731 3682 et
2756 3629 2998 3684 nesciens
3035 3629 3174 3697 quod
3221 3627 3385 3698 ipsius
3429 3627 3647 3682 innuis--

2069 3701 2218 3753 sione
2260 3697 2360 3752 hoc
2387 3697 2601 3766 patitur,
2629 3698 2758 3753 dicit
2791 3700 2854 3753 ad
2895 3713 3015 3753 eum
3045 3715 3058 3748 :
3086 3701 3156 3753 Da
3205 3697 3355 3765 mihi,
3385 3699 3628 3757 domine.

2069 3784 2198 3839 rogo
2225 3779 2308 3830 le,
2342 3782 2537 3839 paucos
2561 3769 2776 3839 solidos;
2801 3769 2970 3838 patior
3013 3771 3404 3834 access-uatem,
3439 3784 3630 3837 urgeor

2069 3837 2394 3893 aereditore.
2421 3837 2488 3892 Et
2511 3839 2598 3893 ille
2630 3857 2644 3892 :
2673 3837 2811 3893 Non
2841 3839 3011 3893 habeo
3066 3840 3224 3894 tnodo
3268 3843 3318 3892 in
3367 3841 3630 3894 manibus.

2071 3909 2193 3964 Ideo
2215 3925 2273 3961 se
2299 3908 2429 3962 dicit
2453 3911 2506 3962 in
2535 3910 2774 3962 manibus
2796 3927 2898 3962 non
2918 3909 3206 3974 habere,ut
3229 3912 3314 3963 ille
3343 3926 3632 3978 oppressus

2071 3978 2352 4041 calumnia,
2382 3994 2603 4033 necesse
2632 3979 2818 4032 habeat
2839 3979 3086 4034 vendere.
3146 3982 3381 4046 Denique
3433 3997 3552 4033 cuin
3583 3981 3630 4032 ei

2071 4049 2284 4118 dixerit,
2311 4049 2452 4118 quod
2507 4064 2600 4116 pro
2623 4050 2782 4102 nimia
2837 4049 3118 4102 afﬂictione
3162 4066 3258 4103 sua
3283 4051 3634 4118 compellatur

2073 4117 2389 4179 distrahere,
2414 4119 2586 4171 statim
2615 4119 2702 4172 ille
2732 4119 3048 4187 respondet:
3079 4119 3188 4172 Etsi
3211 4135 3313 4172 non
3343 4117 3511 4171 habeo
3535 4135 3632 4186 pc-

2071 4190 2279 4242 cuniam
2311 4189 2594 4256 propriam,
2621 4187 2988 4257 undecumque
3031 4189 3219 4243 studeo
3248 4199 3490 4242 mutuare
3517 4229 3532 4253 ,
3580 4198 3636 4240 ut

2076 4259 2165 4311 tibi
2196 4259 2366 4310 amico
2394 4273 2512 4312 meo
2533 4259 2859 4322 subveniam;
2878 4268 2932 4311 ct
2959 4261 3002 4312 si
3026 4261 3094 4311 ita
3117 4273 3335 4312 necesse
3353 4269 3452 4324 est,
3474 4260 3634 4312 etiam

2073 4338 2344 4396 argentum
2376 4342 2552 4380 meum
2608 4329 2862 4392 distraho,
2895 4343 2963 4381 ne
3008 4337 3060 4381 tu
3105 4329 3348 4395 injuriam
3399 4330 3634 4398 patiaris.

2073 4398 2293 4466 Qaando
2325 4399 2635 4451 beneﬁcium
2665 4399 2891 4465 pett-hat,
2916 4402 3274 4467 prolessusost
3298 4401 3500 4465 penitus
3529 4413 3635 4452 non

2078 4468 2272 4522 habere
2303 4485 2316 4519 :
2348 4477 2402 4520 at
2433 4469 2516 4521 ubi
2538 4469 2670 4521 dixit
2696 4468 2833 4534 quod
2858 4470 3244 4536 possessionem
3302 4485 3478 4521 suam.
3507 4485 3634 4522 ven-

2074 4538 2246 4603 deret,
2269 4536 2607 4605 quasiamico
2633 4553 2692 4591 se
2713 4539 2997 4592 subvenire
3038 4537 3168 4591 dixit
3199 4547 3290 4591 :et
3338 4554 3458 4591 cum
3514 4554 3636 4591 eum

2074 4608 2138 4660 ad
2173 4609 2305 4660 teme
2335 4608 2702 4661 necessitatem
2735 4609 3031 4672 adduxerit,
3063 4609 3188 4662 dicit
3229 4609 3300 4660 illi
3347 4617 3402 4661 ιιι
3449 4607 3637 4661 vendi-

2076 4680 2270 4731 tionem
2303 4678 2473 4731 lacere
2501 4677 2712 4739 debeat;
2738 4689 2791 4731 et
2820 4694 2914 4746 pro
2936 4679 3148 4735 east-lla.
3179 4693 3272 4744 pro
3311 4694 3412 4746 qua
3446 4677 3589 4746 prius
3621 4719 3637 4741 ,

2074 4749 2223 4801 verbi
2248 4749 2436 4816 gratia,
2468 4747 2601 4802 forte
2631 4756 2841 4801 centum
2872 4748 3070 4800 solidos
3095 4748 3374 4810 oll‘erebat,
3423 4759 3476 4801 ut
3517 4765 3638 4800 eum

2074 4818 2297 4888 apprimi
2327 4819 2536 4881 viderit,
2567 4832 2667 4871 nec
2696 4819 3030 4871 medietatem
3062 4819 3213 4886 pretii
3241 4818 3370 4872 dare
3400 4819 3640 4888 acquies—

2075 4889 2167 4940 cit.
2203 4887 2320 4941 Istis
2342 4889 2482 4941 enim
2516 4889 2724 4948 talibus,
2758 4887 3021 4953 sientjam
3069 4905 3223 4956 supra
3275 4889 3472 4942 dictum
3527 4899 3640 4950 est,

2075 4957 2408 5025 Evangelisla
2443 4958 2745 5024 proclamat.
2789 4957 2873 5009 Vae
2902 4959 3276 5026 pra'gnantibus
3322 4969 3369 5012 et
3420 4960 3644 5010 nutriere-

2077 5029 2205 5080 tibus
2228 5043 2246 5080 :
2273 5028 2385 5080 istis
2415 5030 2554 5079 enim
2585 5043 2662 5078 v:e
2687 5027 2787 5081 erit
2819 5029 2867 5079 in
2889 5028 2976 5081 die
3001 5028 3208 5095 judicii,
3259 5041 3308 5082 et
3356 5029 3420 5082 ab
3465 5027 3646 5080 auditu

2077 5099 2218 5150 malo
2239 5112 2340 5150 non
2369 5110 2614 5165 poterunt
2643 5097 2884 5162 liberari;
2917 5099 3010 5152 scd
3035 5099 3266 5152 audituri
3292 5110 3435 5164 sunt,
3465 5098 3644 5150 Disce-

2076 5168 2180 5239 dite
2203 5183 2356 5239 a‘me,
2382 5167 2653 5239 maledicti,
2671 5168 2722 5219 in
2753 5169 2918 5236 ignem
2933 5179 3196 5230 a'ternum,
3223 5170 3308 5239 qui
3338 5181 3546 5239 paratus
3575 5177 3645 5239 est

2077 5237 2276 5289 diabolo
2306 5247 2349 5289 et
2374 5238 2563 5306 angelis
2591 5238 2700 5306 ejus
2745 5239 2902 5307 :quia
2947 5240 3162 5304 esurivi,
3205 5237 3252 5292 et
3295 5237 3396 5292 non
3441 5237 3648 5291 dedistis

2079 5308 2200 5359 mihi
2252 5307 2594 5371 manducare;
2649 5308 2797 5372 sitivi,
2831 5319 2876 5361 et
2922 5327 3022 5362 non
3069 5310 3274 5364 dedistis
3326 5310 3449 5362 mihi
3487 5308 3648 5361 bibere

2085 5377 2310 5460 (μαψι.
2345 5394 2468 5460 xxv,
2503 5378 2782 5460 “net-4‘2).
2808 5380 2919 5433 Hoc
2943 5380 3370 5460 loco_diligcnt_er
3415 5378 3650 5460 atteritlftt

2079 5447 2320 5501 Charitas
2343 5458 2534 5501 vestra.
2565 5448 2620 5503 Si
2653 5449 2704 5502 in
2735 5447 2907 5519 ignem
2953 5447 3314 5518 mittitur'qui
3359 5465 3462 5503 non
3508 5447 3651 5501 dedit

2083 5533 2194 5570 rem
2225 5521 2522 5586 prepriam;
2555 5528 2706 5588 putas
2732 5522 2819 5574 tibi
2870 5521 3160 5576 mittendus
3206 5529 3288 5574 est
3333 5520 3420 5586 qui
3463 5519 3653 5572 invasit

2083 5588 2346 5640 alienam?
2377 5591 2428 5643 Si
2451 5589 2801 5644 etundiaholo
2847 5591 3035 5646 ardere
3070 5591 3266 5654 habet,
3316 5591 3402 5659 qui
3449 5588 3650 5641 nudum

2086 5675 2200 5780 post
2244 5661 2496 5766 gestit-it;
2558 5671 2710 5730 putas
2751 5661 2842 5715 ubi
2892 5675 3109 5716 arsurus
3151 5669 3270 5724 est,
3315 5661 3404 5730 qui
3459 5673 3642 5728 exspo-

2104 5741 2261 5780 ΜΗΙ..

2104 5741 2261 5783 “Vill

3406 2651 3625 2707 eleiide-
3707 2654 3711 2659 ’
