  <div class='ocr_page' id='page_1' title='image "/cluster/home/n/w/nwhite01/storage/ocr_20150623/39/hvd.32044015471485/215.png"; bbox 0 0 4046 6356; ppageno 0'>
   <div class='ocr_carea' id='block_1_1' title="bbox 584 368 726 429">
    <p class='ocr_par' dir='ltr' id='par_1_1' title="bbox 584 368 726 429">
     <span class='ocr_line' id='line_1_1' title="bbox 584 368 726 429; baseline 0.021 -3"><span class='ocrx_word' id='word_1_1' title='bbox 584 368 726 429; x_wconf 75' lang='lat' dir='ltr'><strong>I903</strong></span> 
     </span>
    </p>
   </div>
   <div class='ocr_carea' id='block_1_2' title="bbox 581 476 2162 557">
    <p class='ocr_par' dir='ltr' id='par_1_2' title="bbox 581 476 2162 557">
     <span class='ocr_line' id='line_1_2' title="bbox 581 476 2162 557; baseline -0.007 -14"><span class='ocrx_word' id='word_1_2' title='bbox 581 487 764 557; x_wconf 88' lang='lat' dir='ltr'><strong>quitur</strong></span> <span class='ocrx_word' id='word_1_3' title='bbox 791 481 1131 557; x_wconf 60' lang='lat' dir='ltr'><strong>hominibus.</strong></span> <span class='ocrx_word' id='word_1_4' title='bbox 1175 478 1288 535; x_wconf 87' lang='lat' dir='ltr'><strong>Iloe</strong></span> <span class='ocrx_word' id='word_1_5' title='bbox 1315 477 1458 535; x_wconf 90' lang='lat' dir='ltr'><strong>enim</strong></span> <span class='ocrx_word' id='word_1_6' title='bbox 1506 478 1667 557; x_wconf 76' lang='lat' dir='ltr'><strong>etiam</strong></span> <span class='ocrx_word' id='word_1_7' title='bbox 1705 476 1846 557; x_wconf 77' lang='lat' dir='ltr'><strong>quod</strong></span> <span class='ocrx_word' id='word_1_8' title='bbox 1893 476 2052 533; x_wconf 91' lang='lat' dir='ltr'><strong>hodie</strong></span> <span class='ocrx_word' id='word_1_9' title='bbox 2093 478 2162 557; x_wconf 91' lang='lat' dir='ltr'><strong>de</strong></span> 
     </span>
    </p>
   </div>
   <div class='ocr_carea' id='block_1_3' title="bbox 580 549 2165 623">
    <p class='ocr_par' dir='ltr' id='par_1_3' title="bbox 580 549 2165 623">
     <span class='ocr_line' id='line_1_3' title="bbox 580 549 2165 623; baseline -0.008 -8"><span class='ocrx_word' id='word_1_10' title='bbox 580 549 766 615; x_wconf 63' lang='lat' dir='ltr'><strong>sancto</strong></span> <span class='ocrx_word' id='word_1_11' title='bbox 787 553 1072 623; x_wconf 82' lang='lat' dir='ltr'><strong>Evangelio</strong></span> <span class='ocrx_word' id='word_1_12' title='bbox 1093 552 1286 606; x_wconf 90' lang='lat' dir='ltr'><strong>lectum</strong></span> <span class='ocrx_word' id='word_1_13' title='bbox 1308 558 1421 623; x_wconf 83' lang='lat' dir='ltr'><strong>est,</strong></span> <span class='ocrx_word' id='word_1_14' title='bbox 1446 549 2035 623; x_wconf 69' lang='lat' dir='ltr'><strong>qureritintellectorem</strong></span> <span class='ocrx_word' id='word_1_15' title='bbox 2068 566 2079 601; x_wconf 91' lang='lat'>:</span> <span class='ocrx_word' id='word_1_16' title='bbox 2099 556 2165 623; x_wconf 63' lang='lat' dir='ltr'><strong>et</strong></span> 
     </span>
    </p>
   </div>
   <div class='ocr_carea' id='block_1_4' title="bbox 580 619 2164 702">
    <p class='ocr_par' dir='ltr' id='par_1_4' title="bbox 580 619 2164 702">
     <span class='ocr_line' id='line_1_4' title="bbox 580 619 2164 702; baseline -0.005 -20"><span class='ocrx_word' id='word_1_17' title='bbox 580 643 704 702; x_wconf 79' lang='lat' dir='ltr'><strong>eum</strong></span> <span class='ocrx_word' id='word_1_18' title='bbox 736 619 1281 702; x_wconf 65' lang='lat' dir='ltr'><strong>fueritintellectuin,</strong></span> <span class='ocrx_word' id='word_1_19' title='bbox 1329 620 1603 702; x_wconf 74' lang='lat' dir='ltr'><strong>spirituale</strong></span> <span class='ocrx_word' id='word_1_20' title='bbox 1625 619 1751 702; x_wconf 73' lang='lat' dir='ltr'><strong>facit</strong></span> <span class='ocrx_word' id='word_1_21' title='bbox 1785 619 2055 702; x_wconf 74' lang='lat' dir='ltr'><strong>gaudium.</strong></span> <span class='ocrx_word' id='word_1_22' title='bbox 2097 619 2164 674; x_wconf 88' lang='lat' dir='ltr'><strong>Et</strong></span> 
     </span>
    </p>
   </div>
   <div class='ocr_carea' id='block_1_5' title="bbox 581 689 2163 753">
    <p class='ocr_par' dir='ltr' id='par_1_5' title="bbox 581 689 2163 753">
     <span class='ocr_line' id='line_1_5' title="bbox 581 689 2163 753; baseline -0.007 0"><span class='ocrx_word' id='word_1_23' title='bbox 581 699 635 753; x_wconf 89' lang='lat' dir='ltr'><strong>in</strong></span> <span class='ocrx_word' id='word_1_24' title='bbox 665 696 766 752; x_wconf 88' lang='lat' dir='ltr'><strong>hac</strong></span> <span class='ocrx_word' id='word_1_25' title='bbox 792 695 1020 750; x_wconf 79' lang='lat' dir='ltr'><strong>lectione</strong></span> <span class='ocrx_word' id='word_1_26' title='bbox 1043 691 1200 747; x_wconf 86' lang='lat' dir='ltr'><strong>simul</strong></span> <span class='ocrx_word' id='word_1_27' title='bbox 1227 689 1610 746; x_wconf 87' lang='lat' dir='ltr'><strong>consideranda</strong></span> <span class='ocrx_word' id='word_1_28' title='bbox 1631 699 1712 745; x_wconf 90' lang='lat' dir='ltr'><strong>est</strong></span> <span class='ocrx_word' id='word_1_29' title='bbox 1738 691 1790 744; x_wconf 93' lang='lat' dir='ltr'><strong>in</strong></span> <span class='ocrx_word' id='word_1_30' title='bbox 1818 704 1922 744; x_wconf 92' lang='lat' dir='ltr'><strong>uno</strong></span> <span class='ocrx_word' id='word_1_31' title='bbox 1943 690 2163 744; x_wconf 90' lang='lat' dir='ltr'><strong>eodem-</strong></span> 
     </span>
    </p>
   </div>
   <div class='ocr_carea' id='block_1_6' title="bbox 577 759 2163 837">
    <p class='ocr_par' dir='ltr' id='par_1_6' title="bbox 577 759 2163 837">
     <span class='ocr_line' id='line_1_6' title="bbox 577 759 2163 837; baseline -0.005 -14"><span class='ocrx_word' id='word_1_32' title='bbox 577 784 684 837; x_wconf 93' lang='lat' dir='ltr'><strong>que</strong></span> <span class='ocrx_word' id='word_1_33' title='bbox 714 765 1072 837; x_wconf 82' lang='lat' dir='ltr'><strong>Redemptore</strong></span> <span class='ocrx_word' id='word_1_34' title='bbox 1114 771 1296 818; x_wconf 91' lang='lat' dir='ltr'><strong>nostro</strong></span> <span class='ocrx_word' id='word_1_35' title='bbox 1319 761 1578 837; x_wconf 65' lang='lat' dir='ltr'><strong>disiuncta</strong></span> <span class='ocrx_word' id='word_1_36' title='bbox 1615 761 1852 837; x_wconf 80' lang='lat' dir='ltr'><strong>operatio</strong></span> <span class='ocrx_word' id='word_1_37' title='bbox 1875 759 2163 837; x_wconf 84' lang='lat' dir='ltr'><strong>divinitatis</strong></span> 
     </span>
    </p>
   </div>
   <div class='ocr_carea' id='block_1_7' title="bbox 577 831 2165 904">
    <p class='ocr_par' dir='ltr' id='par_1_7' title="bbox 577 831 2165 904">
     <span class='ocr_line' id='line_1_7' title="bbox 577 831 2165 904; baseline -0.005 -12"><span class='ocrx_word' id='word_1_38' title='bbox 577 831 630 893; x_wconf 80' lang='lat' dir='ltr'><strong>et</strong></span> <span class='ocrx_word' id='word_1_39' title='bbox 677 831 1052 900; x_wconf 65' lang='lat' dir='ltr'><strong>humanitatis,</strong></span> <span class='ocrx_word' id='word_1_40' title='bbox 1093 841 1253 904; x_wconf 92' lang='lat' dir='ltr'><strong>atque</strong></span> <span class='ocrx_word' id='word_1_41' title='bbox 1279 831 1975 904; x_wconf 80' lang='lat' dir='ltr'><strong>omnimodi_s_detestandus</strong></span> <span class='ocrx_word' id='word_1_42' title='bbox 2010 844 2165 904; x_wconf 82' lang='lat' dir='ltr'><strong>error</strong></span> 
     </span>
    </p>
   </div>
   <div class='ocr_carea' id='block_1_8' title="bbox 579 899 2164 979">
    <p class='ocr_par' dir='ltr' id='par_1_8' title="bbox 579 899 2164 979">
     <span class='ocr_line' id='line_1_8' title="bbox 579 899 2164 979; baseline -0.006 -16"><span class='ocrx_word' id='word_1_43' title='bbox 579 907 895 979; x_wconf 83' lang='lat' dir='ltr'><strong>Eutychetis</strong></span> <span class='ocrx_word' id='word_1_44' title='bbox 914 947 928 972; x_wconf 90' lang='lat'><strong>,</strong></span> <span class='ocrx_word' id='word_1_45' title='bbox 959 899 1047 974; x_wconf 86' lang='lat' dir='ltr'><strong>qui</strong></span> <span class='ocrx_word' id='word_1_46' title='bbox 1071 899 1228 979; x_wconf 43' lang='lat' dir='ltr'><strong>una—ni</strong></span> <span class='ocrx_word' id='word_1_47' title='bbox 1257 912 1456 979; x_wconf 71' lang='lat' dir='ltr'><strong>tantum</strong></span> <span class='ocrx_word' id='word_1_48' title='bbox 1484 903 1536 956; x_wconf 95' lang='lat' dir='ltr'><strong>in</strong></span> <span class='ocrx_word' id='word_1_49' title='bbox 1556 901 1786 979; x_wconf 87' lang='lat' dir='ltr'><strong>Christo_</strong></span> <span class='ocrx_word' id='word_1_50' title='bbox 1807 899 2164 979; x_wconf 77' lang='lat' dir='ltr'><strong>dogmatizare</strong></span> 
     </span>
    </p>
   </div>
   <div class='ocr_carea' id='block_1_9' title="bbox 577 971 2163 1048">
    <p class='ocr_par' dir='ltr' id='par_1_9' title="bbox 577 971 2163 1048">
     <span class='ocr_line' id='line_1_9' title="bbox 577 971 2163 1048; baseline -0.003 -17"><span class='ocrx_word' id='word_1_51' title='bbox 577 971 856 1048; x_wconf 66' lang='lat' dir='ltr'><strong>praz&#39;sumit</strong></span> <span class='ocrx_word' id='word_1_52' title='bbox 894 971 1362 1048; x_wconf 81' lang='lat' dir='ltr'><strong>operationem._ln</strong></span> <span class='ocrx_word' id='word_1_53' title='bbox 1409 972 1664 1048; x_wconf 75' lang='lat' dir='ltr'><strong>alterutra</strong></span> <span class='ocrx_word' id='word_1_54' title='bbox 1704 972 1844 1048; x_wconf 75' lang='lat' dir='ltr'><strong>eiiim</strong></span> <span class='ocrx_word' id='word_1_55' title='bbox 1890 971 2038 1040; x_wconf 89' lang='lat' dir='ltr'><strong>parte</strong></span> <span class='ocrx_word' id='word_1_56' title='bbox 2077 971 2163 1048; x_wconf 81' lang='lat' dir='ltr'><strong>vel</strong></span> 
     </span>
    </p>
   </div>
   <div class='ocr_carea' id='block_1_10' title="bbox 577 1041 2166 1124">
    <p class='ocr_par' dir='ltr' id='par_1_10' title="bbox 577 1041 2166 1124">
     <span class='ocr_line' id='line_1_10' title="bbox 577 1041 2166 1124; baseline -0.004 -22"><span class='ocrx_word' id='word_1_57' title='bbox 577 1041 666 1124; x_wconf 68' lang='lat' dir='ltr'><strong>qui</strong></span> <span class='ocrx_word' id='word_1_58' title='bbox 701 1049 872 1124; x_wconf 79' lang='lat' dir='ltr'><strong>solum</strong></span> <span class='ocrx_word' id='word_1_59' title='bbox 910 1041 1180 1124; x_wconf 81' lang='lat' dir='ltr'><strong>hominem</strong></span> <span class='ocrx_word' id='word_1_60' title='bbox 1217 1042 1648 1124; x_wconf 72' lang='lat' dir='ltr'><strong>fuisse_dixerit,</strong></span> <span class='ocrx_word' id='word_1_61' title='bbox 1689 1041 2166 1124; x_wconf 63' lang='lat' dir='ltr'><strong>gloriammegabit</strong></span> 
     </span>
    </p>
   </div>
   <div class='ocr_carea' id='block_1_11' title="bbox 623 1112 2166 1197">
    <p class='ocr_par' dir='ltr' id='par_1_11' title="bbox 623 1112 2166 1197">
     <span class='ocr_line' id='line_1_11' title="bbox 623 1112 2166 1197; baseline -0.006 -23"><span class='ocrx_word' id='word_1_62' title='bbox 623 1119 914 1197; x_wconf 66' lang='lat' dir='ltr'><strong>auditoris;</strong></span> <span class='ocrx_word' id='word_1_63' title='bbox 943 1117 1026 1197; x_wconf 87' lang='lat' dir='ltr'><strong>vel</strong></span> <span class='ocrx_word' id='word_1_64' title='bbox 1051 1115 1140 1197; x_wconf 86' lang='lat' dir='ltr'><strong>qui</strong></span> <span class='ocrx_word' id='word_1_65' title='bbox 1162 1116 1354 1197; x_wconf 47' lang='lat' dir='ltr'><strong>‘s&#39;olum</strong></span> <span class='ocrx_word' id='word_1_66' title='bbox 1385 1113 1552 1197; x_wconf 78' lang='lat' dir='ltr'><strong>Deum</strong></span> <span class='ocrx_word' id='word_1_67' title='bbox 1574 1155 1588 1179; x_wconf 91' lang='lat'><strong>,</strong></span> <span class='ocrx_word' id='word_1_68' title='bbox 1619 1112 2166 1197; x_wconf 54' lang='lat' dir='ltr'><strong>negabitpiisericor-</strong></span> 
     </span>
    </p>
   </div>
   <div class='ocr_carea' id='block_1_12' title="bbox 576 1182 2163 1265">
    <p class='ocr_par' dir='ltr' id='par_1_12' title="bbox 576 1182 2163 1265">
     <span class='ocr_line' id='line_1_12' title="bbox 576 1182 2163 1265; baseline -0.004 -22"><span class='ocrx_word' id='word_1_69' title='bbox 576 1190 718 1245; x_wconf 83' lang='lat' dir='ltr'><strong>diam</strong></span> <span class='ocrx_word' id='word_1_70' title='bbox 747 1182 1135 1265; x_wconf 54' lang='lat' dir='ltr'><strong>[Redemptoris</strong></span> <span class='ocrx_word' id='word_1_71' title='bbox 1162 1184 1364 1265; x_wconf 75' lang='lat' dir='ltr'><strong>Nempe</strong></span> <span class='ocrx_word' id='word_1_72' title='bbox 1382 1183 1533 1265; x_wconf 72' lang='lat' dir='ltr'><strong>quod</strong></span> <span class='ocrx_word' id='word_1_73' title='bbox 1557 1182 1717 1265; x_wconf 78' lang='lat' dir='ltr'><strong>super</strong></span> <span class='ocrx_word' id='word_1_74' title='bbox 1755 1183 1963 1265; x_wconf 72' lang='lat' dir='ltr'><strong>turbam</strong></span> <span class='ocrx_word' id='word_1_75' title='bbox 1998 1182 2163 1265; x_wconf 70' lang='lat' dir='ltr'><strong>mise-</strong></span> 
     </span>
    </p>
   </div>
   <div class='ocr_carea' id='block_1_13' title="bbox 576 1252 2165 1324">
    <p class='ocr_par' dir='ltr' id='par_1_13' title="bbox 576 1252 2165 1324">
     <span class='ocr_line' id='line_1_13' title="bbox 576 1252 2165 1324; baseline -0.005 -9"><span class='ocrx_word' id='word_1_76' title='bbox 576 1269 727 1315; x_wconf 88' lang='lat' dir='ltr'><strong>retur</strong></span> <span class='ocrx_word' id='word_1_77' title='bbox 757 1252 1011 1314; x_wconf 81' lang='lat' dir='ltr'><strong>Dominus</strong></span> <span class='ocrx_word' id='word_1_78' title='bbox 1030 1298 1046 1324; x_wconf 95' lang='lat'><strong>,</strong></span> <span class='ocrx_word' id='word_1_79' title='bbox 1077 1271 1144 1310; x_wconf 92' lang='lat' dir='ltr'><strong>ne</strong></span> <span class='ocrx_word' id='word_1_80' title='bbox 1169 1257 1253 1311; x_wconf 90' lang='lat' dir='ltr'><strong>vel</strong></span> <span class='ocrx_word' id='word_1_81' title='bbox 1279 1252 1482 1321; x_wconf 81' lang='lat' dir='ltr'><strong>inedia,</strong></span> <span class='ocrx_word' id='word_1_82' title='bbox 1516 1255 1601 1308; x_wconf 89' lang='lat' dir='ltr'><strong>vel</strong></span> <span class='ocrx_word' id='word_1_83' title='bbox 1637 1253 1890 1322; x_wconf 76' lang='lat' dir='ltr'><strong>longioris</strong></span> <span class='ocrx_word' id='word_1_84' title='bbox 1913 1253 2013 1308; x_wconf 84' lang='lat' dir='ltr'><strong>viae</strong></span> <span class='ocrx_word' id='word_1_85' title='bbox 2033 1252 2165 1307; x_wconf 86' lang='lat' dir='ltr'><strong>deﬁ-</strong></span> 
     </span>
    </p>
   </div>
   <div class='ocr_carea' id='block_1_14' title="bbox 576 1325 2164 1394">
    <p class='ocr_par' dir='ltr' id='par_1_14' title="bbox 576 1325 2164 1394">
     <span class='ocr_line' id='line_1_14' title="bbox 576 1325 2164 1394; baseline -0.004 -9"><span class='ocrx_word' id='word_1_86' title='bbox 576 1331 684 1386; x_wconf 91' lang='lat' dir='ltr'><strong>ciat</strong></span> <span class='ocrx_word' id='word_1_87' title='bbox 725 1330 937 1394; x_wconf 88' lang='lat' dir='ltr'><strong>labore,</strong></span> <span class='ocrx_word' id='word_1_88' title='bbox 984 1327 1291 1382; x_wconf 88' lang='lat' dir='ltr'><strong>noverimus</strong></span> <span class='ocrx_word' id='word_1_89' title='bbox 1315 1325 1561 1380; x_wconf 59' lang='lat' dir='ltr'><strong>allectum</strong></span> <span class='ocrx_word' id='word_1_90' title='bbox 1591 1339 1710 1380; x_wconf 88' lang='lat' dir='ltr'><strong>esse</strong></span> <span class='ocrx_word' id='word_1_91' title='bbox 1735 1335 1892 1394; x_wconf 90' lang='lat' dir='ltr'><strong>atque</strong></span> <span class='ocrx_word' id='word_1_92' title='bbox 1920 1338 2164 1393; x_wconf 86' lang='lat' dir='ltr'><strong>compas-</strong></span> 
     </span>
    </p>
   </div>
   <div class='ocr_carea' id='block_1_15' title="bbox 576 1394 2163 1468">
    <p class='ocr_par' dir='ltr' id='par_1_15' title="bbox 576 1394 2163 1468">
     <span class='ocr_line' id='line_1_15' title="bbox 576 1394 2163 1468; baseline -0.006 -10"><span class='ocrx_word' id='word_1_93' title='bbox 576 1402 783 1458; x_wconf 87' lang='lat' dir='ltr'><strong>sionem</strong></span> <span class='ocrx_word' id='word_1_94' title='bbox 816 1399 1058 1456; x_wconf 72' lang='lat' dir='ltr'><strong>humanae</strong></span> <span class='ocrx_word' id='word_1_95' title='bbox 1092 1396 1430 1468; x_wconf 81' lang='lat' dir='ltr'><strong>fragilitatis:</strong></span> <span class='ocrx_word' id='word_1_96' title='bbox 1463 1395 1602 1468; x_wconf 88' lang='lat' dir='ltr'><strong>quod</strong></span> <span class='ocrx_word' id='word_1_97' title='bbox 1643 1404 1821 1449; x_wconf 89' lang='lat' dir='ltr'><strong>autem</strong></span> <span class='ocrx_word' id='word_1_98' title='bbox 1862 1394 2163 1468; x_wconf 14' lang='lat' dir='ltr'><strong>dei_s__ept_em</strong></span> 
     </span>
    </p>
   </div>
   <div class='ocr_carea' id='block_1_16' title="bbox 576 1465 2164 1542">
    <p class='ocr_par' dir='ltr' id='par_1_16' title="bbox 576 1465 2164 1542">
     <span class='ocr_line' id='line_1_16' title="bbox 576 1465 2164 1542; baseline -0.004 -16"><span class='ocrx_word' id='word_1_99' title='bbox 576 1473 802 1542; x_wconf 87' lang='lat' dir='ltr'><strong>panibus</strong></span> <span class='ocrx_word' id='word_1_100' title='bbox 831 1479 885 1526; x_wconf 90' lang='lat' dir='ltr'><strong>et</strong></span> <span class='ocrx_word' id='word_1_101' title='bbox 908 1469 1090 1542; x_wconf 74' lang='lat' dir='ltr'><strong>paucis</strong></span> <span class='ocrx_word' id='word_1_102' title='bbox 1120 1465 1352 1542; x_wconf 75' lang='lat' dir='ltr'><strong>piscibus</strong></span> <span class='ocrx_word' id='word_1_103' title='bbox 1385 1467 1592 1520; x_wconf 85' lang='lat' dir='ltr'><strong>satiavit</strong></span> <span class='ocrx_word' id='word_1_104' title='bbox 1617 1475 1841 1542; x_wconf 77' lang='lat' dir='ltr'><strong>quatuor</strong></span> <span class='ocrx_word' id='word_1_105' title='bbox 1875 1465 2038 1520; x_wconf 89' lang='lat' dir='ltr'><strong>millia</strong></span> <span class='ocrx_word' id='word_1_106' title='bbox 2068 1465 2164 1520; x_wconf 88' lang='lat' dir='ltr'><strong>ho-</strong></span> 
     </span>
    </p>
   </div>
   <div class='ocr_carea' id='block_1_17' title="bbox 575 1537 1878 1606">
    <p class='ocr_par' dir='ltr' id='par_1_17' title="bbox 575 1537 1878 1606">
     <span class='ocr_line' id='line_1_17' title="bbox 575 1537 1878 1606; baseline -0.006 -9"><span class='ocrx_word' id='word_1_107' title='bbox 575 1537 781 1598; x_wconf 77' lang='lat' dir='ltr'><strong>minum</strong></span> <span class='ocrx_word' id='word_1_108' title='bbox 801 1585 814 1605; x_wconf 93' lang='lat'><strong>,</strong></span> <span class='ocrx_word' id='word_1_109' title='bbox 842 1537 1109 1596; x_wconf 80' lang='lat' dir='ltr'><strong>credimus</strong></span> <span class='ocrx_word' id='word_1_110' title='bbox 1124 1537 1325 1593; x_wconf 73' lang='lat' dir='ltr'><strong>divina:</strong></span> <span class='ocrx_word' id='word_1_111' title='bbox 1347 1552 1481 1606; x_wconf 91' lang='lat' dir='ltr'><strong>opus</strong></span> <span class='ocrx_word' id='word_1_112' title='bbox 1505 1551 1624 1592; x_wconf 88' lang='lat' dir='ltr'><strong>esse</strong></span> <span class='ocrx_word' id='word_1_113' title='bbox 1647 1537 1878 1606; x_wconf 80' lang='lat' dir='ltr'><strong>virtutis.</strong></span> 
     </span>
    </p>
   </div>
   <div class='ocr_carea' id='block_1_18' title="bbox 646 1605 2160 1677">
    <p class='ocr_par' dir='ltr' id='par_1_18' title="bbox 646 1605 2160 1677">
     <span class='ocr_line' id='line_1_18' title="bbox 646 1605 2160 1677; baseline -0.005 -11"><span class='ocrx_word' id='word_1_114' title='bbox 646 1613 701 1666; x_wconf 79' lang='grc'><strong>2.</strong></span> <span class='ocrx_word' id='word_1_115' title='bbox 731 1611 915 1667; x_wconf 81' lang='lat' dir='ltr'><strong>Turst</strong></span> <span class='ocrx_word' id='word_1_116' title='bbox 934 1649 950 1676; x_wconf 91' lang='lat'><strong>,</strong></span> <span class='ocrx_word' id='word_1_117' title='bbox 982 1608 1181 1663; x_wconf 81' lang='lat' dir='ltr'><strong>Gentes.</strong></span> <span class='ocrx_word' id='word_1_118' title='bbox 1215 1609 1363 1664; x_wconf 82' lang='lat' dir='ltr'><strong>Cibus</strong></span> <span class='ocrx_word' id='word_1_119' title='bbox 1384 1605 1507 1677; x_wconf 22' lang='lat' dir='ltr'><strong>iquo</strong></span> <span class='ocrx_word' id='word_1_120' title='bbox 1534 1606 1804 1672; x_wconf 87' lang='lat' dir='ltr'><strong>carebant,</strong></span> <span class='ocrx_word' id='word_1_121' title='bbox 1838 1605 1944 1660; x_wconf 72' lang='lat' dir='ltr'><strong>Leu:</strong></span> <span class='ocrx_word' id='word_1_122' title='bbox 1975 1605 2160 1677; x_wconf 83' lang='lat' dir='ltr'><strong>Moysi.</strong></span> 
     </span>
    </p>
   </div>
   <div class='ocr_carea' id='block_1_19' title="bbox 577 1677 2166 1751">
    <p class='ocr_par' dir='ltr' id='par_1_19' title="bbox 577 1677 2166 1751">
     <span class='ocr_line' id='line_1_19' title="bbox 577 1677 2166 1751; baseline -0.006 -11"><span class='ocrx_word' id='word_1_123' title='bbox 577 1683 831 1740; x_wconf 84' lang='lat' dir='ltr'><strong>Attendat</strong></span> <span class='ocrx_word' id='word_1_124' title='bbox 850 1697 974 1751; x_wconf 83' lang='lat' dir='ltr'><strong>ergo</strong></span> <span class='ocrx_word' id='word_1_125' title='bbox 993 1680 1256 1735; x_wconf 85' lang='lat' dir='ltr'><strong>Sanctitas</strong></span> <span class='ocrx_word' id='word_1_126' title='bbox 1273 1689 1469 1751; x_wconf 82' lang='lat' dir='ltr'><strong>vestra,</strong></span> <span class='ocrx_word' id='word_1_127' title='bbox 1491 1681 1613 1751; x_wconf 85' lang='lat' dir='ltr'><strong>quia</strong></span> <span class='ocrx_word' id='word_1_128' title='bbox 1628 1678 1730 1732; x_wconf 90' lang='lat' dir='ltr'><strong>hoc</strong></span> <span class='ocrx_word' id='word_1_129' title='bbox 1749 1677 1902 1732; x_wconf 90' lang='lat' dir='ltr'><strong>nobis</strong></span> <span class='ocrx_word' id='word_1_130' title='bbox 1922 1679 2166 1751; x_wconf 40' lang='lat' dir='ltr'><strong>preposit-</strong></span> 
     </span>
    </p>
   </div>
   <div class='ocr_carea' id='block_1_20' title="bbox 577 1747 2162 1822">
    <p class='ocr_par' dir='ltr' id='par_1_20' title="bbox 577 1747 2162 1822">
     <span class='ocr_line' id='line_1_20' title="bbox 577 1747 2162 1822; baseline -0.004 -13"><span class='ocrx_word' id='word_1_131' title='bbox 577 1763 690 1809; x_wconf 90' lang='lat' dir='ltr'><strong>tum</strong></span> <span class='ocrx_word' id='word_1_132' title='bbox 720 1764 832 1815; x_wconf 89' lang='lat' dir='ltr'><strong>est,</strong></span> <span class='ocrx_word' id='word_1_133' title='bbox 865 1747 1005 1822; x_wconf 78' lang='lat' dir='ltr'><strong>quod</strong></span> <span class='ocrx_word' id='word_1_134' title='bbox 1031 1765 1148 1806; x_wconf 90' lang='lat' dir='ltr'><strong>cum</strong></span> <span class='ocrx_word' id='word_1_135' title='bbox 1191 1758 1365 1806; x_wconf 86' lang='lat' dir='ltr'><strong>vestra</strong></span> <span class='ocrx_word' id='word_1_136' title='bbox 1399 1747 1656 1822; x_wconf 83' lang='lat' dir='ltr'><strong>charitate</strong></span> <span class='ocrx_word' id='word_1_137' title='bbox 1685 1757 1970 1822; x_wconf 83' lang='lat' dir='ltr'><strong>tractemus</strong></span> <span class='ocrx_word' id='word_1_138' title='bbox 1989 1789 2005 1814; x_wconf 97' lang='lat'><strong>,</strong></span> <span class='ocrx_word' id='word_1_139' title='bbox 2030 1747 2162 1822; x_wconf 86' lang='lat' dir='ltr'><strong>quid</strong></span> 
     </span>
    </p>
   </div>
   <div class='ocr_carea' id='block_1_21' title="bbox 576 1818 2162 1892">
    <p class='ocr_par' dir='ltr' id='par_1_21' title="bbox 576 1818 2162 1892">
     <span class='ocr_line' id='line_1_21' title="bbox 576 1818 2162 1892; baseline -0.004 -13"><span class='ocrx_word' id='word_1_140' title='bbox 576 1825 680 1879; x_wconf 83' lang='lat' dir='ltr'><strong>sibi</strong></span> <span class='ocrx_word' id='word_1_141' title='bbox 709 1825 836 1879; x_wconf 90' lang='lat' dir='ltr'><strong>velit</strong></span> <span class='ocrx_word' id='word_1_142' title='bbox 857 1818 1011 1892; x_wconf 80' lang='lat' dir='ltr'><strong>hujus</strong></span> <span class='ocrx_word' id='word_1_143' title='bbox 1036 1821 1112 1876; x_wconf 88' lang='lat' dir='ltr'><strong>rei</strong></span> <span class='ocrx_word' id='word_1_144' title='bbox 1145 1829 1348 1892; x_wconf 88' lang='lat' dir='ltr'><strong>tantum</strong></span> <span class='ocrx_word' id='word_1_145' title='bbox 1375 1819 1685 1890; x_wconf 89' lang='lat' dir='ltr'><strong>mysterium</strong></span> <span class='ocrx_word' id='word_1_146' title='bbox 1703 1860 1719 1885; x_wconf 94' lang='lat'><strong>,</strong></span> <span class='ocrx_word' id='word_1_147' title='bbox 1745 1818 1886 1889; x_wconf 90' lang='lat' dir='ltr'><strong>quod</strong></span> <span class='ocrx_word' id='word_1_148' title='bbox 1913 1834 1977 1874; x_wconf 92' lang='lat' dir='ltr'><strong>eo</strong></span> <span class='ocrx_word' id='word_1_149' title='bbox 2001 1819 2162 1892; x_wconf 81' lang='lat' dir='ltr'><strong>modo</strong></span> 
     </span>
    </p>
   </div>
   <div class='ocr_carea' id='block_1_22' title="bbox 577 1889 2161 1962">
    <p class='ocr_par' dir='ltr' id='par_1_22' title="bbox 577 1889 2161 1962">
     <span class='ocr_line' id='line_1_22' title="bbox 577 1889 2161 1962; baseline -0.004 -13"><span class='ocrx_word' id='word_1_150' title='bbox 577 1910 638 1950; x_wconf 89' lang='lat' dir='ltr'><strong>se</strong></span> <span class='ocrx_word' id='word_1_151' title='bbox 662 1896 827 1949; x_wconf 90' lang='lat' dir='ltr'><strong>Deum</strong></span> <span class='ocrx_word' id='word_1_152' title='bbox 849 1889 1120 1962; x_wconf 79' lang='lat' dir='ltr'><strong>discipulis</strong></span> <span class='ocrx_word' id='word_1_153' title='bbox 1147 1889 1540 1947; x_wconf 85' lang='lat' dir='ltr'><strong>demonstrasse</strong></span> <span class='ocrx_word' id='word_1_154' title='bbox 1565 1889 2161 1962; x_wconf 79' lang='lat' dir='ltr'><strong>sancta_testatur_Scri-</strong></span> 
     </span>
    </p>
   </div>
   <div class='ocr_carea' id='block_1_23' title="bbox 577 1959 2160 2035">
    <p class='ocr_par' dir='ltr' id='par_1_23' title="bbox 577 1959 2160 2035">
     <span class='ocr_line' id='line_1_23' title="bbox 577 1959 2160 2035; baseline -0.004 -16"><span class='ocrx_word' id='word_1_155' title='bbox 577 1975 731 2035; x_wconf 89' lang='lat' dir='ltr'><strong>ptnra</strong></span> <span class='ocrx_word' id='word_1_156' title='bbox 755 2007 771 2033; x_wconf 87' lang='lat'><strong>,</strong></span> <span class='ocrx_word' id='word_1_157' title='bbox 801 1959 1070 2035; x_wconf 84' lang='lat' dir='ltr'><strong>quomodo</strong></span> <span class='ocrx_word' id='word_1_158' title='bbox 1095 1962 1434 2035; x_wconf 81' lang='lat' dir='ltr'><strong>Evangelium</strong></span> <span class='ocrx_word' id='word_1_159' title='bbox 1465 1969 1662 2035; x_wconf 80' lang='lat' dir='ltr'><strong>narrat.</strong></span> <span class='ocrx_word' id='word_1_160' title='bbox 1697 1960 1784 2035; x_wconf 86' lang='lat' dir='ltr'><strong>Ait</strong></span> <span class='ocrx_word' id='word_1_161' title='bbox 1810 1959 1959 2035; x_wconf 29' lang='lat' dir='ltr'><strong>enim.</strong></span> <span class='ocrx_word' id='word_1_162' title='bbox 1981 1959 2160 2014; x_wconf 87' lang='lat' dir='ltr'><strong>Evan-</strong></span> 
     </span>
    </p>
   </div>
   <div class='ocr_carea' id='block_1_24' title="bbox 573 2029 2162 2106">
    <p class='ocr_par' dir='ltr' id='par_1_24' title="bbox 573 2029 2162 2106">
     <span class='ocr_line' id='line_1_24' title="bbox 573 2029 2162 2106; baseline -0.004 -15"><span class='ocrx_word' id='word_1_163' title='bbox 573 2029 766 2106; x_wconf 78' lang='lat' dir='ltr'><strong>gelista</strong></span> <span class='ocrx_word' id='word_1_164' title='bbox 804 2029 856 2090; x_wconf 78' lang='lat' dir='ltr'><strong>in</strong></span> <span class='ocrx_word' id='word_1_165' title='bbox 895 2033 1149 2106; x_wconf 85' lang='lat' dir='ltr'><strong>hodierna</strong></span> <span class='ocrx_word' id='word_1_166' title='bbox 1195 2029 1431 2106; x_wconf 72' lang='lat' dir='ltr'><strong>lectione</strong></span> <span class='ocrx_word' id='word_1_167' title='bbox 1464 2049 1478 2084; x_wconf 89' lang='lat'><strong>:</strong></span> <span class='ocrx_word' id='word_1_168' title='bbox 1510 2031 1636 2106; x_wconf 73' lang='lat' dir='ltr'><strong>(Iuni</strong></span> <span class='ocrx_word' id='word_1_169' title='bbox 1670 2031 1830 2084; x_wconf 85' lang='lat' dir='ltr'><strong>multa</strong></span> <span class='ocrx_word' id='word_1_170' title='bbox 1860 2029 2006 2084; x_wconf 86' lang='lat' dir='ltr'><strong>turba</strong></span> <span class='ocrx_word' id='word_1_171' title='bbox 2033 2039 2162 2106; x_wconf 78' lang='lat' dir='ltr'><strong>esset</strong></span> 
     </span>
    </p>
   </div>
   <div class='ocr_carea' id='block_1_25' title="bbox 573 2101 2162 2172">
    <p class='ocr_par' dir='ltr' id='par_1_25' title="bbox 573 2101 2162 2172">
     <span class='ocr_line' id='line_1_25' title="bbox 573 2101 2162 2172; baseline -0.003 -12"><span class='ocrx_word' id='word_1_172' title='bbox 573 2101 691 2160; x_wconf 70' lang='lat' dir='ltr'><strong>cum</strong></span> <span class='ocrx_word' id='word_1_173' title='bbox 727 2105 884 2172; x_wconf 82' lang='lat' dir='ltr'><strong>Jesu,</strong></span> <span class='ocrx_word' id='word_1_174' title='bbox 914 2121 1002 2158; x_wconf 87' lang='lat' dir='ltr'><strong>nec</strong></span> <span class='ocrx_word' id='word_1_175' title='bbox 1030 2103 1262 2158; x_wconf 79' lang='lat' dir='ltr'><strong>haberent</strong></span> <span class='ocrx_word' id='word_1_176' title='bbox 1297 2103 1432 2172; x_wconf 86' lang='lat' dir='ltr'><strong>quod</strong></span> <span class='ocrx_word' id='word_1_177' title='bbox 1459 2101 1822 2172; x_wconf 83' lang='lat' dir='ltr'><strong>manducarent</strong></span> <span class='ocrx_word' id='word_1_178' title='bbox 1839 2141 1856 2167; x_wconf 90' lang='lat'><strong>,</strong></span> <span class='ocrx_word' id='word_1_179' title='bbox 1883 2101 2162 2172; x_wconf 77' lang='lat' dir='ltr'><strong>convocatis</strong></span> 
     </span>
    </p>
   </div>
   <div class='ocr_carea' id='block_1_26' title="bbox 573 2171 2160 2241">
    <p class='ocr_par' dir='ltr' id='par_1_26' title="bbox 573 2171 2160 2241">
     <span class='ocr_line' id='line_1_26' title="bbox 573 2171 2160 2241; baseline -0.001 -12"><span class='ocrx_word' id='word_1_180' title='bbox 573 2177 834 2241; x_wconf 70' lang='lat' dir='ltr'><strong>discipulis</strong></span> <span class='ocrx_word' id='word_1_181' title='bbox 855 2177 925 2230; x_wconf 89' lang='lat' dir='ltr'><strong>ait</strong></span> <span class='ocrx_word' id='word_1_182' title='bbox 944 2174 1048 2229; x_wconf 80' lang='lat' dir='ltr'><strong>illis</strong></span> <span class='ocrx_word' id='word_1_183' title='bbox 1069 2189 1088 2229; x_wconf 90' lang='lat'><strong><em>:</em></strong></span> <span class='ocrx_word' id='word_1_184' title='bbox 1111 2171 1355 2228; x_wconf 77' lang='lat' dir='ltr'><strong>Miserebr</strong></span> <span class='ocrx_word' id='word_1_185' title='bbox 1370 2173 1526 2226; x_wconf 74' lang='lat' dir='ltr'><strong>turbae</strong></span> <span class='ocrx_word' id='word_1_186' title='bbox 1539 2173 1675 2226; x_wconf 85' lang='lat' dir='ltr'><strong>huic.</strong></span> <span class='ocrx_word' id='word_1_187' title='bbox 1703 2171 1809 2227; x_wconf 91' lang='lat' dir='ltr'><strong>Sed</strong></span> <span class='ocrx_word' id='word_1_188' title='bbox 1830 2171 2160 2241; x_wconf 84' lang='lat' dir='ltr'><strong>requiramus</strong></span> 
     </span>
    </p>
   </div>
   <div class='ocr_carea' id='block_1_27' title="bbox 572 2242 2157 2316">
    <p class='ocr_par' dir='ltr' id='par_1_27' title="bbox 572 2242 2157 2316">
     <span class='ocr_line' id='line_1_27' title="bbox 572 2242 2157 2316; baseline -0.004 -14"><span class='ocrx_word' id='word_1_189' title='bbox 572 2242 715 2316; x_wconf 87' lang='lat' dir='ltr'><strong>quod</strong></span> <span class='ocrx_word' id='word_1_190' title='bbox 735 2248 810 2302; x_wconf 85' lang='lat' dir='ltr'><strong>ait</strong></span> <span class='ocrx_word' id='word_1_191' title='bbox 834 2245 1098 2316; x_wconf 80' lang='lat' dir='ltr'><strong>superius,</strong></span> <span class='ocrx_word' id='word_1_192' title='bbox 1128 2243 1195 2297; x_wconf 85' lang='lat' dir='ltr'><strong>In</strong></span> <span class='ocrx_word' id='word_1_193' title='bbox 1223 2245 1324 2298; x_wconf 92' lang='lat' dir='ltr'><strong>illis</strong></span> <span class='ocrx_word' id='word_1_194' title='bbox 1343 2243 1515 2316; x_wconf 75' lang='lat' dir='ltr'><strong>diebus</strong></span> <span class='ocrx_word' id='word_1_195' title='bbox 1533 2243 1812 2316; x_wconf 73' lang='lat' dir='ltr'><strong>c_um_turba</strong></span> <span class='ocrx_word' id='word_1_196' title='bbox 1827 2242 1988 2296; x_wconf 87' lang='lat' dir='ltr'><strong>multa</strong></span> <span class='ocrx_word' id='word_1_197' title='bbox 2013 2249 2157 2296; x_wconf 86' lang='lat' dir='ltr'><strong>esset.</strong></span> 
     </span>
    </p>
   </div>
   <div class='ocr_carea' id='block_1_28' title="bbox 573 2312 2163 2387">
    <p class='ocr_par' dir='ltr' id='par_1_28' title="bbox 573 2312 2163 2387">
     <span class='ocr_line' id='line_1_28' title="bbox 573 2312 2163 2387; baseline -0.004 -14"><span class='ocrx_word' id='word_1_198' title='bbox 573 2312 832 2387; x_wconf 83' lang='lat' dir='ltr'><strong>Superius</strong></span> <span class='ocrx_word' id='word_1_199' title='bbox 856 2312 998 2372; x_wconf 87' lang='lat' dir='ltr'><strong>enim</strong></span> <span class='ocrx_word' id='word_1_200' title='bbox 1029 2322 1370 2387; x_wconf 83' lang='lat' dir='ltr'><strong>accesserunt</strong></span> <span class='ocrx_word' id='word_1_201' title='bbox 1399 2312 1566 2368; x_wconf 84' lang='lat' dir='ltr'><strong>Judaei</strong></span> <span class='ocrx_word' id='word_1_202' title='bbox 1591 2312 1660 2387; x_wconf 82' lang='lat' dir='ltr'><strong>ad</strong></span> <span class='ocrx_word' id='word_1_203' title='bbox 1686 2312 2016 2387; x_wconf 18' lang='lat' dir='ltr'><strong>Sal‘vaiorem</strong></span> <span class='ocrx_word' id='word_1_204' title='bbox 2035 2327 2163 2387; x_wconf 88' lang='lat' dir='ltr'><strong>,__ac-</strong></span> 
     </span>
    </p>
   </div>
   <div class='ocr_carea' id='block_1_29' title="bbox 573 2382 2161 2454">
    <p class='ocr_par' dir='ltr' id='par_1_29' title="bbox 573 2382 2161 2454">
     <span class='ocr_line' id='line_1_29' title="bbox 573 2382 2161 2454; baseline -0.002 -14"><span class='ocrx_word' id='word_1_205' title='bbox 573 2382 828 2443; x_wconf 72' lang='lat' dir='ltr'><strong>cuéantes</strong></span> <span class='ocrx_word' id='word_1_206' title='bbox 860 2385 1147 2454; x_wconf 86' lang='lat' dir='ltr'><strong>discipulos</strong></span> <span class='ocrx_word' id='word_1_207' title='bbox 1177 2385 1291 2452; x_wconf 87' lang='lat' dir='ltr'><strong>ejus</strong></span> <span class='ocrx_word' id='word_1_208' title='bbox 1311 2425 1324 2448; x_wconf 88' lang='lat'><strong>,</strong></span> <span class='ocrx_word' id='word_1_209' title='bbox 1357 2399 1424 2439; x_wconf 94' lang='lat' dir='ltr'><strong>eo</strong></span> <span class='ocrx_word' id='word_1_210' title='bbox 1464 2383 1607 2454; x_wconf 90' lang='lat' dir='ltr'><strong>quod</strong></span> <span class='ocrx_word' id='word_1_211' title='bbox 1637 2399 1745 2438; x_wconf 92' lang='lat' dir='ltr'><strong>non</strong></span> <span class='ocrx_word' id='word_1_212' title='bbox 1770 2383 1892 2454; x_wconf 87' lang='lat' dir='ltr'><strong>lotis</strong></span> <span class='ocrx_word' id='word_1_213' title='bbox 1915 2382 2161 2454; x_wconf 87' lang='lat' dir='ltr'><strong>manibus</strong></span> 
     </span>
    </p>
   </div>
   <div class='ocr_carea' id='block_1_30' title="bbox 573 2453 2161 2525">
    <p class='ocr_par' dir='ltr' id='par_1_30' title="bbox 573 2453 2161 2525">
     <span class='ocr_line' id='line_1_30' title="bbox 573 2453 2161 2525; baseline -0.003 -13"><span class='ocrx_word' id='word_1_214' title='bbox 573 2459 974 2512; x_wconf 88' lang='lat' dir='ltr'><strong>manducarent.</strong></span> <span class='ocrx_word' id='word_1_215' title='bbox 996 2453 1153 2521; x_wconf 76' lang='lat' dir='ltr'><strong>Quos</strong></span> <span class='ocrx_word' id='word_1_216' title='bbox 1180 2455 1432 2509; x_wconf 88' lang='lat' dir='ltr'><strong>Dominus</strong></span> <span class='ocrx_word' id='word_1_217' title='bbox 1462 2453 1761 2523; x_wconf 75' lang='lat' dir='ltr'><strong>redarguit,</strong></span> <span class='ocrx_word' id='word_1_218' title='bbox 1801 2453 1928 2525; x_wconf 89' lang='lat' dir='ltr'><strong>quia</strong></span> <span class='ocrx_word' id='word_1_219' title='bbox 1949 2469 2067 2525; x_wconf 77' lang='lat' dir='ltr'><strong>quae</strong></span> <span class='ocrx_word' id='word_1_220' title='bbox 2093 2453 2161 2508; x_wconf 87' lang='lat' dir='ltr'><strong>de</strong></span> 
     </span>
    </p>
   </div>
   <div class='ocr_carea' id='block_1_31' title="bbox 572 2523 2162 2595">
    <p class='ocr_par' dir='ltr' id='par_1_31' title="bbox 572 2523 2162 2595">
     <span class='ocr_line' id='line_1_31' title="bbox 572 2523 2162 2595; baseline -0.002 -14"><span class='ocrx_word' id='word_1_221' title='bbox 572 2529 738 2584; x_wconf 87' lang='lat' dir='ltr'><strong>corde</strong></span> <span class='ocrx_word' id='word_1_222' title='bbox 766 2527 904 2583; x_wconf 85' lang='lat' dir='ltr'><strong>mala</strong></span> <span class='ocrx_word' id='word_1_223' title='bbox 934 2526 1244 2595; x_wconf 85' lang='lat' dir='ltr'><strong>procedunt,</strong></span> <span class='ocrx_word' id='word_1_224' title='bbox 1272 2541 1332 2579; x_wconf 92' lang='lat' dir='ltr'><strong>ea</strong></span> <span class='ocrx_word' id='word_1_225' title='bbox 1359 2523 1831 2595; x_wconf 83' lang='lat' dir='ltr'><strong>potiushominem</strong></span> <span class='ocrx_word' id='word_1_226' title='bbox 1852 2523 2162 2595; x_wconf 46' lang='lat' dir='ltr'><strong>coinquinaf</strong></span> 
     </span>
    </p>
   </div>
   <div class='ocr_carea' id='block_1_32' title="bbox 573 2593 2160 2661">
    <p class='ocr_par' dir='ltr' id='par_1_32' title="bbox 573 2593 2160 2661">
     <span class='ocr_line' id='line_1_32' title="bbox 573 2593 2160 2661; baseline -0.003 -8"><span class='ocrx_word' id='word_1_227' title='bbox 573 2608 709 2653; x_wconf 91' lang='lat' dir='ltr'><strong>rent.</strong></span> <span class='ocrx_word' id='word_1_228' title='bbox 751 2598 820 2653; x_wconf 91' lang='lat' dir='ltr'><strong>Et</strong></span> <span class='ocrx_word' id='word_1_229' title='bbox 860 2593 1055 2652; x_wconf 81' lang='lat' dir='ltr'><strong>relictis</strong></span> <span class='ocrx_word' id='word_1_230' title='bbox 1082 2596 1188 2650; x_wconf 90' lang='lat' dir='ltr'><strong>illis</strong></span> <span class='ocrx_word' id='word_1_231' title='bbox 1210 2637 1224 2660; x_wconf 92' lang='lat'><strong>,</strong></span> <span class='ocrx_word' id='word_1_232' title='bbox 1253 2593 1398 2650; x_wconf 85' lang='lat' dir='ltr'><strong>venit</strong></span> <span class='ocrx_word' id='word_1_233' title='bbox 1438 2595 1492 2649; x_wconf 92' lang='lat' dir='ltr'><strong>in</strong></span> <span class='ocrx_word' id='word_1_234' title='bbox 1522 2593 1714 2650; x_wconf 90' lang='lat' dir='ltr'><strong>ﬁnibus</strong></span> <span class='ocrx_word' id='word_1_235' title='bbox 1748 2593 2028 2661; x_wconf 84' lang='lat' dir='ltr'><strong>Gentium,</strong></span> <span class='ocrx_word' id='word_1_236' title='bbox 2071 2594 2160 2649; x_wconf 90' lang='lat' dir='ltr'><strong>ubi</strong></span> 
     </span>
    </p>
   </div>
   <div class='ocr_carea' id='block_1_33' title="bbox 569 2666 2159 2738">
    <p class='ocr_par' dir='ltr' id='par_1_33' title="bbox 569 2666 2159 2738">
     <span class='ocr_line' id='line_1_33' title="bbox 569 2666 2159 2738; baseline -0.004 -13"><span class='ocrx_word' id='word_1_237' title='bbox 569 2671 765 2725; x_wconf 80' lang='lat' dir='ltr'><strong>mulier</strong></span> <span class='ocrx_word' id='word_1_238' title='bbox 789 2668 1089 2738; x_wconf 75' lang='lat' dir='ltr'><strong>Chanamca</strong></span> <span class='ocrx_word' id='word_1_239' title='bbox 1109 2707 1123 2730; x_wconf 90' lang='lat'><strong>,</strong></span> <span class='ocrx_word' id='word_1_240' title='bbox 1151 2683 1269 2738; x_wconf 57' lang='lat' dir='ltr'><strong>quin</strong></span> <span class='ocrx_word' id='word_1_241' title='bbox 1289 2675 1370 2720; x_wconf 89' lang='lat' dir='ltr'><strong>est</strong></span> <span class='ocrx_word' id='word_1_242' title='bbox 1390 2676 1561 2738; x_wconf 78' lang='lat' dir='ltr'><strong>mater</strong></span> <span class='ocrx_word' id='word_1_243' title='bbox 1587 2666 1860 2736; x_wconf 83' lang='lat' dir='ltr'><strong>gentilium</strong></span> <span class='ocrx_word' id='word_1_244' title='bbox 1887 2707 1900 2732; x_wconf 90' lang='lat'><strong>,</strong></span> <span class='ocrx_word' id='word_1_245' title='bbox 1936 2681 2032 2736; x_wconf 90' lang='lat' dir='ltr'><strong>pro</strong></span> <span class='ocrx_word' id='word_1_246' title='bbox 2056 2666 2159 2720; x_wconf 88' lang='lat' dir='ltr'><strong>ﬁlia</strong></span> 
     </span>
    </p>
   </div>
   <div class='ocr_carea' id='block_1_34' title="bbox 568 2735 2161 2808">
    <p class='ocr_par' dir='ltr' id='par_1_34' title="bbox 568 2735 2161 2808">
     <span class='ocr_line' id='line_1_34' title="bbox 568 2735 2161 2808; baseline -0.002 -15"><span class='ocrx_word' id='word_1_247' title='bbox 568 2756 688 2808; x_wconf 87' lang='lat' dir='ltr'><strong>sua,</strong></span> <span class='ocrx_word' id='word_1_248' title='bbox 717 2739 768 2794; x_wconf 88' lang='lat' dir='ltr'><strong>id</strong></span> <span class='ocrx_word' id='word_1_249' title='bbox 794 2748 895 2804; x_wconf 87' lang='lat' dir='ltr'><strong>est,</strong></span> <span class='ocrx_word' id='word_1_250' title='bbox 927 2735 1184 2803; x_wconf 69' lang='lat' dir='ltr'><strong>Ecclesia,</strong></span> <span class='ocrx_word' id='word_1_251' title='bbox 1211 2737 1488 2790; x_wconf 91' lang='lat' dir='ltr'><strong>Dominum</strong></span> <span class='ocrx_word' id='word_1_252' title='bbox 1513 2735 1828 2808; x_wconf 82' lang='lat' dir='ltr'><strong>deprecatur</strong></span> <span class='ocrx_word' id='word_1_253' title='bbox 1849 2755 1862 2791; x_wconf 92' lang='lat'><strong>:</strong></span> <span class='ocrx_word' id='word_1_254' title='bbox 1881 2735 1999 2808; x_wconf 70' lang='lat' dir='ltr'><strong>qua:</strong></span> <span class='ocrx_word' id='word_1_255' title='bbox 2027 2745 2161 2808; x_wconf 80' lang='lat' dir='ltr'><strong>tam-</strong></span> 
     </span>
    </p>
   </div>
   <div class='ocr_carea' id='block_1_35' title="bbox 570 2806 2161 2880">
    <p class='ocr_par' dir='ltr' id='par_1_35' title="bbox 570 2806 2161 2880">
     <span class='ocr_line' id='line_1_35' title="bbox 570 2806 2161 2880; baseline -0.002 -16"><span class='ocrx_word' id='word_1_256' title='bbox 570 2806 680 2864; x_wconf 87' lang='lat' dir='ltr'><strong>diu</strong></span> <span class='ocrx_word' id='word_1_257' title='bbox 704 2810 1021 2880; x_wconf 86' lang='lat' dir='ltr'><strong>postulavit,</strong></span> <span class='ocrx_word' id='word_1_258' title='bbox 1064 2807 1236 2880; x_wconf 87' lang='lat' dir='ltr'><strong>donec</strong></span> <span class='ocrx_word' id='word_1_259' title='bbox 1276 2808 1542 2878; x_wconf 90' lang='lat' dir='ltr'><strong>acciperet</strong></span> <span class='ocrx_word' id='word_1_260' title='bbox 1578 2807 1737 2880; x_wconf 22' lang='lat' dir='ltr'><strong>quod.</strong></span> <span class='ocrx_word' id='word_1_261' title='bbox 1761 2807 1992 2880; x_wconf 77' lang='lat' dir='ltr'><strong>petebat.</strong></span> <span class='ocrx_word' id='word_1_262' title='bbox 2033 2806 2161 2880; x_wconf 86' lang='lat' dir='ltr'><strong>Post</strong></span> 
     </span>
    </p>
   </div>
   <div class='ocr_carea' id='block_1_36' title="bbox 571 2876 2156 2949">
    <p class='ocr_par' dir='ltr' id='par_1_36' title="bbox 571 2876 2156 2949">
     <span class='ocr_line' id='line_1_36' title="bbox 571 2876 2156 2949; baseline -0.003 -13"><span class='ocrx_word' id='word_1_263' title='bbox 571 2876 917 2937; x_wconf 35' lang='lat' dir='ltr'><strong>haec—iterum</strong></span> <span class='ocrx_word' id='word_1_264' title='bbox 960 2879 1166 2933; x_wconf 88' lang='lat' dir='ltr'><strong>curavit</strong></span> <span class='ocrx_word' id='word_1_265' title='bbox 1201 2876 1407 2933; x_wconf 83' lang='lat' dir='ltr'><strong>mutum</strong></span> <span class='ocrx_word' id='word_1_266' title='bbox 1449 2888 1514 2949; x_wconf 79' lang='lat' dir='ltr'><strong>et</strong></span> <span class='ocrx_word' id='word_1_267' title='bbox 1542 2876 1778 2949; x_wconf 26' lang='lat' dir='ltr'><strong>surdumi</strong></span> <span class='ocrx_word' id='word_1_268' title='bbox 1807 2876 1995 2949; x_wconf 81' lang='lat' dir='ltr'><strong>(Marc.</strong></span> <span class='ocrx_word' id='word_1_269' title='bbox 2041 2879 2156 2946; x_wconf 89' lang='lat' dir='ltr'><strong>vn).</strong></span> 
     </span>
    </p>
   </div>
   <div class='ocr_carea' id='block_1_37' title="bbox 568 2947 2156 3021">
    <p class='ocr_par' dir='ltr' id='par_1_37' title="bbox 568 2947 2156 3021">
     <span class='ocr_line' id='line_1_37' title="bbox 568 2947 2156 3021; baseline -0.004 -14"><span class='ocrx_word' id='word_1_270' title='bbox 568 2952 712 3021; x_wconf 84' lang='lat' dir='ltr'><strong>Ergo</strong></span> <span class='ocrx_word' id='word_1_271' title='bbox 732 2951 784 3004; x_wconf 93' lang='lat' dir='ltr'><strong>in</strong></span> <span class='ocrx_word' id='word_1_272' title='bbox 820 2951 901 3005; x_wconf 90' lang='lat' dir='ltr'><strong>his</strong></span> <span class='ocrx_word' id='word_1_273' title='bbox 922 2949 1109 3021; x_wconf 86' lang='lat' dir='ltr'><strong>diebus</strong></span> <span class='ocrx_word' id='word_1_274' title='bbox 1133 2947 1553 3021; x_wconf 83' lang='lat' dir='ltr'><strong>cummultitudo</strong></span> <span class='ocrx_word' id='word_1_275' title='bbox 1574 2947 1755 3021; x_wconf 84' lang='lat' dir='ltr'><strong>populi</strong></span> <span class='ocrx_word' id='word_1_276' title='bbox 1779 2947 2156 3021; x_wconf 80' lang='lat' dir='ltr'><strong>concurrisset,</strong></span> 
     </span>
    </p>
   </div>
   <div class='ocr_carea' id='block_1_38' title="bbox 569 3018 2160 3089">
    <p class='ocr_par' dir='ltr' id='par_1_38' title="bbox 569 3018 2160 3089">
     <span class='ocr_line' id='line_1_38' title="bbox 569 3018 2160 3089; baseline -0.001 -15"><span class='ocrx_word' id='word_1_277' title='bbox 569 3018 668 3075; x_wconf 71' lang='lat' dir='ltr'><strong>nec</strong></span> <span class='ocrx_word' id='word_1_278' title='bbox 685 3021 921 3074; x_wconf 84' lang='lat' dir='ltr'><strong>haberent</strong></span> <span class='ocrx_word' id='word_1_279' title='bbox 950 3019 1084 3089; x_wconf 88' lang='lat' dir='ltr'><strong>quod</strong></span> <span class='ocrx_word' id='word_1_280' title='bbox 1109 3019 1472 3073; x_wconf 87' lang='lat' dir='ltr'><strong>manducarcnt</strong></span> <span class='ocrx_word' id='word_1_281' title='bbox 1503 3018 1725 3074; x_wconf 87' lang='lat' dir='ltr'><strong>:turbas</strong></span> <span class='ocrx_word' id='word_1_282' title='bbox 1759 3019 1900 3074; x_wconf 91' lang='lat' dir='ltr'><strong>enim</strong></span> <span class='ocrx_word' id='word_1_283' title='bbox 1931 3018 2019 3073; x_wconf 92' lang='lat' dir='ltr'><strong>hic</strong></span> <span class='ocrx_word' id='word_1_284' title='bbox 2045 3034 2160 3073; x_wconf 88' lang='lat' dir='ltr'><strong>om-</strong></span> 
     </span>
    </p>
   </div>
   <div class='ocr_carea' id='block_1_39' title="bbox 571 3089 2158 3161">
    <p class='ocr_par' dir='ltr' id='par_1_39' title="bbox 571 3089 2158 3161">
     <span class='ocr_line' id='line_1_39' title="bbox 571 3089 2158 3161; baseline -0.001 -15"><span class='ocrx_word' id='word_1_285' title='bbox 571 3106 668 3146; x_wconf 88' lang='lat' dir='ltr'><strong>nes</strong></span> <span class='ocrx_word' id='word_1_286' title='bbox 689 3093 862 3161; x_wconf 88' lang='lat' dir='ltr'><strong>gentis</strong></span> <span class='ocrx_word' id='word_1_287' title='bbox 887 3089 1186 3160; x_wconf 86' lang='lat' dir='ltr'><strong>signiﬁcare</strong></span> <span class='ocrx_word' id='word_1_288' title='bbox 1209 3099 1490 3161; x_wconf 81' lang='lat' dir='ltr'><strong>creaturas</strong></span> <span class='ocrx_word' id='word_1_289' title='bbox 1510 3089 1853 3159; x_wconf 89' lang='lat' dir='ltr'><strong>intelligimus</strong></span> <span class='ocrx_word' id='word_1_290' title='bbox 1873 3130 1886 3153; x_wconf 92' lang='lat'><strong>,</strong></span> <span class='ocrx_word' id='word_1_291' title='bbox 1913 3104 2014 3156; x_wconf 90' lang='lat' dir='ltr'><strong>pro</strong></span> <span class='ocrx_word' id='word_1_292' title='bbox 2037 3090 2158 3161; x_wconf 46' lang='lat' dir='ltr'><strong>qui:</strong></span> 
     </span>
    </p>
   </div>
   <div class='ocr_carea' id='block_1_40' title="bbox 569 3159 2160 3231">
    <p class='ocr_par' dir='ltr' id='par_1_40' title="bbox 569 3159 2160 3231">
     <span class='ocr_line' id='line_1_40' title="bbox 569 3159 2160 3231; baseline -0.003 -11"><span class='ocrx_word' id='word_1_293' title='bbox 569 3163 671 3220; x_wconf 82' lang='lat' dir='ltr'><strong>bus</strong></span> <span class='ocrx_word' id='word_1_294' title='bbox 698 3159 821 3231; x_wconf 86' lang='lat' dir='ltr'><strong>ipse</strong></span> <span class='ocrx_word' id='word_1_295' title='bbox 865 3159 1122 3215; x_wconf 89' lang='lat' dir='ltr'><strong>Dominus</strong></span> <span class='ocrx_word' id='word_1_296' title='bbox 1166 3159 1528 3231; x_wconf 88' lang='lat' dir='ltr'><strong>misericordia</strong></span> <span class='ocrx_word' id='word_1_297' title='bbox 1571 3168 1970 3231; x_wconf 81' lang='lat' dir='ltr'><strong>commovetur,</strong></span> <span class='ocrx_word' id='word_1_298' title='bbox 2017 3159 2160 3231; x_wconf 85' lang='lat' dir='ltr'><strong>quod</strong></span> 
     </span>
    </p>
   </div>
   <div class='ocr_carea' id='block_1_41' title="bbox 571 3229 2156 3300">
    <p class='ocr_par' dir='ltr' id='par_1_41' title="bbox 571 3229 2156 3300">
     <span class='ocr_line' id='line_1_41' title="bbox 571 3229 2156 3300; baseline 0.001 -15"><span class='ocrx_word' id='word_1_299' title='bbox 571 3249 673 3286; x_wconf 89' lang='lat' dir='ltr'><strong>non</strong></span> <span class='ocrx_word' id='word_1_300' title='bbox 699 3229 935 3285; x_wconf 78' lang='lat' dir='ltr'><strong>haberent</strong></span> <span class='ocrx_word' id='word_1_301' title='bbox 963 3231 1096 3300; x_wconf 91' lang='lat' dir='ltr'><strong>quod</strong></span> <span class='ocrx_word' id='word_1_302' title='bbox 1138 3230 1503 3284; x_wconf 81' lang='lat' dir='ltr'><strong>ntanducareut</strong></span> <span class='ocrx_word' id='word_1_303' title='bbox 1531 3229 1656 3285; x_wconf 89' lang='lat' dir='ltr'><strong>:hic</strong></span> <span class='ocrx_word' id='word_1_304' title='bbox 1678 3229 2156 3300; x_wconf 24' lang='lat' dir='ltr'><strong>spiritualiter’de-</strong></span> 
     </span>
    </p>
   </div>
   <div class='ocr_carea' id='block_1_42' title="bbox 571 3300 2159 3372">
    <p class='ocr_par' dir='ltr' id='par_1_42' title="bbox 571 3300 2159 3372">
     <span class='ocr_line' id='line_1_42' title="bbox 571 3300 2159 3372; baseline -0.002 -15"><span class='ocrx_word' id='word_1_305' title='bbox 571 3303 759 3358; x_wconf 85' lang='lat' dir='ltr'><strong>bemus</strong></span> <span class='ocrx_word' id='word_1_306' title='bbox 784 3303 1100 3372; x_wconf 80' lang='lat' dir='ltr'><strong>intelligere;</strong></span> <span class='ocrx_word' id='word_1_307' title='bbox 1119 3301 1260 3372; x_wconf 86' lang='lat' dir='ltr'><strong>quod</strong></span> <span class='ocrx_word' id='word_1_308' title='bbox 1285 3301 1405 3356; x_wconf 92' lang='lat' dir='ltr'><strong>ideo</strong></span> <span class='ocrx_word' id='word_1_309' title='bbox 1431 3316 1539 3355; x_wconf 89' lang='lat' dir='ltr'><strong>non</strong></span> <span class='ocrx_word' id='word_1_310' title='bbox 1566 3300 1832 3372; x_wconf 77' lang='lat' dir='ltr'><strong>habebant</strong></span> <span class='ocrx_word' id='word_1_311' title='bbox 1856 3301 1991 3372; x_wconf 86' lang='lat' dir='ltr'><strong>quod</strong></span> <span class='ocrx_word' id='word_1_312' title='bbox 2018 3317 2159 3354; x_wconf 87' lang='lat' dir='ltr'><strong>man-</strong></span> 
     </span>
    </p>
   </div>
   <div class='ocr_carea' id='block_1_43' title="bbox 569 3370 2154 3442">
    <p class='ocr_par' dir='ltr' id='par_1_43' title="bbox 569 3370 2154 3442">
     <span class='ocr_line' id='line_1_43' title="bbox 569 3370 2154 3442; baseline 0 -16"><span class='ocrx_word' id='word_1_313' title='bbox 569 3373 810 3427; x_wconf 85' lang='lat' dir='ltr'><strong>ducarcnt</strong></span> <span class='ocrx_word' id='word_1_314' title='bbox 833 3389 852 3426; x_wconf 92' lang='lat'><strong><em>:</em></strong></span> <span class='ocrx_word' id='word_1_315' title='bbox 872 3370 993 3441; x_wconf 83' lang='lat' dir='ltr'><strong>quia</strong></span> <span class='ocrx_word' id='word_1_316' title='bbox 1017 3371 1216 3428; x_wconf 84' lang='lat' dir='ltr'><strong>Gentes</strong></span> <span class='ocrx_word' id='word_1_317' title='bbox 1244 3371 1440 3442; x_wconf 87' lang='lat' dir='ltr'><strong>Legem</strong></span> <span class='ocrx_word' id='word_1_318' title='bbox 1466 3386 1573 3442; x_wconf 89' lang='lat' dir='ltr'><strong>non</strong></span> <span class='ocrx_word' id='word_1_319' title='bbox 1614 3370 1914 3435; x_wconf 85' lang='lat' dir='ltr'><strong>habebant,</strong></span> <span class='ocrx_word' id='word_1_320' title='bbox 1948 3371 2001 3425; x_wconf 91' lang='lat' dir='ltr'><strong>id</strong></span> <span class='ocrx_word' id='word_1_321' title='bbox 2029 3381 2122 3442; x_wconf 84' lang='lat' dir='ltr'><strong>est</strong></span> <span class='ocrx_word' id='word_1_322' title='bbox 2139 3414 2154 3439; x_wconf 89' lang='lat'><strong>,</strong></span> 
     </span>
    </p>
   </div>
   <div class='ocr_carea' id='block_1_44' title="bbox 569 3441 2156 3514">
    <p class='ocr_par' dir='ltr' id='par_1_44' title="bbox 569 3441 2156 3514">
     <span class='ocr_line' id='line_1_44' title="bbox 569 3441 2156 3514; baseline -0.001 -16"><span class='ocrx_word' id='word_1_323' title='bbox 569 3445 803 3514; x_wconf 90' lang='lat' dir='ltr'><strong>quinque</strong></span> <span class='ocrx_word' id='word_1_324' title='bbox 832 3442 1206 3514; x_wconf 18' lang='lat' dir='ltr'><strong>librosiMoysi,</strong></span> <span class='ocrx_word' id='word_1_325' title='bbox 1247 3441 1357 3514; x_wconf 86' lang='lat' dir='ltr'><strong>non</strong></span> <span class='ocrx_word' id='word_1_326' title='bbox 1396 3441 1722 3514; x_wconf 75' lang='lat' dir='ltr'><strong>PrOphetas,</strong></span> <span class='ocrx_word' id='word_1_327' title='bbox 1768 3457 1874 3495; x_wconf 89' lang='lat' dir='ltr'><strong>non</strong></span> <span class='ocrx_word' id='word_1_328' title='bbox 1900 3441 2156 3514; x_wconf 65' lang='lat' dir='ltr'><strong>praedica-</strong></span> 
     </span>
    </p>
   </div>
   <div class='ocr_carea' id='block_1_45' title="bbox 571 3512 2154 3594">
    <p class='ocr_par' dir='ltr' id='par_1_45' title="bbox 571 3512 2154 3594">
     <span class='ocr_line' id='line_1_45' title="bbox 571 3512 2154 3594; baseline -0.001 -26"><span class='ocrx_word' id='word_1_329' title='bbox 571 3512 770 3594; x_wconf 81' lang='lat' dir='ltr'><strong>tiouein</strong></span> <span class='ocrx_word' id='word_1_330' title='bbox 796 3515 964 3594; x_wconf 70' lang='lat' dir='ltr'><strong>sancti</strong></span> <span class='ocrx_word' id='word_1_331' title='bbox 993 3512 1246 3580; x_wconf 87' lang='lat' dir='ltr'><strong>Joannis;</strong></span> <span class='ocrx_word' id='word_1_332' title='bbox 1275 3513 1415 3594; x_wconf 53' lang='lat' dir='ltr'><strong>quia</strong></span> <span class='ocrx_word' id='word_1_333' title='bbox 1427 3512 1625 3594; x_wconf 76' lang='lat' dir='ltr'><strong>Gentes</strong></span> <span class='ocrx_word' id='word_1_334' title='bbox 1653 3528 1759 3567; x_wconf 91' lang='lat' dir='ltr'><strong>non</strong></span> <span class='ocrx_word' id='word_1_335' title='bbox 1801 3527 1900 3594; x_wconf 75' lang='lat' dir='ltr'><strong>per</strong></span> <span class='ocrx_word' id='word_1_336' title='bbox 1925 3512 2119 3594; x_wconf 62' lang='lat' dir='ltr'><strong>Legpui</strong></span> <span class='ocrx_word' id='word_1_337' title='bbox 2139 3554 2154 3578; x_wconf 93' lang='lat'><strong>,</strong></span> 
     </span>
    </p>
   </div>
   <div class='ocr_carea' id='block_1_46' title="bbox 569 3583 2158 3655">
    <p class='ocr_par' dir='ltr' id='par_1_46' title="bbox 569 3583 2158 3655">
     <span class='ocr_line' id='line_1_46' title="bbox 569 3583 2158 3655; baseline -0.001 -15"><span class='ocrx_word' id='word_1_338' title='bbox 569 3585 665 3640; x_wconf 85' lang='lat' dir='ltr'><strong>scd</strong></span> <span class='ocrx_word' id='word_1_339' title='bbox 696 3601 790 3653; x_wconf 89' lang='lat' dir='ltr'><strong>per</strong></span> <span class='ocrx_word' id='word_1_340' title='bbox 819 3585 978 3639; x_wconf 88' lang='lat' dir='ltr'><strong>ﬁdem</strong></span> <span class='ocrx_word' id='word_1_341' title='bbox 1010 3593 1272 3639; x_wconf 88' lang='lat' dir='ltr'><strong>venerunt</strong></span> <span class='ocrx_word' id='word_1_342' title='bbox 1288 3583 1356 3638; x_wconf 90' lang='lat' dir='ltr'><strong>ad</strong></span> <span class='ocrx_word' id='word_1_343' title='bbox 1378 3583 1810 3655; x_wconf 81' lang='lat' dir='ltr'><strong>Redemptorem.</strong></span> <span class='ocrx_word' id='word_1_344' title='bbox 1835 3583 1957 3655; x_wconf 86' lang='lat' dir='ltr'><strong>Ideo</strong></span> <span class='ocrx_word' id='word_1_345' title='bbox 1985 3583 2158 3655; x_wconf 86' lang='lat' dir='ltr'><strong>triduo</strong></span> 
     </span>
    </p>
   </div>
   <div class='ocr_carea' id='block_1_47' title="bbox 572 3654 2156 3725">
    <p class='ocr_par' dir='ltr' id='par_1_47' title="bbox 572 3654 2156 3725">
     <span class='ocr_line' id='line_1_47' title="bbox 572 3654 2156 3725; baseline -0.001 -15"><span class='ocrx_word' id='word_1_346' title='bbox 572 3663 945 3725; x_wconf 79' lang='lat' dir='ltr'><strong>perseverant,</strong></span> <span class='ocrx_word' id='word_1_347' title='bbox 980 3655 1080 3709; x_wconf 87' lang='lat' dir='ltr'><strong>hoc</strong></span> <span class='ocrx_word' id='word_1_348' title='bbox 1105 3662 1220 3720; x_wconf 85' lang='lat' dir='ltr'><strong>est,</strong></span> <span class='ocrx_word' id='word_1_349' title='bbox 1256 3655 1313 3709; x_wconf 92' lang='lat' dir='ltr'><strong>in</strong></span> <span class='ocrx_word' id='word_1_350' title='bbox 1347 3654 1652 3725; x_wconf 84' lang='lat' dir='ltr'><strong>nativitate,</strong></span> <span class='ocrx_word' id='word_1_351' title='bbox 1701 3655 1754 3709; x_wconf 90' lang='lat' dir='ltr'><strong>in</strong></span> <span class='ocrx_word' id='word_1_352' title='bbox 1794 3654 2074 3725; x_wconf 69' lang='lat' dir='ltr'><strong>passione,</strong></span> <span class='ocrx_word' id='word_1_353' title='bbox 2105 3654 2156 3709; x_wconf 93' lang='lat' dir='ltr'><strong>in</strong></span> 
     </span>
    </p>
   </div>
   <div class='ocr_carea' id='block_1_48' title="bbox 569 3721 2156 3792">
    <p class='ocr_par' dir='ltr' id='par_1_48' title="bbox 569 3721 2156 3792">
     <span class='ocr_line' id='line_1_48' title="bbox 569 3721 2156 3792; baseline -0.001 -13"><span class='ocrx_word' id='word_1_354' title='bbox 569 3721 961 3780; x_wconf 68' lang='lat' dir='ltr'><strong>resurrectione</strong></span> <span class='ocrx_word' id='word_1_355' title='bbox 983 3725 1193 3779; x_wconf 89' lang='lat' dir='ltr'><strong>Domini</strong></span> <span class='ocrx_word' id='word_1_356' title='bbox 1215 3740 1231 3790; x_wconf 94' lang='lat'><strong>;</strong></span> <span class='ocrx_word' id='word_1_357' title='bbox 1253 3725 1366 3780; x_wconf 85' lang='lat' dir='ltr'><strong>sive</strong></span> <span class='ocrx_word' id='word_1_358' title='bbox 1384 3723 1437 3778; x_wconf 89' lang='lat' dir='ltr'><strong>in</strong></span> <span class='ocrx_word' id='word_1_359' title='bbox 1463 3725 1640 3792; x_wconf 87' lang='lat' dir='ltr'><strong>Patre,</strong></span> <span class='ocrx_word' id='word_1_360' title='bbox 1664 3733 1719 3780; x_wconf 88' lang='lat' dir='ltr'><strong>et</strong></span> <span class='ocrx_word' id='word_1_361' title='bbox 1748 3721 1811 3779; x_wconf 75' lang='lat' dir='ltr'><strong>in</strong></span> <span class='ocrx_word' id='word_1_362' title='bbox 1830 3721 1964 3778; x_wconf 90' lang='lat' dir='ltr'><strong>Filio</strong></span> <span class='ocrx_word' id='word_1_363' title='bbox 1985 3765 1999 3787; x_wconf 84' lang='lat'><strong>.</strong></span> <span class='ocrx_word' id='word_1_364' title='bbox 2025 3734 2079 3778; x_wconf 91' lang='lat' dir='ltr'><strong>et</strong></span> <span class='ocrx_word' id='word_1_365' title='bbox 2105 3725 2156 3778; x_wconf 90' lang='lat' dir='ltr'><strong>in</strong></span> 
     </span>
    </p>
   </div>
   <div class='ocr_carea' id='block_1_49' title="bbox 568 3794 2159 3866">
    <p class='ocr_par' dir='ltr' id='par_1_49' title="bbox 568 3794 2159 3866">
     <span class='ocr_line' id='line_1_49' title="bbox 568 3794 2159 3866; baseline 0 -17"><span class='ocrx_word' id='word_1_366' title='bbox 568 3795 771 3866; x_wconf 82' lang='lat' dir='ltr'><strong>Spiritu</strong></span> <span class='ocrx_word' id='word_1_367' title='bbox 812 3803 1013 3866; x_wconf 90' lang='lat' dir='ltr'><strong>sancto.</strong></span> <span class='ocrx_word' id='word_1_368' title='bbox 1048 3794 1563 3866; x_wconf 79' lang='lat' dir='ltr'><strong>Perseverareenim</strong></span> <span class='ocrx_word' id='word_1_369' title='bbox 1588 3836 1604 3862; x_wconf 95' lang='lat'><strong>,</strong></span> <span class='ocrx_word' id='word_1_370' title='bbox 1632 3809 1946 3864; x_wconf 88' lang='lat' dir='ltr'><strong>permanere</strong></span> <span class='ocrx_word' id='word_1_371' title='bbox 1982 3805 2064 3849; x_wconf 92' lang='lat' dir='ltr'><strong>est</strong></span> <span class='ocrx_word' id='word_1_372' title='bbox 2102 3795 2159 3849; x_wconf 92' lang='lat' dir='ltr'><strong>in</strong></span> 
     </span>
    </p>
   </div>
   <div class='ocr_carea' id='block_1_50' title="bbox 571 3864 2158 3934">
    <p class='ocr_par' dir='ltr' id='par_1_50' title="bbox 571 3864 2158 3934">
     <span class='ocr_line' id='line_1_50' title="bbox 571 3864 2158 3934; baseline -0.001 -14"><span class='ocrx_word' id='word_1_373' title='bbox 571 3864 926 3928; x_wconf 74' lang='lat' dir='ltr'><strong>cnnfessione,</strong></span> <span class='ocrx_word' id='word_1_374' title='bbox 955 3865 1090 3920; x_wconf 88' lang='lat' dir='ltr'><strong>sicut</strong></span> <span class='ocrx_word' id='word_1_375' title='bbox 1120 3866 1232 3934; x_wconf 85' lang='lat' dir='ltr'><strong>ipse</strong></span> <span class='ocrx_word' id='word_1_376' title='bbox 1261 3864 1514 3920; x_wconf 85' lang='lat' dir='ltr'><strong>Dominus</strong></span> <span class='ocrx_word' id='word_1_377' title='bbox 1539 3866 1613 3919; x_wconf 83' lang='lat' dir='ltr'><strong>ait</strong></span> <span class='ocrx_word' id='word_1_378' title='bbox 1639 3883 1652 3918; x_wconf 88' lang='lat'><strong>:</strong></span> <span class='ocrx_word' id='word_1_379' title='bbox 1677 3866 1776 3932; x_wconf 85' lang='lat' dir='ltr'><strong>Qui</strong></span> <span class='ocrx_word' id='word_1_380' title='bbox 1795 3874 1961 3918; x_wconf 82' lang='lat' dir='ltr'><strong>autent</strong></span> <span class='ocrx_word' id='word_1_381' title='bbox 1987 3881 2158 3934; x_wconf 86' lang='lat' dir='ltr'><strong>perse-</strong></span> 
     </span>
    </p>
   </div>
   <div class='ocr_carea' id='block_1_51' title="bbox 570 3935 2154 4008">
    <p class='ocr_par' dir='ltr' id='par_1_51' title="bbox 570 3935 2154 4008">
     <span class='ocr_line' id='line_1_51' title="bbox 570 3935 2154 4008; baseline 0 -18"><span class='ocrx_word' id='word_1_382' title='bbox 570 3937 810 4008; x_wconf 76' lang='lat' dir='ltr'><strong>uerauerit</strong></span> <span class='ocrx_word' id='word_1_383' title='bbox 835 3953 990 4008; x_wconf 81' lang='lat' dir='ltr'><strong>usque</strong></span> <span class='ocrx_word' id='word_1_384' title='bbox 1015 3936 1068 4008; x_wconf 79' lang='lat' dir='ltr'><strong>in</strong></span> <span class='ocrx_word' id='word_1_385' title='bbox 1095 3936 1384 4008; x_wconf 50' lang='lat' dir='ltr'><strong>ﬁnemLhic</strong></span> <span class='ocrx_word' id='word_1_386' title='bbox 1410 3937 1578 4008; x_wconf 81' lang='lat' dir='ltr'><strong>salvus</strong></span> <span class='ocrx_word' id='word_1_387' title='bbox 1605 3937 1696 3990; x_wconf 89' lang='lat' dir='ltr'><strong>erit</strong></span> <span class='ocrx_word' id='word_1_388' title='bbox 1722 3935 1932 4008; x_wconf 71' lang='lat' dir='ltr'><strong>(Matth.</strong></span> <span class='ocrx_word' id='word_1_389' title='bbox 1959 3953 2015 4008; x_wconf 68' lang='lat' dir='ltr'><strong>it,</strong></span> <span class='ocrx_word' id='word_1_390' title='bbox 2037 3936 2154 4008; x_wconf 73' lang='lat'><strong>22).</strong></span> 
     </span>
    </p>
   </div>
   <div class='ocr_carea' id='block_1_52' title="bbox 573 4003 2158 4077">
    <p class='ocr_par' dir='ltr' id='par_1_52' title="bbox 573 4003 2158 4077">
     <span class='ocr_line' id='line_1_52' title="bbox 573 4003 2158 4077; baseline 0 -16"><span class='ocrx_word' id='word_1_391' title='bbox 573 4007 711 4062; x_wconf 90' lang='lat' dir='ltr'><strong>Dicit</strong></span> <span class='ocrx_word' id='word_1_392' title='bbox 750 4023 875 4077; x_wconf 81' lang='lat' dir='ltr'><strong>ergo</strong></span> <span class='ocrx_word' id='word_1_393' title='bbox 907 4003 1201 4077; x_wconf 81' lang='lat' dir='ltr'><strong>Dominus,</strong></span> <span class='ocrx_word' id='word_1_394' title='bbox 1249 4003 1374 4059; x_wconf 87' lang='lat' dir='ltr'><strong>Non</strong></span> <span class='ocrx_word' id='word_1_395' title='bbox 1406 4005 1588 4077; x_wconf 82' lang='lat' dir='ltr'><strong>habent</strong></span> <span class='ocrx_word' id='word_1_396' title='bbox 1631 4003 1766 4076; x_wconf 84' lang='lat' dir='ltr'><strong>quod</strong></span> <span class='ocrx_word' id='word_1_397' title='bbox 1813 4003 2158 4061; x_wconf 81' lang='lat' dir='ltr'><strong>manducent:</strong></span> 
     </span>
    </p>
   </div>
   <div class='ocr_carea' id='block_1_53' title="bbox 569 4076 2155 4150">
    <p class='ocr_par' dir='ltr' id='par_1_53' title="bbox 569 4076 2155 4150">
     <span class='ocr_line' id='line_1_53' title="bbox 569 4076 2155 4150; baseline 0 -18"><span class='ocrx_word' id='word_1_398' title='bbox 569 4079 692 4150; x_wconf 89' lang='lat' dir='ltr'><strong>quia</strong></span> <span class='ocrx_word' id='word_1_399' title='bbox 724 4076 919 4147; x_wconf 81' lang='lat' dir='ltr'><strong>Legem</strong></span> <span class='ocrx_word' id='word_1_400' title='bbox 938 4092 1056 4150; x_wconf 85' lang='lat' dir='ltr'><strong>non</strong></span> <span class='ocrx_word' id='word_1_401' title='bbox 1079 4076 1276 4131; x_wconf 88' lang='lat' dir='ltr'><strong>habent</strong></span> <span class='ocrx_word' id='word_1_402' title='bbox 1308 4095 1322 4150; x_wconf 70' lang='grc' dir='ltr'>ς</span> <span class='ocrx_word' id='word_1_403' title='bbox 1349 4085 1395 4130; x_wconf 87' lang='lat' dir='ltr'><strong>et</strong></span> <span class='ocrx_word' id='word_1_404' title='bbox 1414 4076 1662 4150; x_wconf 68' lang='lat' dir='ltr'><strong>dimittere</strong></span> <span class='ocrx_word' id='word_1_405' title='bbox 1681 4093 1766 4150; x_wconf 85' lang='lat' dir='ltr'><strong>eos</strong></span> <span class='ocrx_word' id='word_1_406' title='bbox 1777 4079 1982 4148; x_wconf 87' lang='lat' dir='ltr'><strong>jejunos</strong></span> <span class='ocrx_word' id='word_1_407' title='bbox 2003 4077 2155 4150; x_wconf 81' lang='lat' dir='ltr'><strong>nolo,</strong></span> 
     </span>
    </p>
   </div>
   <div class='ocr_carea' id='block_1_54' title="bbox 573 4147 2156 4218">
    <p class='ocr_par' dir='ltr' id='par_1_54' title="bbox 573 4147 2156 4218">
     <span class='ocr_line' id='line_1_54' title="bbox 573 4147 2156 4218; baseline -0.001 -14"><span class='ocrx_word' id='word_1_408' title='bbox 573 4147 634 4204; x_wconf 79' lang='lat' dir='ltr'><strong>ne</strong></span> <span class='ocrx_word' id='word_1_409' title='bbox 662 4151 897 4218; x_wconf 77' lang='lat' dir='ltr'><strong>deficiant</strong></span> <span class='ocrx_word' id='word_1_410' title='bbox 930 4148 982 4200; x_wconf 91' lang='lat' dir='ltr'><strong>in</strong></span> <span class='ocrx_word' id='word_1_411' title='bbox 1010 4148 1126 4213; x_wconf 81' lang='lat' dir='ltr'><strong>via;</strong></span> <span class='ocrx_word' id='word_1_412' title='bbox 1157 4156 1213 4201; x_wconf 90' lang='lat' dir='ltr'><strong>ut</strong></span> <span class='ocrx_word' id='word_1_413' title='bbox 1235 4147 1326 4217; x_wconf 90' lang='lat' dir='ltr'><strong>qui</strong></span> <span class='ocrx_word' id='word_1_414' title='bbox 1354 4163 1449 4216; x_wconf 89' lang='lat' dir='ltr'><strong>per</strong></span> <span class='ocrx_word' id='word_1_415' title='bbox 1490 4147 1647 4202; x_wconf 89' lang='lat' dir='ltr'><strong>ﬁdem</strong></span> <span class='ocrx_word' id='word_1_416' title='bbox 1677 4147 1872 4202; x_wconf 84' lang='lat' dir='ltr'><strong>Christi</strong></span> <span class='ocrx_word' id='word_1_417' title='bbox 1910 4148 2156 4203; x_wconf 89' lang='lat' dir='ltr'><strong>credide-</strong></span> 
     </span>
    </p>
   </div>
   <div class='ocr_carea' id='block_1_55' title="bbox 572 4217 2160 4288">
    <p class='ocr_par' dir='ltr' id='par_1_55' title="bbox 572 4217 2160 4288">
     <span class='ocr_line' id='line_1_55' title="bbox 572 4217 2160 4288; baseline 0.001 -15"><span class='ocrx_word' id='word_1_418' title='bbox 572 4231 695 4274; x_wconf 89' lang='lat' dir='ltr'><strong>runt</strong></span> <span class='ocrx_word' id='word_1_419' title='bbox 717 4217 734 4284; x_wconf 80' lang='lat'><strong>,</strong></span> <span class='ocrx_word' id='word_1_420' title='bbox 763 4237 854 4288; x_wconf 83' lang='lat' dir='ltr'><strong>per</strong></span> <span class='ocrx_word' id='word_1_421' title='bbox 880 4217 1037 4273; x_wconf 83' lang='lat' dir='ltr'><strong>ﬁdem</strong></span> <span class='ocrx_word' id='word_1_422' title='bbox 1058 4217 1254 4288; x_wconf 84' lang='lat' dir='ltr'><strong>Christi</strong></span> <span class='ocrx_word' id='word_1_423' title='bbox 1281 4218 1633 4273; x_wconf 85' lang='lat' dir='ltr'><strong>salvarentur.</strong></span> <span class='ocrx_word' id='word_1_424' title='bbox 1661 4218 1879 4285; x_wconf 82' lang='lat' dir='ltr'><strong>Quidam</strong></span> <span class='ocrx_word' id='word_1_425' title='bbox 1909 4228 2075 4272; x_wconf 89' lang='lat' dir='ltr'><strong>autem</strong></span> <span class='ocrx_word' id='word_1_426' title='bbox 2095 4235 2160 4274; x_wconf 77' lang='lat' dir='ltr'><strong>ea;</strong></span> 
     </span>
    </p>
   </div>
   <div class='ocr_carea' id='block_1_56' title="bbox 571 4287 2154 4360">
    <p class='ocr_par' dir='ltr' id='par_1_56' title="bbox 571 4287 2154 4360">
     <span class='ocr_line' id='line_1_56' title="bbox 571 4287 2154 4360; baseline 0.001 -18"><span class='ocrx_word' id='word_1_427' title='bbox 571 4290 650 4344; x_wconf 78' lang='lat' dir='ltr'><strong>liis</strong></span> <span class='ocrx_word' id='word_1_428' title='bbox 669 4291 730 4343; x_wconf 87' lang='lat' dir='ltr'><strong>de</strong></span> <span class='ocrx_word' id='word_1_429' title='bbox 745 4287 891 4359; x_wconf 82' lang='lat' dir='ltr'><strong>lange</strong></span> <span class='ocrx_word' id='word_1_430' title='bbox 915 4297 1176 4360; x_wconf 67' lang='lat' dir='ltr'><strong>uenerunt.</strong></span> <span class='ocrx_word' id='word_1_431' title='bbox 1206 4287 1386 4360; x_wconf 88' lang='lat' dir='ltr'><strong>Longe</strong></span> <span class='ocrx_word' id='word_1_432' title='bbox 1413 4289 1555 4343; x_wconf 88' lang='lat' dir='ltr'><strong>enim</strong></span> <span class='ocrx_word' id='word_1_433' title='bbox 1587 4299 1740 4343; x_wconf 90' lang='lat' dir='ltr'><strong>erant</strong></span> <span class='ocrx_word' id='word_1_434' title='bbox 1760 4289 1958 4345; x_wconf 90' lang='lat' dir='ltr'><strong>Gentes</strong></span> <span class='ocrx_word' id='word_1_435' title='bbox 1975 4305 2005 4343; x_wconf 89' lang='lat' dir='ltr'><strong>a</strong></span> <span class='ocrx_word' id='word_1_436' title='bbox 2026 4290 2154 4356; x_wconf 90' lang='lat' dir='ltr'><strong>Deo,</strong></span> 
     </span>
    </p>
   </div>
   <div class='ocr_carea' id='block_1_57' title="bbox 572 4359 2157 4483">
    <p class='ocr_par' dir='ltr' id='par_1_57' title="bbox 572 4359 2157 4483">
     <span class='ocr_line' id='line_1_57' title="bbox 572 4359 2157 4483; baseline -0.001 -67"><span class='ocrx_word' id='word_1_437' title='bbox 572 4360 799 4483; x_wconf 51' lang='lat' dir='ltr'><strong>arrange</strong></span> <span class='ocrx_word' id='word_1_438' title='bbox 832 4376 924 4429; x_wconf 88' lang='lat' dir='ltr'><strong>per</strong></span> <span class='ocrx_word' id='word_1_439' title='bbox 953 4359 1115 4414; x_wconf 87' lang='lat' dir='ltr'><strong>idola.</strong></span> <span class='ocrx_word' id='word_1_440' title='bbox 1140 4359 1205 4413; x_wconf 86' lang='lat' dir='ltr'><strong>Et</strong></span> <span class='ocrx_word' id='word_1_441' title='bbox 1231 4361 1391 4415; x_wconf 92' lang='lat' dir='ltr'><strong>modo</strong></span> <span class='ocrx_word' id='word_1_442' title='bbox 1423 4361 1598 4414; x_wconf 91' lang='lat' dir='ltr'><strong>omnis</strong></span> <span class='ocrx_word' id='word_1_443' title='bbox 1625 4360 1715 4429; x_wconf 92' lang='lat' dir='ltr'><strong>qui</strong></span> <span class='ocrx_word' id='word_1_444' title='bbox 1744 4368 1959 4429; x_wconf 88' lang='lat' dir='ltr'><strong>peccat,</strong></span> <span class='ocrx_word' id='word_1_445' title='bbox 2002 4360 2157 4431; x_wconf 87' lang='lat' dir='ltr'><strong>longe</strong></span> 
     </span>
     <span class='ocr_line' id='line_1_58' title="bbox 572 4445 863 4483; baseline 0 0"><span class='ocrx_word' id='word_1_446' title='bbox 572 4445 630 4483; x_wconf 86' lang='lat' dir='ltr'><strong>es</strong></span> <span class='ocrx_word' id='word_1_447' title='bbox 674 4447 700 4483; x_wconf 91' lang='lat' dir='ltr'><strong>a</strong></span> <span class='ocrx_word' id='word_1_448' title='bbox 778 4447 863 4483; x_wconf 88' lang='lat' dir='ltr'><strong>eo.</strong></span> 
     </span>
    </p>
   </div>
   <div class='ocr_carea' id='block_1_58' title="bbox 571 4440 863 4485">
    <p class='ocr_par' dir='ltr' id='par_1_58' title="bbox 571 4440 863 4485">
     <span class='ocr_line' id='line_1_59' title="bbox 571 4440 863 4485; baseline 0 0"><span class='ocrx_word' id='word_1_449' title='bbox 571 4440 648 4485; x_wconf 87' lang='lat' dir='ltr'><strong>est</strong></span> <span class='ocrx_word' id='word_1_450' title='bbox 674 4447 700 4483; x_wconf 71' lang='grc' dir='ltr'>τι</span> <span class='ocrx_word' id='word_1_451' title='bbox 737 4440 863 4485; x_wconf 89' lang='lat' dir='ltr'><strong>Deo.</strong></span> 
     </span>
    </p>
   </div>
   <div class='ocr_carea' id='block_1_59' title="bbox 642 4499 2152 4571">
    <p class='ocr_par' dir='ltr' id='par_1_59' title="bbox 642 4499 2152 4571">
     <span class='ocr_line' id='line_1_60' title="bbox 642 4499 2152 4571; baseline -0.002 -15"><span class='ocrx_word' id='word_1_452' title='bbox 642 4503 696 4571; x_wconf 55' lang='grc' dir='ltr'>ὗε</span> <span class='ocrx_word' id='word_1_453' title='bbox 736 4499 996 4554; x_wconf 88' lang='lat' dir='ltr'><strong>Increduli</strong></span> <span class='ocrx_word' id='word_1_454' title='bbox 1049 4499 1276 4568; x_wconf 86' lang='lat' dir='ltr'><strong>Apostoli</strong></span> <span class='ocrx_word' id='word_1_455' title='bbox 1303 4541 1316 4563; x_wconf 91' lang='lat'><strong>,</strong></span> <span class='ocrx_word' id='word_1_456' title='bbox 1349 4500 1525 4571; x_wconf 83' lang='lat' dir='ltr'><strong>donec</strong></span> <span class='ocrx_word' id='word_1_457' title='bbox 1574 4501 1852 4555; x_wconf 77' lang='lat' dir='ltr'><strong>reaelentur</strong></span> <span class='ocrx_word' id='word_1_458' title='bbox 1896 4502 2152 4571; x_wconf 80' lang='lat' dir='ltr'><strong>mysteria.</strong></span> 
     </span>
    </p>
   </div>
   <div class='ocr_carea' id='block_1_60' title="bbox 489 4570 2158 4642">
    <p class='ocr_par' dir='ltr' id='par_1_60' title="bbox 489 4570 2158 4642">
     <span class='ocr_line' id='line_1_61' title="bbox 489 4570 2158 4642; baseline 0 -17"><span class='ocrx_word' id='word_1_459' title='bbox 489 4599 492 4603; x_wconf 88' lang='lat'><em>-</em></span> <span class='ocrx_word' id='word_1_460' title='bbox 572 4601 643 4614; x_wconf 88' lang='lat'><strong>-—</strong></span> <span class='ocrx_word' id='word_1_461' title='bbox 667 4570 858 4625; x_wconf 86' lang='lat' dir='ltr'><strong>Dicunt</strong></span> <span class='ocrx_word' id='word_1_462' title='bbox 885 4571 1122 4642; x_wconf 76' lang='lat' dir='ltr'><strong>discipuli</strong></span> <span class='ocrx_word' id='word_1_463' title='bbox 1149 4572 1303 4642; x_wconf 81' lang='lat' dir='ltr'><strong>ejus:</strong></span> <span class='ocrx_word' id='word_1_464' title='bbox 1335 4570 1480 4642; x_wconf 87' lang='lat' dir='ltr'><strong>Unde</strong></span> <span class='ocrx_word' id='word_1_465' title='bbox 1506 4572 1627 4642; x_wconf 86' lang='lat' dir='ltr'><strong>istos</strong></span> <span class='ocrx_word' id='word_1_466' title='bbox 1661 4571 1772 4642; x_wconf 85' lang='lat' dir='ltr'><strong>quis</strong></span> <span class='ocrx_word' id='word_1_467' title='bbox 1812 4573 1991 4641; x_wconf 85' lang='lat' dir='ltr'><strong>poterit</strong></span> <span class='ocrx_word' id='word_1_468' title='bbox 2017 4582 2158 4625; x_wconf 88' lang='lat' dir='ltr'><strong>satu-</strong></span> 
     </span>
    </p>
   </div>
   <div class='ocr_carea' id='block_1_61' title="bbox 573 4640 2158 4712">
    <p class='ocr_par' dir='ltr' id='par_1_61' title="bbox 573 4640 2158 4712">
     <span class='ocr_line' id='line_1_62' title="bbox 573 4640 2158 4712; baseline 0.001 -15"><span class='ocrx_word' id='word_1_469' title='bbox 573 4659 690 4697; x_wconf 86' lang='lat' dir='ltr'><strong>rare</strong></span> <span class='ocrx_word' id='word_1_470' title='bbox 731 4642 944 4712; x_wconf 87' lang='lat' dir='ltr'><strong>panibus</strong></span> <span class='ocrx_word' id='word_1_471' title='bbox 984 4640 1038 4696; x_wconf 83' lang='lat' dir='ltr'><strong>in</strong></span> <span class='ocrx_word' id='word_1_472' title='bbox 1077 4640 1393 4696; x_wconf 81' lang='lat' dir='ltr'><strong>solitudine?</strong></span> <span class='ocrx_word' id='word_1_473' title='bbox 1431 4640 1618 4695; x_wconf 77' lang='lat' dir='ltr'><strong>Adhuc</strong></span> <span class='ocrx_word' id='word_1_474' title='bbox 1640 4640 1923 4712; x_wconf 73' lang='lat' dir='ltr'><strong>ApostOlos</strong></span> <span class='ocrx_word' id='word_1_475' title='bbox 1946 4643 2158 4698; x_wconf 87' lang='lat' dir='ltr'><strong>tenebat</strong></span> 
     </span>
    </p>
   </div>
   <div class='ocr_carea' id='block_1_62' title="bbox 572 4713 2155 4779">
    <p class='ocr_par' dir='ltr' id='par_1_62' title="bbox 572 4713 2155 4779">
     <span class='ocr_line' id='line_1_63' title="bbox 572 4713 2155 4779; baseline 0 -11"><span class='ocrx_word' id='word_1_476' title='bbox 572 4713 945 4778; x_wconf 85' lang='lat' dir='ltr'><strong>incredulitas,</strong></span> <span class='ocrx_word' id='word_1_477' title='bbox 988 4713 1162 4768; x_wconf 89' lang='lat' dir='ltr'><strong>donec</strong></span> <span class='ocrx_word' id='word_1_478' title='bbox 1200 4713 1451 4779; x_wconf 87' lang='lat' dir='ltr'><strong>mysteria</strong></span> <span class='ocrx_word' id='word_1_479' title='bbox 1493 4713 1854 4767; x_wconf 89' lang='lat' dir='ltr'><strong>revelarentur</strong></span> <span class='ocrx_word' id='word_1_480' title='bbox 1887 4730 1899 4767; x_wconf 91' lang='lat'><strong>:</strong></span> <span class='ocrx_word' id='word_1_481' title='bbox 1929 4728 2027 4767; x_wconf 90' lang='lat' dir='ltr'><strong>nec</strong></span> <span class='ocrx_word' id='word_1_482' title='bbox 2066 4728 2155 4768; x_wconf 85' lang='lat' dir='ltr'><strong>re-</strong></span> 
     </span>
    </p>
   </div>
   <div class='ocr_carea' id='block_1_63' title="bbox 573 4781 2155 4853">
    <p class='ocr_par' dir='ltr' id='par_1_63' title="bbox 573 4781 2155 4853">
     <span class='ocr_line' id='line_1_64' title="bbox 573 4781 2155 4853; baseline 0.001 -15"><span class='ocrx_word' id='word_1_483' title='bbox 573 4783 931 4840; x_wconf 88' lang='lat' dir='ltr'><strong>cordabantur</strong></span> <span class='ocrx_word' id='word_1_484' title='bbox 959 4783 1099 4853; x_wconf 91' lang='lat' dir='ltr'><strong>quod</strong></span> <span class='ocrx_word' id='word_1_485' title='bbox 1125 4782 1319 4837; x_wconf 77' lang='lat' dir='ltr'><strong>fecerat</strong></span> <span class='ocrx_word' id='word_1_486' title='bbox 1346 4781 1411 4835; x_wconf 87' lang='lat' dir='ltr'><strong>de</strong></span> <span class='ocrx_word' id='word_1_487' title='bbox 1438 4783 1671 4852; x_wconf 89' lang='lat' dir='ltr'><strong>quinque</strong></span> <span class='ocrx_word' id='word_1_488' title='bbox 1699 4783 1919 4851; x_wconf 88' lang='lat' dir='ltr'><strong>panibus</strong></span> <span class='ocrx_word' id='word_1_489' title='bbox 1947 4792 2003 4838; x_wconf 90' lang='lat' dir='ltr'><strong>et</strong></span> <span class='ocrx_word' id='word_1_490' title='bbox 2020 4783 2155 4839; x_wconf 92' lang='lat' dir='ltr'><strong>duo-</strong></span> 
     </span>
    </p>
   </div>
   <div class='ocr_carea' id='block_1_64' title="bbox 573 4853 2148 4924">
    <p class='ocr_par' dir='ltr' id='par_1_64' title="bbox 573 4853 2148 4924">
     <span class='ocr_line' id='line_1_65' title="bbox 573 4853 2148 4924; baseline -0.001 -14"><span class='ocrx_word' id='word_1_491' title='bbox 573 4854 672 4910; x_wconf 87' lang='lat' dir='ltr'><strong>bus</strong></span> <span class='ocrx_word' id='word_1_492' title='bbox 712 4853 965 4924; x_wconf 88' lang='lat' dir='ltr'><strong>piscibus.</strong></span> <span class='ocrx_word' id='word_1_493' title='bbox 1011 4853 1074 4907; x_wconf 86' lang='lat' dir='ltr'><strong>Et</strong></span> <span class='ocrx_word' id='word_1_494' title='bbox 1106 4853 1431 4924; x_wconf 83' lang='lat' dir='ltr'><strong>interrogavit</strong></span> <span class='ocrx_word' id='word_1_495' title='bbox 1459 4869 1546 4924; x_wconf 70' lang='lat' dir='ltr'><strong>eos</strong></span> <span class='ocrx_word' id='word_1_496' title='bbox 1565 4853 1596 4906; x_wconf 86' lang='lat' dir='ltr'><strong>J</strong></span> <span class='ocrx_word' id='word_1_497' title='bbox 1605 4870 1717 4907; x_wconf 84' lang='lat' dir='ltr'><strong>esus</strong></span> <span class='ocrx_word' id='word_1_498' title='bbox 1741 4862 1857 4923; x_wconf 88' lang='lat' dir='ltr'><strong>quot</strong></span> <span class='ocrx_word' id='word_1_499' title='bbox 1883 4871 2036 4924; x_wconf 87' lang='lat' dir='ltr'><strong>panes</strong></span> <span class='ocrx_word' id='word_1_500' title='bbox 2063 4856 2148 4909; x_wconf 84' lang='lat' dir='ltr'><strong>ha-</strong></span> 
     </span>
    </p>
   </div>
   <div class='ocr_carea' id='block_1_65' title="bbox 569 4921 2156 4994">
    <p class='ocr_par' dir='ltr' id='par_1_65' title="bbox 569 4921 2156 4994">
     <span class='ocr_line' id='line_1_66' title="bbox 569 4921 2156 4994; baseline -0.001 -15"><span class='ocrx_word' id='word_1_501' title='bbox 569 4921 762 4979; x_wconf 65' lang='lat' dir='ltr'><strong>berent.</strong></span> <span class='ocrx_word' id='word_1_502' title='bbox 811 4924 910 4990; x_wconf 85' lang='lat' dir='ltr'><strong>Qui</strong></span> <span class='ocrx_word' id='word_1_503' title='bbox 954 4923 1220 4989; x_wconf 80' lang='lat' dir='ltr'><strong>dixerunt,</strong></span> <span class='ocrx_word' id='word_1_504' title='bbox 1266 4921 1490 4994; x_wconf 65' lang='lat' dir='ltr'><strong>Septem.</strong></span> <span class='ocrx_word' id='word_1_505' title='bbox 1522 4921 1588 4977; x_wconf 87' lang='lat' dir='ltr'><strong>Et</strong></span> <span class='ocrx_word' id='word_1_506' title='bbox 1618 4921 1851 4994; x_wconf 68' lang='lat' dir='ltr'><strong>pracepit</strong></span> <span class='ocrx_word' id='word_1_507' title='bbox 1881 4921 2072 4991; x_wconf 77' lang='lat' dir='ltr'><strong>turbw,</strong></span> <span class='ocrx_word' id='word_1_508' title='bbox 2101 4936 2156 4979; x_wconf 88' lang='lat' dir='ltr'><strong>ut</strong></span> 
     </span>
    </p>
   </div>
   <div class='ocr_carea' id='block_1_66' title="bbox 573 4993 2156 5067">
    <p class='ocr_par' dir='ltr' id='par_1_66' title="bbox 573 4993 2156 5067">
     <span class='ocr_line' id='line_1_67' title="bbox 573 4993 2156 5067; baseline 0.001 -19"><span class='ocrx_word' id='word_1_509' title='bbox 573 4995 943 5067; x_wconf 81' lang='lat' dir='ltr'><strong>discumberent</strong></span> <span class='ocrx_word' id='word_1_510' title='bbox 980 5010 1135 5067; x_wconf 72' lang='lat' dir='ltr'><strong>super</strong></span> <span class='ocrx_word' id='word_1_511' title='bbox 1164 5003 1374 5067; x_wconf 73' lang='lat' dir='ltr'><strong>terram.</strong></span> <span class='ocrx_word' id='word_1_512' title='bbox 1418 4993 1486 5048; x_wconf 87' lang='lat' dir='ltr'><strong>Et</strong></span> <span class='ocrx_word' id='word_1_513' title='bbox 1512 4993 1761 5064; x_wconf 83' lang='lat' dir='ltr'><strong>accipiens</strong></span> <span class='ocrx_word' id='word_1_514' title='bbox 1781 4993 1943 5067; x_wconf 73' lang='lat' dir='ltr'><strong>panes</strong></span> <span class='ocrx_word' id='word_1_515' title='bbox 1966 4997 2156 5067; x_wconf 82' lang='lat' dir='ltr'><strong>gratias</strong></span> 
     </span>
    </p>
   </div>
   <div class='ocr_carea' id='block_1_67' title="bbox 572 5064 2155 5136">
    <p class='ocr_par' dir='ltr' id='par_1_67' title="bbox 572 5064 2155 5136">
     <span class='ocr_line' id='line_1_68' title="bbox 572 5064 2155 5136; baseline 0 -16"><span class='ocrx_word' id='word_1_516' title='bbox 572 5067 691 5136; x_wconf 89' lang='lat' dir='ltr'><strong>egit,</strong></span> <span class='ocrx_word' id='word_1_517' title='bbox 719 5075 767 5120; x_wconf 89' lang='lat' dir='ltr'><strong>et</strong></span> <span class='ocrx_word' id='word_1_518' title='bbox 795 5064 930 5136; x_wconf 84' lang='lat' dir='ltr'><strong>dedit</strong></span> <span class='ocrx_word' id='word_1_519' title='bbox 955 5064 1214 5136; x_wconf 84' lang='lat' dir='ltr'><strong>discipulis</strong></span> <span class='ocrx_word' id='word_1_520' title='bbox 1238 5064 1341 5120; x_wconf 87' lang='lat' dir='ltr'><strong>suis</strong></span> <span class='ocrx_word' id='word_1_521' title='bbox 1371 5073 1423 5117; x_wconf 90' lang='lat' dir='ltr'><strong>ut</strong></span> <span class='ocrx_word' id='word_1_522' title='bbox 1451 5064 1877 5136; x_wconf 31' lang='lat' dir='ltr'><strong>apponerentiEt</strong></span> <span class='ocrx_word' id='word_1_523' title='bbox 1906 5064 2064 5136; x_wconf 63' lang='lat' dir='ltr'><strong>pisces</strong></span> <span class='ocrx_word' id='word_1_524' title='bbox 2081 5068 2124 5120; x_wconf 82' lang='lat' dir='ltr'><strong>si</strong></span> <span class='ocrx_word' id='word_1_525' title='bbox 2133 5093 2155 5108; x_wconf 84' lang='lat'><strong>-</strong></span> 
     </span>
    </p>
   </div>
   <div class='ocr_carea' id='block_1_68' title="bbox 574 5135 2158 5203">
    <p class='ocr_par' dir='ltr' id='par_1_68' title="bbox 574 5135 2158 5203">
     <span class='ocr_line' id='line_1_69' title="bbox 574 5135 2158 5203; baseline 0.001 -13"><span class='ocrx_word' id='word_1_526' title='bbox 574 5135 760 5191; x_wconf 76' lang='lat' dir='ltr'><strong>militer</strong></span> <span class='ocrx_word' id='word_1_527' title='bbox 797 5135 1078 5198; x_wconf 72' lang='lat' dir='ltr'><strong>benedixit,</strong></span> <span class='ocrx_word' id='word_1_528' title='bbox 1129 5143 1174 5188; x_wconf 89' lang='lat' dir='ltr'><strong>et</strong></span> <span class='ocrx_word' id='word_1_529' title='bbox 1214 5136 1379 5203; x_wconf 77' lang='lat' dir='ltr'><strong>posuit</strong></span> <span class='ocrx_word' id='word_1_530' title='bbox 1421 5135 1537 5190; x_wconf 88' lang='lat' dir='ltr'><strong>ante</strong></span> <span class='ocrx_word' id='word_1_531' title='bbox 1572 5137 1706 5190; x_wconf 87' lang='lat' dir='ltr'><strong>illos.</strong></span> <span class='ocrx_word' id='word_1_532' title='bbox 1733 5135 1801 5190; x_wconf 87' lang='lat' dir='ltr'><strong>Et</strong></span> <span class='ocrx_word' id='word_1_533' title='bbox 1825 5135 2158 5191; x_wconf 82' lang='lat' dir='ltr'><strong>manducaue-</strong></span> 
     </span>
    </p>
   </div>
   <div class='ocr_carea' id='block_1_69' title="bbox 567 5208 2155 5278">
    <p class='ocr_par' dir='ltr' id='par_1_69' title="bbox 567 5208 2155 5278">
     <span class='ocr_line' id='line_1_70' title="bbox 567 5208 2155 5278; baseline 0.003 -19"><span class='ocrx_word' id='word_1_534' title='bbox 567 5217 732 5270; x_wconf 90' lang='lat' dir='ltr'><strong>runt,</strong></span> <span class='ocrx_word' id='word_1_535' title='bbox 779 5209 1081 5278; x_wconf 70' lang='lat' dir='ltr'><strong>et_salurati</strong></span> <span class='ocrx_word' id='word_1_536' title='bbox 1122 5213 1238 5259; x_wconf 87' lang='lat' dir='ltr'><strong>sunt</strong></span> <span class='ocrx_word' id='word_1_537' title='bbox 1263 5247 1297 5278; x_wconf 90' lang='lat'><strong>,_</strong></span> <span class='ocrx_word' id='word_1_538' title='bbox 1324 5214 1369 5259; x_wconf 87' lang='lat' dir='ltr'><strong>et</strong></span> <span class='ocrx_word' id='word_1_539' title='bbox 1401 5208 1705 5261; x_wconf 88' lang='lat' dir='ltr'><strong>sustulerunt</strong></span> <span class='ocrx_word' id='word_1_540' title='bbox 1735 5217 1922 5278; x_wconf 83' lang='lat' dir='ltr'><strong>septem</strong></span> <span class='ocrx_word' id='word_1_541' title='bbox 1957 5217 2155 5278; x_wconf 84' lang='lat' dir='ltr'><strong>sportas</strong></span> 
     </span>
    </p>
   </div>
   <div class='ocr_carea' id='block_1_70' title="bbox 573 5275 2156 5350">
    <p class='ocr_par' dir='ltr' id='par_1_70' title="bbox 573 5275 2156 5350">
     <span class='ocr_line' id='line_1_71' title="bbox 573 5275 2156 5350; baseline 0 -18"><span class='ocrx_word' id='word_1_542' title='bbox 573 5279 770 5350; x_wconf 82' lang='lat' dir='ltr'><strong>plenas.</strong></span> <span class='ocrx_word' id='word_1_543' title='bbox 817 5275 980 5331; x_wconf 85' lang='lat' dir='ltr'><strong>Erant</strong></span> <span class='ocrx_word' id='word_1_544' title='bbox 1018 5287 1182 5350; x_wconf 81' lang='lat' dir='ltr'><strong>autem</strong></span> <span class='ocrx_word' id='word_1_545' title='bbox 1215 5276 1299 5344; x_wconf 87' lang='lat' dir='ltr'><strong>qui</strong></span> <span class='ocrx_word' id='word_1_546' title='bbox 1326 5277 1752 5350; x_wconf 65' lang='lat' dir='ltr'><strong>manducaverunt</strong></span> <span class='ocrx_word' id='word_1_547' title='bbox 1775 5275 1918 5348; x_wconf 78' lang='lat' dir='ltr'><strong>quasi</strong></span> <span class='ocrx_word' id='word_1_548' title='bbox 1940 5275 2156 5350; x_wconf 81' lang='lat' dir='ltr'><strong>quatuor</strong></span> 
     </span>
    </p>
   </div>
   <div class='ocr_carea' id='block_1_71' title="bbox 573 5347 2154 5419">
    <p class='ocr_par' dir='ltr' id='par_1_71' title="bbox 573 5347 2154 5419">
     <span class='ocr_line' id='line_1_72' title="bbox 573 5347 2154 5419; baseline 0.003 -19"><span class='ocrx_word' id='word_1_549' title='bbox 573 5347 765 5419; x_wconf 75' lang='lat' dir='ltr'><strong>inillia,</strong></span> <span class='ocrx_word' id='word_1_550' title='bbox 808 5347 1221 5419; x_wconf 63' lang='lat' dir='ltr'><strong>extraptulieres</strong></span> <span class='ocrx_word' id='word_1_551' title='bbox 1257 5355 1302 5400; x_wconf 87' lang='lat' dir='ltr'><strong>et</strong></span> <span class='ocrx_word' id='word_1_552' title='bbox 1327 5347 1564 5419; x_wconf 79' lang='lat' dir='ltr'><strong>infantes.</strong></span> <span class='ocrx_word' id='word_1_553' title='bbox 1597 5348 1666 5402; x_wconf 85' lang='lat' dir='ltr'><strong>Et</strong></span> <span class='ocrx_word' id='word_1_554' title='bbox 1693 5350 1917 5403; x_wconf 89' lang='lat' dir='ltr'><strong>virtutes</strong></span> <span class='ocrx_word' id='word_1_555' title='bbox 1941 5348 2154 5419; x_wconf 89' lang='lat' dir='ltr'><strong>quidem</strong></span> 
     </span>
    </p>
   </div>
   <div class='ocr_carea' id='block_1_72' title="bbox 574 5417 2157 5488">
    <p class='ocr_par' dir='ltr' id='par_1_72' title="bbox 574 5417 2157 5488">
     <span class='ocr_line' id='line_1_73' title="bbox 574 5417 2157 5488; baseline 0.001 -16"><span class='ocrx_word' id='word_1_556' title='bbox 574 5418 785 5473; x_wconf 89' lang='lat' dir='ltr'><strong>Domini</strong></span> <span class='ocrx_word' id='word_1_557' title='bbox 830 5417 1261 5472; x_wconf 79' lang='lat' dir='ltr'><strong>manifestissime</strong></span> <span class='ocrx_word' id='word_1_558' title='bbox 1304 5418 1572 5472; x_wconf 87' lang='lat' dir='ltr'><strong>credimus</strong></span> <span class='ocrx_word' id='word_1_559' title='bbox 1606 5433 1725 5474; x_wconf 87' lang='lat' dir='ltr'><strong>esse</strong></span> <span class='ocrx_word' id='word_1_560' title='bbox 1750 5419 1914 5473; x_wconf 80' lang='lat' dir='ltr'><strong>factas</strong></span> <span class='ocrx_word' id='word_1_561' title='bbox 1943 5417 1992 5473; x_wconf 77' lang='lat' dir='ltr'><strong>iii</strong></span> <span class='ocrx_word' id='word_1_562' title='bbox 2022 5435 2157 5488; x_wconf 74' lang='lat' dir='ltr'><strong>pra:-</strong></span> 
     </span>
    </p>
   </div>
   <div class='ocr_carea' id='block_1_73' title="bbox 570 5488 2209 5561">
    <p class='ocr_par' dir='ltr' id='par_1_73' title="bbox 570 5488 2209 5561">
     <span class='ocr_line' id='line_1_74' title="bbox 570 5488 2209 5561; baseline 0.001 -18"><span class='ocrx_word' id='word_1_563' title='bbox 570 5491 708 5543; x_wconf 87' lang='lat' dir='ltr'><strong>senti</strong></span> <span class='ocrx_word' id='word_1_564' title='bbox 751 5508 764 5542; x_wconf 88' lang='lat'><strong>:</strong></span> <span class='ocrx_word' id='word_1_565' title='bbox 800 5488 894 5544; x_wconf 88' lang='lat' dir='ltr'><strong>sed</strong></span> <span class='ocrx_word' id='word_1_566' title='bbox 927 5488 1053 5558; x_wconf 89' lang='lat' dir='ltr'><strong>quid</strong></span> <span class='ocrx_word' id='word_1_567' title='bbox 1083 5489 1241 5544; x_wconf 87' lang='lat' dir='ltr'><strong>lateat</strong></span> <span class='ocrx_word' id='word_1_568' title='bbox 1276 5489 1327 5542; x_wconf 92' lang='lat' dir='ltr'><strong>in</strong></span> <span class='ocrx_word' id='word_1_569' title='bbox 1354 5489 1610 5560; x_wconf 87' lang='lat' dir='ltr'><strong>mysterio</strong></span> <span class='ocrx_word' id='word_1_570' title='bbox 1633 5529 1646 5556; x_wconf 92' lang='lat'><strong>,</strong></span> <span class='ocrx_word' id='word_1_571' title='bbox 1676 5489 1842 5560; x_wconf 87' lang='lat' dir='ltr'><strong>ipsius</strong></span> <span class='ocrx_word' id='word_1_572' title='bbox 1865 5493 2031 5561; x_wconf 83' lang='lat' dir='ltr'><strong>gratia</strong></span> <span class='ocrx_word' id='word_1_573' title='bbox 2058 5491 2154 5545; x_wconf 91' lang='lat' dir='ltr'><strong>do-</strong></span> <span class='ocrx_word' id='word_1_574' title='bbox 2207 5509 2209 5516; x_wconf 92' lang='grc'>·</span> 
     </span>
    </p>
   </div>
   <div class='ocr_carea' id='block_1_74' title="bbox 572 5563 1115 5630">
    <p class='ocr_par' dir='ltr' id='par_1_74' title="bbox 572 5563 1115 5630">
     <span class='ocr_line' id='line_1_75' title="bbox 572 5563 1115 5630; baseline -0.002 -16"><span class='ocrx_word' id='word_1_575' title='bbox 572 5572 734 5616; x_wconf 85' lang='lat' dir='ltr'><strong>nante</strong></span> <span class='ocrx_word' id='word_1_576' title='bbox 764 5563 1115 5630; x_wconf 88' lang='lat' dir='ltr'><strong>requiramus.</strong></span> 
     </span>
    </p>
   </div>
   <div class='ocr_carea' id='block_1_75' title="bbox 642 5630 2156 5702">
    <p class='ocr_par' dir='ltr' id='par_1_75' title="bbox 642 5630 2156 5702">
     <span class='ocr_line' id='line_1_76' title="bbox 642 5630 2156 5702; baseline 0 -16"><span class='ocrx_word' id='word_1_577' title='bbox 642 5633 694 5686; x_wconf 77' lang='grc'><strong>4.</strong></span> <span class='ocrx_word' id='word_1_578' title='bbox 745 5631 978 5702; x_wconf 88' lang='lat' dir='ltr'><strong>Duplicis</strong></span> <span class='ocrx_word' id='word_1_579' title='bbox 1018 5648 1208 5702; x_wconf 82' lang='lat' dir='ltr'><strong>panum</strong></span> <span class='ocrx_word' id='word_1_580' title='bbox 1247 5630 1680 5702; x_wconf 80' lang='lat' dir='ltr'><strong>multiplicationis</strong></span> <span class='ocrx_word' id='word_1_581' title='bbox 1718 5633 1941 5686; x_wconf 84' lang='lat' dir='ltr'><strong>collatio.</strong></span> <span class='ocrx_word' id='word_1_582' title='bbox 1976 5631 2156 5702; x_wconf 80' lang='lat' dir='ltr'><strong>Prima</strong></span> 
     </span>
    </p>
   </div>
   <div class='ocr_carea' id='block_1_76' title="bbox 578 5700 2154 5773">
    <p class='ocr_par' dir='ltr' id='par_1_76' title="bbox 578 5700 2154 5773">
     <span class='ocr_line' id='line_1_77' title="bbox 578 5700 2154 5773; baseline 0.003 -20"><span class='ocrx_word' id='word_1_583' title='bbox 578 5702 781 5772; x_wconf 71' lang='lat' dir='ltr'><strong>gudwos</strong></span> <span class='ocrx_word' id='word_1_584' title='bbox 802 5700 840 5773; x_wconf 63' lang='grc'><strong>,⁷</strong></span> <span class='ocrx_word' id='word_1_585' title='bbox 870 5700 1030 5757; x_wconf 86' lang='lat' dir='ltr'><strong>altera</strong></span> <span class='ocrx_word' id='word_1_586' title='bbox 1059 5700 1256 5773; x_wconf 4' lang='lat' dir='ltr'><strong>Gentes,</strong></span> <span class='ocrx_word' id='word_1_587' title='bbox 1276 5701 1491 5773; x_wconf 73' lang='lat' dir='ltr'><strong>exhibet.</strong></span> <span class='ocrx_word' id='word_1_588' title='bbox 1533 5702 1590 5773; x_wconf 85' lang='lat' dir='ltr'><strong>In</strong></span> <span class='ocrx_word' id='word_1_589' title='bbox 1619 5702 1881 5771; x_wconf 90' lang='lat' dir='ltr'><strong>superiori</strong></span> <span class='ocrx_word' id='word_1_590' title='bbox 1905 5701 2048 5757; x_wconf 90' lang='lat' dir='ltr'><strong>enim</strong></span> <span class='ocrx_word' id='word_1_591' title='bbox 2077 5703 2154 5758; x_wconf 89' lang='lat' dir='ltr'><strong>le-</strong></span> 
     </span>
    </p>
   </div>
   <div class='ocr_carea' id='block_1_77' title="bbox 573 5771 2156 5855">
    <p class='ocr_par' dir='ltr' id='par_1_77' title="bbox 573 5771 2156 5855">
     <span class='ocr_line' id='line_1_78' title="bbox 573 5771 2156 5855; baseline 0.001 -27"><span class='ocrx_word' id='word_1_592' title='bbox 573 5771 845 5855; x_wconf 63' lang='lat' dir='ltr'><strong>ctionede</strong></span> <span class='ocrx_word' id='word_1_593' title='bbox 863 5773 1095 5855; x_wconf 84' lang='lat' dir='ltr'><strong>quinque</strong></span> <span class='ocrx_word' id='word_1_594' title='bbox 1124 5772 1355 5855; x_wconf 71' lang='lat' dir='ltr'><strong>panibus</strong></span> <span class='ocrx_word' id='word_1_595' title='bbox 1369 5779 1424 5854; x_wconf 77' lang='lat' dir='ltr'><strong>et</strong></span> <span class='ocrx_word' id='word_1_596' title='bbox 1447 5771 1651 5855; x_wconf 87' lang='lat' dir='ltr'><strong>duobus</strong></span> <span class='ocrx_word' id='word_1_597' title='bbox 1672 5773 1906 5855; x_wconf 72' lang='lat' dir='ltr'><strong>piscibus</strong></span> <span class='ocrx_word' id='word_1_598' title='bbox 1924 5775 2156 5855; x_wconf 87' lang='lat' dir='ltr'><strong>quinque</strong></span> 
     </span>
    </p>
   </div>
   <div class='ocr_carea' id='block_1_78' title="bbox 571 5841 2158 5918">
    <p class='ocr_par' dir='ltr' id='par_1_78' title="bbox 571 5841 2158 5918">
     <span class='ocr_line' id='line_1_79' title="bbox 571 5841 2158 5918; baseline 0.001 -16"><span class='ocrx_word' id='word_1_599' title='bbox 571 5841 738 5902; x_wconf 85' lang='lat' dir='ltr'><strong>millia</strong></span> <span class='ocrx_word' id='word_1_600' title='bbox 761 5841 1033 5902; x_wconf 76' lang='lat' dir='ltr'><strong>hominum</strong></span> <span class='ocrx_word' id='word_1_601' title='bbox 1059 5841 1263 5902; x_wconf 80' lang='lat' dir='ltr'><strong>satiavit</strong></span> <span class='ocrx_word' id='word_1_602' title='bbox 1297 5862 1309 5903; x_wconf 87' lang='lat'><strong>;</strong></span> <span class='ocrx_word' id='word_1_603' title='bbox 1342 5842 1427 5904; x_wconf 86' lang='lat' dir='ltr'><strong>hic</strong></span> <span class='ocrx_word' id='word_1_604' title='bbox 1468 5841 1690 5917; x_wconf 64' lang='lat' dir='ltr'><strong>septeni</strong></span> <span class='ocrx_word' id='word_1_605' title='bbox 1700 5843 1924 5918; x_wconf 79' lang='lat' dir='ltr'><strong>panibus</strong></span> <span class='ocrx_word' id='word_1_606' title='bbox 1943 5841 2158 5906; x_wconf 78' lang='lat' dir='ltr'><strong>satura-</strong></span> 
     </span>
    </p>
   </div>
   <div class='ocr_carea' id='block_1_79' title="bbox 2027 357 2390 418">
    <p class='ocr_par' dir='ltr' id='par_1_79' title="bbox 2027 357 2390 418">
     <span class='ocr_line' id='line_1_80' title="bbox 2027 357 2390 418; baseline -0.006 0"><span class='ocrx_word' id='word_1_607' title='bbox 2027 357 2390 418; x_wconf 79' lang='lat' dir='ltr'><strong>APPENDIX.</strong></span> 
     </span>
    </p>
   </div>
   <div class='ocr_carea' id='block_1_80' title="bbox 2816 259 2842 281">
    <p class='ocr_par' dir='ltr' id='par_1_80' title="bbox 2816 259 2842 281">
     <span class='ocr_line' id='line_1_81' title="bbox 2816 259 2842 281; baseline 0 0"><span class='ocrx_word' id='word_1_608' title='bbox 2816 259 2842 281; x_wconf 65' lang='grc' dir='ltr'><strong>(ἓ</strong></span> 
     </span>
    </p>
   </div>
   <div class='ocr_carea' id='block_1_81' title="bbox 3685 379 3800 440">
    <p class='ocr_par' dir='ltr' id='par_1_81' title="bbox 3685 379 3800 440">
     <span class='ocr_line' id='line_1_82' title="bbox 3685 379 3800 440; baseline 0.043 -5"><span class='ocrx_word' id='word_1_609' title='bbox 3685 379 3800 440; x_wconf 72' lang='grc'><strong>1904</strong></span> 
     </span>
    </p>
   </div>
   <div class='ocr_carea' id='block_1_82' title="bbox 2271 475 3800 562">
    <p class='ocr_par' dir='ltr' id='par_1_82' title="bbox 2271 475 3800 562">
     <span class='ocr_line' id='line_1_83' title="bbox 2271 475 3800 562; baseline 0.028 -50"><span class='ocrx_word' id='word_1_610' title='bbox 2271 481 2346 562; x_wconf 55' lang='grc' dir='ltr'><strong>Σίι</strong></span> <span class='ocrx_word' id='word_1_611' title='bbox 2390 486 2626 562; x_wconf 39' lang='lat' dir='ltr'><strong>quatuor.</strong></span> <span class='ocrx_word' id='word_1_612' title='bbox 2659 475 2820 562; x_wconf 83' lang='lat' dir='ltr'><strong>millia</strong></span> <span class='ocrx_word' id='word_1_613' title='bbox 2864 475 3159 562; x_wconf 81' lang='lat' dir='ltr'><strong>hominum.</strong></span> <span class='ocrx_word' id='word_1_614' title='bbox 3192 476 3266 562; x_wconf 85' lang='lat' dir='ltr'><strong>lbi</strong></span> <span class='ocrx_word' id='word_1_615' title='bbox 3292 478 3525 554; x_wconf 88' lang='lat' dir='ltr'><strong>discipuli</strong></span> <span class='ocrx_word' id='word_1_616' title='bbox 3552 501 3800 562; x_wconf 80' lang='lat' dir='ltr'><strong>suggerunt</strong></span> 
     </span>
    </p>
   </div>
   <div class='ocr_carea' id='block_1_83' title="bbox 2273 547 3801 635">
    <p class='ocr_par' dir='ltr' id='par_1_83' title="bbox 2273 547 3801 635">
     <span class='ocr_line' id='line_1_84' title="bbox 2273 547 3801 635; baseline 0.009 -32"><span class='ocrx_word' id='word_1_617' title='bbox 2273 547 2539 635; x_wconf 49' lang='lat' dir='ltr'><strong>Domino,</strong></span> <span class='ocrx_word' id='word_1_618' title='bbox 2575 548 2844 635; x_wconf 70' lang='lat' dir='ltr'><strong>dicentes,</strong></span> <span class='ocrx_word' id='word_1_619' title='bbox 2890 547 3055 635; x_wconf 81' lang='lat' dir='ltr'><strong>Locus</strong></span> <span class='ocrx_word' id='word_1_620' title='bbox 3097 549 3318 632; x_wconf 82' lang='lat' dir='ltr'><strong>desertus</strong></span> <span class='ocrx_word' id='word_1_621' title='bbox 3351 547 3529 635; x_wconf 47' lang='lat' dir='ltr'><strong>est-,_et</strong></span> <span class='ocrx_word' id='word_1_622' title='bbox 3555 547 3801 635; x_wconf 62' lang='lat' dir='ltr'><strong>hei-ii</strong></span> 
     </span>
    </p>
   </div>
   <div class='ocr_carea' id='block_1_84' title="bbox 2273 620 3800 694">
    <p class='ocr_par' dir='ltr' id='par_1_84' title="bbox 2273 620 3800 694">
     <span class='ocr_line' id='line_1_85' title="bbox 2273 620 3800 694; baseline 0.014 -23"><span class='ocrx_word' id='word_1_623' title='bbox 2273 621 2404 674; x_wconf 86' lang='lat' dir='ltr'><strong>teriit</strong></span> <span class='ocrx_word' id='word_1_624' title='bbox 2429 620 2677 694; x_wconf 68' lang='lat' dir='ltr'><strong>;_dimitle</strong></span> <span class='ocrx_word' id='word_1_625' title='bbox 2720 620 2950 694; x_wconf 41' lang='lat' dir='ltr'><strong>initiati,“</strong></span> <span class='ocrx_word' id='word_1_626' title='bbox 2968 630 3228 694; x_wconf 68' lang='lat' dir='ltr'><strong>utcuntes</strong></span> <span class='ocrx_word' id='word_1_627' title='bbox 3253 623 3307 694; x_wconf 80' lang='lat' dir='ltr'><strong>in</strong></span> <span class='ocrx_word' id='word_1_628' title='bbox 3334 626 3532 680; x_wconf 85' lang='lat' dir='ltr'><strong>castella</strong></span> <span class='ocrx_word' id='word_1_629' title='bbox 3554 620 3703 687; x_wconf 76' lang='lat' dir='ltr'><strong>emanl</strong></span> <span class='ocrx_word' id='word_1_630' title='bbox 3723 620 3800 694; x_wconf 76' lang='lat' dir='ltr'><strong>sibi</strong></span> 
     </span>
    </p>
   </div>
   <div class='ocr_carea' id='block_1_85' title="bbox 2269 689 3796 772">
    <p class='ocr_par' dir='ltr' id='par_1_85' title="bbox 2269 689 3796 772">
     <span class='ocr_line' id='line_1_86' title="bbox 2269 689 3796 772; baseline 0.011 -28"><span class='ocrx_word' id='word_1_631' title='bbox 2269 689 2622 772; x_wconf 55' lang='lat' dir='ltr'><strong>escpsldlarf.</strong></span> <span class='ocrx_word' id='word_1_632' title='bbox 2652 705 2739 771; x_wconf 65' lang='lat' dir='ltr'><strong>vt,</strong></span> <span class='ocrx_word' id='word_1_633' title='bbox 2773 690 2960 758; x_wconf 69' lang='lat'><strong>51-44)</strong></span> <span class='ocrx_word' id='word_1_634' title='bbox 2994 709 3008 745; x_wconf 89' lang='lat'><strong>:</strong></span> <span class='ocrx_word' id='word_1_635' title='bbox 3038 692 3122 772; x_wconf 80' lang='lat' dir='ltr'><strong>hic</strong></span> <span class='ocrx_word' id='word_1_636' title='bbox 3144 693 3351 772; x_wconf 70' lang='lat' dir='ltr'><strong>penitus</strong></span> <span class='ocrx_word' id='word_1_637' title='bbox 3377 689 3796 772; x_wconf 51' lang='lat' dir='ltr'><strong>taeentdiscipulii</strong></span> 
     </span>
    </p>
   </div>
   <div class='ocr_carea' id='block_1_86' title="bbox 2269 761 3801 834">
    <p class='ocr_par' dir='ltr' id='par_1_86' title="bbox 2269 761 3801 834">
     <span class='ocr_line' id='line_1_87' title="bbox 2269 761 3801 834; baseline 0.011 -19"><span class='ocrx_word' id='word_1_638' title='bbox 2269 761 2364 815; x_wconf 87' lang='lat' dir='ltr'><strong>sed</strong></span> <span class='ocrx_word' id='word_1_639' title='bbox 2411 761 2523 831; x_wconf 83' lang='lat' dir='ltr'><strong>ipse</strong></span> <span class='ocrx_word' id='word_1_640' title='bbox 2569 761 2822 834; x_wconf 80' lang='lat' dir='ltr'><strong>Dominus</strong></span> <span class='ocrx_word' id='word_1_641' title='bbox 2869 777 2962 829; x_wconf 90' lang='lat' dir='ltr'><strong>pro</strong></span> <span class='ocrx_word' id='word_1_642' title='bbox 3003 762 3082 834; x_wconf 81' lang='lat' dir='ltr'><strong>eis</strong></span> <span class='ocrx_word' id='word_1_643' title='bbox 3127 761 3378 818; x_wconf 86' lang='lat' dir='ltr'><strong>sollicitus</strong></span> <span class='ocrx_word' id='word_1_644' title='bbox 3424 777 3520 820; x_wconf 90' lang='lat' dir='ltr'><strong>est.</strong></span> <span class='ocrx_word' id='word_1_645' title='bbox 3554 761 3801 834; x_wconf 68' lang='lat' dir='ltr'><strong>Videémus</strong></span> 
     </span>
    </p>
   </div>
   <div class='ocr_carea' id='block_1_87' title="bbox 2269 830 3802 956">
    <p class='ocr_par' dir='ltr' id='par_1_87' title="bbox 2269 830 3802 956">
     <span class='ocr_line' id='line_1_88' title="bbox 2269 830 3802 956; baseline 0.01 -70"><span class='ocrx_word' id='word_1_646' title='bbox 2269 846 2433 956; x_wconf 54' lang='lat' dir='ltr'><strong>auare</strong></span> <span class='ocrx_word' id='word_1_647' title='bbox 2481 839 2675 886; x_wconf 87' lang='lat' dir='ltr'><strong>tacent.</strong></span> <span class='ocrx_word' id='word_1_648' title='bbox 2723 830 2854 914; x_wconf 78' lang='lat' dir='ltr'><strong>Quia</strong></span> <span class='ocrx_word' id='word_1_649' title='bbox 2897 832 3120 887; x_wconf 89' lang='lat' dir='ltr'><strong>necdum</strong></span> <span class='ocrx_word' id='word_1_650' title='bbox 3149 834 3295 888; x_wconf 90' lang='lat' dir='ltr'><strong>missi</strong></span> <span class='ocrx_word' id='word_1_651' title='bbox 3315 834 3526 916; x_wconf 38' lang='lat' dir='ltr'><strong>&#39;l‘uerant</strong></span> <span class='ocrx_word' id='word_1_652' title='bbox 3551 830 3802 909; x_wconf 63' lang='lat' dir='ltr'><strong>praedicare</strong></span> 
     </span>
     <span class='ocr_line' id='line_1_89' title="bbox 2317 901 3776 956; baseline 0 0"><span class='ocrx_word' id='word_1_653' title='bbox 2317 902 2560 956; x_wconf 80' lang='lat' dir='ltr'><strong>entibus.</strong></span> <span class='ocrx_word' id='word_1_654' title='bbox 2603 901 2699 956; x_wconf 89' lang='lat' dir='ltr'><strong>sed</strong></span> <span class='ocrx_word' id='word_1_655' title='bbox 2733 911 2908 956; x_wconf 86' lang='lat' dir='ltr'><strong>nouus</strong></span> <span class='ocrx_word' id='word_1_656' title='bbox 2935 903 3000 956; x_wconf 87' lang='lat' dir='ltr'><strong>ad</strong></span> <span class='ocrx_word' id='word_1_657' title='bbox 3029 919 3156 956; x_wconf 89' lang='lat' dir='ltr'><strong>oves</strong></span> <span class='ocrx_word' id='word_1_658' title='bbox 3185 905 3411 956; x_wconf 77' lang='lat' dir='ltr'><strong>perditas</strong></span> <span class='ocrx_word' id='word_1_659' title='bbox 3435 907 3615 956; x_wconf 72' lang='lat' dir='ltr'><strong>domus</strong></span> <span class='ocrx_word' id='word_1_660' title='bbox 3642 913 3776 956; x_wconf 66' lang='lat' dir='ltr'><strong>lgml</strong></span> 
     </span>
    </p>
   </div>
   <div class='ocr_carea' id='block_1_88' title="bbox 2317 901 3797 972">
    <p class='ocr_par' dir='ltr' id='par_1_88' title="bbox 2317 901 3797 972">
     <span class='ocr_line' id='line_1_90' title="bbox 2317 901 3797 972; baseline 0.011 -17"><span class='ocrx_word' id='word_1_661' title='bbox 2317 902 2560 970; x_wconf 90' lang='lat' dir='ltr'><strong>entibus,</strong></span> <span class='ocrx_word' id='word_1_662' title='bbox 2603 901 2699 956; x_wconf 89' lang='lat' dir='ltr'><strong>sed</strong></span> <span class='ocrx_word' id='word_1_663' title='bbox 2733 902 2908 972; x_wconf 87' lang='lat' dir='ltr'><strong>potius</strong></span> <span class='ocrx_word' id='word_1_664' title='bbox 2935 903 3000 956; x_wconf 87' lang='lat' dir='ltr'><strong>ad</strong></span> <span class='ocrx_word' id='word_1_665' title='bbox 3029 919 3156 958; x_wconf 89' lang='lat' dir='ltr'><strong>oves</strong></span> <span class='ocrx_word' id='word_1_666' title='bbox 3185 905 3411 972; x_wconf 86' lang='lat' dir='ltr'><strong>perditas</strong></span> <span class='ocrx_word' id='word_1_667' title='bbox 3435 901 3615 966; x_wconf 74' lang='lat' dir='ltr'><strong>domus</strong></span> <span class='ocrx_word' id='word_1_668' title='bbox 3642 901 3797 972; x_wconf 53' lang='lat' dir='ltr'><strong>Israel;</strong></span> 
     </span>
    </p>
   </div>
   <div class='ocr_carea' id='block_1_89' title="bbox 2270 971 3803 1046">
    <p class='ocr_par' dir='ltr' id='par_1_89' title="bbox 2270 971 3803 1046">
     <span class='ocr_line' id='line_1_91' title="bbox 2270 971 3803 1046; baseline 0.01 -19"><span class='ocrx_word' id='word_1_669' title='bbox 2270 971 2426 1046; x_wconf 70' lang='lat' dir='ltr'><strong>Prior</strong></span> <span class='ocrx_word' id='word_1_670' title='bbox 2451 988 2576 1044; x_wconf 83' lang='lat' dir='ltr'><strong>ergo</strong></span> <span class='ocrx_word' id='word_1_671' title='bbox 2603 973 2694 1046; x_wconf 69' lang='lat' dir='ltr'><strong>illa</strong></span> <span class='ocrx_word' id='word_1_672' title='bbox 2723 971 2971 1046; x_wconf 84' lang='lat' dir='ltr'><strong>parabola</strong></span> <span class='ocrx_word' id='word_1_673' title='bbox 2997 971 3226 1046; x_wconf 58' lang='lat' dir='ltr'><strong>pertingit</strong></span> <span class='ocrx_word' id='word_1_674' title='bbox 3245 975 3312 1030; x_wconf 88' lang='lat' dir='ltr'><strong>ad</strong></span> <span class='ocrx_word' id='word_1_675' title='bbox 3332 976 3567 1046; x_wconf 63' lang='lat' dir='ltr'><strong>Judaeos;</strong></span> <span class='ocrx_word' id='word_1_676' title='bbox 3590 983 3680 1038; x_wconf 86' lang='lat' dir='ltr'><strong>ista</strong></span> <span class='ocrx_word' id='word_1_677' title='bbox 3700 971 3803 1042; x_wconf 86' lang='lat' dir='ltr'><strong>vero</strong></span> 
     </span>
    </p>
   </div>
   <div class='ocr_carea' id='block_1_90' title="bbox 2267 1042 3804 1123">
    <p class='ocr_par' dir='ltr' id='par_1_90' title="bbox 2267 1042 3804 1123">
     <span class='ocr_line' id='line_1_92' title="bbox 2267 1042 3804 1123; baseline 0.001 -26"><span class='ocrx_word' id='word_1_678' title='bbox 2267 1042 2336 1097; x_wconf 85' lang='lat' dir='ltr'><strong>ad</strong></span> <span class='ocrx_word' id='word_1_679' title='bbox 2369 1042 2592 1123; x_wconf 50' lang='lat' dir='ltr'><strong>Gentes:</strong></span> <span class='ocrx_word' id='word_1_680' title='bbox 2615 1042 2950 1123; x_wconf 82' lang='lat' dir='ltr'><strong>lbi_qu_inque</strong></span> <span class='ocrx_word' id='word_1_681' title='bbox 2971 1042 3134 1114; x_wconf 80' lang='lat' dir='ltr'><strong>panes</strong></span> <span class='ocrx_word' id='word_1_682' title='bbox 3158 1044 3395 1114; x_wconf 81' lang='lat' dir='ltr'><strong>fuerant,</strong></span> <span class='ocrx_word' id='word_1_683' title='bbox 3420 1047 3517 1104; x_wconf 91' lang='lat' dir='ltr'><strong>hoc</strong></span> <span class='ocrx_word' id='word_1_684' title='bbox 3541 1042 3618 1123; x_wconf 79' lang='lat' dir='ltr'><strong>est</strong></span> <span class='ocrx_word' id='word_1_685' title='bbox 3637 1094 3652 1120; x_wconf 90' lang='lat'><strong>,</strong></span> <span class='ocrx_word' id='word_1_686' title='bbox 3676 1057 3804 1123; x_wconf 78' lang='lat' dir='ltr'><strong>quin.</strong></span> 
     </span>
    </p>
   </div>
   <div class='ocr_carea' id='block_1_91' title="bbox 2266 1113 3800 1189">
    <p class='ocr_par' dir='ltr' id='par_1_91' title="bbox 2266 1113 3800 1189">
     <span class='ocr_line' id='line_1_93' title="bbox 2266 1113 3800 1189; baseline 0.008 -21"><span class='ocrx_word' id='word_1_687' title='bbox 2266 1128 2372 1189; x_wconf 80' lang='lat' dir='ltr'><strong>que</strong></span> <span class='ocrx_word' id='word_1_688' title='bbox 2401 1114 2520 1189; x_wconf 81' lang='lat' dir='ltr'><strong>libri</strong></span> <span class='ocrx_word' id='word_1_689' title='bbox 2545 1114 2709 1189; x_wconf 62' lang='lat' dir='ltr'><strong>Moysi</strong></span> <span class='ocrx_word' id='word_1_690' title='bbox 2740 1113 2752 1167; x_wconf 73' lang='grc' dir='ltr'><em>ὲ</em></span> <span class='ocrx_word' id='word_1_691' title='bbox 2782 1113 2875 1189; x_wconf 76' lang='lat' dir='ltr'><strong>hic</strong></span> <span class='ocrx_word' id='word_1_692' title='bbox 2890 1113 3014 1169; x_wconf 90' lang='lat' dir='ltr'><strong>vero</strong></span> <span class='ocrx_word' id='word_1_693' title='bbox 3037 1124 3241 1189; x_wconf 83' lang='lat' dir='ltr'><strong>septem</strong></span> <span class='ocrx_word' id='word_1_694' title='bbox 3264 1113 3424 1186; x_wconf 87' lang='lat' dir='ltr'><strong>panes</strong></span> <span class='ocrx_word' id='word_1_695' title='bbox 3446 1160 3461 1186; x_wconf 94' lang='lat'><strong>,</strong></span> <span class='ocrx_word' id='word_1_696' title='bbox 3489 1121 3574 1189; x_wconf 88' lang='lat' dir='ltr'><strong>qui</strong></span> <span class='ocrx_word' id='word_1_697' title='bbox 3592 1113 3705 1177; x_wconf 66' lang='lat' dir='ltr'><strong>sunt&#39;</strong></span> <span class='ocrx_word' id='word_1_698' title='bbox 3727 1140 3800 1181; x_wconf 85' lang='lat' dir='ltr'><strong>se-</strong></span> 
     </span>
    </p>
   </div>
   <div class='ocr_carea' id='block_1_92' title="bbox 2271 1183 3801 1264">
    <p class='ocr_par' dir='ltr' id='par_1_92' title="bbox 2271 1183 3801 1264">
     <span class='ocr_line' id='line_1_94' title="bbox 2271 1183 3801 1264; baseline 0.001 -26"><span class='ocrx_word' id='word_1_699' title='bbox 2271 1183 2556 1264; x_wconf 80' lang='lat' dir='ltr'><strong>p_tit‘ormis_</strong></span> <span class='ocrx_word' id='word_1_700' title='bbox 2573 1183 2801 1264; x_wconf 79' lang='lat' dir='ltr'><strong>spiritus</strong></span> <span class='ocrx_word' id='word_1_701' title='bbox 2824 1185 2998 1264; x_wconf 74' lang='lat' dir='ltr'><strong>dona,</strong></span> <span class='ocrx_word' id='word_1_702' title='bbox 3027 1183 3670 1264; x_wconf 55' lang='lat' dir='ltr'><strong>sicut_ait:_sanctus&#39;lsaias</strong></span> <span class='ocrx_word' id='word_1_703' title='bbox 3695 1210 3801 1264; x_wconf 79' lang='lat' dir='ltr'><strong>pro.</strong></span> 
     </span>
    </p>
   </div>
   <div class='ocr_carea' id='block_1_93' title="bbox 2269 1253 3802 1331">
    <p class='ocr_par' dir='ltr' id='par_1_93' title="bbox 2269 1253 3802 1331">
     <span class='ocr_line' id='line_1_95' title="bbox 2269 1253 3802 1331; baseline 0.007 -21"><span class='ocrx_word' id='word_1_704' title='bbox 2269 1253 2426 1331; x_wconf 63' lang='lat' dir='ltr'><strong>pheta</strong></span> <span class='ocrx_word' id='word_1_705' title='bbox 2450 1297 2466 1323; x_wconf 94' lang='lat'><strong>,</strong></span> <span class='ocrx_word' id='word_1_706' title='bbox 2509 1257 2742 1331; x_wconf 68' lang='lat' dir='ltr'><strong>Spiritus</strong></span> <span class='ocrx_word' id='word_1_707' title='bbox 2769 1257 3044 1331; x_wconf 66' lang='lat' dir='ltr'><strong>sapientia:</strong></span> <span class='ocrx_word' id='word_1_708' title='bbox 3082 1265 3130 1311; x_wconf 90' lang='lat' dir='ltr'><strong>et</strong></span> <span class='ocrx_word' id='word_1_709' title='bbox 3156 1256 3460 1331; x_wconf 81' lang='lat' dir='ltr'><strong>intellectus,</strong></span> <span class='ocrx_word' id='word_1_710' title='bbox 3492 1263 3681 1331; x_wconf 83' lang='lat' dir='ltr'><strong>spiritus</strong></span> <span class='ocrx_word' id='word_1_711' title='bbox 3695 1253 3802 1320; x_wconf 65' lang='lat' dir='ltr'><strong>con-</strong></span> 
     </span>
    </p>
   </div>
   <div class='ocr_carea' id='block_1_94' title="bbox 2266 1326 3802 1398">
    <p class='ocr_par' dir='ltr' id='par_1_94' title="bbox 2266 1326 3802 1398">
     <span class='ocr_line' id='line_1_96' title="bbox 2266 1326 3802 1398; baseline 0.007 -18"><span class='ocrx_word' id='word_1_712' title='bbox 2266 1326 2371 1398; x_wconf 76' lang='lat' dir='ltr'><strong>silli</strong></span> <span class='ocrx_word' id='word_1_713' title='bbox 2410 1335 2457 1380; x_wconf 88' lang='lat' dir='ltr'><strong>et</strong></span> <span class='ocrx_word' id='word_1_714' title='bbox 2495 1327 2804 1398; x_wconf 73' lang='lat' dir='ltr'><strong>fortitudinis</strong></span> <span class='ocrx_word' id='word_1_715' title='bbox 2827 1369 2842 1394; x_wconf 92' lang='lat'><strong>,</strong></span> <span class='ocrx_word' id='word_1_716' title='bbox 2882 1327 3087 1395; x_wconf 88' lang='lat' dir='ltr'><strong>spiritus</strong></span> <span class='ocrx_word' id='word_1_717' title='bbox 3111 1328 3329 1398; x_wconf 73' lang='lat' dir='ltr'><strong>scientia:</strong></span> <span class='ocrx_word' id='word_1_718' title='bbox 3353 1339 3399 1383; x_wconf 93' lang='lat' dir='ltr'><strong>et</strong></span> <span class='ocrx_word' id='word_1_719' title='bbox 3423 1326 3651 1398; x_wconf 75' lang='lat' dir='ltr'><strong>pietatis;</strong></span> <span class='ocrx_word' id='word_1_720' title='bbox 3674 1345 3714 1388; x_wconf 86' lang='lat' dir='ltr'><strong>et</strong></span> <span class='ocrx_word' id='word_1_721' title='bbox 3737 1353 3802 1391; x_wconf 88' lang='lat' dir='ltr'><strong>re-</strong></span> 
     </span>
    </p>
   </div>
   <div class='ocr_carea' id='block_1_95' title="bbox 2268 1396 3801 1521">
    <p class='ocr_par' dir='ltr' id='par_1_95' title="bbox 2268 1396 3801 1521">
     <span class='ocr_line' id='line_1_97' title="bbox 2268 1396 3801 1521; baseline 0.008 -71"><span class='ocrx_word' id='word_1_722' title='bbox 2268 1396 2423 1521; x_wconf 73' lang='lat' dir='ltr'><strong>plebit</strong></span> <span class='ocrx_word' id='word_1_723' title='bbox 2467 1414 2586 1480; x_wconf 42' lang='lat' dir='ltr'><strong>eum.</strong></span> <span class='ocrx_word' id='word_1_724' title='bbox 2621 1397 2827 1478; x_wconf 74' lang='lat' dir='ltr'><strong>spiritus</strong></span> <span class='ocrx_word' id='word_1_725' title='bbox 2863 1398 3065 1479; x_wconf 42' lang='lat' dir='ltr'><strong>.timoris</strong></span> <span class='ocrx_word' id='word_1_726' title='bbox 3108 1397 3312 1480; x_wconf 77' lang='lat' dir='ltr'><strong>D_oniini</strong></span> <span class='ocrx_word' id='word_1_727' title='bbox 3349 1396 3495 1469; x_wconf 81' lang='lat' dir='ltr'><strong>(Isai.</strong></span> <span class='ocrx_word' id='word_1_728' title='bbox 3537 1396 3801 1476; x_wconf 40' lang='grc' dir='ltr'><strong>ιιμεειὸ).</strong></span> 
     </span>
     <span class='ocr_line' id='line_1_98' title="bbox 2296 1467 3801 1521; baseline 0 0"><span class='ocrx_word' id='word_1_729' title='bbox 2296 1469 2344 1521; x_wconf 89' lang='lat' dir='ltr'><strong>bt</strong></span> <span class='ocrx_word' id='word_1_730' title='bbox 2367 1467 2644 1521; x_wconf 87' lang='lat' dir='ltr'><strong>duodecnn</strong></span> <span class='ocrx_word' id='word_1_731' title='bbox 2667 1467 2878 1521; x_wconf 85' lang='lat' dir='ltr'><strong>conhmt</strong></span> <span class='ocrx_word' id='word_1_732' title='bbox 2905 1468 3044 1521; x_wconf 82' lang='lat' dir='ltr'><strong>nlent</strong></span> <span class='ocrx_word' id='word_1_733' title='bbox 3066 1467 3265 1521; x_wconf 88' lang='lat' dir='ltr'><strong>Snmtu</strong></span> <span class='ocrx_word' id='word_1_734' title='bbox 3287 1479 3467 1521; x_wconf 87' lang='lat' dir='ltr'><strong>sancto</strong></span> <span class='ocrx_word' id='word_1_735' title='bbox 3493 1490 3506 1521; x_wconf 90' lang='lat'>:</span> <span class='ocrx_word' id='word_1_736' title='bbox 3530 1472 3610 1521; x_wconf 83' lang='lat' dir='ltr'><strong>hic</strong></span> <span class='ocrx_word' id='word_1_737' title='bbox 3631 1485 3801 1521; x_wconf 72' lang='lat' dir='ltr'><strong>sentem</strong></span> 
     </span>
    </p>
   </div>
   <div class='ocr_carea' id='block_1_96' title="bbox 2296 1467 3803 1545">
    <p class='ocr_par' dir='ltr' id='par_1_96' title="bbox 2296 1467 3803 1545">
     <span class='ocr_line' id='line_1_99' title="bbox 2296 1467 3803 1545; baseline 0.007 -25"><span class='ocrx_word' id='word_1_738' title='bbox 2296 1467 2344 1521; x_wconf 92' lang='lat' dir='ltr'><strong>bi</strong></span> <span class='ocrx_word' id='word_1_739' title='bbox 2366 1467 2644 1545; x_wconf 80' lang='lat' dir='ltr'><strong>duodecim</strong></span> <span class='ocrx_word' id='word_1_740' title='bbox 2667 1467 2878 1536; x_wconf 90' lang='lat' dir='ltr'><strong>cophini</strong></span> <span class='ocrx_word' id='word_1_741' title='bbox 2905 1468 3044 1536; x_wconf 85' lang='lat' dir='ltr'><strong>pleni</strong></span> <span class='ocrx_word' id='word_1_742' title='bbox 3066 1467 3265 1545; x_wconf 75' lang='lat' dir='ltr'><strong>Spiritu</strong></span> <span class='ocrx_word' id='word_1_743' title='bbox 3287 1467 3467 1524; x_wconf 88' lang='lat' dir='ltr'><strong>sancto</strong></span> <span class='ocrx_word' id='word_1_744' title='bbox 3493 1490 3506 1526; x_wconf 90' lang='lat'><strong>:</strong></span> <span class='ocrx_word' id='word_1_745' title='bbox 3530 1467 3612 1545; x_wconf 76' lang='lat' dir='ltr'><strong>hic</strong></span> <span class='ocrx_word' id='word_1_746' title='bbox 3631 1467 3803 1545; x_wconf 77' lang='lat' dir='ltr'><strong>septein</strong></span> 
     </span>
    </p>
   </div>
   <div class='ocr_carea' id='block_1_97' title="bbox 2268 1538 3804 1615">
    <p class='ocr_par' dir='ltr' id='par_1_97' title="bbox 2268 1538 3804 1615">
     <span class='ocr_line' id='line_1_100' title="bbox 2268 1538 3804 1615; baseline 0.005 -23"><span class='ocrx_word' id='word_1_747' title='bbox 2268 1538 2554 1615; x_wconf 62' lang='lat' dir='ltr'><strong>ecclesiae,</strong></span> <span class='ocrx_word' id='word_1_748' title='bbox 2587 1539 2698 1593; x_wconf 89' lang='lat' dir='ltr'><strong>sive</strong></span> <span class='ocrx_word' id='word_1_749' title='bbox 2740 1539 3295 1615; x_wconf 84' lang='lat' dir='ltr'><strong>septem_candelabra</strong></span> <span class='ocrx_word' id='word_1_750' title='bbox 3327 1556 3503 1615; x_wconf 82' lang='lat' dir='ltr'><strong>aurea.</strong></span> <span class='ocrx_word' id='word_1_751' title='bbox 3529 1542 3598 1597; x_wconf 91' lang='lat' dir='ltr'><strong>lbi</strong></span> <span class='ocrx_word' id='word_1_752' title='bbox 3621 1538 3716 1598; x_wconf 75' lang='lat' dir='ltr'><strong>duo</strong></span> <span class='ocrx_word' id='word_1_753' title='bbox 3740 1547 3804 1615; x_wconf 86' lang='lat' dir='ltr'><strong>pi-</strong></span> 
     </span>
    </p>
   </div>
   <div class='ocr_carea' id='block_1_98' title="bbox 2268 1608 3798 1679">
    <p class='ocr_par' dir='ltr' id='par_1_98' title="bbox 2268 1608 3798 1679">
     <span class='ocr_line' id='line_1_101' title="bbox 2268 1608 3798 1679; baseline 0.005 -16"><span class='ocrx_word' id='word_1_754' title='bbox 2268 1623 2424 1674; x_wconf 86' lang='lat' dir='ltr'><strong>sces,</strong></span> <span class='ocrx_word' id='word_1_755' title='bbox 2467 1611 2556 1679; x_wconf 93' lang='lat' dir='ltr'><strong>qui</strong></span> <span class='ocrx_word' id='word_1_756' title='bbox 2605 1619 2727 1664; x_wconf 92' lang='lat' dir='ltr'><strong>sunt</strong></span> <span class='ocrx_word' id='word_1_757' title='bbox 2779 1609 2882 1663; x_wconf 92' lang='lat' dir='ltr'><strong>duo</strong></span> <span class='ocrx_word' id='word_1_758' title='bbox 2929 1608 3308 1677; x_wconf 86' lang='lat' dir='ltr'><strong>Testamenta,</strong></span> <span class='ocrx_word' id='word_1_759' title='bbox 3363 1613 3646 1668; x_wconf 89' lang='lat' dir='ltr'><strong>siveunus</strong></span> <span class='ocrx_word' id='word_1_760' title='bbox 3692 1608 3798 1671; x_wconf 81' lang='lat' dir='ltr'><strong>libet</strong></span> 
     </span>
    </p>
   </div>
   <div class='ocr_carea' id='block_1_99' title="bbox 2273 1679 3792 1754">
    <p class='ocr_par' dir='ltr' id='par_1_99' title="bbox 2273 1679 3792 1754">
     <span class='ocr_line' id='line_1_102' title="bbox 2273 1679 3792 1754; baseline 0.007 -22"><span class='ocrx_word' id='word_1_761' title='bbox 2273 1679 2510 1754; x_wconf 79' lang='lat' dir='ltr'><strong>omnium</strong></span> <span class='ocrx_word' id='word_1_762' title='bbox 2534 1681 2941 1754; x_wconf 77' lang='lat' dir='ltr'><strong>Prophetarum,</strong></span> <span class='ocrx_word' id='word_1_763' title='bbox 2975 1681 3059 1734; x_wconf 88' lang='lat' dir='ltr'><strong>vel</strong></span> <span class='ocrx_word' id='word_1_764' title='bbox 3081 1679 3152 1751; x_wconf 91' lang='lat' dir='ltr'><strong>(a)</strong></span> <span class='ocrx_word' id='word_1_765' title='bbox 3172 1681 3341 1754; x_wconf 85' lang='lat' dir='ltr'><strong>sancti</strong></span> <span class='ocrx_word' id='word_1_766' title='bbox 3363 1682 3574 1738; x_wconf 82' lang='lat' dir='ltr'><strong>Joannis</strong></span> <span class='ocrx_word' id='word_1_767' title='bbox 3594 1685 3792 1754; x_wconf 52' lang='lat' dir='ltr'><strong>praedicti</strong></span> 
     </span>
    </p>
   </div>
   <div class='ocr_carea' id='block_1_100' title="bbox 2270 1749 3802 1822">
    <p class='ocr_par' dir='ltr' id='par_1_100' title="bbox 2270 1749 3802 1822">
     <span class='ocr_line' id='line_1_103' title="bbox 2270 1749 3802 1822; baseline 0.004 -18"><span class='ocrx_word' id='word_1_768' title='bbox 2270 1750 2342 1804; x_wconf 91' lang='lat' dir='ltr'><strong>tio</strong></span> <span class='ocrx_word' id='word_1_769' title='bbox 2377 1767 2394 1822; x_wconf 14' lang='lat'><strong>:7</strong></span> <span class='ocrx_word' id='word_1_770' title='bbox 2420 1749 2504 1805; x_wconf 90' lang='lat' dir='ltr'><strong>hic</strong></span> <span class='ocrx_word' id='word_1_771' title='bbox 2534 1751 2834 1822; x_wconf 86' lang='lat' dir='ltr'><strong>indeﬁnitus</strong></span> <span class='ocrx_word' id='word_1_772' title='bbox 2858 1749 3112 1822; x_wconf 86' lang='lat' dir='ltr'><strong>numerus</strong></span> <span class='ocrx_word' id='word_1_773' title='bbox 3137 1749 3376 1822; x_wconf 90' lang='lat' dir='ltr'><strong>ponitur,</strong></span> <span class='ocrx_word' id='word_1_774' title='bbox 3406 1769 3521 1822; x_wconf 71' lang='lat' dir='ltr'><strong>qua:</strong></span> <span class='ocrx_word' id='word_1_775' title='bbox 3549 1749 3662 1810; x_wconf 81' lang='lat' dir='ltr'><strong>sunt</strong></span> <span class='ocrx_word' id='word_1_776' title='bbox 3685 1756 3802 1810; x_wconf 87' lang='lat' dir='ltr'><strong>dona</strong></span> 
     </span>
    </p>
   </div>
   <div class='ocr_carea' id='block_1_101' title="bbox 2266 1821 3806 1892">
    <p class='ocr_par' dir='ltr' id='par_1_101' title="bbox 2266 1821 3806 1892">
     <span class='ocr_line' id='line_1_104' title="bbox 2266 1821 3806 1892; baseline 0.005 -19"><span class='ocrx_word' id='word_1_777' title='bbox 2266 1821 2732 1890; x_wconf 89' lang='lat' dir='ltr'><strong>gratiarum,sicut</strong></span> <span class='ocrx_word' id='word_1_778' title='bbox 2761 1822 2835 1874; x_wconf 90' lang='lat' dir='ltr'><strong>ait</strong></span> <span class='ocrx_word' id='word_1_779' title='bbox 2850 1821 3159 1892; x_wconf 81' lang='lat' dir='ltr'><strong>Apostolus,</strong></span> <span class='ocrx_word' id='word_1_780' title='bbox 3177 1821 3282 1876; x_wconf 79' lang='lat' dir='ltr'><strong>Alii</strong></span> <span class='ocrx_word' id='word_1_781' title='bbox 3312 1840 3398 1891; x_wconf 87' lang='lat' dir='ltr'><strong>per</strong></span> <span class='ocrx_word' id='word_1_782' title='bbox 3423 1821 3659 1892; x_wconf 82' lang='lat' dir='ltr'><strong>Spiritum</strong></span> <span class='ocrx_word' id='word_1_783' title='bbox 3681 1828 3806 1880; x_wconf 85' lang='lat' dir='ltr'><strong>datur</strong></span> 
     </span>
    </p>
   </div>
   <div class='ocr_carea' id='block_1_102' title="bbox 2264 1891 3803 1966">
    <p class='ocr_par' dir='ltr' id='par_1_102' title="bbox 2264 1891 3803 1966">
     <span class='ocr_line' id='line_1_105' title="bbox 2264 1891 3803 1966; baseline 0.003 -22"><span class='ocrx_word' id='word_1_784' title='bbox 2264 1907 2427 1966; x_wconf 68' lang='lat' dir='ltr'><strong>seruio</strong></span> <span class='ocrx_word' id='word_1_785' title='bbox 2470 1893 2761 1966; x_wconf 73' lang='lat' dir='ltr'><strong>sapientiae,</strong></span> <span class='ocrx_word' id='word_1_786' title='bbox 2801 1891 2894 1946; x_wconf 82' lang='lat' dir='ltr'><strong>alii</strong></span> <span class='ocrx_word' id='word_1_787' title='bbox 2930 1909 3091 1966; x_wconf 74' lang='lat' dir='ltr'><strong>sermo</strong></span> <span class='ocrx_word' id='word_1_788' title='bbox 3131 1893 3388 1966; x_wconf 64' lang='lat' dir='ltr'><strong>scientia,</strong></span> <span class='ocrx_word' id='word_1_789' title='bbox 3425 1894 3513 1948; x_wconf 86' lang='lat' dir='ltr'><strong>alii</strong></span> <span class='ocrx_word' id='word_1_790' title='bbox 3541 1896 3803 1966; x_wconf 80' lang='lat' dir='ltr'><strong>praphetia,</strong></span> 
     </span>
    </p>
   </div>
   <div class='ocr_carea' id='block_1_103' title="bbox 2265 1961 3807 2044">
    <p class='ocr_par' dir='ltr' id='par_1_103' title="bbox 2265 1961 3807 2044">
     <span class='ocr_line' id='line_1_106' title="bbox 2265 1961 3807 2044; baseline 0.004 -30"><span class='ocrx_word' id='word_1_791' title='bbox 2265 1961 2356 2015; x_wconf 86' lang='lat' dir='ltr'><strong>alii</strong></span> <span class='ocrx_word' id='word_1_792' title='bbox 2392 1961 2579 2044; x_wconf 74' lang='lat' dir='ltr'><strong>genere</strong></span> <span class='ocrx_word' id='word_1_793' title='bbox 2626 1963 2912 2044; x_wconf 78' lang='lat' dir='ltr'><strong>linguarum</strong></span> <span class='ocrx_word' id='word_1_794' title='bbox 2933 2003 2966 2044; x_wconf 16' lang='grc' dir='ltr'><strong>,Α</strong></span> <span class='ocrx_word' id='word_1_795' title='bbox 2995 1963 3085 2017; x_wconf 87' lang='lat' dir='ltr'><strong>alii</strong></span> <span class='ocrx_word' id='word_1_796' title='bbox 3126 1965 3469 2044; x_wconf 87' lang='lat' dir='ltr'><strong>interpretatio</strong></span> <span class='ocrx_word' id='word_1_797' title='bbox 3488 1961 3762 2044; x_wconf 61' lang='lat' dir='ltr'><strong>scriptorium</strong></span> <span class='ocrx_word' id='word_1_798' title='bbox 3790 1961 3807 2020; x_wconf 69' lang='grc' dir='ltr'><strong><em>ὲ</em></strong></span> 
     </span>
    </p>
   </div>
   <div class='ocr_carea' id='block_1_104' title="bbox 2265 2035 3807 2105">
    <p class='ocr_par' dir='ltr' id='par_1_104' title="bbox 2265 2035 3807 2105">
     <span class='ocr_line' id='line_1_107' title="bbox 2265 2035 3807 2105; baseline 0.005 -20"><span class='ocrx_word' id='word_1_799' title='bbox 2265 2035 2437 2105; x_wconf 68' lang='lat' dir='ltr'><strong>omnia</strong></span> <span class='ocrx_word' id='word_1_800' title='bbox 2479 2049 2594 2088; x_wconf 79' lang='lat' dir='ltr'><strong>vero</strong></span> <span class='ocrx_word' id='word_1_801' title='bbox 2627 2035 2761 2105; x_wconf 60' lang='lat' dir='ltr'><strong>lateo</strong></span> <span class='ocrx_word' id='word_1_802' title='bbox 2793 2042 3032 2105; x_wconf 85' lang='lat' dir='ltr'><strong>aperatur</strong></span> <span class='ocrx_word' id='word_1_803' title='bbox 3082 2050 3214 2105; x_wconf 89' lang='lat' dir='ltr'><strong>unus</strong></span> <span class='ocrx_word' id='word_1_804' title='bbox 3265 2044 3412 2105; x_wconf 86' lang='lat' dir='ltr'><strong>atque</strong></span> <span class='ocrx_word' id='word_1_805' title='bbox 3445 2036 3572 2088; x_wconf 88' lang='lat' dir='ltr'><strong>idem</strong></span> <span class='ocrx_word' id='word_1_806' title='bbox 3613 2036 3807 2105; x_wconf 81' lang='lat' dir='ltr'><strong>Spiritus</strong></span> 
     </span>
    </p>
   </div>
   <div class='ocr_carea' id='block_1_105' title="bbox 2270 2052 3808 2175">
    <p class='ocr_par' dir='ltr' id='par_1_105' title="bbox 2270 2052 3808 2175">
     <span class='ocr_line' id='line_1_108' title="bbox 2270 2052 3807 2105; baseline 0.005 -20"><span class='ocrx_word' id='word_1_807' title='bbox 2270 2052 2437 2086; x_wconf 74' lang='lat' dir='ltr'><strong>omnia</strong></span> <span class='ocrx_word' id='word_1_808' title='bbox 2479 2052 2594 2088; x_wconf 80' lang='lat' dir='ltr'><strong>vero</strong></span> <span class='ocrx_word' id='word_1_809' title='bbox 2639 2052 2747 2087; x_wconf 78' lang='lat' dir='ltr'><strong>uwc</strong></span> <span class='ocrx_word' id='word_1_810' title='bbox 2793 2052 2822 2086; x_wconf 89' lang='grc' dir='ltr'><em>ο</em></span> <span class='ocrx_word' id='word_1_811' title='bbox 2859 2052 3032 2087; x_wconf 77' lang='lat' dir='ltr'><strong>eretur</strong></span> <span class='ocrx_word' id='word_1_812' title='bbox 3082 2052 3214 2088; x_wconf 87' lang='lat' dir='ltr'><strong>unus</strong></span> <span class='ocrx_word' id='word_1_813' title='bbox 3265 2052 3412 2105; x_wconf 80' lang='lat' dir='ltr'><strong>atque</strong></span> <span class='ocrx_word' id='word_1_814' title='bbox 3445 2052 3572 2088; x_wconf 80' lang='lat' dir='ltr'><strong>iaem</strong></span> <span class='ocrx_word' id='word_1_815' title='bbox 3613 2052 3807 2105; x_wconf 72' lang='lat' dir='ltr'><strong>opimus</strong></span> 
     </span>
     <span class='ocr_line' id='line_1_109' title="bbox 2270 2052 3808 2175; baseline 0.003 -18"><span class='ocrx_word' id='word_1_816' title='bbox 2270 2101 2312 2175; x_wconf 86' lang='grc' dir='ltr'><strong>(Ι</strong></span> <span class='ocrx_word' id='word_1_817' title='bbox 2339 2102 2454 2159; x_wconf 86' lang='lat' dir='ltr'><strong>Cor.</strong></span> <span class='ocrx_word' id='word_1_818' title='bbox 2484 2120 2587 2170; x_wconf 75' lang='grc' dir='ltr'>χιι,</span> <span class='ocrx_word' id='word_1_819' title='bbox 2616 2103 2794 2175; x_wconf 68' lang='grc' dir='ltr'><strong>8ου).</strong></span> <span class='ocrx_word' id='word_1_820' title='bbox 2827 2052 3080 2175; x_wconf 64' lang='lat' dir='ltr'><strong>rbisuper</strong></span> <span class='ocrx_word' id='word_1_821' title='bbox 3102 2104 3283 2160; x_wconf 80' lang='lat' dir='ltr'><strong>fenum</strong></span> <span class='ocrx_word' id='word_1_822' title='bbox 3310 2107 3646 2172; x_wconf 84' lang='lat' dir='ltr'><strong>recumbunt;</strong></span> <span class='ocrx_word' id='word_1_823' title='bbox 3670 2115 3718 2161; x_wconf 90' lang='lat' dir='ltr'><strong>et</strong></span> <span class='ocrx_word' id='word_1_824' title='bbox 3739 2106 3808 2162; x_wconf 86' lang='lat' dir='ltr'><strong>hic</strong></span> 
     </span>
    </p>
   </div>
   <div class='ocr_carea' id='block_1_106' title="bbox 2264 2173 3803 2247">
    <p class='ocr_par' dir='ltr' id='par_1_106' title="bbox 2264 2173 3803 2247">
     <span class='ocr_line' id='line_1_110' title="bbox 2264 2173 3803 2247; baseline 0.002 -19"><span class='ocrx_word' id='word_1_825' title='bbox 2264 2173 2438 2247; x_wconf 78' lang='lat' dir='ltr'><strong>super</strong></span> <span class='ocrx_word' id='word_1_826' title='bbox 2452 2185 2665 2229; x_wconf 87' lang='lat' dir='ltr'><strong>terram.</strong></span> <span class='ocrx_word' id='word_1_827' title='bbox 2697 2173 3093 2247; x_wconf 76' lang='lat' dir='ltr'><strong>Utrimqueuna</strong></span> <span class='ocrx_word' id='word_1_828' title='bbox 3118 2177 3454 2247; x_wconf 84' lang='lat' dir='ltr'><strong>conversatio</strong></span> <span class='ocrx_word' id='word_1_829' title='bbox 3471 2218 3487 2243; x_wconf 88' lang='lat'><strong>,</strong></span> <span class='ocrx_word' id='word_1_830' title='bbox 3514 2192 3608 2231; x_wconf 90' lang='lat' dir='ltr'><strong>una</strong></span> <span class='ocrx_word' id='word_1_831' title='bbox 3629 2177 3773 2247; x_wconf 84' lang='lat' dir='ltr'><strong>gratia</strong></span> <span class='ocrx_word' id='word_1_832' title='bbox 3789 2218 3803 2243; x_wconf 86' lang='lat'><strong>,</strong></span> 
     </span>
    </p>
   </div>
   <div class='ocr_carea' id='block_1_107' title="bbox 2265 2244 3802 2315">
    <p class='ocr_par' dir='ltr' id='par_1_107' title="bbox 2265 2244 3802 2315">
     <span class='ocr_line' id='line_1_111' title="bbox 2265 2244 3802 2315; baseline 0.001 -17"><span class='ocrx_word' id='word_1_833' title='bbox 2265 2260 2367 2315; x_wconf 89' lang='lat' dir='ltr'><strong>una</strong></span> <span class='ocrx_word' id='word_1_834' title='bbox 2393 2245 2558 2300; x_wconf 88' lang='lat' dir='ltr'><strong>virtus</strong></span> <span class='ocrx_word' id='word_1_835' title='bbox 2577 2286 2592 2310; x_wconf 93' lang='lat'><strong>,</strong></span> <span class='ocrx_word' id='word_1_836' title='bbox 2625 2260 2725 2299; x_wconf 87' lang='lat' dir='ltr'><strong>una</strong></span> <span class='ocrx_word' id='word_1_837' title='bbox 2755 2244 2944 2300; x_wconf 84' lang='lat' dir='ltr'><strong>deitas.</strong></span> <span class='ocrx_word' id='word_1_838' title='bbox 2979 2245 3053 2300; x_wconf 92' lang='lat' dir='ltr'><strong>lbi</strong></span> <span class='ocrx_word' id='word_1_839' title='bbox 3080 2261 3240 2315; x_wconf 88' lang='lat' dir='ltr'><strong>super</strong></span> <span class='ocrx_word' id='word_1_840' title='bbox 3272 2245 3451 2302; x_wconf 84' lang='lat' dir='ltr'><strong>fenum</strong></span> <span class='ocrx_word' id='word_1_841' title='bbox 3472 2244 3802 2313; x_wconf 83' lang='lat' dir='ltr'><strong>discumbunt,</strong></span> 
     </span>
    </p>
   </div>
   <div class='ocr_carea' id='block_1_108' title="bbox 2264 2314 3808 2384">
    <p class='ocr_par' dir='ltr' id='par_1_108' title="bbox 2264 2314 3808 2384">
     <span class='ocr_line' id='line_1_112' title="bbox 2264 2314 3808 2384; baseline 0.002 -15"><span class='ocrx_word' id='word_1_842' title='bbox 2264 2314 2368 2370; x_wconf 92' lang='lat' dir='ltr'><strong>hoc</strong></span> <span class='ocrx_word' id='word_1_843' title='bbox 2402 2324 2518 2383; x_wconf 89' lang='lat' dir='ltr'><strong>est,</strong></span> <span class='ocrx_word' id='word_1_844' title='bbox 2557 2316 2872 2371; x_wconf 89' lang='lat' dir='ltr'><strong>mortiﬁcata</strong></span> <span class='ocrx_word' id='word_1_845' title='bbox 2897 2331 3059 2384; x_wconf 87' lang='lat' dir='ltr'><strong>opera</strong></span> <span class='ocrx_word' id='word_1_846' title='bbox 3087 2314 3262 2372; x_wconf 81' lang='lat' dir='ltr'><strong>carnis</strong></span> <span class='ocrx_word' id='word_1_847' title='bbox 3287 2333 3302 2383; x_wconf 92' lang='lat'><strong>;</strong></span> <span class='ocrx_word' id='word_1_848' title='bbox 3334 2318 3453 2384; x_wconf 86' lang='lat' dir='ltr'><strong>quia</strong></span> <span class='ocrx_word' id='word_1_849' title='bbox 3475 2359 3489 2383; x_wconf 92' lang='lat'><strong>,</strong></span> <span class='ocrx_word' id='word_1_850' title='bbox 3523 2317 3686 2372; x_wconf 84' lang='lat' dir='ltr'><strong>Omnis</strong></span> <span class='ocrx_word' id='word_1_851' title='bbox 3707 2334 3808 2372; x_wconf 84' lang='lat' dir='ltr'><strong>caro</strong></span> 
     </span>
    </p>
   </div>
   <div class='ocr_carea' id='block_1_109' title="bbox 2264 2385 3806 2459">
    <p class='ocr_par' dir='ltr' id='par_1_109' title="bbox 2264 2385 3806 2459">
     <span class='ocr_line' id='line_1_113' title="bbox 2264 2385 3806 2459; baseline 0.001 -19"><span class='ocrx_word' id='word_1_852' title='bbox 2264 2386 2462 2459; x_wconf 58' lang='lat' dir='ltr'><strong>(eitum,</strong></span> <span class='ocrx_word' id='word_1_853' title='bbox 2507 2387 2581 2440; x_wconf 90' lang='lat' dir='ltr'><strong>ait</strong></span> <span class='ocrx_word' id='word_1_854' title='bbox 2622 2387 2877 2459; x_wconf 82' lang='lat' dir='ltr'><strong>propheta</strong></span> <span class='ocrx_word' id='word_1_855' title='bbox 2904 2385 3056 2459; x_wconf 87' lang='lat' dir='ltr'><strong>(Isai.</strong></span> <span class='ocrx_word' id='word_1_856' title='bbox 3085 2404 3153 2442; x_wconf 72' lang='grc' dir='ltr'><strong>χι.</strong></span> <span class='ocrx_word' id='word_1_857' title='bbox 3173 2427 3188 2452; x_wconf 88' lang='grc'><em>,</em></span> <span class='ocrx_word' id='word_1_858' title='bbox 3216 2387 3272 2458; x_wconf 87' lang='grc'><strong>6)</strong></span> <span class='ocrx_word' id='word_1_859' title='bbox 3306 2407 3320 2443; x_wconf 90' lang='lat'><strong>:</strong></span> <span class='ocrx_word' id='word_1_860' title='bbox 3352 2385 3440 2443; x_wconf 86' lang='lat' dir='ltr'><strong>hic</strong></span> <span class='ocrx_word' id='word_1_861' title='bbox 3466 2403 3617 2458; x_wconf 88' lang='lat' dir='ltr'><strong>super</strong></span> <span class='ocrx_word' id='word_1_862' title='bbox 3640 2399 3806 2459; x_wconf 76' lang='lat' dir='ltr'><strong>terrain</strong></span> 
     </span>
    </p>
   </div>
   <div class='ocr_carea' id='block_1_110' title="bbox 2264 2456 3809 2527">
    <p class='ocr_par' dir='ltr' id='par_1_110' title="bbox 2264 2456 3809 2527">
     <span class='ocr_line' id='line_1_114' title="bbox 2264 2456 3809 2527; baseline 0.001 -16"><span class='ocrx_word' id='word_1_863' title='bbox 2264 2456 2643 2522; x_wconf 90' lang='lat' dir='ltr'><strong>discumbunt,</strong></span> <span class='ocrx_word' id='word_1_864' title='bbox 2696 2457 2749 2511; x_wconf 90' lang='lat' dir='ltr'><strong>id</strong></span> <span class='ocrx_word' id='word_1_865' title='bbox 2795 2467 2878 2512; x_wconf 83' lang='lat' dir='ltr'><strong>est</strong></span> <span class='ocrx_word' id='word_1_866' title='bbox 2900 2456 2924 2522; x_wconf 70' lang='grc'><strong>,⁷</strong></span> <span class='ocrx_word' id='word_1_867' title='bbox 2965 2473 3125 2527; x_wconf 86' lang='lat' dir='ltr'><strong>opera</strong></span> <span class='ocrx_word' id='word_1_868' title='bbox 3175 2456 3387 2514; x_wconf 83' lang='lat' dir='ltr'><strong>terrena</strong></span> <span class='ocrx_word' id='word_1_869' title='bbox 3410 2456 3809 2514; x_wconf 63' lang='lat' dir='ltr'><strong>conculcantlbi</strong></span> 
     </span>
    </p>
   </div>
   <div class='ocr_carea' id='block_1_111' title="bbox 2303 2527 3807 2599">
    <p class='ocr_par' dir='ltr' id='par_1_111' title="bbox 2303 2527 3807 2599">
     <span class='ocr_line' id='line_1_115' title="bbox 2303 2527 3807 2599; baseline 0.001 -17"><span class='ocrx_word' id='word_1_870' title='bbox 2303 2529 2494 2598; x_wconf 89' lang='lat' dir='ltr'><strong>uinque</strong></span> <span class='ocrx_word' id='word_1_871' title='bbox 2539 2528 2703 2582; x_wconf 90' lang='lat' dir='ltr'><strong>millia</strong></span> <span class='ocrx_word' id='word_1_872' title='bbox 2740 2527 2954 2594; x_wconf 81' lang='lat' dir='ltr'><strong>refecti,</strong></span> <span class='ocrx_word' id='word_1_873' title='bbox 2993 2529 3082 2597; x_wconf 91' lang='lat' dir='ltr'><strong>qui</strong></span> <span class='ocrx_word' id='word_1_874' title='bbox 3121 2545 3378 2584; x_wconf 89' lang='lat' dir='ltr'><strong>numerus</strong></span> <span class='ocrx_word' id='word_1_875' title='bbox 3406 2529 3628 2599; x_wconf 89' lang='lat' dir='ltr'><strong>pertinet</strong></span> <span class='ocrx_word' id='word_1_876' title='bbox 3647 2529 3708 2584; x_wconf 89' lang='lat' dir='ltr'><strong>ad</strong></span> <span class='ocrx_word' id='word_1_877' title='bbox 3729 2528 3807 2584; x_wconf 86' lang='lat' dir='ltr'><strong>Ju-</strong></span> 
     </span>
    </p>
   </div>
   <div class='ocr_carea' id='block_1_112' title="bbox 2301 2599 3808 2670">
    <p class='ocr_par' dir='ltr' id='par_1_112' title="bbox 2301 2599 3808 2670">
     <span class='ocr_line' id='line_1_116' title="bbox 2301 2599 3808 2670; baseline 0 -18"><span class='ocrx_word' id='word_1_878' title='bbox 2301 2614 2408 2653; x_wconf 60' lang='lat' dir='ltr'><strong>ieos</strong></span> <span class='ocrx_word' id='word_1_879' title='bbox 2435 2617 2448 2664; x_wconf 89' lang='lat'><strong>;</strong></span> <span class='ocrx_word' id='word_1_880' title='bbox 2482 2615 2604 2653; x_wconf 90' lang='lat' dir='ltr'><strong>nam</strong></span> <span class='ocrx_word' id='word_1_881' title='bbox 2634 2610 2751 2667; x_wconf 89' lang='lat' dir='ltr'><strong>post</strong></span> <span class='ocrx_word' id='word_1_882' title='bbox 2774 2599 3140 2653; x_wconf 88' lang='lat' dir='ltr'><strong>ascensionem</strong></span> <span class='ocrx_word' id='word_1_883' title='bbox 3170 2599 3421 2667; x_wconf 90' lang='lat' dir='ltr'><strong>Domini,</strong></span> <span class='ocrx_word' id='word_1_884' title='bbox 3453 2600 3685 2670; x_wconf 90' lang='lat' dir='ltr'><strong>loquente</strong></span> <span class='ocrx_word' id='word_1_885' title='bbox 3702 2613 3808 2654; x_wconf 88' lang='lat' dir='ltr'><strong>san-</strong></span> 
     </span>
    </p>
   </div>
   <div class='ocr_carea' id='block_1_113' title="bbox 2263 2670 3806 2742">
    <p class='ocr_par' dir='ltr' id='par_1_113' title="bbox 2263 2670 3806 2742">
     <span class='ocr_line' id='line_1_117' title="bbox 2263 2670 3806 2742; baseline 0.001 -20"><span class='ocrx_word' id='word_1_886' title='bbox 2263 2679 2350 2742; x_wconf 80' lang='lat' dir='ltr'><strong>eto</strong></span> <span class='ocrx_word' id='word_1_887' title='bbox 2380 2670 2539 2724; x_wconf 85' lang='lat' dir='ltr'><strong>Petro</strong></span> <span class='ocrx_word' id='word_1_888' title='bbox 2558 2710 2573 2736; x_wconf 91' lang='lat'><strong>,</strong></span> <span class='ocrx_word' id='word_1_889' title='bbox 2605 2670 2838 2738; x_wconf 89' lang='lat' dir='ltr'><strong>quinque</strong></span> <span class='ocrx_word' id='word_1_890' title='bbox 2865 2670 3026 2742; x_wconf 86' lang='lat' dir='ltr'><strong>millia</strong></span> <span class='ocrx_word' id='word_1_891' title='bbox 3047 2679 3170 2742; x_wconf 84' lang='lat' dir='ltr'><strong>sunt</strong></span> <span class='ocrx_word' id='word_1_892' title='bbox 3191 2670 3439 2742; x_wconf 87' lang='lat' dir='ltr'><strong>baptizati</strong></span> <span class='ocrx_word' id='word_1_893' title='bbox 3465 2670 3593 2742; x_wconf 80' lang='lat' dir='ltr'><strong>(Act.</strong></span> <span class='ocrx_word' id='word_1_894' title='bbox 3621 2685 3671 2724; x_wconf 82' lang='lat' dir='ltr'><strong>Iv</strong></span> <span class='ocrx_word' id='word_1_895' title='bbox 3692 2711 3705 2727; x_wconf 92' lang='lat'><strong>.</strong></span> <span class='ocrx_word' id='word_1_896' title='bbox 3725 2670 3772 2736; x_wconf 73' lang='lat'><strong>4)</strong></span> <span class='ocrx_word' id='word_1_897' title='bbox 3793 2685 3806 2724; x_wconf 89' lang='lat'><strong>:</strong></span> 
     </span>
    </p>
   </div>
   <div class='ocr_carea' id='block_1_114' title="bbox 2264 2739 3809 2810">
    <p class='ocr_par' dir='ltr' id='par_1_114' title="bbox 2264 2739 3809 2810">
     <span class='ocr_line' id='line_1_118' title="bbox 2264 2739 3809 2810; baseline 0.001 -17"><span class='ocrx_word' id='word_1_898' title='bbox 2264 2739 2350 2810; x_wconf 88' lang='lat' dir='ltr'><strong>hic</strong></span> <span class='ocrx_word' id='word_1_899' title='bbox 2376 2751 2554 2796; x_wconf 89' lang='lat' dir='ltr'><strong>autem</strong></span> <span class='ocrx_word' id='word_1_900' title='bbox 2587 2750 2811 2810; x_wconf 89' lang='lat' dir='ltr'><strong>quatuor</strong></span> <span class='ocrx_word' id='word_1_901' title='bbox 2833 2741 2994 2794; x_wconf 90' lang='lat' dir='ltr'><strong>millia</strong></span> <span class='ocrx_word' id='word_1_902' title='bbox 3015 2783 3030 2808; x_wconf 92' lang='lat'><strong>,</strong></span> <span class='ocrx_word' id='word_1_903' title='bbox 3057 2740 3156 2794; x_wconf 91' lang='lat' dir='ltr'><strong>hoc</strong></span> <span class='ocrx_word' id='word_1_904' title='bbox 3176 2739 3350 2796; x_wconf 71' lang='lat' dir='ltr'><strong>estde</strong></span> <span class='ocrx_word' id='word_1_905' title='bbox 3371 2739 3482 2796; x_wconf 81' lang='lat' dir='ltr'><strong>tota</strong></span> <span class='ocrx_word' id='word_1_906' title='bbox 3499 2751 3628 2795; x_wconf 89' lang='lat' dir='ltr'><strong>terra</strong></span> <span class='ocrx_word' id='word_1_907' title='bbox 3648 2755 3809 2794; x_wconf 88' lang='lat' dir='ltr'><strong>omnes</strong></span> 
     </span>
    </p>
   </div>
   <div class='ocr_carea' id='block_1_115' title="bbox 2262 2809 3808 2882">
    <p class='ocr_par' dir='ltr' id='par_1_115' title="bbox 2262 2809 3808 2882">
     <span class='ocr_line' id='line_1_119' title="bbox 2262 2809 3808 2882; baseline -0.001 -16"><span class='ocrx_word' id='word_1_908' title='bbox 2262 2809 2461 2882; x_wconf 78' lang='lat' dir='ltr'><strong>Gentes</strong></span> <span class='ocrx_word' id='word_1_909' title='bbox 2487 2827 2516 2864; x_wconf 89' lang='lat' dir='ltr'><strong>a</strong></span> <span class='ocrx_word' id='word_1_910' title='bbox 2540 2809 2769 2882; x_wconf 85' lang='lat' dir='ltr'><strong>quatuor</strong></span> <span class='ocrx_word' id='word_1_911' title='bbox 2793 2811 3097 2866; x_wconf 87' lang='lat' dir='ltr'><strong>cardinibus</strong></span> <span class='ocrx_word' id='word_1_912' title='bbox 3117 2811 3239 2866; x_wconf 88' lang='lat' dir='ltr'><strong>coeli</strong></span> <span class='ocrx_word' id='word_1_913' title='bbox 3259 2852 3275 2876; x_wconf 86' lang='lat'><strong>,</strong></span> <span class='ocrx_word' id='word_1_914' title='bbox 3303 2812 3370 2867; x_wconf 91' lang='lat' dir='ltr'><strong>de</strong></span> <span class='ocrx_word' id='word_1_915' title='bbox 3395 2810 3676 2880; x_wconf 83' lang='lat' dir='ltr'><strong>septiformi</strong></span> <span class='ocrx_word' id='word_1_916' title='bbox 3702 2824 3808 2864; x_wconf 87' lang='lat' dir='ltr'><strong>san-</strong></span> 
     </span>
    </p>
   </div>
   <div class='ocr_carea' id='block_1_116' title="bbox 2262 2881 3742 2954">
    <p class='ocr_par' dir='ltr' id='par_1_116' title="bbox 2262 2881 3742 2954">
     <span class='ocr_line' id='line_1_120' title="bbox 2262 2881 3742 2954; baseline -0.003 -18"><span class='ocrx_word' id='word_1_917' title='bbox 2262 2881 2349 2954; x_wconf 83' lang='lat' dir='ltr'><strong>cti_</strong></span> <span class='ocrx_word' id='word_1_918' title='bbox 2356 2881 2587 2954; x_wconf 83' lang='lat' dir='ltr'><strong>Spiritus</strong></span> <span class='ocrx_word' id='word_1_919' title='bbox 2614 2883 2780 2952; x_wconf 87' lang='lat' dir='ltr'><strong>gratia</strong></span> <span class='ocrx_word' id='word_1_920' title='bbox 2790 2896 2931 2954; x_wconf 88' lang='lat' dir='ltr'><strong>_esse</strong></span> <span class='ocrx_word' id='word_1_921' title='bbox 2963 2883 3190 2954; x_wconf 66' lang='lat' dir='ltr'><strong>replotas</strong></span> <span class='ocrx_word' id='word_1_922' title='bbox 3219 2882 3275 2954; x_wconf 83' lang='lat' dir='ltr'><strong>in</strong></span> <span class='ocrx_word' id='word_1_923' title='bbox 3306 2883 3466 2954; x_wconf 84' lang='lat' dir='ltr'><strong>vitam</strong></span> <span class='ocrx_word' id='word_1_924' title='bbox 3490 2890 3742 2954; x_wconf 75' lang='lat' dir='ltr'><strong>aeternam.</strong></span> 
     </span>
    </p>
   </div>
   <div class='ocr_carea' id='block_1_117' title="bbox 2332 2951 3809 3018">
    <p class='ocr_par' dir='ltr' id='par_1_117' title="bbox 2332 2951 3809 3018">
     <span class='ocr_line' id='line_1_121' title="bbox 2332 2951 3809 3018; baseline -0.003 -10"><span class='ocrx_word' id='word_1_925' title='bbox 2332 2951 2752 3008; x_wconf 41' lang='lat' dir='ltr'><strong>5.’Adhortatio.</strong></span> <span class='ocrx_word' id='word_1_926' title='bbox 2789 2951 2859 3006; x_wconf 86' lang='lat' dir='ltr'><strong>Et</strong></span> <span class='ocrx_word' id='word_1_927' title='bbox 2883 2953 3033 3017; x_wconf 88' lang='lat' dir='ltr'><strong>ideo,</strong></span> <span class='ocrx_word' id='word_1_928' title='bbox 3061 2952 3433 3018; x_wconf 90' lang='lat' dir='ltr'><strong>dilectissimi,</strong></span> <span class='ocrx_word' id='word_1_929' title='bbox 3463 2966 3558 3007; x_wconf 93' lang='lat' dir='ltr'><strong>nos</strong></span> <span class='ocrx_word' id='word_1_930' title='bbox 3601 2951 3809 3018; x_wconf 54' lang='lat' dir='ltr'><strong>quianon</strong></span> 
     </span>
    </p>
   </div>
   <div class='ocr_carea' id='block_1_118' title="bbox 2262 3020 3813 3149">
    <p class='ocr_par' dir='ltr' id='par_1_118' title="bbox 2262 3020 3813 3149">
     <span class='ocr_line' id='line_1_122' title="bbox 2262 3020 3813 3092; baseline -0.002 -16"><span class='ocrx_word' id='word_1_931' title='bbox 2262 3037 2357 3092; x_wconf 89' lang='lat' dir='ltr'><strong>per</strong></span> <span class='ocrx_word' id='word_1_932' title='bbox 2404 3021 2446 3077; x_wconf 91' lang='lat' dir='ltr'><strong>L</strong></span> <span class='ocrx_word' id='word_1_933' title='bbox 2515 3039 2600 3078; x_wconf 91' lang='lat' dir='ltr'><strong>em</strong></span> <span class='ocrx_word' id='word_1_934' title='bbox 2625 3063 2640 3088; x_wconf 93' lang='lat'><strong>,</strong></span> <span class='ocrx_word' id='word_1_935' title='bbox 2694 3022 2786 3078; x_wconf 91' lang='lat' dir='ltr'><strong>sed</strong></span> <span class='ocrx_word' id='word_1_936' title='bbox 2841 3037 2934 3091; x_wconf 87' lang='lat' dir='ltr'><strong>per</strong></span> <span class='ocrx_word' id='word_1_937' title='bbox 2984 3023 3140 3078; x_wconf 89' lang='lat' dir='ltr'><strong>ﬁdem</strong></span> <span class='ocrx_word' id='word_1_938' title='bbox 3189 3023 3460 3079; x_wconf 89' lang='lat' dir='ltr'><strong>credimus</strong></span> <span class='ocrx_word' id='word_1_939' title='bbox 3512 3023 3561 3077; x_wconf 92' lang='lat' dir='ltr'><strong>in</strong></span> <span class='ocrx_word' id='word_1_940' title='bbox 3617 3020 3813 3076; x_wconf 89' lang='lat' dir='ltr'><strong>Domino</strong></span> 
     </span>
     <span class='ocr_line' id='line_1_123' title="bbox 2262 3039 3813 3149; baseline -0.003 -2"><span class='ocrx_word' id='word_1_941' title='bbox 2262 3039 2612 3149; x_wconf 42' lang='lat' dir='ltr'><strong>nostroeglesu</strong></span> <span class='ocrx_word' id='word_1_942' title='bbox 2659 3093 2910 3149; x_wconf 88' lang='lat' dir='ltr'><strong>Christo:</strong></span> <span class='ocrx_word' id='word_1_943' title='bbox 2960 3094 3048 3149; x_wconf 85' lang='lat' dir='ltr'><strong>aui</strong></span> <span class='ocrx_word' id='word_1_944' title='bbox 3113 3108 3218 3148; x_wconf 91' lang='lat' dir='ltr'><strong>non</strong></span> <span class='ocrx_word' id='word_1_945' title='bbox 3281 3109 3350 3148; x_wconf 82' lang='lat' dir='ltr'><strong>ex</strong></span> <span class='ocrx_word' id='word_1_946' title='bbox 3423 3093 3689 3149; x_wconf 85' lang='lat' dir='ltr'><strong>oneribus.</strong></span> <span class='ocrx_word' id='word_1_947' title='bbox 3733 3090 3813 3144; x_wconf 90' lang='lat' dir='ltr'><strong>sed</strong></span> 
     </span>
    </p>
   </div>
   <div class='ocr_carea' id='block_1_119' title="bbox 2262 3090 3815 3170">
    <p class='ocr_par' dir='ltr' id='par_1_119' title="bbox 2262 3090 3815 3170">
     <span class='ocr_line' id='line_1_124' title="bbox 2262 3090 3815 3170; baseline -0.003 -21"><span class='ocrx_word' id='word_1_948' title='bbox 2262 3090 2446 3170; x_wconf 66' lang='lat' dir='ltr'><strong>nostro</strong></span> <span class='ocrx_word' id='word_1_949' title='bbox 2485 3090 2612 3170; x_wconf 78' lang='lat' dir='ltr'><strong>Jesu</strong></span> <span class='ocrx_word' id='word_1_950' title='bbox 2659 3090 2910 3170; x_wconf 75' lang='lat' dir='ltr'><strong>Christo;</strong></span> <span class='ocrx_word' id='word_1_951' title='bbox 2960 3094 3048 3170; x_wconf 83' lang='lat' dir='ltr'><strong>qui</strong></span> <span class='ocrx_word' id='word_1_952' title='bbox 3113 3108 3218 3170; x_wconf 83' lang='lat' dir='ltr'><strong>non</strong></span> <span class='ocrx_word' id='word_1_953' title='bbox 3281 3109 3350 3148; x_wconf 82' lang='lat' dir='ltr'><strong>ex</strong></span> <span class='ocrx_word' id='word_1_954' title='bbox 3423 3093 3689 3170; x_wconf 77' lang='lat' dir='ltr'><strong>operibus,</strong></span> <span class='ocrx_word' id='word_1_955' title='bbox 3733 3090 3815 3170; x_wconf 79' lang='lat' dir='ltr'><strong>sed</strong></span> 
     </span>
    </p>
   </div>
   <div class='ocr_carea' id='block_1_120' title="bbox 2262 3163 3816 3235">
    <p class='ocr_par' dir='ltr' id='par_1_120' title="bbox 2262 3163 3816 3235">
     <span class='ocr_line' id='line_1_125' title="bbox 2262 3163 3816 3235; baseline -0.003 -17"><span class='ocrx_word' id='word_1_956' title='bbox 2262 3163 2374 3234; x_wconf 91' lang='lat' dir='ltr'><strong>ipsa</strong></span> <span class='ocrx_word' id='word_1_957' title='bbox 2395 3165 2565 3235; x_wconf 90' lang='lat' dir='ltr'><strong>gratia</strong></span> <span class='ocrx_word' id='word_1_958' title='bbox 2586 3179 2770 3219; x_wconf 90' lang='lat' dir='ltr'><strong>sumus</strong></span> <span class='ocrx_word' id='word_1_959' title='bbox 2792 3163 3048 3232; x_wconf 89' lang='lat' dir='ltr'><strong>redempti</strong></span> <span class='ocrx_word' id='word_1_960' title='bbox 3073 3180 3088 3228; x_wconf 90' lang='lat'><strong>;</strong></span> <span class='ocrx_word' id='word_1_961' title='bbox 3111 3165 3197 3234; x_wconf 91' lang='lat' dir='ltr'><strong>qui</strong></span> <span class='ocrx_word' id='word_1_962' title='bbox 3223 3178 3336 3235; x_wconf 89' lang='lat' dir='ltr'><strong>non</strong></span> <span class='ocrx_word' id='word_1_963' title='bbox 3364 3179 3433 3235; x_wconf 76' lang='lat' dir='ltr'><strong>ex</strong></span> <span class='ocrx_word' id='word_1_964' title='bbox 3451 3163 3673 3235; x_wconf 83' lang='lat' dir='ltr'><strong>quinque</strong></span> <span class='ocrx_word' id='word_1_965' title='bbox 3690 3163 3816 3235; x_wconf 82' lang='lat' dir='ltr'><strong>pani-</strong></span> 
     </span>
    </p>
   </div>
   <div class='ocr_carea' id='block_1_121' title="bbox 2261 3231 3821 3306">
    <p class='ocr_par' dir='ltr' id='par_1_121' title="bbox 2261 3231 3821 3306">
     <span class='ocr_line' id='line_1_126' title="bbox 2261 3231 3821 3306; baseline -0.003 -17"><span class='ocrx_word' id='word_1_966' title='bbox 2261 3231 2359 3290; x_wconf 78' lang='lat' dir='ltr'><strong>bus</strong></span> <span class='ocrx_word' id='word_1_967' title='bbox 2384 3231 2421 3301; x_wconf 64' lang='grc'><strong>,⁷</strong></span> <span class='ocrx_word' id='word_1_968' title='bbox 2442 3235 2492 3290; x_wconf 91' lang='lat' dir='ltr'><strong>id</strong></span> <span class='ocrx_word' id='word_1_969' title='bbox 2534 3244 2652 3300; x_wconf 88' lang='lat' dir='ltr'><strong>est,</strong></span> <span class='ocrx_word' id='word_1_970' title='bbox 2697 3250 2769 3306; x_wconf 7' lang='lat' dir='ltr'><strong>ex,</strong></span> <span class='ocrx_word' id='word_1_971' title='bbox 2791 3231 3024 3305; x_wconf 81' lang='lat' dir='ltr'><strong>quinque</strong></span> <span class='ocrx_word' id='word_1_972' title='bbox 3052 3231 3200 3289; x_wconf 79' lang='lat' dir='ltr'><strong>libris</strong></span> <span class='ocrx_word' id='word_1_973' title='bbox 3227 3234 3446 3306; x_wconf 81' lang='lat' dir='ltr'><strong>Moysi,</strong></span> <span class='ocrx_word' id='word_1_974' title='bbox 3469 3231 3568 3306; x_wconf 73' lang='lat' dir='ltr'><strong>sed</strong></span> <span class='ocrx_word' id='word_1_975' title='bbox 3591 3231 3655 3306; x_wconf 76' lang='lat' dir='ltr'><strong>ex</strong></span> <span class='ocrx_word' id='word_1_976' title='bbox 3681 3231 3821 3306; x_wconf 77' lang='lat' dir='ltr'><strong>septi-</strong></span> 
     </span>
    </p>
   </div>
   <div class='ocr_carea' id='block_1_122' title="bbox 2262 3303 3819 3382">
    <p class='ocr_par' dir='ltr' id='par_1_122' title="bbox 2262 3303 3819 3382">
     <span class='ocr_line' id='line_1_127' title="bbox 2262 3303 3819 3382; baseline -0.002 -23"><span class='ocrx_word' id='word_1_977' title='bbox 2262 3306 2415 3382; x_wconf 81' lang='lat' dir='ltr'><strong>fonni</strong></span> <span class='ocrx_word' id='word_1_978' title='bbox 2443 3307 2610 3382; x_wconf 81' lang='lat' dir='ltr'><strong>gratia</strong></span> <span class='ocrx_word' id='word_1_979' title='bbox 2635 3303 2864 3382; x_wconf 72' lang='lat' dir='ltr'><strong>Spiritus</strong></span> <span class='ocrx_word' id='word_1_980' title='bbox 2893 3303 3062 3360; x_wconf 86' lang='lat' dir='ltr'><strong>sancti</strong></span> <span class='ocrx_word' id='word_1_981' title='bbox 3090 3319 3276 3382; x_wconf 80' lang='lat' dir='ltr'><strong>sumus</strong></span> <span class='ocrx_word' id='word_1_982' title='bbox 3317 3303 3540 3382; x_wconf 78' lang='lat' dir='ltr'><strong>repleti,</strong></span> <span class='ocrx_word' id='word_1_983' title='bbox 3567 3305 3695 3382; x_wconf 76' lang='lat' dir='ltr'><strong>sicut</strong></span> <span class='ocrx_word' id='word_1_984' title='bbox 3712 3303 3819 3382; x_wconf 67' lang='lat' dir='ltr'><strong>bea-</strong></span> 
     </span>
    </p>
   </div>
   <div class='ocr_carea' id='block_1_123' title="bbox 2264 3374 3822 3448">
    <p class='ocr_par' dir='ltr' id='par_1_123' title="bbox 2264 3374 3822 3448">
     <span class='ocr_line' id='line_1_128' title="bbox 2264 3374 3822 3448; baseline -0.003 -19"><span class='ocrx_word' id='word_1_985' title='bbox 2264 3385 2348 3430; x_wconf 93' lang='lat' dir='ltr'><strong>tus</strong></span> <span class='ocrx_word' id='word_1_986' title='bbox 2389 3374 2550 3448; x_wconf 83' lang='lat' dir='ltr'><strong>Isaias</strong></span> <span class='ocrx_word' id='word_1_987' title='bbox 2588 3374 3034 3448; x_wconf 85' lang='lat' dir='ltr'><strong>prophetaverat,</strong></span> <span class='ocrx_word' id='word_1_988' title='bbox 3076 3375 3294 3448; x_wconf 81' lang='lat' dir='ltr'><strong>dicens,</strong></span> <span class='ocrx_word' id='word_1_989' title='bbox 3350 3375 3571 3448; x_wconf 77' lang='lat' dir='ltr'><strong>Spiritus</strong></span> <span class='ocrx_word' id='word_1_990' title='bbox 3593 3374 3822 3448; x_wconf 66' lang='lat' dir='ltr'><strong>sapientia</strong></span> 
     </span>
    </p>
   </div>
   <div class='ocr_carea' id='block_1_124' title="bbox 2261 3444 3822 3518">
    <p class='ocr_par' dir='ltr' id='par_1_124' title="bbox 2261 3444 3822 3518">
     <span class='ocr_line' id='line_1_129' title="bbox 2261 3444 3822 3518; baseline -0.003 -18"><span class='ocrx_word' id='word_1_991' title='bbox 2261 3457 2306 3500; x_wconf 90' lang='lat' dir='ltr'><strong>et</strong></span> <span class='ocrx_word' id='word_1_992' title='bbox 2345 3444 2622 3501; x_wconf 65' lang='lat' dir='ltr'><strong>intellectus</strong></span> <span class='ocrx_word' id='word_1_993' title='bbox 2644 3489 2660 3514; x_wconf 91' lang='lat'><strong>,</strong></span> <span class='ocrx_word' id='word_1_994' title='bbox 2690 3444 2912 3517; x_wconf 66' lang='lat' dir='ltr'><strong>spiritus</strong></span> <span class='ocrx_word' id='word_1_995' title='bbox 2952 3445 3236 3518; x_wconf 13' lang='lat' dir='ltr'><strong>consiliiret</strong></span> <span class='ocrx_word' id='word_1_996' title='bbox 3263 3444 3582 3518; x_wconf 78' lang='lat' dir='ltr'><strong>fortitudinis</strong></span> <span class='ocrx_word' id='word_1_997' title='bbox 3600 3487 3613 3508; x_wconf 86' lang='lat'><strong>,</strong></span> <span class='ocrx_word' id='word_1_998' title='bbox 3642 3444 3822 3518; x_wconf 70' lang='lat' dir='ltr'><strong>spiritus</strong></span> 
     </span>
    </p>
   </div>
   <div class='ocr_carea' id='block_1_125' title="bbox 2261 3513 3822 3640">
    <p class='ocr_par' dir='ltr' id='par_1_125' title="bbox 2261 3513 3822 3640">
     <span class='ocr_line' id='line_1_130' title="bbox 2261 3513 3822 3640; baseline -0.002 -70"><span class='ocrx_word' id='word_1_999' title='bbox 2261 3519 2548 3600; x_wconf 43' lang='lat' dir='ltr'><strong>scientiae.“</strong></span> <span class='ocrx_word' id='word_1_1000' title='bbox 2575 3513 2773 3640; x_wconf 75' lang='lat' dir='ltr'><strong>pietatis</strong></span> <span class='ocrx_word' id='word_1_1001' title='bbox 2795 3533 2813 3580; x_wconf 85' lang='lat'><strong>,&#39;</strong></span> <span class='ocrx_word' id='word_1_1002' title='bbox 2840 3526 2885 3571; x_wconf 89' lang='lat' dir='ltr'><strong>et</strong></span> <span class='ocrx_word' id='word_1_1003' title='bbox 2904 3517 3111 3598; x_wconf 73' lang='lat' dir='ltr'><strong>replebit</strong></span> <span class='ocrx_word' id='word_1_1004' title='bbox 3133 3513 3279 3598; x_wconf 73' lang='lat' dir='ltr'><strong>illuni</strong></span> <span class='ocrx_word' id='word_1_1005' title='bbox 3296 3519 3518 3600; x_wconf 52' lang='lat' dir='ltr'><strong>fpiritus</strong></span> <span class='ocrx_word' id='word_1_1006' title='bbox 3537 3513 3715 3597; x_wconf 77' lang='lat' dir='ltr'><strong>timoris</strong></span> <span class='ocrx_word' id='word_1_1007' title='bbox 3732 3513 3822 3593; x_wconf 83' lang='lat' dir='ltr'><strong>Do-</strong></span> 
     </span>
     <span class='ocr_line' id='line_1_131' title="bbox 2261 3585 3821 3640; baseline -0.002 0"><span class='ocrx_word' id='word_1_1008' title='bbox 2261 3603 2428 3640; x_wconf 88' lang='lat' dir='ltr'><strong>nnm:</strong></span> <span class='ocrx_word' id='word_1_1009' title='bbox 2475 3604 2528 3640; x_wconf 86' lang='grc' dir='ltr'><strong>ιιι</strong></span> <span class='ocrx_word' id='word_1_1010' title='bbox 2593 3603 2674 3640; x_wconf 79' lang='lat' dir='ltr'><strong>iac</strong></span> <span class='ocrx_word' id='word_1_1011' title='bbox 2715 3603 2843 3640; x_wconf 73' lang='lat' dir='ltr'><strong>eruo</strong></span> <span class='ocrx_word' id='word_1_1012' title='bbox 2886 3585 3181 3640; x_wconf 76' lang='lat' dir='ltr'><strong>sentd&#39;ornn</strong></span> <span class='ocrx_word' id='word_1_1013' title='bbox 3219 3587 3460 3640; x_wconf 82' lang='lat' dir='ltr'><strong>Sumtus</strong></span> <span class='ocrx_word' id='word_1_1014' title='bbox 3497 3593 3821 3640; x_wconf 75' lang='lat' dir='ltr'><strong>sanettaratta</strong></span> 
     </span>
    </p>
   </div>
   <div class='ocr_carea' id='block_1_126' title="bbox 2261 3585 3821 3658">
    <p class='ocr_par' dir='ltr' id='par_1_126' title="bbox 2261 3585 3821 3658">
     <span class='ocr_line' id='line_1_132' title="bbox 2261 3585 3821 3658; baseline -0.003 -17"><span class='ocrx_word' id='word_1_1015' title='bbox 2261 3589 2428 3642; x_wconf 86' lang='lat' dir='ltr'><strong>mini:</strong></span> <span class='ocrx_word' id='word_1_1016' title='bbox 2475 3587 2528 3642; x_wconf 91' lang='lat' dir='ltr'><strong>in</strong></span> <span class='ocrx_word' id='word_1_1017' title='bbox 2575 3585 2674 3642; x_wconf 89' lang='lat' dir='ltr'><strong>hac</strong></span> <span class='ocrx_word' id='word_1_1018' title='bbox 2715 3603 2843 3656; x_wconf 78' lang='lat' dir='ltr'><strong>ergo</strong></span> <span class='ocrx_word' id='word_1_1019' title='bbox 2886 3585 3181 3658; x_wconf 81' lang='lat' dir='ltr'><strong>septiformi</strong></span> <span class='ocrx_word' id='word_1_1020' title='bbox 3219 3585 3460 3658; x_wconf 81' lang='lat' dir='ltr'><strong>Spiritus</strong></span> <span class='ocrx_word' id='word_1_1021' title='bbox 3497 3585 3656 3643; x_wconf 90' lang='lat' dir='ltr'><strong>sancti</strong></span> <span class='ocrx_word' id='word_1_1022' title='bbox 3677 3585 3821 3658; x_wconf 81' lang='lat' dir='ltr'><strong>gratia</strong></span> 
     </span>
    </p>
   </div>
   <div class='ocr_carea' id='block_1_127' title="bbox 2260 3654 3821 3729">
    <p class='ocr_par' dir='ltr' id='par_1_127' title="bbox 2260 3654 3821 3729">
     <span class='ocr_line' id='line_1_133' title="bbox 2260 3654 3821 3729; baseline -0.003 -17"><span class='ocrx_word' id='word_1_1023' title='bbox 2260 3674 2572 3713; x_wconf 87' lang='lat' dir='ltr'><strong>maneamus</strong></span> <span class='ocrx_word' id='word_1_1024' title='bbox 2590 3701 2604 3723; x_wconf 91' lang='lat'><strong>,</strong></span> <span class='ocrx_word' id='word_1_1025' title='bbox 2639 3659 2691 3712; x_wconf 91' lang='lat' dir='ltr'><strong>in</strong></span> <span class='ocrx_word' id='word_1_1026' title='bbox 2714 3654 2816 3728; x_wconf 76' lang='lat' dir='ltr'><strong>qua</strong></span> <span class='ocrx_word' id='word_1_1027' title='bbox 2847 3654 3018 3713; x_wconf 78' lang='lat' dir='ltr'><strong>vocati</strong></span> <span class='ocrx_word' id='word_1_1028' title='bbox 3046 3673 3230 3712; x_wconf 90' lang='lat' dir='ltr'><strong>sumus</strong></span> <span class='ocrx_word' id='word_1_1029' title='bbox 3248 3654 3277 3723; x_wconf 76' lang='grc'><em>,’</em></span> <span class='ocrx_word' id='word_1_1030' title='bbox 3295 3660 3494 3729; x_wconf 77' lang='lat' dir='ltr'><strong>repleti</strong></span> <span class='ocrx_word' id='word_1_1031' title='bbox 3521 3657 3656 3729; x_wconf 78' lang='lat' dir='ltr'><strong>dono</strong></span> <span class='ocrx_word' id='word_1_1032' title='bbox 3676 3654 3821 3726; x_wconf 89' lang='lat' dir='ltr'><strong>Spiri-</strong></span> 
     </span>
    </p>
   </div>
   <div class='ocr_carea' id='block_1_128' title="bbox 2263 3727 3815 3804">
    <p class='ocr_par' dir='ltr' id='par_1_128' title="bbox 2263 3727 3815 3804">
     <span class='ocr_line' id='line_1_134' title="bbox 2263 3727 3815 3804; baseline -0.003 -21"><span class='ocrx_word' id='word_1_1033' title='bbox 2263 3739 2346 3804; x_wconf 84' lang='lat' dir='ltr'><strong>tus</strong></span> <span class='ocrx_word' id='word_1_1034' title='bbox 2386 3730 2554 3804; x_wconf 75' lang='lat' dir='ltr'><strong>sant-ti</strong></span> <span class='ocrx_word' id='word_1_1035' title='bbox 2575 3770 2588 3793; x_wconf 93' lang='lat'><strong>,</strong></span> <span class='ocrx_word' id='word_1_1036' title='bbox 2621 3745 2716 3798; x_wconf 87' lang='lat' dir='ltr'><strong>per</strong></span> <span class='ocrx_word' id='word_1_1037' title='bbox 2734 3727 3025 3804; x_wconf 70' lang='lat' dir='ltr'><strong>hominum</strong></span> <span class='ocrx_word' id='word_1_1038' title='bbox 3058 3738 3299 3804; x_wconf 79' lang='lat' dir='ltr'><strong>nostrum</strong></span> <span class='ocrx_word' id='word_1_1039' title='bbox 3334 3727 3516 3804; x_wconf 78' lang='lat' dir='ltr'><strong>Jesom</strong></span> <span class='ocrx_word' id='word_1_1040' title='bbox 3544 3727 3815 3804; x_wconf 63' lang='lat' dir='ltr'><strong>Christum,</strong></span> 
     </span>
    </p>
   </div>
   <div class='ocr_carea' id='block_1_129' title="bbox 2260 3799 3819 3870">
    <p class='ocr_par' dir='ltr' id='par_1_129' title="bbox 2260 3799 3819 3870">
     <span class='ocr_line' id='line_1_135' title="bbox 2260 3799 3819 3870; baseline -0.002 -19"><span class='ocrx_word' id='word_1_1041' title='bbox 2260 3801 2351 3868; x_wconf 88' lang='lat' dir='ltr'><strong>qui</strong></span> <span class='ocrx_word' id='word_1_1042' title='bbox 2391 3799 2515 3853; x_wconf 72' lang='lat' dir='ltr'><strong>vivit</strong></span> <span class='ocrx_word' id='word_1_1043' title='bbox 2543 3809 2597 3854; x_wconf 89' lang='lat' dir='ltr'><strong>et</strong></span> <span class='ocrx_word' id='word_1_1044' title='bbox 2627 3808 2812 3869; x_wconf 86' lang='lat' dir='ltr'><strong>regnat</strong></span> <span class='ocrx_word' id='word_1_1045' title='bbox 2840 3801 2891 3852; x_wconf 92' lang='lat' dir='ltr'><strong>in</strong></span> <span class='ocrx_word' id='word_1_1046' title='bbox 2924 3799 3124 3854; x_wconf 88' lang='lat' dir='ltr'><strong>unitate</strong></span> <span class='ocrx_word' id='word_1_1047' title='bbox 3149 3799 3392 3868; x_wconf 87' lang='lat' dir='ltr'><strong>ejusdem</strong></span> <span class='ocrx_word' id='word_1_1048' title='bbox 3422 3799 3644 3870; x_wconf 88' lang='lat' dir='ltr'><strong>Spiritus</strong></span> <span class='ocrx_word' id='word_1_1049' title='bbox 3669 3799 3819 3854; x_wconf 77' lang='lat' dir='ltr'><strong>sancti</strong></span> 
     </span>
    </p>
   </div>
   <div class='ocr_carea' id='block_1_130' title="bbox 2263 3870 3552 3938">
    <p class='ocr_par' dir='ltr' id='par_1_130' title="bbox 2263 3870 3552 3938">
     <span class='ocr_line' id='line_1_136' title="bbox 2263 3870 3552 3938; baseline -0.001 -14"><span class='ocrx_word' id='word_1_1050' title='bbox 2263 3870 2403 3924; x_wconf 86' lang='lat' dir='ltr'><strong>Deus</strong></span> <span class='ocrx_word' id='word_1_1051' title='bbox 2422 3909 2437 3936; x_wconf 96' lang='lat'><strong>,</strong></span> <span class='ocrx_word' id='word_1_1052' title='bbox 2463 3885 2556 3938; x_wconf 89' lang='lat' dir='ltr'><strong>per</strong></span> <span class='ocrx_word' id='word_1_1053' title='bbox 2579 3871 2754 3924; x_wconf 89' lang='lat' dir='ltr'><strong>omnia</strong></span> <span class='ocrx_word' id='word_1_1054' title='bbox 2777 3870 2971 3924; x_wconf 59' lang='lat' dir='ltr'><strong>saecula</strong></span> <span class='ocrx_word' id='word_1_1055' title='bbox 2992 3870 3334 3924; x_wconf 75' lang='lat' dir='ltr'><strong>saeculorum.</strong></span> <span class='ocrx_word' id='word_1_1056' title='bbox 3361 3873 3552 3925; x_wconf 87' lang='lat' dir='ltr'><strong>Amen.</strong></span> 
     </span>
    </p>
   </div>
   <div class='ocr_carea' id='block_1_131' title="bbox 2493 3959 3371 4034">
    <p class='ocr_par' dir='ltr' id='par_1_131' title="bbox 2493 3959 3371 4034">
     <span class='ocr_line' id='line_1_137' title="bbox 2493 3959 3371 4034; baseline -0.014 -8"><span class='ocrx_word' id='word_1_1057' title='bbox 2493 4021 2506 4034; x_wconf 84' lang='lat'><strong>._</strong></span> <span class='ocrx_word' id='word_1_1058' title='bbox 2587 4031 2622 4034; x_wconf 97' lang='lat'>_</span> <span class='ocrx_word' id='word_1_1059' title='bbox 2737 3960 2965 4034; x_wconf 65' lang='lat' dir='ltr'><strong>sentio</strong></span> <span class='ocrx_word' id='word_1_1060' title='bbox 3003 3959 3371 4034; x_wconf 72' lang='lat' dir='ltr'><strong>LXXXIHb).</strong></span> 
     </span>
    </p>
   </div>
   <div class='ocr_carea' id='block_1_132' title="bbox 2259 4029 3821 4101">
    <p class='ocr_par' dir='ltr' id='par_1_132' title="bbox 2259 4029 3821 4101">
     <span class='ocr_line' id='line_1_138' title="bbox 2259 4029 3821 4101; baseline -0.004 -15"><span class='ocrx_word' id='word_1_1061' title='bbox 2259 4029 2340 4086; x_wconf 87' lang='lat' dir='ltr'><strong>De</strong></span> <span class='ocrx_word' id='word_1_1062' title='bbox 2375 4032 2536 4086; x_wconf 80' lang='lat' dir='ltr'><strong>verbis</strong></span> <span class='ocrx_word' id='word_1_1063' title='bbox 2574 4031 2837 4101; x_wconf 83' lang='lat' dir='ltr'><strong>Evangelii</strong></span> <span class='ocrx_word' id='word_1_1064' title='bbox 2863 4029 3048 4096; x_wconf 77' lang='lat' dir='ltr'><strong>Lacte,</strong></span> <span class='ocrx_word' id='word_1_1065' title='bbox 3078 4048 3192 4100; x_wconf 88' lang='lat' dir='ltr'><strong>cap.</strong></span> <span class='ocrx_word' id='word_1_1066' title='bbox 3226 4029 3546 4099; x_wconf 28' lang='lat' dir='ltr'><strong>ing—1244,</strong></span> <span class='ocrx_word' id='word_1_1067' title='bbox 3579 4030 3821 4086; x_wconf 63' lang='lat' dir='ltr'><strong>Venerunt</strong></span> 
     </span>
    </p>
   </div>
   <div class='ocr_carea' id='block_1_133' title="bbox 2447 4101 3654 4173">
    <p class='ocr_par' dir='ltr' id='par_1_133' title="bbox 2447 4101 3654 4173">
     <span class='ocr_line' id='line_1_139' title="bbox 2447 4101 3654 4173; baseline -0.001 -18"><span class='ocrx_word' id='word_1_1068' title='bbox 2447 4111 2624 4158; x_wconf 89' lang='lat' dir='ltr'><strong>autem</strong></span> <span class='ocrx_word' id='word_1_1069' title='bbox 2648 4111 2703 4157; x_wconf 90' lang='lat' dir='ltr'><strong>et</strong></span> <span class='ocrx_word' id='word_1_1070' title='bbox 2728 4102 2998 4157; x_wconf 75' lang='lat' dir='ltr'><strong>Publiceni</strong></span> <span class='ocrx_word' id='word_1_1071' title='bbox 3021 4103 3087 4156; x_wconf 90' lang='lat' dir='ltr'><strong>ad</strong></span> <span class='ocrx_word' id='word_1_1072' title='bbox 3111 4101 3374 4159; x_wconf 84' lang='lat' dir='ltr'><strong>Joannem</strong></span> <span class='ocrx_word' id='word_1_1073' title='bbox 3396 4145 3412 4171; x_wconf 94' lang='lat'><strong>,</strong></span> <span class='ocrx_word' id='word_1_1074' title='bbox 3439 4115 3533 4159; x_wconf 88' lang='lat' dir='ltr'><strong>etc.</strong></span> <span class='ocrx_word' id='word_1_1075' title='bbox 3563 4102 3654 4173; x_wconf 89' lang='lat' dir='ltr'><strong>(c).</strong></span> 
     </span>
    </p>
   </div>
   <div class='ocr_carea' id='block_1_134' title="bbox 2331 4190 3822 4266">
    <p class='ocr_par' dir='ltr' id='par_1_134' title="bbox 2331 4190 3822 4266">
     <span class='ocr_line' id='line_1_140' title="bbox 2331 4190 3822 4266; baseline -0.005 -17"><span class='ocrx_word' id='word_1_1076' title='bbox 2331 4194 2471 4266; x_wconf 66' lang='lat' dir='ltr'><strong>Non.</strong></span> <span class='ocrx_word' id='word_1_1077' title='bbox 2506 4195 2570 4266; x_wconf 10' lang='lat' dir='ltr'><strong>Vl.</strong></span> <span class='ocrx_word' id='word_1_1078' title='bbox 2611 4194 2841 4266; x_wconf 72' lang='lat' dir='ltr'><strong>conditio</strong></span> <span class='ocrx_word' id='word_1_1079' title='bbox 2860 4193 3018 4266; x_wconf 83' lang='lat' dir='ltr'><strong>nulla</strong></span> <span class='ocrx_word' id='word_1_1080' title='bbox 3043 4204 3249 4266; x_wconf 71' lang='lat' dir='ltr'><strong>excusat</strong></span> <span class='ocrx_word' id='word_1_1081' title='bbox 3267 4205 3612 4266; x_wconf 84' lang='lat' dir='ltr'><strong>.peccatorem.</strong></span> <span class='ocrx_word' id='word_1_1082' title='bbox 3641 4190 3822 4266; x_wconf 81' lang='lat' dir='ltr'><strong>Stipen-</strong></span> 
     </span>
    </p>
   </div>
   <div class='ocr_carea' id='block_1_135' title="bbox 2261 4262 3823 4339">
    <p class='ocr_par' dir='ltr' id='par_1_135' title="bbox 2261 4262 3823 4339">
     <span class='ocr_line' id='line_1_141' title="bbox 2261 4262 3823 4339; baseline -0.003 -21"><span class='ocrx_word' id='word_1_1083' title='bbox 2261 4265 2366 4339; x_wconf 71' lang='lat' dir='ltr'><strong>dia.</strong></span> <span class='ocrx_word' id='word_1_1084' title='bbox 2398 4264 2584 4339; x_wconf 74' lang='lat' dir='ltr'><strong>Militia</strong></span> <span class='ocrx_word' id='word_1_1085' title='bbox 2608 4265 2869 4339; x_wconf 70' lang='lat' dir='ltr'><strong>christiani</strong></span> <span class='ocrx_word' id='word_1_1086' title='bbox 2893 4265 3077 4336; x_wconf 88' lang='lat' dir='ltr'><strong>prima.</strong></span> <span class='ocrx_word' id='word_1_1087' title='bbox 3107 4262 3360 4339; x_wconf 75' lang='lat' dir='ltr'><strong>Nonnulli</strong></span> <span class='ocrx_word' id='word_1_1088' title='bbox 3388 4267 3580 4320; x_wconf 78' lang='lat' dir='ltr'><strong>fratres</strong></span> <span class='ocrx_word' id='word_1_1089' title='bbox 3599 4305 3611 4328; x_wconf 89' lang='lat'><strong>,</strong></span> <span class='ocrx_word' id='word_1_1090' title='bbox 3637 4262 3721 4339; x_wconf 84' lang='lat' dir='ltr'><strong>qui</strong></span> <span class='ocrx_word' id='word_1_1091' title='bbox 3737 4266 3823 4339; x_wconf 52' lang='lat' dir='ltr'><strong>aut</strong></span> 
     </span>
    </p>
   </div>
   <div class='ocr_carea' id='block_1_136' title="bbox 2261 4329 3822 4409">
    <p class='ocr_par' dir='ltr' id='par_1_136' title="bbox 2261 4329 3822 4409">
     <span class='ocr_line' id='line_1_142' title="bbox 2261 4329 3822 4409; baseline -0.005 -19"><span class='ocrx_word' id='word_1_1092' title='bbox 2261 4337 2462 4409; x_wconf 77' lang='lat' dir='ltr'><strong>militia:</strong></span> <span class='ocrx_word' id='word_1_1093' title='bbox 2499 4335 2712 4409; x_wconf 84' lang='lat' dir='ltr'><strong>cingulo</strong></span> <span class='ocrx_word' id='word_1_1094' title='bbox 2749 4329 3054 4390; x_wconf 79' lang='lat' dir='ltr'><strong>detinentur</strong></span> <span class='ocrx_word' id='word_1_1095' title='bbox 3075 4376 3102 4409; x_wconf 10' lang='grc' dir='ltr'><strong>,ξ</strong></span> <span class='ocrx_word' id='word_1_1096' title='bbox 3137 4337 3316 4409; x_wconf 73' lang='lat' dir='ltr'><strong>aut-in</strong></span> <span class='ocrx_word' id='word_1_1097' title='bbox 3345 4346 3466 4409; x_wconf 87' lang='lat' dir='ltr'><strong>actu</strong></span> <span class='ocrx_word' id='word_1_1098' title='bbox 3492 4343 3613 4389; x_wconf 90' lang='lat' dir='ltr'><strong>sunt</strong></span> <span class='ocrx_word' id='word_1_1099' title='bbox 3636 4329 3822 4409; x_wconf 76' lang='lat' dir='ltr'><strong>publico</strong></span> 
     </span>
    </p>
   </div>
   <div class='ocr_carea' id='block_1_137' title="bbox 2259 4406 3823 4475">
    <p class='ocr_par' dir='ltr' id='par_1_137' title="bbox 2259 4406 3823 4475">
     <span class='ocr_line' id='line_1_143' title="bbox 2259 4406 3823 4475; baseline -0.002 -14"><span class='ocrx_word' id='word_1_1100' title='bbox 2259 4407 2552 4468; x_wconf 85' lang='lat' dir='ltr'><strong>constituti.</strong></span> <span class='ocrx_word' id='word_1_1101' title='bbox 2576 4421 2696 4460; x_wconf 90' lang='lat' dir='ltr'><strong>cum</strong></span> <span class='ocrx_word' id='word_1_1102' title='bbox 2724 4415 2943 4474; x_wconf 86' lang='lat' dir='ltr'><strong>peccant</strong></span> <span class='ocrx_word' id='word_1_1103' title='bbox 2961 4407 3237 4475; x_wconf 67' lang='lat' dir='ltr'><strong>graviter,~</strong></span> <span class='ocrx_word' id='word_1_1104' title='bbox 3257 4406 3358 4461; x_wconf 90' lang='lat' dir='ltr'><strong>hac</strong></span> <span class='ocrx_word' id='word_1_1105' title='bbox 3378 4408 3596 4462; x_wconf 80' lang='lat' dir='ltr'><strong>solenta</strong></span> <span class='ocrx_word' id='word_1_1106' title='bbox 3619 4406 3823 4474; x_wconf 76' lang='lat' dir='ltr'><strong>peccatis</strong></span> 
     </span>
    </p>
   </div>
   <div class='ocr_carea' id='block_1_138' title="bbox 2259 4477 3823 4550">
    <p class='ocr_par' dir='ltr' id='par_1_138' title="bbox 2259 4477 3823 4550">
     <span class='ocr_line' id='line_1_144' title="bbox 2259 4477 3823 4550; baseline -0.004 -19"><span class='ocrx_word' id='word_1_1107' title='bbox 2259 4478 2370 4550; x_wconf 83' lang='lat' dir='ltr'><strong>suis</strong></span> <span class='ocrx_word' id='word_1_1108' title='bbox 2413 4478 2581 4550; x_wconf 86' lang='lat' dir='ltr'><strong>prima</strong></span> <span class='ocrx_word' id='word_1_1109' title='bbox 2615 4492 2684 4550; x_wconf 90' lang='lat' dir='ltr'><strong>se_</strong></span> <span class='ocrx_word' id='word_1_1110' title='bbox 2717 4491 3172 4550; x_wconf 78' lang='lat' dir='ltr'><strong>voceexcusare,</strong></span> <span class='ocrx_word' id='word_1_1111' title='bbox 3212 4477 3358 4546; x_wconf 90' lang='lat' dir='ltr'><strong>quod</strong></span> <span class='ocrx_word' id='word_1_1112' title='bbox 3404 4479 3659 4550; x_wconf 82' lang='lat' dir='ltr'><strong>militant;</strong></span> <span class='ocrx_word' id='word_1_1113' title='bbox 3693 4479 3823 4550; x_wconf 50' lang='lat' dir='ltr'><strong>eine</strong></span> 
     </span>
    </p>
   </div>
   <div class='ocr_carea' id='block_1_139' title="bbox 2258 4541 3825 4618">
    <p class='ocr_par' dir='ltr' id='par_1_139' title="bbox 2258 4541 3825 4618">
     <span class='ocr_line' id='line_1_145' title="bbox 2258 4541 3825 4618; baseline -0.005 -16"><span class='ocrx_word' id='word_1_1114' title='bbox 2258 4541 2723 4617; x_wconf 44' lang='lat' dir='ltr'><strong>bene—aliquando</strong></span> <span class='ocrx_word' id='word_1_1115' title='bbox 2771 4546 2992 4618; x_wconf 81' lang='lat' dir='ltr'><strong>faciant,</strong></span> <span class='ocrx_word' id='word_1_1116' title='bbox 3037 4541 3325 4618; x_wconf 63' lang='lat' dir='ltr'><strong>oecnpa&#39;tos</strong></span> <span class='ocrx_word' id='word_1_1117' title='bbox 3367 4563 3426 4602; x_wconf 90' lang='lat' dir='ltr'><strong>se</strong></span> <span class='ocrx_word' id='word_1_1118' title='bbox 3465 4547 3620 4602; x_wconf 87' lang='lat' dir='ltr'><strong>malis</strong></span> <span class='ocrx_word' id='word_1_1119' title='bbox 3641 4541 3825 4599; x_wconf 88' lang='lat' dir='ltr'><strong>actibus</strong></span> 
     </span>
    </p>
   </div>
   <div class='ocr_carea' id='block_1_140' title="bbox 2258 4617 3824 4692">
    <p class='ocr_par' dir='ltr' id='par_1_140' title="bbox 2258 4617 3824 4692">
     <span class='ocr_line' id='line_1_146' title="bbox 2258 4617 3824 4692; baseline -0.008 -18"><span class='ocrx_word' id='word_1_1120' title='bbox 2258 4626 2657 4692; x_wconf 83' lang='lat' dir='ltr'><strong>conqueruntur</strong></span> <span class='ocrx_word' id='word_1_1121' title='bbox 2687 4635 2715 4692; x_wconf 93' lang='lat'><strong>:_</strong></span> <span class='ocrx_word' id='word_1_1122' title='bbox 2734 4617 2952 4692; x_wconf 87' lang='lat' dir='ltr'><strong>perinde</strong></span> <span class='ocrx_word' id='word_1_1123' title='bbox 2974 4619 3000 4692; x_wconf 74' lang='lat'><strong>_‘</strong></span> <span class='ocrx_word' id='word_1_1124' title='bbox 3023 4617 3185 4688; x_wconf 84' lang='lat' dir='ltr'><strong>quasi</strong></span> <span class='ocrx_word' id='word_1_1125' title='bbox 3203 4619 3391 4692; x_wconf 81' lang='lat' dir='ltr'><strong>militia</strong></span> <span class='ocrx_word' id='word_1_1126' title='bbox 3423 4618 3824 4692; x_wconf 66' lang='lat' dir='ltr'><strong>hominun1,_non</strong></span> 
     </span>
    </p>
   </div>
   <div class='ocr_carea' id='block_1_141' title="bbox 2259 4684 3827 4760">
    <p class='ocr_par' dir='ltr' id='par_1_141' title="bbox 2259 4684 3827 4760">
     <span class='ocr_line' id='line_1_147' title="bbox 2259 4684 3827 4760; baseline -0.007 -16"><span class='ocrx_word' id='word_1_1127' title='bbox 2259 4684 2503 4745; x_wconf 74' lang='lat' dir='ltr'><strong>voluntas</strong></span> <span class='ocrx_word' id='word_1_1128' title='bbox 2540 4687 2594 4744; x_wconf 88' lang='lat' dir='ltr'><strong>in</strong></span> <span class='ocrx_word' id='word_1_1129' title='bbox 2634 4684 2789 4760; x_wconf 78' lang='lat' dir='ltr'><strong>culpa</strong></span> <span class='ocrx_word' id='word_1_1130' title='bbox 2829 4689 2930 4754; x_wconf 90' lang='lat' dir='ltr'><strong>sit;</strong></span> <span class='ocrx_word' id='word_1_1131' title='bbox 2971 4684 3057 4744; x_wconf 57' lang='lat' dir='ltr'><strong>ita&#39;</strong></span> <span class='ocrx_word' id='word_1_1132' title='bbox 3080 4691 3218 4757; x_wconf 90' lang='lat' dir='ltr'><strong>quod</strong></span> <span class='ocrx_word' id='word_1_1133' title='bbox 3260 4690 3360 4759; x_wconf 86' lang='lat' dir='ltr'><strong>ipsi</strong></span> <span class='ocrx_word' id='word_1_1134' title='bbox 3400 4695 3626 4760; x_wconf 87' lang='lat' dir='ltr'><strong>gerunt,</strong></span> <span class='ocrx_word' id='word_1_1135' title='bbox 3657 4684 3827 4760; x_wconf 66' lang='lat' dir='ltr'><strong>ofﬁciio</strong></span> 
     </span>
    </p>
   </div>
   <div class='ocr_carea' id='block_1_142' title="bbox 2259 4749 3827 4824">
    <p class='ocr_par' dir='ltr' id='par_1_142' title="bbox 2259 4749 3827 4824">
     <span class='ocr_line' id='line_1_148' title="bbox 2259 4749 3827 4824; baseline -0.004 -9"><span class='ocrx_word' id='word_1_1136' title='bbox 2259 4762 2370 4816; x_wconf 90' lang='lat' dir='ltr'><strong>suis</strong></span> <span class='ocrx_word' id='word_1_1137' title='bbox 2394 4749 2860 4815; x_wconf 52' lang='lat' dir='ltr'><strong>adseribunthon</strong></span> <span class='ocrx_word' id='word_1_1138' title='bbox 2886 4749 3028 4816; x_wconf 84' lang='lat' dir='ltr'><strong>enim</strong></span> <span class='ocrx_word' id='word_1_1139' title='bbox 3050 4749 3312 4824; x_wconf 59' lang='lat' dir='ltr'><strong>m&#39;ilitare&#39;,</strong></span> <span class='ocrx_word' id='word_1_1140' title='bbox 3335 4749 3592 4815; x_wconf 78' lang='lat' dir='ltr'><strong>deTietnm</strong></span> <span class='ocrx_word' id='word_1_1141' title='bbox 3609 4749 3690 4813; x_wconf 83' lang='lat' dir='ltr'><strong>est</strong></span> <span class='ocrx_word' id='word_1_1142' title='bbox 3711 4772 3723 4819; x_wconf 90' lang='lat'><strong>;</strong></span> <span class='ocrx_word' id='word_1_1143' title='bbox 3745 4749 3827 4806; x_wconf 86' lang='lat' dir='ltr'><strong>sed</strong></span> 
     </span>
    </p>
   </div>
   <div class='ocr_carea' id='block_1_143' title="bbox 2298 4829 3825 4901">
    <p class='ocr_par' dir='ltr' id='par_1_143' title="bbox 2298 4829 3825 4901">
     <span class='ocr_line' id='line_1_149' title="bbox 2298 4829 3825 4901; baseline -0.004 -16"><span class='ocrx_word' id='word_1_1144' title='bbox 2298 4840 2478 4901; x_wconf 90' lang='lat' dir='ltr'><strong>ropter</strong></span> <span class='ocrx_word' id='word_1_1145' title='bbox 2503 4830 2735 4900; x_wconf 67' lang='lat' dir='ltr'><strong>prmdam</strong></span> <span class='ocrx_word' id='word_1_1146' title='bbox 2762 4831 2988 4886; x_wconf 88' lang='lat' dir='ltr'><strong>militare</strong></span> <span class='ocrx_word' id='word_1_1147' title='bbox 3006 4872 3023 4898; x_wconf 95' lang='lat'><strong>,</strong></span> <span class='ocrx_word' id='word_1_1148' title='bbox 3054 4839 3328 4901; x_wconf 87' lang='lat' dir='ltr'><strong>peccatum</strong></span> <span class='ocrx_word' id='word_1_1149' title='bbox 3357 4840 3461 4886; x_wconf 87' lang='lat' dir='ltr'><strong>est.</strong></span> <span class='ocrx_word' id='word_1_1150' title='bbox 3490 4829 3600 4885; x_wconf 87' lang='lat' dir='ltr'><strong>Nec</strong></span> <span class='ocrx_word' id='word_1_1151' title='bbox 3626 4838 3825 4893; x_wconf 89' lang='lat' dir='ltr'><strong>rempu—</strong></span> 
     </span>
    </p>
   </div>
   <div class='ocr_carea' id='block_1_144' title="bbox 2259 4847 3830 4971">
    <p class='ocr_par' dir='ltr' id='par_1_144' title="bbox 2259 4847 3830 4971">
     <span class='ocr_line' id='line_1_150' title="bbox 2298 4847 3825 4901; baseline -0.007 -16"><span class='ocrx_word' id='word_1_1152' title='bbox 2298 4847 2478 4901; x_wconf 83' lang='lat' dir='ltr'><strong>ropter</strong></span> <span class='ocrx_word' id='word_1_1153' title='bbox 2503 4847 2735 4900; x_wconf 67' lang='lat' dir='ltr'><strong>prmoam</strong></span> <span class='ocrx_word' id='word_1_1154' title='bbox 2762 4847 2988 4886; x_wconf 76' lang='lat' dir='ltr'><strong>multare</strong></span> <span class='ocrx_word' id='word_1_1155' title='bbox 3006 4872 3023 4898; x_wconf 94' lang='lat'><strong>,</strong></span> <span class='ocrx_word' id='word_1_1156' title='bbox 3054 4847 3328 4901; x_wconf 85' lang='lat' dir='ltr'><strong>peccatum</strong></span> <span class='ocrx_word' id='word_1_1157' title='bbox 3357 4847 3461 4886; x_wconf 82' lang='lat' dir='ltr'><strong>est.</strong></span> <span class='ocrx_word' id='word_1_1158' title='bbox 3490 4847 3600 4885; x_wconf 73' lang='lat' dir='ltr'><strong>nec</strong></span> <span class='ocrx_word' id='word_1_1159' title='bbox 3626 4847 3825 4893; x_wconf 83' lang='lat' dir='ltr'><strong>rempu—</strong></span> 
     </span>
     <span class='ocr_line' id='line_1_151' title="bbox 2259 4847 3830 4971; baseline -0.003 -15"><span class='ocrx_word' id='word_1_1160' title='bbox 2259 4847 2453 4957; x_wconf 60' lang='lat' dir='ltr'><strong>Klicam</strong></span> <span class='ocrx_word' id='word_1_1161' title='bbox 2477 4917 2662 4971; x_wconf 89' lang='lat' dir='ltr'><strong>gerere</strong></span> <span class='ocrx_word' id='word_1_1162' title='bbox 2683 4943 2697 4967; x_wconf 94' lang='lat'><strong>,</strong></span> <span class='ocrx_word' id='word_1_1163' title='bbox 2728 4901 3072 4956; x_wconf 88' lang='lat' dir='ltr'><strong>criminosum</strong></span> <span class='ocrx_word' id='word_1_1164' title='bbox 3094 4909 3177 4957; x_wconf 91' lang='lat' dir='ltr'><strong>est</strong></span> <span class='ocrx_word' id='word_1_1165' title='bbox 3201 4918 3214 4966; x_wconf 90' lang='lat'><strong>;</strong></span> <span class='ocrx_word' id='word_1_1166' title='bbox 3247 4901 3340 4957; x_wconf 88' lang='lat' dir='ltr'><strong>sed</strong></span> <span class='ocrx_word' id='word_1_1167' title='bbox 3373 4901 3497 4956; x_wconf 89' lang='lat' dir='ltr'><strong>ideo</strong></span> <span class='ocrx_word' id='word_1_1168' title='bbox 3524 4913 3686 4971; x_wconf 84' lang='lat' dir='ltr'><strong>agere</strong></span> <span class='ocrx_word' id='word_1_1169' title='bbox 3705 4907 3830 4971; x_wconf 70' lang='lat' dir='ltr'><strong>rem-</strong></span> 
     </span>
    </p>
   </div>
   <div class='ocr_carea' id='block_1_145' title="bbox 2259 4965 3832 5053">
    <p class='ocr_par' dir='ltr' id='par_1_145' title="bbox 2259 4965 3832 5053">
     <span class='ocr_line' id='line_1_152' title="bbox 2259 4965 3832 5053; baseline -0.007 -26"><span class='ocrx_word' id='word_1_1170' title='bbox 2259 4965 2553 5053; x_wconf 74' lang='lat' dir='ltr'><strong>publicam,</strong></span> <span class='ocrx_word' id='word_1_1171' title='bbox 2596 4965 2811 5053; x_wconf 18' lang='lat' dir='ltr'><strong>utuirem‘</strong></span> <span class='ocrx_word' id='word_1_1172' title='bbox 2834 4971 3351 5053; x_wconf 74' lang='lat' dir='ltr'><strong>l‘amiliarempotius</strong></span> <span class='ocrx_word' id='word_1_1173' title='bbox 3378 4965 3610 5053; x_wconf 72' lang='lat' dir='ltr'><strong>augeas,</strong></span> <span class='ocrx_word' id='word_1_1174' title='bbox 3641 4965 3832 5053; x_wconf 74' lang='lat' dir='ltr'><strong>videtur</strong></span> 
     </span>
    </p>
   </div>
   <div class='ocr_carea' id='block_1_146' title="bbox 2219 5035 3830 5112">
    <p class='ocr_par' dir='ltr' id='par_1_146' title="bbox 2219 5035 3830 5112">
     <span class='ocr_line' id='line_1_153' title="bbox 2219 5035 3830 5112; baseline -0.005 -14"><span class='ocrx_word' id='word_1_1175' title='bbox 2219 5045 2224 5057; x_wconf 89' lang='lat'><strong>&#39;</strong></span> <span class='ocrx_word' id='word_1_1176' title='bbox 2260 5035 2379 5098; x_wconf 77' lang='lat' dir='ltr'><strong>esse</strong></span> <span class='ocrx_word' id='word_1_1177' title='bbox 2417 5035 2736 5098; x_wconf 88' lang='lat' dir='ltr'><strong>damnabile.</strong></span> <span class='ocrx_word' id='word_1_1178' title='bbox 2772 5042 3058 5111; x_wconf 85' lang='lat' dir='ltr'><strong>PrOpterea</strong></span> <span class='ocrx_word' id='word_1_1179' title='bbox 3087 5035 3228 5097; x_wconf 79' lang='lat' dir='ltr'><strong>enim</strong></span> <span class='ocrx_word' id='word_1_1180' title='bbox 3257 5035 3830 5112; x_wconf 25' lang='lat' dir='ltr'><strong>providéntia’quadam</strong></span> 
     </span>
    </p>
   </div>
   <div class='ocr_carea' id='block_1_147' title="bbox 2259 5110 3831 5181">
    <p class='ocr_par' dir='ltr' id='par_1_147' title="bbox 2259 5110 3831 5181">
     <span class='ocr_line' id='line_1_154' title="bbox 2259 5110 3831 5181; baseline -0.007 -13"><span class='ocrx_word' id='word_1_1181' title='bbox 2259 5114 2608 5168; x_wconf 88' lang='lat' dir='ltr'><strong>militantibus</strong></span> <span class='ocrx_word' id='word_1_1182' title='bbox 2646 5122 2770 5168; x_wconf 89' lang='lat' dir='ltr'><strong>sunt</strong></span> <span class='ocrx_word' id='word_1_1183' title='bbox 2798 5110 3061 5181; x_wconf 86' lang='lat' dir='ltr'><strong>stipendia</strong></span> <span class='ocrx_word' id='word_1_1184' title='bbox 3089 5110 3373 5168; x_wconf 84' lang='lat' dir='ltr'><strong>constituta</strong></span> <span class='ocrx_word' id='word_1_1185' title='bbox 3401 5129 3416 5175; x_wconf 89' lang='lat'><strong>;</strong></span> <span class='ocrx_word' id='word_1_1186' title='bbox 3451 5127 3518 5167; x_wconf 91' lang='lat' dir='ltr'><strong>ne</strong></span> <span class='ocrx_word' id='word_1_1187' title='bbox 3545 5110 3671 5165; x_wconf 90' lang='lat' dir='ltr'><strong>dum</strong></span> <span class='ocrx_word' id='word_1_1188' title='bbox 3695 5119 3831 5181; x_wconf 67' lang='lat' dir='ltr'><strong>suni-</strong></span> 
     </span>
    </p>
   </div>
   <div class='ocr_carea' id='block_1_148' title="bbox 2260 5175 3834 5254">
    <p class='ocr_par' dir='ltr' id='par_1_148' title="bbox 2260 5175 3834 5254">
     <span class='ocr_line' id='line_1_155' title="bbox 2260 5175 3834 5254; baseline -0.008 -14"><span class='ocrx_word' id='word_1_1189' title='bbox 2260 5194 2380 5254; x_wconf 87' lang='lat' dir='ltr'><strong>ptus</strong></span> <span class='ocrx_word' id='word_1_1190' title='bbox 2417 5185 2702 5254; x_wconf 66' lang='lat' dir='ltr'><strong>quaeritur,</strong></span> <span class='ocrx_word' id='word_1_1191' title='bbox 2753 5175 2931 5252; x_wconf 65' lang='lat' dir='ltr'><strong>priedo</strong></span> <span class='ocrx_word' id='word_1_1192' title='bbox 2967 5193 3256 5254; x_wconf 82' lang='lat' dir='ltr'><strong>grassetur.</strong></span> <span class='ocrx_word' id='word_1_1193' title='bbox 3299 5181 3434 5237; x_wconf 91' lang='lat' dir='ltr'><strong>Illud</strong></span> <span class='ocrx_word' id='word_1_1194' title='bbox 3477 5191 3654 5254; x_wconf 81' lang='lat' dir='ltr'><strong>autem</strong></span> <span class='ocrx_word' id='word_1_1195' title='bbox 3692 5175 3834 5248; x_wconf 86' lang='lat' dir='ltr'><strong>quale</strong></span> 
     </span>
    </p>
   </div>
   <div class='ocr_carea' id='block_1_149' title="bbox 2259 5251 3831 5326">
    <p class='ocr_par' dir='ltr' id='par_1_149' title="bbox 2259 5251 3831 5326">
     <span class='ocr_line' id='line_1_156' title="bbox 2259 5251 3831 5326; baseline -0.006 -16"><span class='ocrx_word' id='word_1_1196' title='bbox 2259 5251 2342 5310; x_wconf 78' lang='lat' dir='ltr'><strong>est</strong></span> <span class='ocrx_word' id='word_1_1197' title='bbox 2372 5251 2511 5325; x_wconf 79' lang='lat' dir='ltr'><strong>quod</strong></span> <span class='ocrx_word' id='word_1_1198' title='bbox 2538 5271 2657 5309; x_wconf 89' lang='lat' dir='ltr'><strong>cum</strong></span> <span class='ocrx_word' id='word_1_1199' title='bbox 2701 5251 2769 5308; x_wconf 86' lang='lat' dir='ltr'><strong>ob</strong></span> <span class='ocrx_word' id='word_1_1200' title='bbox 2812 5251 3071 5326; x_wconf 9' lang='lat' dir='ltr'><strong>errorem,</strong></span> <span class='ocrx_word' id='word_1_1201' title='bbox 3096 5254 3324 5326; x_wconf 88' lang='lat' dir='ltr'><strong>aliquem</strong></span> <span class='ocrx_word' id='word_1_1202' title='bbox 3352 5269 3382 5306; x_wconf 92' lang='lat' dir='ltr'><strong>a</strong></span> <span class='ocrx_word' id='word_1_1203' title='bbox 3419 5251 3717 5326; x_wconf 80' lang='lat' dir='ltr'><strong>senioribus</strong></span> <span class='ocrx_word' id='word_1_1204' title='bbox 3753 5260 3831 5326; x_wconf 64' lang='lat' dir='ltr'><strong>ar-</strong></span> 
     </span>
    </p>
   </div>
   <div class='ocr_carea' id='block_1_150' title="bbox 2259 5319 3832 5398">
    <p class='ocr_par' dir='ltr' id='par_1_150' title="bbox 2259 5319 3832 5398">
     <span class='ocr_line' id='line_1_157' title="bbox 2259 5319 3832 5398; baseline -0.008 -17"><span class='ocrx_word' id='word_1_1205' title='bbox 2259 5319 2510 5398; x_wconf 76' lang='lat' dir='ltr'><strong>guuntur,</strong></span> <span class='ocrx_word' id='word_1_1206' title='bbox 2537 5336 2589 5380; x_wconf 89' lang='lat' dir='ltr'><strong>et</strong></span> <span class='ocrx_word' id='word_1_1207' title='bbox 2611 5327 2897 5396; x_wconf 88' lang='lat' dir='ltr'><strong>imputatur</strong></span> <span class='ocrx_word' id='word_1_1208' title='bbox 2924 5325 3078 5380; x_wconf 88' lang='lat' dir='ltr'><strong>alicui</strong></span> <span class='ocrx_word' id='word_1_1209' title='bbox 3103 5325 3171 5380; x_wconf 90' lang='lat' dir='ltr'><strong>de</strong></span> <span class='ocrx_word' id='word_1_1210' title='bbox 3187 5319 3298 5380; x_wconf 80' lang='lat' dir='ltr'><strong>illis</strong></span> <span class='ocrx_word' id='word_1_1211' title='bbox 3324 5339 3424 5379; x_wconf 91' lang='lat' dir='ltr'><strong>cur</strong></span> <span class='ocrx_word' id='word_1_1212' title='bbox 3450 5323 3629 5379; x_wconf 88' lang='lat' dir='ltr'><strong>ebrius</strong></span> <span class='ocrx_word' id='word_1_1213' title='bbox 3653 5319 3832 5381; x_wconf 79' lang='lat' dir='ltr'><strong>fuerit,</strong></span> 
     </span>
    </p>
   </div>
   <div class='ocr_carea' id='block_1_151' title="bbox 2323 5415 3079 5481">
    <p class='ocr_par' dir='ltr' id='par_1_151' title="bbox 2323 5415 3079 5481">
     <span class='ocr_line' id='line_1_158' title="bbox 2323 5415 3079 5481; baseline 0.003 -15"><span class='ocrx_word' id='word_1_1214' title='bbox 2323 5419 2341 5450; x_wconf 78' lang='grc' dir='ltr'>ί</span> <span class='ocrx_word' id='word_1_1215' title='bbox 2370 5425 2419 5467; x_wconf 90' lang='lat' dir='ltr'><strong>ln</strong></span> <span class='ocrx_word' id='word_1_1216' title='bbox 2440 5426 2546 5468; x_wconf 80' lang='lat' dir='ltr'><strong>Mss.</strong></span> <span class='ocrx_word' id='word_1_1217' title='bbox 2572 5416 2838 5481; x_wconf 87' lang='lat' dir='ltr'><strong>plerisque,</strong></span> <span class='ocrx_word' id='word_1_1218' title='bbox 2859 5415 3079 5480; x_wconf 82' lang='lat' dir='ltr'><strong>proinde.</strong></span> 
     </span>
    </p>
   </div>
   <div class='ocr_carea' id='block_1_152' title="bbox 2323 5481 3682 5546">
    <p class='ocr_par' dir='ltr' id='par_1_152' title="bbox 2323 5481 3682 5546">
     <span class='ocr_line' id='line_1_159' title="bbox 2323 5481 3682 5546; baseline 0 0"><span class='ocrx_word' id='word_1_1219' title='bbox 2323 5481 2394 5546; x_wconf 68' lang='lat'><strong>((1)</strong></span> <span class='ocrx_word' id='word_1_1220' title='bbox 2426 5485 2660 5546; x_wconf 46' lang='lat' dir='ltr'><strong>FQNeiil-</strong></span> <span class='ocrx_word' id='word_1_1221' title='bbox 2770 5544 2813 5546; x_wconf 48' lang='grc' dir='ltr'>η</span> <span class='ocrx_word' id='word_1_1222' title='bbox 2982 5543 2990 5546; x_wconf 85' lang='grc'><strong>.</strong></span> <span class='ocrx_word' id='word_1_1223' title='bbox 3028 5538 3039 5546; x_wconf 95' lang='grc'><em>.</em></span> <span class='ocrx_word' id='word_1_1224' title='bbox 3079 5540 3125 5546; x_wconf 71' lang='lat'><strong>_-</strong></span> <span class='ocrx_word' id='word_1_1225' title='bbox 3404 5541 3414 5546; x_wconf 84' lang='lat'><strong>-</strong></span> <span class='ocrx_word' id='word_1_1226' title='bbox 3653 5534 3682 5546; x_wconf 88' lang='lat'><strong>..</strong></span> 
     </span>
    </p>
   </div>
   <div class='ocr_carea' id='block_1_153' title="bbox 2345 5482 3809 5668">
    <p class='ocr_par' dir='ltr' id='par_1_153' title="bbox 2345 5482 3809 5668">
     <span class='ocr_line' id='line_1_160' title="bbox 2345 5482 3809 5668; baseline -0.007 -77"><span class='ocrx_word' id='word_1_1227' title='bbox 2345 5482 2395 5668; x_wconf 51' lang='lat' dir='ltr'><strong>iii</strong></span> <span class='ocrx_word' id='word_1_1228' title='bbox 2426 5485 2660 5603; x_wconf 50' lang='lat' dir='ltr'><strong>giii‘i’ié’</strong></span> <span class='ocrx_word' id='word_1_1229' title='bbox 2675 5544 2843 5592; x_wconf 91' lang='lat' dir='ltr'><strong>verbis</strong></span> <span class='ocrx_word' id='word_1_1230' title='bbox 2864 5538 3047 5592; x_wconf 86' lang='lat' dir='ltr'><strong>Domini</strong></span> <span class='ocrx_word' id='word_1_1231' title='bbox 3071 5540 3156 5603; x_wconf 78' lang='lat' dir='ltr'><strong>l9;</strong></span> <span class='ocrx_word' id='word_1_1232' title='bbox 3177 5548 3229 5592; x_wconf 90' lang='lat' dir='ltr'><strong>et</strong></span> <span class='ocrx_word' id='word_1_1233' title='bbox 3251 5546 3376 5604; x_wconf 85' lang='lat' dir='ltr'><strong>post,</strong></span> <span class='ocrx_word' id='word_1_1234' title='bbox 3401 5541 3454 5590; x_wconf 91' lang='lat' dir='ltr'><strong>in</strong></span> <span class='ocrx_word' id='word_1_1235' title='bbox 3476 5534 3743 5609; x_wconf 79' lang='lat' dir='ltr'><strong>Appendice</strong></span> <span class='ocrx_word' id='word_1_1236' title='bbox 3761 5529 3809 5602; x_wconf 52' lang='grc' dir='ltr'>δι</span> 
     </span>
     <span class='ocr_line' id='line_1_161' title="bbox 2346 5603 3809 5668; baseline -0.008 -14"><span class='ocrx_word' id='word_1_1237' title='bbox 2346 5618 2372 5654; x_wconf 91' lang='lat' dir='ltr'><strong>c</strong></span> <span class='ocrx_word' id='word_1_1238' title='bbox 2427 5607 2614 5655; x_wconf 85' lang='lat' dir='ltr'><strong>Pridem</strong></span> <span class='ocrx_word' id='word_1_1239' title='bbox 2635 5607 2850 5667; x_wconf 70' lang='lat' dir='ltr'><strong>reiectus</strong></span> <span class='ocrx_word' id='word_1_1240' title='bbox 2871 5617 2900 5654; x_wconf 89' lang='lat' dir='ltr'><strong>a</strong></span> <span class='ocrx_word' id='word_1_1241' title='bbox 2921 5604 3294 5668; x_wconf 86' lang='lat' dir='ltr'><strong>Levaniensibus</strong></span> <span class='ocrx_word' id='word_1_1242' title='bbox 3306 5603 3415 5668; x_wconf 81' lang='lat' dir='ltr'><strong>fuit,</strong></span> <span class='ocrx_word' id='word_1_1243' title='bbox 3434 5603 3522 5664; x_wconf 86' lang='lat' dir='ltr'><strong>qui</strong></span> <span class='ocrx_word' id='word_1_1244' title='bbox 3539 5606 3722 5668; x_wconf 67' lang='lat' dir='ltr'><strong>Mame</strong></span> <span class='ocrx_word' id='word_1_1245' title='bbox 3740 5604 3809 5668; x_wconf 75' lang='lat' dir='ltr'><strong>cpt</strong></span> 
     </span>
    </p>
   </div>
   <div class='ocr_carea' id='block_1_154' title="bbox 2323 5545 3834 5668">
    <p class='ocr_par' dir='ltr' id='par_1_154' title="bbox 2323 5545 3834 5668">
     <span class='ocr_line' id='line_1_162' title="bbox 2345 5545 3809 5606; baseline -0.007 -15"><span class='ocrx_word' id='word_1_1246' title='bbox 2345 5545 2371 5591; x_wconf 88' lang='lat' dir='ltr'><strong>b</strong></span> <span class='ocrx_word' id='word_1_1247' title='bbox 2426 5545 2564 5603; x_wconf 89' lang='lat' dir='ltr'><strong>olim,</strong></span> <span class='ocrx_word' id='word_1_1248' title='bbox 2587 5545 2651 5593; x_wconf 92' lang='lat' dir='ltr'><strong>de</strong></span> <span class='ocrx_word' id='word_1_1249' title='bbox 2675 5545 2843 5592; x_wconf 91' lang='lat' dir='ltr'><strong>verbis</strong></span> <span class='ocrx_word' id='word_1_1250' title='bbox 2864 5545 3047 5592; x_wconf 81' lang='lat' dir='ltr'><strong>Domini</strong></span> <span class='ocrx_word' id='word_1_1251' title='bbox 3071 5545 3156 5603; x_wconf 73' lang='lat'><strong>19;</strong></span> <span class='ocrx_word' id='word_1_1252' title='bbox 3177 5548 3229 5592; x_wconf 90' lang='lat' dir='ltr'><strong>et</strong></span> <span class='ocrx_word' id='word_1_1253' title='bbox 3251 5546 3376 5604; x_wconf 85' lang='lat' dir='ltr'><strong>post,</strong></span> <span class='ocrx_word' id='word_1_1254' title='bbox 3401 5545 3454 5590; x_wconf 88' lang='lat' dir='ltr'><strong>in</strong></span> <span class='ocrx_word' id='word_1_1255' title='bbox 3476 5545 3743 5606; x_wconf 79' lang='lat' dir='ltr'><strong>Appenmce</strong></span> <span class='ocrx_word' id='word_1_1256' title='bbox 3762 5545 3809 5602; x_wconf 63' lang='grc' dir='ltr'><strong>οἶ</strong></span> 
     </span>
     <span class='ocr_line' id='line_1_163' title="bbox 2323 5545 3834 5668; baseline -0.006 -14"><span class='ocrx_word' id='word_1_1257' title='bbox 2323 5545 2395 5668; x_wconf 56' lang='lat' dir='ltr'><strong>ici</strong></span> <span class='ocrx_word' id='word_1_1258' title='bbox 2427 5607 2614 5655; x_wconf 85' lang='lat' dir='ltr'><strong>Pridem</strong></span> <span class='ocrx_word' id='word_1_1259' title='bbox 2635 5607 2850 5667; x_wconf 70' lang='lat' dir='ltr'><strong>reiectus</strong></span> <span class='ocrx_word' id='word_1_1260' title='bbox 2871 5617 2900 5654; x_wconf 89' lang='lat' dir='ltr'><strong>a</strong></span> <span class='ocrx_word' id='word_1_1261' title='bbox 2921 5604 3294 5668; x_wconf 86' lang='lat' dir='ltr'><strong>Levaniensibus</strong></span> <span class='ocrx_word' id='word_1_1262' title='bbox 3306 5603 3415 5668; x_wconf 81' lang='lat' dir='ltr'><strong>fuit,</strong></span> <span class='ocrx_word' id='word_1_1263' title='bbox 3434 5603 3522 5664; x_wconf 86' lang='lat' dir='ltr'><strong>qui</strong></span> <span class='ocrx_word' id='word_1_1264' title='bbox 3539 5599 3722 5668; x_wconf 68' lang='lat' dir='ltr'><strong>Maximi</strong></span> <span class='ocrx_word' id='word_1_1265' title='bbox 3740 5604 3834 5668; x_wconf 66' lang='lat' dir='ltr'><strong>ept-</strong></span> 
     </span>
    </p>
   </div>
   <div class='ocr_carea' id='block_1_155' title="bbox 2260 5662 3834 5728">
    <p class='ocr_par' dir='ltr' id='par_1_155' title="bbox 2260 5662 3834 5728">
     <span class='ocr_line' id='line_1_164' title="bbox 2260 5662 3834 5728; baseline -0.005 -11"><span class='ocrx_word' id='word_1_1266' title='bbox 2260 5662 2393 5728; x_wconf 84' lang='lat' dir='ltr'><strong>scopi</strong></span> <span class='ocrx_word' id='word_1_1267' title='bbox 2416 5681 2528 5717; x_wconf 91' lang='lat' dir='ltr'><strong>esse</strong></span> <span class='ocrx_word' id='word_1_1268' title='bbox 2549 5704 2563 5727; x_wconf 94' lang='lat'><strong>,</strong></span> <span class='ocrx_word' id='word_1_1269' title='bbox 2588 5681 2643 5717; x_wconf 88' lang='lat' dir='ltr'><strong>ac</strong></span> <span class='ocrx_word' id='word_1_1270' title='bbox 2663 5662 2788 5717; x_wconf 77' lang='lat' dir='ltr'><strong>inter</strong></span> <span class='ocrx_word' id='word_1_1271' title='bbox 2810 5667 3145 5728; x_wconf 76' lang='lat' dir='ltr'><strong>Ambrosianus</strong></span> <span class='ocrx_word' id='word_1_1272' title='bbox 3179 5665 3388 5728; x_wconf 85' lang='lat' dir='ltr'><strong>reperiri</strong></span> <span class='ocrx_word' id='word_1_1273' title='bbox 3429 5662 3834 5728; x_wconf 57' lang='lat' dir='ltr'><strong>monuerunt.__A|§&#39;</strong></span> 
     </span>
    </p>
   </div>
   <div class='ocr_carea' id='block_1_156' title="bbox 2244 5720 3832 5794">
    <p class='ocr_par' dir='ltr' id='par_1_156' title="bbox 2244 5720 3832 5794">
     <span class='ocr_line' id='line_1_165' title="bbox 2244 5720 3832 5794; baseline -0.006 -15"><span class='ocrx_word' id='word_1_1274' title='bbox 2244 5720 2456 5794; x_wconf 59' lang='lat' dir='ltr'><strong>gus&#39;tino</strong></span> <span class='ocrx_word' id='word_1_1275' title='bbox 2477 5732 2533 5794; x_wconf 84' lang='lat' dir='ltr'><strong>in</strong></span> <span class='ocrx_word' id='word_1_1276' title='bbox 2548 5720 2882 5794; x_wconf 73' lang='lat' dir='ltr'><strong>inanuset&#39;iptis</strong></span> <span class='ocrx_word' id='word_1_1277' title='bbox 2902 5727 3217 5794; x_wconf 16' lang='lat' dir='ltr'><strong>beneimultis</strong></span> <span class='ocrx_word' id='word_1_1278' title='bbox 3241 5720 3525 5794; x_wconf 70' lang='lat' dir='ltr'><strong>constanter</strong></span> 
     </span>
    </p>
   </div>
   <div class='ocr_carea' id='block_1_157' title="bbox 2260 5783 3832 5862">
    <p class='ocr_par' dir='ltr' id='par_1_157' title="bbox 2260 5783 3832 5862">
     <span class='ocr_line' id='line_1_166' title="bbox 2260 5783 3832 5862; baseline -0.007 -22"><span class='ocrx_word' id='word_1_1279' title='bbox 2260 5783 2402 5841; x_wconf 60' lang='lat' dir='ltr'><strong>certe</strong></span> <span class='ocrx_word' id='word_1_1280' title='bbox 2424 5793 2620 5862; x_wconf 81' lang='lat' dir='ltr'><strong>quidem</strong></span> <span class='ocrx_word' id='word_1_1281' title='bbox 2643 5805 2740 5842; x_wconf 84' lang='lat' dir='ltr'><strong>non</strong></span> <span class='ocrx_word' id='word_1_1282' title='bbox 2775 5783 2834 5842; x_wconf 75' lang='lat' dir='ltr'><strong>ad</strong></span> <span class='ocrx_word' id='word_1_1283' title='bbox 2858 5791 3168 5856; x_wconf 80' lang='lat' dir='ltr'><strong>Augustinum</strong></span> <span class='ocrx_word' id='word_1_1284' title='bbox 3184 5825 3199 5856; x_wconf 88' lang='lat'><strong>,</strong></span> <span class='ocrx_word' id='word_1_1285' title='bbox 3222 5789 3311 5841; x_wconf 87' lang='lat' dir='ltr'><strong>sed</strong></span> <span class='ocrx_word' id='word_1_1286' title='bbox 3337 5788 3466 5840; x_wconf 76' lang='lat' dir='ltr'><strong>forte</strong></span> <span class='ocrx_word' id='word_1_1287' title='bbox 3499 5798 3593 5837; x_wconf 88' lang='lat' dir='ltr'><strong>nec</strong></span> <span class='ocrx_word' id='word_1_1288' title='bbox 3617 5783 3673 5834; x_wconf 87' lang='lat' dir='ltr'><strong>ad</strong></span> <span class='ocrx_word' id='word_1_1289' title='bbox 3707 5783 3832 5830; x_wconf 75' lang='lat' dir='ltr'><strong>Itan-</strong></span> 
     </span>
    </p>
   </div>
   <div class='ocr_carea' id='block_1_158' title="bbox 2260 5861 3344 5918">
    <p class='ocr_par' dir='ltr' id='par_1_158' title="bbox 2260 5861 3344 5918">
     <span class='ocr_line' id='line_1_167' title="bbox 2260 5861 3344 5918; baseline -0.006 -8"><span class='ocrx_word' id='word_1_1290' title='bbox 2260 5866 2394 5910; x_wconf 86' lang='lat' dir='ltr'><strong>mum</strong></span> <span class='ocrx_word' id='word_1_1291' title='bbox 2409 5861 2640 5918; x_wconf 74' lang='lat' dir='ltr'><strong>pertinet.</strong></span> <span class='ocrx_word' id='word_1_1292' title='bbox 3337 5880 3344 5886; x_wconf 90' lang='lat'><strong><em>-</em></strong></span> 
     </span>
    </p>
   </div>
  </div>
