4156 6374
333 351 474 408 1909

329 469 471 533 vive,
515 473 569 519 ut
615 460 849 536 quotidie
895 460 1150 536 merearis
1189 461 1450 531 accipere.
1495 461 1592 529 Qui
1645 475 1749 522 non
1795 474 1911 512 me-

331 549 480 594 retur
528 533 764 605 quotidie
806 533 1069 605 accipere,
1111 545 1250 605 non_
1269 542 1506 605 meretur
1533 540 1670 605 post
1718 544 1914 605 annum

330 599 592 674 accipere.
638 599 936 674 Quomodo'
964 611 1178 674 sanctus
1224 600 1613 674 Jobqnotidie
1649 616 1745 674 pro
1797 599 1915 674 tiliis

331 671 588 734 offerebat
631 673 974 735 sacrificium,
1007 687 1074 726 ne
1119 673 1255 725 forte
1302 672 1494 739 aliquid
1538 673 1619 725 vel
1669 673 1719 724 in
1753 671 1915 724 corde

335 752 414 803 vel
444 750 493 802 in
525 761 770 800 sermone
798 751 1121 811 peccassent.
1166 743 1302 811 Ergo
1330 752 1386 795 tu
1415 744 1584 807 audis,
1618 744 1756 810 quod
1782 756 1913 808 quo-

333 821 662 880 tiescumque
693 815 910 868 oli'ertnr
939 814 1276 871 sacriﬁcium,
1309 830 1452 865 mors
1482 815 1707 876 Domini,
1739 828 1916 865 resur-

331 891 500 946 rectio
554 887 782 948 Domini,
823 886 1047 939 elevatio
1100 884 1303 936 Domini
1354 885 1698 950 signittcetnr,
1730 893 1781 934 ιιι
1827 898 1914 935 re-

330 962 518 1015 missio
569 969 939 1027 peccatorum.
988 963 1041 1008 et
1091 971 1274 1027 panem
1322 956 1481 1027 istum
1541 955 1659 1027 vita:
1723 964 1916 1006 nostra:

332 1025 731 1102 quotidianum’
777 1025 1212 1102 ιιοῐι--τιςςιιιιιὶςῗ⁸
1234 1026 1339 1102 Qui
1371 1027 1561 1102 thlllllS
1591 1025 1770 1084 habet,
1807 1039 1916 1074 me-

330 1095 564 1157 dicinam
615 1099 848 1152 requirit.
885 1095 1084 1149 Vulnus.
1124 1109 1223 1160 cst,
1256 1098 1374 1165 quia
1419 1099 1517 1146 sub
1565 1107 1777 1163 peccato
1823 1109 1915 1146 su—

332 1189 490 1226 mus:
523 1172 779 1224 medicina
816 1178 893 1222 est
925 1169 1139 1222 cmlesto
1184 1179 1230 1220 ct
1267 1169 1562 1221 venerabile
1605 1166 1918 1219 Sacramen-

311 1253 468 1297 -tum.
525 1242 717 1294 Pttttt’m
769 1250 993 1292 nostrum
1053 1238 1395 1304 quotidianum
1440 1237 1504 1290 da
1555 1237 1695 1290 nobis
1747 1235 1912 1288 hodie.

331 1315 581 1382 Quotidie
613 1314 654 1364 si
681 1311 896 1379 accipis,
920 1309 1154 1382 quotidie
1187 1310 1274 1360 tibi
1310 1307 1464 1382 hodie
1491 1319 1591 1362 est.
1617 1308 1731 1382 Tibi
1761 1307 1916 1382 hodie

332 1376 416 1437 est
446 1384 709 1442 Christus,
741 1376 830 1433 tibi
862 1376 1092 1443 quotidie
1121 1379 1368 1446 resurgit.
1399 1379 1712 1443 Quomodo?
1756 1376 1916 1430 Filius

332 1471 475 1507 meus
498 1471 549 1507 es
578 1465 650 1508 tu.
683 1469 771 1519 ego
803 1452 947 1502 hodie
979 1450 1124 1516 acnni
1153 1460 1196 1500 te
1223 1449 1389 1512 (l’sal.
1421 1466 1474 1511 ιι,
1509 1451 1585 1519 7).
1619 1449 1912 1519 Ιιιιόὶιχοει,

331 1526 548 1592 quando
568 1512 810 1576 Christus
839 1512 1083 1588 resurgit.
1113 1519 1236 1572 Heri
1262 1530 1306 1572 et
1338 1520 1484 1572 hodie
1511 1512 1617 1586 ipse
1645 1512 1912 1592 cst(llt'_br.

332 1589 452 1654 itu,
477 1596 554 1663 8),
587 1593 780 1646 Paulus
823 1591 1095 1659 apostolus
1135 1593 1224 1663 ait.
1276 1591 1376 1642 Sed
1402 1601 1450 1643 et
1470 1593 1602 1663 _a_libi
1622 1593 1766 1658 dicit,
1796 1589 1917 1663 Non:

354 1661 590 1718 'rtm'cSSit
618 1707 630 1725 ,
662 1663 764 1716 dies
793 1671 956 1715 autem
1009 1661 1429 1728 appropinquavit
1459 1661 1632 1732 (Rana.
1664 1680 1775 1724 xm,
1805 1661 1912 1728 12).

354 1683 590 1718 ΤίΥίὌδδη
618 1707 630 1725 ,
662 1683 764 1716 mes
793 1683 956 1715 (ιιιιίξηι
1009 1683 1428 1728 appropinquavit
1459 1683 1632 1732 μιοηι.
1665 1683 1775 1724 XIII,
1805 1683 1912 1728 12).

327 1683 446 1789 ilus
469 1737 709 1789 hesterna
725 1732 1133 1803 pra'cessitalies
1153 1732 1439 1785 hodiernus
1457 1733 1912 1803 appropinquavit.

401 1807 460 1858 4.
492 1807 620 1858 Aliis
665 1801 1030 1862 dimittendum,
1071 1811 1124 1853 ut
1159 1804 1304 1854 nobis
1353 1803 1568 1855 dimittat
1616 1801 1768 1858 Deus.
1819 1801 1916 1867 Qui

329 1893 381 1932 se
426 1875 536 1928 1)ρο
575 1876 816 1928 εοηιιιιὶιὶι
845 1876 894 1926 in
947 1872 1313 1928 tentutionibus.
1339 1873 1594 1926 diabolum
1637 1892 1733 1927 non
1757 1875 1911 1927 timet.

330 1948 629 2015 Sequitur,
678 1947 737 1997 lit
778 1946 973 1997 diuntte
1024 1943 1163 1996 nobis
1219 1944 1381 1996 debila
1438 1955 1638 2009 nostra,
1695 1947 1821 1998 sicut
1872 1952 1916 1999 et

330 2034 422 2070 nos
447 2019 741 2068 dimittimus
768 2015 1068 2067 debitoribus
1114 2017 1313 2067 uestris.
1369 2015 1610 2068 Dehitum
1647 2016 1768 2081 quid
1801 2024 1912 2077 est.

328 2089 430 2140 nisi
485 2087 795 2154 peccatum?
851 2089 986 2154 tirgo
1039 2085 1083 2138 si
1139 2100 1240 2137 non
1289 2086 1585 2153 accepisses
1637 2087 1792 2140 alieni
1839 2087 1915 2139 fe-

329 2161 481 2210 noris
526 2159 831 2225 pecuniam,
878 2173 981 2209 non
1023 2171 1243 2224 egeres:
1278 2164 1331 2208 et
1357 2157 1475 2208 ideo
1519 2167 1790 2225 peccatum
1826 2157 1915 2211 tibi

330 2230 644 2296 imputatur.
679 2228 911 2281 llahuisti
941 2227 1239 2295 pecuiniam,
1268 2241 1386 2280 cum
1417 2243 1518 2295 qua
1554 2228 1700 2282 dives
1732 2243 1915 2282 nasce~

331 2301 490 2352 reris.
523 2300 676 2352 Dives
705 2313 852 2361 cras,
895 2297 959 2350 ad
999 2298 1278 2365 imaginem
1311 2299 1398 2350 Dei
1429 2308 1481 2351 et
1522 2297 1917 2353 similitudinem

331 2369 540 2428 factus;
575 2370 845 2437 perdidisti
876 2369 1013 2436 quod
1048 2368 1279 2420 habebas
1301 2411 1314 2432 ,
1363 2367 1464 2421 hoc
1500 2378 1614 2434 est,
1649 2369 1918 2423 humilita-

333 2453 440 2494 tem
472 2459 485 2494 :
513 2440 638 2492 dum
671 2441 1024 2505 arrogantiam
1052 2441 1072 2469 ²
1100 2439 1371 2492 desideras
1402 2438 1670 2493 vindicare
1691 2482 1705 2502 ,
1739 2440 1916 2508 perdi—

331 2511 458 2565 disti
492 2511 784 2578 pecuniam.
813 2511 959 2562 Sicut
986 2507 1148 2562 Adam
1173 2509 1344 2561 nudus
1366 2524 1424 2564 es
1452 2509 1637 2572 factus,
1668 2511 1917 2581 accepisti

332 2597 358 2634 a
405 2583 622 2634 diabolo
660 2581 930 2644 debitmn,
963 2581 1102 2649 quod
1132 2597 1234 2632 non
1279 2589 1394 2632 erat
1437 2584 1792 2636 necessarium
1825 2600 1836 2634 :
1866 2590 1920 2637 et

333 2652 466 2705 ideo
498 2653 586 2722 qui
615 2667 732 2705 eras
766 2652 896 2703 liber
926 2652 976 2704 in
1009 2651 1234 2711 (,lhrislo,
1278 2651 1480 2704 debitor
1520 2650 1688 2704 factus
1713 2668 1771 2708 es
1808 2652 1911 2708 dia.

335 2723 478 2778 bolo.
518 2721 837 2776 Cantium-tn
889 2730 1029 2774 tuam
1081 2721 1288 2774 tenebat
1335 2722 1616 2776 inimicus:
1664 2724 1754 2775 St‘tl
1801 2739 1918 2778 eam

333 2793 596 2846 Dominus
616 2793 894 2855 crucilivit,
929 2802 979 2845 et
1009 2808 1103 2845 suo
1124 2809 1310 2845 cruore
1330 2791 1555 2856 delevit;
1589 2793 1807 2847 abstulit
1829 2795 1922 2849 de-

333 2864 506 2916 bitum
537 2873 718 2922 tuum,
750 2863 977 2915 reddidit
1010 2864 1324 2915 libertatem.
1359 2863 1498 2915 Bene
1539 2879 1664 2933 ergo
1689 2865 1790 2926 ait,
1827 2864 1920 2919 Di-

332 2937 476 2986 mitte
501 2936 642 2986 nobis
673 2933 834 2986 debita
861 2945 1061 2990 nostra.
1094 2935 1217 2987 sicut
1261 2946 1303 2984 et
1334 2951 1421 2985 nos
1453 2934 1745 2989 dimittimus
1784 2937 1924 2991 debi-

335 2999 529 3057 toribus
554 3005 756 3084 nostris.
787 3005 1061 3084 Videquiil
1084 3005 1246 3084 dicas.
1275 3004 1552 3084 Quomodo
1573 3021 1670 3073 ego
1691 3006 1919 3084 dimitto,

335 3077 414 3128 sic.
442 3087 494 3127 et
523 3085 574 3130 tu
605 3075 810 3129 dimitte
838 3075 983 3129 mihi.
1010 3076 1063 3130 Si
1095 3076 1383 3139 dimiseris,
1407 3077 1543 3130 bene
1569 3078 1835 3139 convenit,
1867 3087 1924 3134 ut

335 3144 640 3199 dimittatur
668 3147 759 3199 tibi
788 3165 800 3200 :
834 3148 874 3197 si
907 3162 1010 3199 non
1059 3146 1278 3198 dimittis
1298 3188 1312 3212 ,
1342 3147 1608 3216 quomodo
1635 3164 1756 3203 eum
1795 3164 1924 3204 con-

335 3217 529 3270 venis?
562 3215 630 3270 Et
667 3233 729 3271 ne
755 3217 964 3286 patiaris
1003 3235 1100 3289 nos
1132 3217 1302 3289 induci
1341 3215 1390 3270 in
1421 3218 1742 3289 tentationem
1772 3236 1925 3289 quam

337 3289 472 3360 ferre
497 3304 596 3340 non
635 3304 896 3357 possumus
924 3302 942 3340 :
969 3288 1056 3340 sed
1085 3287 1237 3339 libera
1273 3304 1361 3360 nos
1387 3305 1417 3339 a
1452 3289 1603 3360 malo.
1636 3287 1767 3344 Vide
1783 3287 1924 3360 quid

338 3359 504 3421 dicat,
537 3375 688 3429 quam
711 3363 840 3428 ferre
867 3375 965 3410 non
991 3375 1269 3427 possumus.
1303 3358 1414 3412 Non
1445 3358 1594 3424 dicit,
1626 3359 1740 3413 Non
1773 3358 1926 3416 indu-

339 3443 431 3482 cas
460 3445 559 3482 nos
599 3430 649 3481 in
682 3430 1060 3491 tentatioacm;
1092 3429 1182 3482 sed
1224 3432 1370 3498 quasi
1400 3431 1592 3484 athleta
1625 3431 1782 3484 talem
1814 3433 1926 3488 vult

339 3501 689 3554 tentationem
709 3542 724 3564 ,
755 3515 910 3567 quam
942 3500 1077 3554 ferre
1116 3501 1281 3568 possit
1317 3500 1541 3554 lnunaua
1578 3502 1845 3570 conditio,
1874 3514 1928 3558 et

337 3572 710 3644 unusquisque
740 3581 849 3644 ttl_a
883 3570 1034 3636 malo,
1063 3571 1165 3624 hoc
1194 3580 1294 3635 est,
1319 3571 1383 3644 ab
1407 3571 1640 3638 inimico,
1664 3585 1715 3626 et
1745 3589 1772 3626 a
1801 3590 1927 3644 pec-

339 3651 462 3698 cato
495 3641 765 3694 liberetur.
793 3641 988 3695 Potens
1011 3652 1086 3695 cst
1116 3650 1288 3694 autem
1316 3643 1571 3697 Dominus
1593 3645 1684 3712 qui
1709 3641 1928 3700 abstulit

340 3723 622 3781 peceatum
653 3721 920 3776 vestrum,
951 3722 1002 3766 et
1027 3713 1216 3765 delicta
1245 3722 1415 3766 vestra
1445 3713 1690 3780 donavit,
1718 3716 1850 3768 tueri
1875 3725 1928 3771 et

340 3783 617 3836 custodire
644 3798 736 3836 vos
765 3784 1044 3836 adversum
1077 3783 1268 3837 diaboli
1305 3784 1635 3840 adversantis
1675 3785 1923 3850 insidias;

341 3863 402 3906 ut
436 3869 540 3906 non
569 3855 717 3925 vobis
757 3855 977 3925 obrepat
1005 3854 1276 3916 inimicus,
1306 3855 1391 3925 qui
1418 3855 1627 3924 Culpam
1671 3872 1928 3925 generare

341 3926 644 3978 consuevit.
689 3923 790 3980 Sed
820 3924 907 3987 qui
939 3927 1044 3978 Deo
1079 3940 1136 3978 se
1168 3923 1478 3987 conunittit,
1508 3923 1775 3981 diabolum
1822 3944 1926 3983 non

345 3943 644 3978 consuevn.
689 3943 790 3980 aeu
820 3943 832 3974 ι
857 3943 907 3977 ιιι
940 3943 1044 3978 nco
1079 3943 1136 3978 sc
1168 3943 1478 3987 conunutu,
1508 3943 1775 3981 manorum
1822 3944 1925 3983 non

345 3994 618 4069 timet_:_si
653 3996 790 4069 enim
836 3943 972 4069 Deus
999 4011 1094 4064 pro
1125 3995 1297 4069 nobis,
1325 3997 1441 4065 quis
1481 4007 1663 4069 contra
1690 4013 1786 4052 nos
1816 3997 1925 4069 (Id.

342 4080 460 4127 vui.
489 4065 622 4135 Si)?
654 4065 752 4136 Ipsi
775 4081 898 4136 ergo
922 4066 1034 4120 laus
1065 4075 1115 4119 et
1136 4067 1301 4134 gloria
1329 4084 1356 4118 a
1380 4068 1606 4133 smenlis,
1638 4077 1690 4122 et
1710 4065 1848 4126 nunc
1876 4077 1932 4125 et

342 4149 580 4208 semper,
608 4145 662 4192 et
684 4138 734 4190 in
766 4138 942 4192 omnia
970 4138 1156 4190 saecula
1189 4137 1525 4192 saeculorum.
1558 4142 1749 4195 Amen.

822 4228 1052 4283 SEltMO
1089 4227 1326 4283 Lxxxv
1353 4227 1450 4301 (a).

343 4317 427 4372 De
466 4319 627 4374 verbis
669 4318 929 4389 Evangelii
956 4319 1134 4382 Larte,
1167 4336 1283 4388 cap.
1311 4335 1384 4381 XI.
1416 4320 1545 4387 Quis
1573 4329 1808 4378 vestrum
1837 4323 1932 4377 lia-

418 4391 566 4466 bebit
590 4393 820 4466 amicum
843 4399 981 4466 ,_et_c.
1011 4390 1413 4466 dequedoanm's
1437 4407 1551 4462 cap.
1577 4409 1667 4448 xvt
1687 4436 1701 4462 ,
1756 4395 1932 4466 Usque

415 4462 580 4515 modo
611 4461 739 4514 nihil
770 4463 974 4530 petistis
993 4502 1008 4527 ,
1040 4473 1131 4515 etc.
1163 4463 1258 4534 (ὁ).

418 4554 472 4608 1.
520 4554 715 4608 Uraudi
751 4553 844 4607 Dei
880 4555 1221 4610 incitamenta.
1256 4555 1380 4609 Pius
1410 4567 1455 4610 et
1481 4558 1616 4612 dives
1648 4557 1798 4612 Deus.
1832 4557 1934 4612 Fa-

345 4624 460 4680 cilis
487 4642 734 4679 accessus.
761 4626 936 4696 Angcli
990 4629 1206 4695 prompti
1248 4629 1315 4682 ad
1357 4630 1689 4682 nuntiandum
1717 4629 1932 4683 Domino

346 4697 684 4819 guisjmmun'
704 4697 989 4766 pulsaverit.
1015 4698 1190 4749 Oratio
1215 4700 1276 4751 sit
1300 4701 1490 4752 instans
1521 4710 1564 4751 et
1591 4717 1928 4769 perseverans.

392 4768 541 4819 navis
594 4768 845 4819 Dominus
894 4776 947 4819 et
992 4768 1167 4819 mitis.
1225 4769 1412 4819 fratres
1463 4769 1788 4819 charissimi.
1837 4772 1928 4819 ha-

392 4768 541 4821 uavis
594 4768 845 4821 Dominus
894 4776 947 4820 et
992 4768 1168 4832 mitis,
1225 4769 1412 4823 fratres
1463 4768 1788 4831 chariSsimi,
1837 4772 1931 4824 ba-

349 4835 442 4890 het
467 4839 683 4903 januam
716 4838 923 4906 pietatis
945 4879 957 4898 ,
992 4855 1090 4892 nec
1121 4840 1323 4905 repellit
1357 4840 1479 4892 inde
1509 4841 1808 4908 pulsantes,
1840 4841 1934 4896 sed

350 4909 529 4978 culpat
561 4911 732 4977 potius
759 4910 1102 4977 negligentes.
1137 4909 1317 4978 Neque
1345 4915 1483 4962 enim
1512 4911 1706 4980 aliquid
1740 4913 1935 4978 petitur

349 4983 488 5047 quod
522 4996 627 5032 non
661 4981 870 5044 habeat,
905 4992 1098 5032 ntetnn
1130 4997 1230 5034 non
1258 4981 1484 5046 dederit,
1515 4984 1812 5036 erubescat.
1845 4984 1932 5035 Di-

347 5061 443 5103 ves
470 5061 550 5103 est
579 5060 633 5104 et
673 5053 787 5119 pius
807 5093 820 5114 ,
850 5049 1074 5122 affluens
1096 5059 1149 5104 et
1177 5052 1466 5122 benignus;
1494 5051 1584 5104 dat
1612 5062 1663 5104 et
1704 5069 1805 5105 non
1834 5053 1934 5108 im-

351 5132 603 5202 properat
629 5138 641 5175 :
675 5123 923 5206 imo-tunc
951 5121 1189 5206 tln:saqri_
1209 5121 1398 5206 don-ius
1419 5139 1531 5206 ejus
1554 5123 1816 5206 tristitiam
1846 5140 1937 5206 pa-

303 5222 320 5254 -,
353 5192 576 5263 tiuntur,
622 5193 834 5262 quando
873 5193 1063 5247 desunt
1109 5192 1436 5248 delectabilia
1475 5193 1680 5248 fastidia
1716 5192 1929 5264 petitio-

418 5327 433 5393 ξ
461 5333 509 5375 ιιι
534 5331 871 5393 manuscﬁptis
886 5326 1145 5388 nonnullis,
1164 5330 1373 5393 quotidie

417 5390 436 5419 ²
461 5392 764 5458 manuscripti
778 5390 881 5440 non
908 5393 1064 5455 pauci,
1089 5390 1380 5458 arrogantia.
1406 5403 1507 5445 Duo
1529 5394 1625 5458 alii,
1655 5395 1832 5448 dumte
1850 5405 1937 5456 per

357 5452 698 5513 Magantiam.

416 5504 492 5634 pii
525 5514 666 5572 Alias,
687 5514 752 5565 de
766 5522 1003 5586 Tempore
1029 5517 1134 5590 171.

443 5575 490 5634 b)
527 5583 573 5623 tn
605 5577 871 5634 Appctldlce
910 5592 1036 5626 nunc
1061 5594 1128 5634 pri

443 5575 490 5642 li)
527 5583 573 5642 tn
605 5575 1036 5642 “mendice—nunc
1061 5582 1261 5642 primum
1284 5580 1563 5633 collocatur.
1587 5585 1768 5634 Dubius
1783 5588 1829 5635 in
1852 5593 1937 5637 Lo-

359 5640 669 5711 ya'neusintu
685 5641 897 5710 editione
917 5640 1218 5711 remanserat
1243 5657 1253 5691 :
1282 5658 1416 5707 soppt
1435 5649 1611 5697 sititius
1635 5658 1799 5711 postea
1825 5658 1942 5700 vcr-

360 5695 437 5774 lun
465 5710 515 5748 et
542 5708 559 5743 ι
576 5702 754 5771 iniungi
776 5705 1014 5774 sententia
1031 5704 1305 5774 declaratus
1329 5695 1417 5762 ιῖἑι,
1443 5695 1814 5773 ιιὶιιιιίέιρῖιῆξιὶιῖ,
1835 5695 1935 5774 opi-

361 5768 525 5839 naiqur
546 5795 559 5817 ,
584 5764 664 5839 qpi
685 5764 744 5839 in
763 5767 1007 5825 tmgustiui
1030 5766 1239 5818 lectione
1264 5773 1497 5832 tantisper
1522 5764 1739 5825 tet-saltis
1765 5764 1935 5839 luerit,

362 5823 598 5873 vindicem
621 5823 886 5874 habiturus.

1674 342 1903 400 SERMO
1937 343 2200 403 LXXXV.

3454 356 3592 414 1910

2021 473 2168 536 mnu.
2197 456 2315 530 Ipse
2346 458 2600 536 Dominus
2623 460 2749 536 dicit
2773 502 2786 524 ,
2819 461 2989 536 Usque
3026 462 3176 536 modo
3203 463 3330 518 nihil
3356 466 3598 536 petistis;

2021 526 2230 594 Petito,
2251 537 2298 604 et
2337 531 2621 604 accipietis,
2653 533 2883 604 pulsate,
2905 526 2968 586 ἐι
2996 535 3249 601 aperietur
3283 526 3438 588 vobis.

2022 612 2136 650 sum
2159 599 2356 671 ostium
2383 608 2442 652 et
2462 600 2642 671 janua.
2668 601 2844 665 Quare
2875 599 3104 668 trepidat
3127 605 3390 671 pulsando
3411 599 3600 658 manus

2019 679 2213 730 vestra,
2243 677 2301 722 et
2324 669 2578 722 dormitat
2603 671 2652 722 in
2681 671 3018 725 mendicitate
3039 669 3366 728 conscientia
3389 677 3598 728 vestra?

2021 738 2136 806 Ego
2161 753 2274 791 sum
2296 739 2455 808 janua
2481 740 2621 805 vitai,
2651 755 2753 793 non
2787 741 3040 794 horresco
3061 742 3331 797 sordidum
3361 747 3598 812 pulsato-

2020 824 2154 870 rem,
2189 827 2290 862 non
2324 825 2605 878 pauperem
2633 811 2850 878 repudio
2873 812 3149 879 petitorem
3175 831 3188 866 ε
3218 811 3419 867 tantum
3443 831 3600 869 neuio

2021 895 2170 952 suam
2230 881 2476 952 negligat;
2510 891 2892 948 paupertatem.
2955 882 3179 943 Pulsote,
3214 892 3258 935 et
3320 886 3597 952 aperietur.

2024 949 2176 1002 Stant
2204 951 2385 1017 Aogeli
2413 950 2479 1002 ad
2508 953 2752 1016 jauuam;
2788 961 2844 1003 ut
2885 952 3250 1018 introducam,
3283 949 3390 1008 non
3415 965 3472 1008 ut
3511 971 3599 1009 re-

2022 1023 2253 1087 pellant;
2303 1033 2358 1073 ut
2402 1031 2719 1091 suggerant,
2770 1037 2872 1074 non
2924 1030 2981 1075 ut
3024 1032 3274 1076 terreant.
3324 1025 3475 1078 Nulla
3519 1033 3603 1081 ea

2026 1107 2210 1159 potima
2239 1093 2295 1143 in
2336 1092 2491 1156 ianua
2522 1107 2660 1163 mea.
2708 1092 2819 1156 Ego
2862 1106 2978 1145 sum
3021 1094 3215 1161 janoa,
3257 1096 3345 1163 qui
3375 1096 3602 1150 sumiani

2021 1165 2193 1214 crucis
2221 1163 2582 1235 ignominiam.
2608 1162 2782 1235 Quare
2805 1163 3018 1215 timeant
3045 1162 3286 1231 petentes
3308 1168 3598 1235 egentiam,

2021 1247 2138 1284 cum
2169 1233 2303 1304 nulli
2338 1234 2619 1300 aliquando
2657 1233 2935 1304 denegavit
2978 1233 3433 1290 misericordiam?
3473 1233 3603 1304 Quis

2021 1303 2254 1378 speravit
2289 1302 2342 1354 in
2387 1305 2638 1378 Domino,
2667 1313 2721 1357 et
2749 1303 3000 1378 confusus
3027 1306 3145 1378 est?
3183 1307 3238 1360 Si
3271 1308 3484 1375 pulsant
3499 1302 3601 1378 qui

2021 1371 2327 1447 desiderant
2370 1375 2702 1447 castitatem,
2743 1373 2957 1447 datreis
2994 1377 3243 1429 continuo
3275 1371 3503 1447 gratiam
3528 1371 3600 1434 ὀἱ

2021 1444 2377 1516 sanctitatem,
2413 1453 2469 1498 et
2492 1445 2617 1497 dicit
2642 1446 2740 1509 eis,
2775 1445 2944 1499 Nolite
2968 1447 3239 1500 ambulare
3266 1444 3473 1516 polluti,
3503 1464 3592 1504 no-

2020 1512 2113 1565 lite
2140 1513 2384 1588 incedere
2415 1516 2696 1588 maculosi.
2732 1516 2910 1588 Sancti
2935 1526 3108 1582 estote,
3140 1512 3378 1588 quia-ego
3399 1530 3604 1574 sanctus

2019 1599 2129 1657 sum
2161 1583 2341 1657 (Leuit.
2371 1601 2460 1639 xu
2482 1627 2496 1651 ,
2527 1586 2605 1653 2).
2645 1587 2702 1640 Si
2729 1587 2946 1642 accedat
2988 1583 3216 1657 ριιιιὶιιιιει
3244 1583 3401 1656 pain
3447 1608 3605 1644 manu

2020 1655 2469 1729 puls~are_januam
2500 1665 2806 1726 paternam,
2837 1655 3082 1711 nuntiant
3121 1655 3254 1713 eum
3275 1661 3456 1729 Angeli
3499 1662 3604 1715 Do-

2022 1726 2166 1777 mino
2187 1744 2199 1778 :
2223 1727 2460 1801 Pupillus
2482 1729 2674 1801 pulsat,
2696 1729 3020 1801 delensimiis
3039 1730 3286 1798 pietatem
3307 1726 3601 1801 «suspectat,

2020 1797 2284 1872 reSpootle
2307 1797 2399 1872 illi,
2432 1800 2651 1872 Domine
2674 1799 2830 1872 :_Tibi
2850 1801 2989 1872 enim
3014 1801 3277 1854 derelictus
3297 1812 3367 1872 est
3389 1797 3600 1872 pauper,

2021 1866 2218 1943 pupillo
2241 1879 2293 1943 tu
2315 1870 2636 1943 erisadjutor
2654 1869 2825 1935 (Psal.
2847 1887 2899 1934 Χ,
2925 1871 3004 1931 14,
3025 1871 3294 1943 secundum
3316 1866 3601 1943 Hebraea).

2020 1937 2326 2014 Respondet
2347 1940 2421 1992 illi
2454 1937 2538 2008 qui
2569 1941 2716 2014 dives
2737 1951 2837 2004 est,
2867 1941 3226 2014 misericordia
3253 1944 3444 2010 plenus
3465 1986 3478 2008 ,
3509 1937 3601 2014 qui

2021 2007 2234 2084 miseris
2264 2007 2516 2084 pater_est
2541 2028 2554 2062 :
2588 2013 2699 2084 ligo
2724 2027 2839 2064 sum
2866 2012 3028 2077 judex
3055 2007 3352 2077 viduarum,
3377 2025 3429 2068 et
3456 2007 3605 2084 paler

2021 2078 2399 2145 Orphanorum.
2422 2080 2590 2135 Nemo
2605 2078 2762 2135 laedat
2777 2097 2912 2146 quos
2937 2099 3035 2150 ego
3050 2085 3303 2150 suscipio,
3331 2078 3486 2138 nemo
3505 2103 3604 2140 exc-

2021 2151 2212 2225 spoliet
2239 2165 2372 2218 quos
2399 2167 2496 2225 ego
2517 2152 2762 2225 defendo.
2792 2153 2858 2205 Et
2880 2153 2968 2221 qui
2999 2155 3318 2225 accesserint
3341 2156 3406 2208 ad
3435 2159 3601 2225 ipsam

2017 2217 2267 2294 januam,
2287 2217 2528 2294 quamvis
2558 2223 2793 2276 dividant
2821 2217 3006 2277 vocem
3035 2223 3262 2292 disparis
3291 2217 3466 2294 procis
3483 2269 3495 2289 ,
3526 2236 3605 2281 ta-

2023 2305 2142 2362 men
2168 2291 2235 2344 ab
2265 2291 2419 2346 tutius
2441 2293 2620 2346 divitis
2649 2294 3045 2362 patrisfamilias
3066 2291 3226 2348 domo
3250 2291 3438 2350 omnes
3464 2297 3602 2351 acci-

2025 2361 2173 2436 piunt
2193 2363 2462 2429 pietatem.
2495 2363 2604 2436 Hoc
2627 2372 2769 2436 amat
2791 2364 2950 2432 janua
2981 2364 3269 2419 Salvatoris
3288 2407 3303 2432 ,
3338 2376 3394 2420 ιιι
3424 2371 3597 2436 pulsa.

2025 2433 2467 2504 toribussemper
2494 2434 2727 2488 abundet
2744 2436 3078 2503 opportunis,
3109 2433 3444 2504 importunis.
3479 2439 3612 2491 Pro-

2023 2512 2202 2570 pterea
2230 2502 2343 2572 ipse
2370 2503 2622 2576 Dominus
2648 2502 2830 2560 videtis
2851 2507 3065 2573 januam
3091 2502 3243 2560 suam
3265 2523 3292 2560 a
3317 2509 3604 2576 petitorum

2024 2587 2185 2639 voce,
2215 2589 2244 2626 ιι
2287 2575 2604 2642 pulsantium
2634 2576 2865 2630 clamore
2893 2578 3052 2631 silere
3072 2619 3084 2639 ,
3117 2578 3301 2631 invitat
3324 2575 3510 2633 omnes
3539 2581 3605 2634 ad

2023 2645 2351 2717 orationem,
2385 2647 2630 2700 omnibus
2667 2657 2880 2714 paratus
2921 2649 3150 2702 tribuere
3197 2651 3464 2717 pietatem.
3507 2651 3608 2704 Pe-

2027 2713 2154 2777 tite;
2183 2716 2306 2788 etsi
2349 2730 2451 2788 non
2465 2713 2820 2788 acceperitis,
2853 2717 3025 2772 adhuc
3051 2713 3214 2788 petite
3233 2761 3247 2785 ,
3277 2729 3329 2773 et
3354 2736 3606 2788 perseve-

2025 2794 2138 2857 rnte
2165 2786 2393 2854 pulsare.
2436 2786 2609 2842 Nolite
2634 2788 2893 2852 deiicere;
2939 2786 3064 2857 quia
3111 2805 3216 2843 non
3265 2786 3419 2845 necat
3468 2792 3608 2846 Deus

2026 2853 2179 2927 fame
2205 2856 2434 2910 animam
2457 2857 2606 2927 justi.
2639 2858 2738 2926 Qui
2781 2853 3208 2913 tamen-voluerit
3232 2876 3351 2914 esse
3377 2861 3609 2916 dulciter

2027 2925 2238 2979 humilis
2276 2925 2911 3000 et_benignus,isecurus
2957 2940 3206 3000 tanquam
3252 2932 3304 2985 in
3341 2933 3608 2987 tutissimo

2027 3005 2179 3064 portu
2209 2998 2473 3055 consistit.

2095 3067 2150 3145 f2.
2192 3067 2465 3145 Trinitatis
2496 3070 2808 3145 mysterium.
2850 3071 3088 3145 Opponit
3133 3087 3259 3145 ergo
3297 3073 3606 3145 parabolam

2027 3138 2297 3212 cujusdam
2323 3138 2590 3212 hominis,
2616 3141 2768 3209 cujus
2794 3138 2988 3210 hospes
3015 3138 3338 3212 improvisus
3362 3142 3608 3208 advenit,

2028 3217 2080 3281 et
2107 3211 2300 3281 hospes
2326 3207 2589 3281 hospitem
2615 3207 2829 3280 excepit
2852 3231 2866 3266 :
2895 3207 3188 3281 pasws'est
3209 3214 3604 3280 verecundiam,

2030 3278 2161 3332 abiit
2198 3278 2450 3334 continuo
2475 3281 2539 3335 ad
2569 3278 2783 3336 domum
2825 3278 3005 3336 divitis
3045 3299 3328 3352 magnam;
3362 3299 3466 3338 non
3493 3278 3609 3339 sine

2028 3361 2364 3424 sacramento
2395 3362 2511 3424 tres
2541 3357 2670 3421 petit
2711 3367 2902 3422 panes;
2931 3355 3050 3424 quia
3093 3371 3228 3408 Ullus
3276 3356 3468 3423 hospes
3495 3365 3612 3410 erat

2029 3421 2191 3486 gratia
2226 3423 2455 3490 pietatis,
2490 3423 2583 3477 sed
2609 3424 2898 3478 substantia
2942 3421 3232 3479 Trinitatis.
3261 3421 3448 3479 Nonne
3474 3441 3610 3479 unus

2029 3490 2226 3565 hospes
2251 3503 2363 3547 erat
2387 3494 2450 3565 io
2470 3495 2660 3560 tribus,
2685 3495 2776 3563 qui
2804 3496 2948 3549 venit
2971 3496 3036 3548 ad
3068 3507 3269 3565 patrem
3303 3496 3608 3550 Abraham?

2031 3560 2233 3633 lies-pes
2271 3573 2322 3616 et
2351 3564 2554 3620 amicus
2574 3607 2589 3631 ,
2621 3560 2847 3633 pransor
2873 3573 2927 3619 et
2968 3560 3215 3628 mansor;
3247 3575 3301 3620 et
3328 3567 3504 3620 omnia
3534 3567 3608 3620 illi

2030 3632 2082 3706 i_n
2109 3634 2346 3706 trinitate
2365 3644 2494 3706 sunt
2516 3632 2756 3690 exhibita
2792 3636 3136 3690 humanitatis
3168 3638 3420 3705 obsequia
3440 3679 3455 3702 ,
3481 3639 3608 3706 quia

2031 3703 2302 3758 Trinitatis
2327 3705 2492 3774 gloria
2522 3706 2763 3775 refulget.
2795 3707 3034 3760 Trimum
3061 3708 3236 3761 attulit
3259 3703 3483 3762 titulum
3505 3703 3609 3777 pa-

2033 3783 2132 3841 ter,
2159 3783 2270 3848 tres
2293 3789 2569 3848 mensuras
2607 3777 2918 3847 similaginis
2957 3780 3254 3848 conspersit
3290 3777 3462 3832 futura
3493 3794 3607 3833 ma-

2033 3853 2130 3918 ter,
2163 3846 2586 3918 parituraitllium
2608 3862 2704 3916 pro
2727 3846 2833 3916 quo
2861 3858 3010 3916 pater
3032 3846 3289 3904 mactaret
3311 3865 3525 3918 agnum,
3555 3858 3611 3903 et

2032 3916 2144 3984 ipsa
2172 3931 2368 3986 corpus
2386 3917 2582 3972 Christi
2611 3920 2661 3971 in
2689 3919 2928 3974 trinitate
2949 3920 3055 3988 jam
3081 3922 3277 3974 fecerat
3301 3916 3607 3974 sacramen-

2034 3995 2166 4059 tum.
2213 3988 2298 4059 ltai
2327 3998 2382 4041 et
2421 3989 2522 4043 iste
2550 3989 2780 4053 amicus,
2811 3991 3055 4044 veniente
3082 3990 3318 4058 liOSpite;
3352 3992 3519 4059 pergit
3543 3991 3610 4045 ad

2033 4057 2248 4130 domum
2271 4058 2470 4124 divitis,
2499 4067 2555 4114 et
2574 4060 2732 4114 trium
2756 4076 2952 4128 panum
2980 4063 3170 4130 allegat
3189 4057 3566 4114 necessitatem
3594 4079 3606 4114 :

2035 4128 2229 4196 pulsat,
2262 4139 2315 4182 et
2336 4130 2512 4184 nullus
2532 4131 2820 4199 respondet
2840 4133 2905 4185 de
2924 4128 3262 4200 janitoribus,
3282 4131 3403 4198 quia
3425 4145 3611 4184 omnes

2036 4207 2279 4270 tenuerat
2306 4214 2560 4264 somnus;
2590 4216 2692 4255 non
2727 4201 2946 4270 Angeli,
2985 4216 3089 4256 non
3128 4201 3473 4270 Archangeli,
3502 4216 3608 4256 non

2035 4267 2336 4345 PfOleClIE',
2367 4286 2472 4325 non
2501 4270 2749 4327 ministri.
2778 4267 2843 4328 Et
2862 4271 2950 4326 ille
2973 4271 3164 4341 pulsat,
3187 4267 3429 4345 quamvis
3453 4287 3612 4328 nemo

2035 4339 2373 4408 respondeat.

2106 4411 2155 4466 5.
2176 4410 2490 4483 Pulsandunt
2504 4412 2801 4483 quandoque
2814 4411 2882 4465 ad
2900 4411 3338 4482 importunitatem,
3356 4424 3406 4466 ut
3419 4413 3613 4482 aperiat

2038 4480 2436 4554 Paterfamilias.
2463 4480 2789 4554 Quandoque
2818 4480 3199 4538 Paterfamilias
3219 4483 3283 4537 ad
3312 4480 3617 4552 importuni-

2037 4553 2476 4624 tatempulsantis
2487 4553 2761 4624 respondit
2781 4554 2853 4608 illi
2870 4555 2936 4607 de
2962 4554 3302 4608 interioribus
3325 4555 3493 4609 sacris
3510 4597 3525 4620 ,
3548 4555 3615 4610 de

2037 4622 2229 4698 throno
2254 4625 2478 4694 quietis:
2512 4622 2644 4692 Quid
2671 4626 2847 4698 pulsas
2882 4625 2995 4698 sine
3029 4634 3300 4698 tempore,
3347 4626 3436 4695 qui
3467 4626 3616 4698 piger

2039 4694 2178 4747 fuisti
2221 4710 2339 4748 cum
2369 4698 2641 4765 tempore?
2671 4697 2793 4750 Dies
2823 4695 2939 4761 fuit,
2972 4703 3025 4750 et
3054 4695 3106 4748 in
3136 4695 3333 4749 lumine
3361 4694 3615 4750 non—ain-

2035 4765 2264 4831 bulasti;
2302 4781 2406 4820 nox
2434 4768 2760 4836 supervenit,
2807 4776 2860 4820 ct
2883 4767 3099 4835 pulsare
3125 4766 3355 4836 ompisti.
3386 4768 3619 4821 Excusat

2037 4842 2248 4906 tempus
2291 4837 2428 4908 quod
2475 4838 2745 4908 improbus
2793 4838 2979 4906 quast-it
3025 4836 3280 4891 affectus:
3310 4837 3417 4906 jam
3465 4840 3614 4908 pueri

2039 4907 2338 4976 quiescunt,
2372 4915 2427 4961 et
2453 4923 2557 4960 non
2584 4919 2665 4961 est
2691 4907 2905 4977 dignum
2944 4916 3002 4961 ut
3016 4917 3245 4979 propter
3273 4918 3326 4962 te
3368 4907 3614 4979 injuriam

2040 4979 2306 5046 patiantur
2332 4995 2344 5032 :
2377 4987 2658 5047 antequam
2700 4976 2911 5032 venires
2930 5019 2945 5042 ,
2994 4976 3192 5032 diutius
3219 4976 3574 5046 vigilaveruut
3599 4996 3614 5034 :

2039 5049 2199 5120 modo
2224 5063 2318 5116 pro
2349 5058 2586 5119 tempore
2612 5050 2946 5118 quieverunt,
2979 5065 3085 5103 non
3111 5058 3195 5104 est
3219 5051 3305 5120 qui
3335 5053 3498 5119 possit
3527 5052 3617 5105 tibi

2040 5118 2166 5191 dare
2193 5135 2537 5191 responsum.
2557 5120 2615 5172 Et
2664 5120 2788 5174 ille:
2825 5121 3078 5191 Domine,
3125 5136 3154 5173 a
3183 5118 3421 5191 te'peto,
3460 5122 3526 5176 ad
3569 5133 3620 5176 te

2040 5190 2214 5259 pulso,
2246 5191 2352 5260 imo
2380 5198 2430 5242 te
2458 5190 2606 5258 pulso
2629 5206 2642 5242 :
2673 5201 2727 5244 tu
2753 5204 2812 5244 es
2834 5190 2992 5260 janua
3012 5231 3028 5257 ,
3077 5201 3131 5244 ιιι
3176 5190 3333 5259 surge
3352 5233 3365 5258 ,
3393 5194 3459 5246 da
3492 5191 3618 5246 mihi

2041 5258 2494 5326 miscricordiam,
2541 5260 2629 5329 qui
2660 5276 2765 5315 non
2808 5258 2866 5315 es
2909 5261 3222 5330 dedignatus
3247 5258 3314 5315 de
3356 5263 3468 5319 luto
3509 5263 3618 5317 litui

2042 5331 2270 5404 formare
2314 5330 2516 5404 viscera
2548 5347 2695 5404 mea.
2745 5331 3034 5404 Ministerio
3078 5349 3180 5386 non
3227 5332 3465 5404 indiges,
3499 5335 3621 5404 quia

2043 5403 2220 5457 omnia
2251 5411 2425 5472 potes.
2455 5401 2562 5457 Sed
2602 5403 2644 5456 si
2676 5404 2828 5472 pueri
2855 5403 2930 5457 tui
2957 5403 3246 5465 dormiunt,
3281 5401 3470 5458 tu'non
3494 5401 3620 5458 dor-

2043 5474 2164 5539 mis,
2193 5474 2283 5545 qui
2309 5473 2546 5530 custodis
2569 5473 2753 5530 Israel.
2781 5474 2960 5545 Gratis
2985 5487 3129 5545 peto,
3159 5475 3257 5528 sub
3279 5475 3444 5544 gratia
3477 5492 3623 5531 men—

2044 5545 2182 5607 ᾶῑου,
2215 5543 2317 5617 non
2345 5546 2444 5617 sub
2470 5545 2610 5617 Lege
2634 5561 2915 5617 przesumo.
2939 5543 3042 5602 sed
3067 5546 3111 5600 si
3135 5545 3242 5600 Lex
3260 5543 3316 5617 et
3345 5545 3624 5615 PrOpheta:

2044 5632 2213 5686 usque
2245 5616 2307 5669 ad
2333 5616 2590 5672 Joannem
2610 5616 2646 5679 :7
2671 5619 2764 5672 sed
2791 5627 2877 5672 tua
2907 5617 3072 5686 gratia
3111 5633 3214 5671 non
3257 5616 3414 5672 habet
3441 5621 3624 5672 tinetn.

2041 5691 2157 5754 Quo
2183 5688 2514 5743 devenerunt
2539 5691 2684 5760 pueri
2714 5691 2807 5756 tui,
2833 5688 3110 5757 Prophetas
3137 5688 3232 5753 tui,
3258 5699 3312 5743 et
3336 5704 3438 5758 ego
3465 5690 3584 5742 novi
3611 5707 3623 5742 :

2043 5761 2134 5814 sed
2163 5771 2238 5824 tu,
2275 5761 2513 5826 Domine,
2542 5763 2627 5831 qui
2651 5777 2707 5815 es
2737 5762 2938 5813 initium
2967 5770 3018 5813 et
3045 5760 3184 5824 (iiiis,
3211 5761 3413 5827 primus
3440 5770 3493 5816 et
3529 5775 3629 5831 no-

2019 5832 2291 5891 sI-issimus
2314 5831 2489 5901 (Apoc.
2519 5830 2645 5900 xm,
2671 5832 2775 5900 15),
2799 5832 2901 5887 noli
2922 5831 2984 5888 ad
3007 5846 3094 5897 me
3110 5831 3323 5891 ttediare
3343 5830 3632 5896 novissima
