4156 6374
365 389 509 453 1913

365 517 534 586 petit;
569 511 681 586 sed
703 507 892 586 accipe
930 509 1185 586 quantum
1216 505 1454 586 dedisti:
1487 519 1626 586 nam
1653 513 1706 586 et
1745 504 1949 560 beneﬁ-

362 576 850 654 cium'perdidisti,
886 576 1026 654 et’si
1071 576 1170 630 hoc
1214 578 1386 654 ipsum
1413 577 1567 654 -quod
1597 576 1903 654 daturuses
1931 615 1947 641 ,

363 647 626 726 exigatur.
668 652 826 707 Forte
853 648 920 702 ad
955 663 1168 702 manum
1205 663 1312 702 non
1343 647 1503 726 habet
1540 647 1680 702 unde
1705 647 1904 726 reddat
1933 663 1946 700 :

365 713 642 796 ρειῖὶυιίειί⁸
656 728 947 796 petentem,
971 727 1224 796 exspecta
1246 733 1350 772 non
1373 718 1675 796 liabennem.
1703 717 1823 771 Noli
1843 713 1950 772 cia-

365 787 514 850 inare
539 804 594 850 et
614 787 812 855 dicere,
833 789 1095 859 Numquid
1125 787 1278 844 fenus
1286 788 1520 913 lautum?
1549 789 1773 842 Tantum
1801 797 1946 857 peto,

365 877 622 913 nnantnm
653 862 815 913 dedi:
850 861 951 913 hoc
985 859 1258 913 recipiam.
1334 875 1403 913 on
1432 875 1491 913 es
1519 859 1774 913 mentitus
1797 899 1810 913 .
1852 873 1946 913 ve-

363 877 623 936 quantum
653 862 774 918 dedi
799 877 815 927 ;
850 861 951 936 hoc
985 859 1258 927 recipiam.
1286 859 1403 936 Non
1432 875 1491 936 es
1518 859 1774 936 mentitus
1797 899 1810 923 ,
1852 873 1947 914 ve-

362 929 479 990 rum
498 936 651 1000 dicis,
673 949 778 988 non
803 947 859 985 es
881 929 1174 993 fenerator;
1200 941 1255 984 et
1279 931 1364 984 vis
1387 931 1472 983 cui
1501 929 1715 995 dedisti,
1743 936 1950 998 quaerat

361 1007 751 1066 feneratorem,
794 1014 852 1056 ut
901 1001 995 1054 tibi
1048 1000 1252 1054 reddat.
1296 1001 1399 1055 Sed
1444 1001 1487 1054 si
1548 1012 1832 1070 propterea
1874 1001 1950 1054 fe-

361 1092 464 1131 nus
491 1092 597 1130 non
628 1073 815 1144 exigis,
848 1087 925 1144 ne,
944 1079 996 1124 te
1026 1071 1380 1144 feneratorem
1411 1071 1606 1144 iudicet
1639 1072 1798 1135 Deus,
1829 1085 1948 1144 pre-

360 1149 483 1210 mis,
513 1141 760 1207 sull‘ocas,
792 1143 960 1211 exigis
992 1159 1003 1193 :
1035 1143 1076 1193 si
1108 1149 1312 1196 tantum
1343 1142 1537 1211 exigis,
1570 1152 1823 1210 quantum
1855 1141 1947 1195 de-

359 1209 520 1281 disti;
554 1213 860 1271 suffocando
886 1209 1064 1266 tamen
1091 1213 1218 1266 etin
1243 1209 1500 1281 angusﬂis
1529 1209 1824 1273 retinendo,
1850 1211 1945 1265 be-

358 1288 606 1342 neficium
633 1301 739 1350 non
766 1282 1059 1352 praastitisti
1079 1323 1094 1346 ,
1123 1282 1218 1338 sed
1244 1284 1474 1349 majores
1504 1283 1771 1350 angustias
1802 1282 1946 1335 intu-

360 1358 488 1411 listi.
534 1356 640 1412 Sed
679 1356 816 1408 forte
856 1353 1025 1416 dicis,
1076 1353 1247 1408 Habet
1289 1352 1428 1407 unde
1468 1352 1692 1405 reddere
1731 1353 1942 1420 possit:

359 1426 522 1481 habet
549 1426 970 1495 possessionem;
991 1423 1194 1495 vendat
1221 1442 1232 1477 :
1262 1423 1422 1476 habet
1441 1422 1681 1495 domum;
1710 1423 1941 1476 vendat:

358 1498 520 1552 habet
549 1493 799 1550 familiam
825 1513 839 1558 ;
868 1494 1082 1548 vendat.
1117 1493 1304 1548 Frater
1328 1501 1448 1546 tuus
1474 1493 1684 1561 quando
1711 1508 1739 1546 a
1768 1500 1820 1546 te
1851 1507 1946 1562 pe—

360 1569 462 1633 tiit,
491 1567 612 1621 ideo
633 1574 683 1620 te
710 1565 856 1633 petiit
877 1580 946 1619 ne
971 1564 1258 1627 venderet;
1283 1573 1561 1634 propterea
1584 1579 1686 1634 non
1715 1562 1873 1634 faciat
1900 1564 1940 1628 ³,

357 1638 479 1707 quia
513 1636 832 1697 subvenisti,
865 1650 933 1688 ne
969 1634 1139 1689 ﬁeret.
1174 1633 1297 1707 Hoc
1321 1635 1432 1707 vult
1470 1635 1633 1707 Deus,
1666 1633 1768 1707 lioe
1794 1633 1945 1707 jubet

358 1704 518 1762 Deus.
547 1708 651 1761 Sed
678 1707 722 1760 si
747 1719 938 1760 avarus
964 1720 1043 1769 es,
1069 1706 1228 1759 modo
1249 1704 1369 1758 audi
1405 1704 1530 1774 quid
1548 1705 1661 1772 ipse
1689 1705 1944 1758 Dominus

356 1779 412 1833 in
434 1778 724 1847 Evangelio
740 1777 898 1842 dicat,
925 1776 1111 1840 Stulte,
1136 1776 1229 1828 hac
1251 1784 1392 1847 nocte
1413 1775 1757 1847 exyiqstulatttr
1774 1774 1943 1847 anima

356 1859 445 1927 tun
465 1866 496 1900 a
517 1859 564 1901 te
592 1845 698 1927 E-ea
723 1863 836 1927 qtae
855 1847 1172 1917 praeparasti,
1197 1846 1503 1927 cujus-erunt
1521 1845 1660 1927 .Sic
1687 1853 1756 1898 est
1781 1846 1942 1898 omnis

353 1920 442 1988 qui
467 1921 562 1973 sibi
592 1915 925 1988 thesaurizdt,
949 1925 996 1988 et
1021 1915 1491 1988 noniestiinDeum
1519 1916 1672 1969 dives.

810 1986 1041 2058 snano
1079 1986 1369 2041 LXXXVII
1400 1985 1497 2058 (α).

360 2057 436 2113 De
457 2058 618 2113 verbis
644 2057 906 2128 Evangelii
935 2056 1106 2123 Lucaz,
1132 2075 1245 2123 cap.
1273 2073 1387 2123 xui,
1411 2055 1506 2128 ‘18,
1533 2056 1617 2121 19,
1643 2055 1742 2112 Cui
1769 2057 1940 2112 similc

774 2127 856 2182 est
883 2143 1106 2196 regnum
1137 2129 1265 2193 Dei,
1304 2137 1397 2181 etc.
1431 2127 1529 2198 (b).

427 2201 480 2253 1.
515 2198 724 2268 Sinapis
749 2215 962 2270 granum
984 2200 1162 2252 virtute
1187 2215 1454 2270 magnum.
1486 2197 1642 2270 idea
1667 2197 1941 2270 christiana

357 2270 522 2339 specie
566 2268 762 2339 parva,’
794 2269 882 2322 sed
927 2285 1113 2339 magna
1158 2268 1352 2322 virtute.
1398 2269 1534 2322 Dicit
1582 2268 1839 2339 Dominus
1885 2270 1936 2321 in

357 2337 648 2409 Evangelia
683 2358 694 2392 :
725 2337 1105 2409 Cuisimilc—est
1130 2356 1338 2409 regnum
1361 2339 1498 2393 Dei?
1522 2348 1566 2392 et
1587 2339 1667 2391 cui
1695 2338 1857 2392 simile
1878 2339 1940 2392 il-

356 2411 450 2464 lud
472 2408 730 2464 (estimabo
747 2411 773 2463 ?
802 2408 983 2464 Simile
1001 2419 1072 2463 est
1097 2408 1254 2479 grano
1281 2410 1493 2479 sinapis,
1523 2409 1655 2478 quod
1680 2418 1938 2478 acceptum

353 2481 506 2534 homo
535 2481 668 2534 misit
691 2481 750 2533 in
779 2482 979 2533 hortum
1005 2497 1191 2542 suum;
1221 2488 1268 2532 et
1293 2482 1444 2534 crevit
1466 2522 1481 2546 ,
1512 2489 1558 2532 et
1587 2483 1722 2550 facta
1753 2491 1824 2532 est
1851 2497 1940 2532 ar-

353 2551 465 2618 bor,
495 2560 541 2604 et
569 2552 792 2604 volucres
818 2551 929 2604 cwli
965 2553 1306 2621 requieverunt
1333 2552 1386 2603 in
1412 2550 1565 2603 ramis
1595 2550 1722 2619 ejus.
1763 2550 1939 2604 Movet

351 2621 584 2676 fortasse
611 2636 799 2676 sensus
830 2630 1054 2684 vestros,
1085 2636 1248 2690 quare
1281 2636 1500 2690 regnum
1545 2621 1634 2673 Dei
1667 2629 1772 2673 tam
1802 2635 1935 2690 pra:-

350 2692 555 2746 clarum
585 2699 745 2760 atque
775 2691 1108 2761 magniﬁcum
1135 2706 1301 2761 grano
1330 2692 1528 2760 sinapis
1557 2691 1747 2761 exiguo
1787 2704 1936 2744 com-

351 2774 571 2831 paretur
594 2805 608 2827 ,
639 2772 693 2816 et
721 2763 832 2830 spei
863 2760 1058 2816 nostra:
1085 2760 1154 2814 iui
1178 2777 1236 2816 se
1270 2772 1374 2816 tam
1411 2761 1610 2831 grande
1649 2760 1932 2826 solatium,

351 2834 430 2886 rei
452 2833 723 2886 vilissima:
745 2833 916 2886 simile
937 2849 1054 2887 esse
1073 2833 1279 2886 dicatur
1306 2851 1317 2885 :
1349 2832 1651 2902 praesertim
1671 2845 1788 2884 cum
1808 2832 1936 2887 alibi

355 2903 494 2956 idem
530 2904 784 2957 Dominus
809 2903 1082 2973 discipulis
1117 2903 1230 2956 suis
1259 2901 1391 2956 dicat
1421 2943 1434 2962 ,
1469 2902 1530 2957 Si
1567 2901 1836 2973 habueritis
1867 2904 1932 2970 ﬁ-

351 2973 467 3026 dem
494 2974 621 3028 sicut
650 2990 866 3045 granum
888 2971 1105 3045 sinapis,
1133 2974 1305 3045 dicetis
1333 2973 1645 3045 huicimonti,
1670 2971 1869 3045 Tollere
1889 2982 1937 3028 et

342 3047 546 3115 jactare
573 3046 625 3098 in
651 3042 826 3110 mare;
849 3053 894 3097 et
915 3045 1000 3110 ﬁet
1027 3042 1239 3113 (Matth.
1262 3059 1390 3115 xvii,
1418 3043 1526 3113 l9).
1550 3043 1712 3115 Igitur
1732 3044 1774 3095 si
1804 3043 1935 3098 ﬁdes

354 3125 500 3169 tanta
528 3126 631 3180 est,
662 3131 781 3183 qum
812 3123 984 3180 potest
1011 3116 1081 3168 ab
1109 3115 1238 3184 ipsis
1265 3114 1499 3180 sedibus,
1531 3113 1789 3167 montium
1818 3115 1936 3167 fun-

352 3185 604 3240 damenta
655 3185 962 3247 transferre,
1016 3185 1322 3239 necessario
1369 3192 1422 3238 ct
1463 3199 1686 3253 granum
1735 3185 1935 3254 sinapis

351 3272 603 3326 magnum
649 3264 765 3322 est,
812 3255 879 3326 ad
917 3257 1068 3324 cujus
1113 3254 1511 3326 similitudinem
1540 3254 1698 3309 ﬁdem
1738 3254 1936 3311 habere

352 3325 745 3395 compellimur.
777 3325 1023 3394 Magnum
1052 3335 1226 3380 autem
1258 3325 1571 3391 dixerimus,
1601 3339 1707 3379 non
1734 3326 1930 3393 specie,

350 3397 447 3450 sed
478 3397 708 3457 virtute;
737 3407 790 3450 et
820 3411 925 3450 nou
952 3395 1096 3462 ﬁdei,
1130 3397 1382 3465 qualitate
1409 3395 1591 3462 oleris,
1617 3410 1934 3465 comparan-

350 3467 503 3534 dum,
531 3468 625 3522 sed
654 3468 833 3536 vigore
859 3467 1163 3520 acrimonize
1191 3466 1592 3535 coaequandum.
1622 3466 1752 3520 Nam
1780 3467 1822 3519 si
1848 3466 1933 3520 di-

349 3538 578 3608 ligenter
593 3538 960 3608 intendamus,
993 3538 1296 3608 invenimus
1321 3545 1467 3591 recte
1494 3552 1522 3589 a
1544 3537 1770 3591 Domino
1797 3536 1935 3592 hanc

349 3607 752 3663 similitudinem
779 3618 1159 3677 comparatam.
1183 3607 1331 3663 Sicut
1355 3608 1495 3662 enim
1526 3622 1746 3677 granum
1786 3608 1931 3662 sina-

348 3680 434 3750 pis
451 3679 624 3749 prima
652 3679 824 3734 fronte
844 3677 1041 3747 speciei
1066 3693 1177 3732 suae
1205 3687 1288 3733 est
1314 3693 1554 3750 parvum,
1585 3678 1709 3741 vile,
1739 3678 1933 3750 despe-

349 3748 520 3814 ctum,
551 3766 657 3804 non
685 3764 929 3818 saporem
957 3759 1232 3819 praestans,
1271 3764 1377 3802 non
1405 3748 1622 3804 odorem
1649 3749 1933 3804 circumfe-

349 3836 513 3884 rens,
547 3836 650 3874 non
679 3820 919 3876 iudicans
959 3821 1306 3883 suavitatem;
1338 3828 1393 3873 at
1423 3819 1512 3874 ubi
1540 3820 1638 3874 teri
1675 3821 1928 3889 cmperit,

347 3893 527 3945 statim
555 3891 774 3946 odorem
805 3905 958 3944 suum
988 3890 1176 3955 fundit,
1206 3890 1552 3944 acrimoniam
1587 3891 1818 3953 exhibet,
1853 3892 1934 3945 ci-

349 3961 478 4015 bum
508 3962 739 4016 llammei
764 3961 973 4031 saporis
1000 3961 1232 4027 exhalat,
1259 3969 1314 4016 et
1339 3969 1485 4014 tanto
1505 3960 1729 4015 fervoris
1755 3959 1934 4016 calore

350 4034 712 4096 succenditur,
734 4040 792 4086 ut
813 4033 1002 4086 mirum
1025 4031 1094 4085 sit
1114 4033 1165 4085 in
1188 4041 1294 4085 tam
1312 4031 1513 4086 frivolis
1533 4040 1734 4085 tantum
1757 4033 1932 4101 ignem

351 4103 517 4158 fuisse
545 4105 856 4159 conclusum
889 4119 902 4155 :
932 4101 1082 4171 cujus
1111 4103 1269 4156 etiam
1305 4103 1526 4157 seminis
1550 4102 1727 4156 cibum
1764 4102 1935 4157 homi-

351 4189 472 4239 nes,
505 4173 694 4229 hiemis
724 4173 988 4243 praecipue
1018 4181 1277 4242 tempore,
1301 4187 1510 4243 magna
1538 4187 1636 4243 pro
1673 4174 1933 4229 suavitate

351 4244 685 4314 percipiunt;
716 4241 978 4314 quatenus
1007 4241 1266 4313 repellant
1288 4241 1506 4312 frigora,
1539 4241 1789 4297 humores
1809 4259 1935 4313 ege-

348 4325 494 4380 rant,
519 4317 782 4370 viscerum
810 4315 1014 4369 interna
1040 4315 1378 4379 calefaciant;
1404 4329 1547 4380 saepe
1567 4314 1725 4368 etiam
1750 4329 1811 4368 ex
1835 4314 1934 4368 hoc

349 4386 513 4466 capiti
548 4386 804 4466 adhibent
828 4385 1155 4466 “medicinam
1175 4427 1198 4466 ,.
1223 4394 1282 4466 ut
1309 4385 1352 4438 si
1375 4383 1502 4454 quid
1531 4383 1816 4466 invalidum
1843 4427 1856 4449 ,
1889 4385 1934 4439 si

351 4455 481 4528 quid
525 4465 780 4528 aegrotum
821 4455 998 4528 fuerit,
1031 4456 1230 4528 sinapis
1267 4457 1387 4528 igne
1414 4465 1632 4509 curetur
1661 4471 1675 4506 :
1706 4455 1776 4508 ita
1805 4470 1934 4525 ergo

350 4538 408 4580 et
431 4527 564 4581 ﬁdes
583 4526 877 4581 christiana
903 4527 1070 4595 prima
1093 4526 1264 4581 {rente
1288 4527 1496 4580 videtur
1513 4540 1631 4580 esse
1652 4539 1834 4594 parva,
1860 4529 1937 4580 vi-

349 4597 419 4650 lis
447 4607 502 4651 et
525 4599 716 4662 tenuis,
746 4612 852 4651 non
883 4597 1171 4666 potentiam
1204 4611 1352 4651 suam
1374 4596 1682 4661 ostendens,
1712 4611 1816 4649 non
1843 4611 1934 4650 su-

350 4668 594 4736 perbiam
637 4666 928 4738 prteferens
955 4709 970 4734 ,
1005 4681 1112 4722 non
1153 4668 1372 4738 gratiam
1413 4667 1850 4738 subministrans;
1881 4675 1938 4722 at

351 4739 442 4792 ubi
470 4738 696 4794 diversis
718 4738 1093 4793 tentationibus
1117 4737 1212 4791 teri
1233 4737 1474 4806 emperit,
1499 4737 1678 4790 statim
1699 4738 1933 4806 vigorem

351 4822 508 4863 suum
537 4808 732 4878 prodit,
761 4809 1104 4865 acrimoniam
1137 4806 1366 4872 indicat,
1395 4807 1633 4878 calorem
1655 4807 1936 4864 dominicas

352 4877 687 4934 credulitatis
711 4881 933 4950 aspirat,
953 4887 1008 4933 et
1037 4886 1181 4932 tanto
1201 4878 1364 4950 divini
1391 4878 1526 4948 ignis
1546 4877 1739 4950 ardore
1763 4882 1934 4950 jacta-

351 4959 464 5015 tur,
490 4959 549 5004 ut
577 4958 632 5005 et
659 4948 790 5020 ipsa
812 4952 1012 5005 ferveat
1033 4989 1048 5012 ,
1076 4957 1131 5003 et
1168 4948 1569 5020 participantem
1608 4949 1707 5003 sibi
1747 4949 1937 5006 ardere

352 5021 660 5089 compellat.
683 5019 838 5076 Sicut
871 5020 922 5074 in
951 5027 1134 5075 sancto
1161 5021 1446 5089 Evangelio
1475 5019 1581 5074 duo
1607 5034 1673 5074 ex
1697 5020 1936 5089 discipu-

351 5091 422 5146 lis
450 5092 700 5146 dixerunt
727 5093 748 5122 ³
771 5131 788 5158 ,
829 5090 956 5146 dum
997 5105 1117 5145 cum
1146 5090 1275 5161 ipsis
1300 5098 1419 5160 post
1445 5091 1746 5161 passionem
1785 5106 1935 5147 suam

417 5204 1004 5274 fitentsamniemem.
1028 5202 1314 5274 ποιείεςειοη
1457 5269 1467 5274 -
1615 5256 1645 5274 η

457 5266 562 5332 Mss.
586 5261 692 5332 haec
713 5262 880 5321 verba,
898 5258 1071 5332 ducem
1086 5258 1355 5332 discipulis,
1375 5258 1694 5332 omittuntfet
1711 5274 1806 5330 ista
1826 5276 1938 5325 sub-

344 5325 586 5395 stitluunt,
866 5330 911 5374 et
935 5325 1166 5395 Cleopbas
1187 5325 1415 5381 dixerunt
1431 5345 1450 5393 ;
1487 5347 1580 5383 nec
1603 5325 1794 5386 minima
1825 5338 1939 5392 hinc

345 5380 536 5454 additur
569 5380 830 5454 auctoritas
860 5380 1196 5454 manuscriptis
1221 5380 1500 5443 sermonem
1530 5380 1937 5451 Hdii‘i’iﬁiﬁé‘ﬁ

345 5441 764 5518 adsentientibus,
799 5450 876 5518 cui
916 5441 1140 5518 nimirum
1167 5454 1273 5518 hoc
1302 5441 1937 5517 sisg'titaié'ési,'ﬁ'i"d6id§

314 5523 320 5526 -
346 5504 906 5584 gAXr‘duebiisﬂdisctpulis
937 5513 1113 5584 qutbtis
1134 5515 1346 5565 Christus
1379 5504 1504 5579 post
1524 5504 1936 5575 resurrectionem

506 5568 748 5619 visibilem
782 5568 1022 5636 prmbuit,
1066 5581 1304 5625 Emmaum
1343 5568 1522 5629 nomen
1566 5568 1680 5632 esse
1703 5568 1935 5637 crediti;

521 5683 659 5758 eli-tn,
681 5685 948 5758 dqﬁanctis
966 5689 1020 5758 5t
1046 5703 1060 5749 ;
1089 5696 1140 5739 et
1161 5694 1356 5758 post,in
1379 5695 1649 5756 Appendice
1672 5696 1750 5746 81.

705 5746 830 5820 olim.
854 5756 905 5797 et
928 5743 1064 5823 interi
1090 5743 1318 5823 Ambrosii
1351 5743 1852 5823 seimones:,ejusque
1886 5764 1935 5812 in

353 5813 689 5872 nianuscriptis
708 5813 903 5862 nomine
925 5813 1180 5878 inscriptus
1201 5819 1475 5882 reperitur;
1499 5819 1584 5870 sed
1601 5813 1666 5869 ibi
1677 5813 1931 5884 'aliq'uanto

1666 377 1894 436 SERMO
1930 373 2261 435 LXXXVIII.

3500 386 3643 448 l9“

2059 499 2318 555 Dominus
2344 498 2670 570 loqueretur,
2695 496 2881 556 Nonne
2899 516 2986 556 cor
3009 507 3239 557 nostrum
3259 507 3366 558 erat
3380 504 3562 562 ardens
3585 507 3644 564 in

2058 571 2276 648 nobisin
2305 572 2405 638 via,
2431 572 2555 648 duni
2566 573 2779 648 dperijet
2804 573 2942 628 nobis
2960 571 3207 648 Dominus
3230 574 3382 648 lesus
3407 576 3645 648 Scriptu-
3677 615 3687 624 -

2056 659 2140 695 ras
2171 641 2320 716 (Luc.
2352 658 2506 716 xxxv,
2528 641 2664 716 52);?
2693 643 2846 716 Ergo
2861 658 3082 714 granum
3126 645 3327 716 sinapis
3370 641 3641 705 membro-

2055 711 2404 789 rum’viscera
2430 711 2850 789 c_alefa_cit_;__ﬁdei
2869 711 3045 789 autem
3075 716 3225 785 vigor
3249 711 3492 772 cordium
3515 735 3641 789 pec.

2056 793 2174 858 cata
2226 784 2512 858 comburit.
2560 784 2628 858 Et
2669 784 2794 837 illud
2840 783 3073 858 quidem,
3105 783 3352 856 asperum
3405 783 3638 858 algo'rem

2056 853 2268 923 frigoris
2295 862 2563 917 removet;
2611 854 2724 908 haec
2755 863 2930 909 autem
2971 853 3290 911 delictorum
3318 853 3638 917 diabdlicum

2056 923 2221 993 frigus
2247 924 2750 996 expellit.Sinapis,
2782 925 3016 996 inquam,
3047 943 3267 996 granum
3297 930 3507 996 iniquos
3535 931 3639 987 ltu-

2055 1010 2233 1050 mores
2284 995 2531 1064 decoquit
2575 1010 2897 1064 corporum;
2953 995 3085 1051 fides
3130 1009 3307 1054 autem
3355 995 3634 1058 libidinum

2055 1065 2252 1120 ﬁuenta
2279 1067 2563 1141 consumit.
2594 1065 2661 1118 Et
2693 1081 2785 1135 per
2810 1066 2934 1141 illud
2959 1067 3224 1141 medicina
3254 1071 3412 1140 capiti
3441 1087 3634 1141 procu-

2055 1144 2241 1211 ratur;
2290 1152 2385 1211 per
2427 1136 2810 1211 ﬁdem_autem
2855 1138 3126 1211 spirituale
3160 1136 3593 1211 caput-nostrum
3618 1183 3636 1211 ,

2054 1207 2193 1278 quod
2217 1215 2299 1278 est
2323 1206 2566 1261 Christus
2590 1206 2868 1278 Dominus,
2901 1209 3096 1278 saepius
3115 1206 3404 1266 refe—vetur.
3445 1213 3550 1268 Sed
3579 1206 3635 1268 et

2054 1274 2177 1352 ﬁdei
2209 1276 2364 1352 juxta
2383 1277 2828 1352 comparationem
2866 1274 3065 1352 sinapis
3100 1291 3285 1352 sancto
3317 1283 3482 1337 odore
3512 1298 3635 1352 per-
3682 1286 3684 1288 ’

2052 1345 2301 1418 fruimur,
2325 1347 2462 1401 sicut
2489 1348 2562 1400 ait
2585 1349 2875 1418 dpostolus
2901 1345 3086 1402 beatus
3108 1391 3136 1418 ,γ
3156 1350 3408 1418 Quoniam
3445 1345 3635 1409 Christi

2053 1415 2362 1492 bonuspdor
2391 1434 2562 1492 sumus
2590 1416 2697 1470 Deo
2732 1417 2797 1490 (ll
2825 1417 3171 1492 Coranum).

2122 1487 2176 1540 2.
2209 1487 2531 1561 Laurentius,
2555 1487 2768 1558 granum
2800 1490 3012 1561 sinapis.
3047 1487 3206 1561 Igitur
3230 1501 3471 1549 sanctum
3497 1509 3639 1551 mar-

2054 1565 2223 1628 tyrem
2255 1557 2593 1635 Laurentium
2636 1573 2801 1635 grano
2841 1557 3371 1635 sinapisjpossumus
3409 1571 3652 1635 compa—'

2051 1643 2191 1701 rare,
2221 1631 2308 1697 qui
2337 1629 2559 1701 diversis
2581 1630 2800 1701 attritus
2831 1629 3186 1699 passionibus,
3220 1647 3316 1701 per
3341 1642 3507 1690 totum
3535 1629 3632 1690 or-

2052 1697 2172 1752 bem
2219 1699 2397 1775 gratia
2424 1699 2617 1775 meruit
2655 1701 2733 1754 sui
2781 1697 3013 1770 fragrare
3058 1697 3320 1775 martyrii.
3349 1705 3451 1772 Qui
3488 1707 3634 1761 enim

2050 1778 2203 1846 antea
2229 1771 2547 1824 constitutus
2577 1770 2628 1822 in
2656 1780 3042 1846 corpore,_erat
3071 1770 3305 1841 humilis,
3339 1770 3550 1846 ignotus
3575 1783 3633 1831 et

2049 1839 2200 1913 vilis;
2232 1850 2578 1913 posteaquam
2606 1839 2864 1913 vexatus,
2911 1842 3172 1913 laceratus
3193 1887 3208 1911 ,
3259 1839 3479 1901 exustus
3506 1855 3589 1901 est
3610 1887 3628 1913 ,

2049 1910 2314 1963 universis
2354 1925 2448 1978 per
2478 1919 2647 1963 totum
2677 1912 2932 1965 mundum
2977 1910 3219 1970 ecclesiis
3257 1916 3477 1971 odorem
3523 1910 3634 1972 sua:

2048 1979 2337 2057 nobilitatis
2364 1980 2570 2057 infudit.
2602 1981 2765 2035 Recte
2789 1982 2947 2057 igitur
2969 1983 3096 2057 huic
3116 1988 3445 2055 comparatio
3469 2002 3634 2057 copu-

2049 2049 2187 2122 latur
2219 2067 2231 2102 :
2264 2050 2523 2122 siquidem
2563 2066 2786 2120 granum
2813 2049 3015 2122 sinapis
3040 2069 3162 2110 cum
3191 2049 3402 2122 teritur,
3433 2049 3626 2113 accen-

2049 2119 2223 2190 ditur;
2270 2119 2584 2174 Laurentius
2615 2137 2734 2174 cum
2783 2119 3016 2190 patitur,
3058 2119 3462 2181 inﬂammatur:
3501 2128 3628 2182 illud

2047 2188 2309 2266 fervorem
2341 2192 2612 2266 attritione
2631 2207 2735 2266 sua
2765 2188 2944 2266 movet
2974 2195 2992 2225 ί
3018 2211 3032 2258 ;
3064 2194 3151 2250 hic
3191 2197 3366 2265 ignem
3395 2197 3624 2266 plurima

2047 2262 2326 2333 vexatione
2347 2262 2594 2333 suspirat.
2625 2261 2858 2333 Sinapis,
2887 2264 3122 2333 inquam,
3149 2261 3438 2323 in'vascul'o
3459 2267 3632 2322 calido

2047 2331 2388 2406 decoquitur;
2418 2332 2734 2406 Laurentius
2773 2333 2827 2387 in
2855 2331 3104 2406 craticula
3146 2336 3480 2393 ﬂammarum
3509 2339 3629 2406 igne

2051 2411 2300 2456 torretur.
2344 2401 2580 2456 Ardebat
2618 2403 2791 2473 itaque
2815 2405 3148 2460 extrinsecus
3176 2406 3364 2463 beatus
3389 2401 3631 2463 Laurén-

2049 2473 2150 2548 _tius
2169 2481 2372 2548 martyr
2400 2473 2613 2548 tyranni
2638 2474 2906 2548 saevientis
2935 2475 3228 2548 incendiis;
3255 2479 3349 2533 sed
3378 2478 3548 2548 major
3569 2477 3634 2532 il-

2045 2542 2154 2596 lum
2195 2542 2516 2598 intrinsecus
2545 2544 2742 2598 Christi
2784 2545 2980 2599 amoris
3021 2545 3235 2602 ﬂamma
3274 2542 3532 2603 torrebat.
3563 2549 3632 2603 Et

2045 2614 2285 2684 quamvis
2323 2629 2417 2668 rex
2443 2614 2714 2683 improbus
2745 2615 2881 2684 ligna
2912 2615 3218 2684 subiiceret,
3249 2619 3496 2674 incendia
3523 2633 3633 2672 ma-

2039 2683 2155 2752 jora
2183 2694 2541 2752 supponeret;
2572 2692 2744 2737 tamen
2777 2683 2990 2739 sanctus
3011 2683 3330 2742 Laurentius
3355 2689 3451 2743 has
3476 2689 3630 2743 ﬁam-

2044 2768 2160 2826 mas
2183 2754 2307 2826 ﬁdei
2333 2756 2509 2826 calore
2541 2769 2642 2808 non
2669 2756 2834 2826 sentit
2866 2775 2878 2823 _:
2906 2764 2958 2810 et
2984 2756 3109 2809 dum
3135 2756 3333 2813 Christi
3363 2767 3630 2826 praecepta

2042 2825 2258 2894 cogitat,
2283 2824 2527 2895 frigidum
2558 2834 2640 2879 est
2665 2825 2735 2878 illi
2762 2841 2919 2880 omne
2941 2827 3080 2895 quod
3111 2828 3324 2896 patitur.
3356 2824 3465 2884 Nec
3484 2824 3627 2884 enim

2043 2905 2220 2970 potest
2239 2897 2291 2949 in
2318 2897 2617 2970 visceribus
2639 2896 2834 2970 ignium
2862 2906 3123 2970 tormenta
3146 2901 3364 2970 sentire,
3389 2899 3478 2970 qui
3504 2915 3630 2954 sen-

2043 2966 2190 3019 sibus
2230 2965 2462 3034 paradisi
2495 2965 2768 3035 refrigeria
2800 2967 3122 3036 possidebat.
3154 2968 3337 3024 Jaceat
3359 2965 3481 3023 licet
3506 2980 3628 3024 ante

2043 3036 2213 3108 pedes
2234 3037 2440 3107 tyranni
2471 3045 2654 3108 exusta
2679 3051 2808 3091 caro
2827 3079 2842 3104 ,
2872 3052 3066 3108 corpus
3091 3040 3366 3104 exanime;
3400 3039 3528 3093 nihil
3559 3048 3630 3094 ta-

2043 3122 2165 3160 men
2185 3107 2489 3161 detrimenti
2519 3107 2712 3176 patitur
2752 3108 2803 3160 in
2829 3107 3007 3171 terris,
3033 3108 3187 3175 cujus
3213 3110 3422 3165 animus
3449 3109 3632 3164 demo-

2043 3186 2192 3250 ratur
2236 3179 2288 3231 in
2315 3177 2504 3250 ieoelis.
2558 3177 2875 3232 Extenditur
2919 3194 3047 3249 ergo
3089 3195 3253 3250 super
3294 3182 3630 3250 flammarum

2043 3248 2250 3317 ignotos
2278 3248 2504 3318 globos,
2549 3259 2602 3300 et
2648 3250 2843 3316 saepius
2888 3248 3134 3305 verSatur
3161 3248 3234 3304 'in
3280 3252 3483 3315 latera;
3529 3249 3630 3305 sed

2041 3327 2240 3390 quanto
2261 3319 2379 3387 plus
2405 3332 2680 3390 poenarum
2704 3321 2919 3390 patitur,
2945 3329 3093 3390 tanto
3112 3321 3340 3390 amplius
3359 3321 3630 3376 Christum

2042 3388 2326 3461 Dominum
2355 3388 2870 3461 pertimescit.’Novo
2892 3388 3254 3445 admirationis
3274 3406 3470 3461 genere
3490 3392 3629 3447 alius

2041 3458 2189 3532 illum
2217 3467 2465 3532 torquet,
2511 3468 2566 3514 et
2606 3460 2694 3532 alii
2738 3461 3006 3532 saevientis
3035 3458 3300 3516 tormenta
3327 3462 3628 3532 proﬁciunt.

2040 3529 2388 3654 lDevotiolrem
2414 3529 2757 3585 Laurentium
2786 3531 3050 3587 Salvatori
3075 3529 3342 3602 supplicia
3363 3533 3626 3588 atrociora

2062 3614 2256 3654 ecerun
2285 3640 2300 3654 .

2062 3609 2300 3656 εοετυηι.

2478 3690 2707 3748 suane
2744 3690 3056 3749 Lxxxvm
3093 3693 3192 3768 (a).

2041 3779 2266 3836 Rursum
2290 3781 2352 3837 de
2387 3781 2553 3856 verbis
2575 3781 2841 3856 Evangelii
2880 3781 3068 3852 Luae,
3096 3801 3210 3856 cap.
3242 3801 3363 3856 xm,
3391 3784 3460 3842 18
3478 3826 3494 3852 ,
3527 3785 3594 3842 19
3613 3825 3631 3855 ,

2378 3848 2473 3907 Cui
2512 3853 2684 3909 simile
2710 3848 2791 3908 est
2818 3848 3072 3925 regnum,
3107 3848 3203 3911 etc.
3229 3855 3330 3928 (b).

2113 3944 2166 4019 ᾧ.
2198 3942 2356 4019 Fides
2393 3943 2705 4019 christiana,
2731 3961 2944 4019 regnum
2967 3945 3084 4002 Dei.
3119 3945 3318 4018 Vigoris
3337 3947 3476 4003 illius
3495 3965 3635 4019 sym-

2041 4014 2231 4082 bolum,
2255 4015 2530 4087 sinapii—
2545 4014 2644 4087 Cui
2663 4014 2826 4069 simile
2849 4026 2920 4070 est
2946 4033 3153 4087 regnum
3173 4014 3447 4072 calorum?
3470 4014 3633 4072 et'cui

2041 4086 2207 4159 simile
2232 4085 2491 4139 wstimabo
2514 4085 2644 4159 illud
2655 4127 2678 4159 _,
2709 4087 2784 4159 ait
2808 4085 3108 4159 Dominus:
3141 4087 3322 4142 Simile
3359 4096 3431 4159 est
3471 4104 3632 4159 grano

2041 4155 2234 4227 sinapis
2258 4197 2274 4222 ,
2306 4165 2360 4210 et
2379 4164 2594 4210 caetera.
2619 4156 2783 4227 Multa
2810 4158 3221 4225 perstrinximus
3241 4198 3256 4224 ,
3288 4155 3488 4227 quibus
3504 4173 3631 4226 pro-

2041 4226 2291 4280 barcmus
2339 4242 2559 4297 regnum
2617 4226 2711 4280 Dei
2753 4242 2919 4296 grano
2967 4227 3165 4297 sinapis
3217 4226 3322 4282 non
3367 4229 3632 4282 immerito

2041 4297 2380 4365 comparari,
2407 4295 2484 4352 "et
2528 4295 2831 4350 distantiam
2876 4298 2929 4352 in
2969 4295 3100 4352 sola‘
3119 4313 3240 4353 esse
3283 4300 3632 4354 aestimatione

2041 4367 2518 4440 verborum,‘nou
2565 4367 2618 4421 in
2671 4367 2954 4426 collatione
2995 4370 3252 4440 virtutum
3301 4386 3317 4423 :
3361 4369 3627 4440 siquidem

2041 4436 2328 4491 christiana
2376 4435 2506 4492 ﬁdes
2529 4479 2544 4504 ,
2591 4453 2707 4507 qua:
2737 4453 2960 4508 regnum
3009 4439 3104 4493 Dei
3142 4449 3257 4507 est,
3284 4435 3527 4495 eumdem
3556 4441 3636 4493 vi-

2040 4522 2224 4579 gorem
2251 4508 2492 4573 obtinet,
2517 4523 2674 4578 quem
2722 4509 2921 4579 sinapis
2950 4519 3135 4564 natura
3171 4509 3454 4578 depromit.
3498 4510 3633 4566 Nam

2043 4577 2182 4631 sicut
2206 4593 2325 4649 cum
2354 4577 2554 4649 sinapis
2579 4593 2795 4633 succum
2838 4577 3126 4645 sumimus,
3155 4577 3302 4634 vultu
3343 4582 3631 4636 contrista-

2043 4663 2182 4722 mur,
2211 4647 2385 4704 fronte
2412 4647 2798 4722 contrahimur,
2843 4651 2908 4705 ad
2948 4652 3210 4722 lacrymas
3235 4665 3631 4720 permovemur,

2043 4728 2098 4793 et
2145 4719 2310 4789 ipsam
2360 4720 2742 4793 salubritatem
2773 4719 3372 4793 corporisnostri’cum
3399 4722 3629 4793 quodam

2042 4789 2170 4844 ﬂetu
2209 4791 2536 4845 austeritatis
2578 4789 2902 4861 accipimus;
2950 4791 3097 4846 illine
3146 4792 3290 4847 enim
3336 4789 3633 4848 amaritudo

2043 4874 2141 4915 nos
2166 4870 2484 4934 eanperat,
2508 4863 2798 4917 acrimonia
2837 4870 3118 4934 penetrat,
3149 4862 3274 4917 hinc
3317 4863 3464 4918 calor
3492 4864 3631 4934 ignei

2043 4931 2249 5000 saporis
2274 4932 2548 4999 accendit;
2577 4941 2630 4987 et
2659 4942 2772 4987 toto
2799 4931 3092 5002 perturbati
3117 4947 3344 5004 corpore
3374 4931 3634 4990 tunc'ma-

2042 5083 2276 5151 prolixior
2291 5119 2307 5146 ,
2330 5086 2568 5147 incipiens
2588 5086 2650 5134 ab
2672 5085 2822 5136 hocce
2841 5086 3074 5151 exordio:
3103 5104 3126 5134 ι
3147 5087 3376 5151 libenter
3398 5100 3489 5138 nos
3503 5100 3632 5151 prte-

2049 5147 2072 5194 ὶ
2095 5147 2257 5197 dicare
2281 5155 2333 5196 et
2353 5155 2602 5209 gratanter
2635 5160 2758 5209 opus
2779 5149 2864 5196 Dei
2890 5148 3050 5198 facere
3072 5148 3381 5200 manifestum
3405 5158 3481 5199 est
3505 5147 3519 5200 Ξ
3543 5151 3632 5200 sed

2050 5226 2073 5256 ι
2095 5211 2204 5258 cum
2236 5209 2458 5280 videmus
2482 5208 2694 5284 plures;
2711 5221 2742 5257 e
2784 5209 3013 5284 fratribus
3055 5213 3242 5284 pigrius
3271 5213 3347 5284 ad
3379 5213 3634 5284 ecclesiam

2050 5288 2073 5318 ι
2095 5273 2415 5334 convenire,»
2448 5277 2542 5320 etc.
2569 5278 2861 5334 notaturque
2883 5273 3075 5322 habitus
3117 5273 3167 5322 in
3203 5273 3351 5324 natali
3394 5275 3632 5324 laurentii

2043 5333 2280 5384 manvris.

2363 5379 2862 5460 fervoremiatgtjtimus
2883 5409 2984 5448 sua:
3005 5398 3192 5450 evomit.

2106 5456 2179 5581 ia}
2212 5455 2353 5517 Olim,
2364 5455 2636 5509 'de.sanctis
2655 5457 2747 5517 '53;
2775 5465 2826 5530 et
2848 5466 2974 5530 post,
2997 5461 3044 5508 in
3069 5457 3342 5522 Appendice
3363 5457 3442 5507 82.

2131 5517 2157 5566 b
2212 5525 2345 5568 nunc
2367 5525 2564 5581 quoque
2596 5520 2841 5568 Ambrosm
2864 5522 3096 5570 tributum
3119 5520 3339 5570 videmus
3362 5527 3415 5570 et

2131 5517 2179 5580 ὁ)
2212 5525 2347 5584 nunc
2367 5517 3339 5584 quoqueAAmbrosio'tributum'videmus
3357 5527 3415 5584 et
3451 5521 3500 5584 in
3523 5519 3632 5584 ejus

2045 5593 2248 5655 operum
2270 5581 2550 5655 vulgatiset
2573 5581 2620 5629 in
2652 5584 2988 5655 manuscriptis
3022 5581 3176 5655 libris,
3203 5583 3251 5655 iit
3271 5581 3632 5655 quibusincipit

2043 5642 2092 5693 in
2115 5642 2220 5691 haec
2246 5642 2424 5692 verba:
2457 5658 2478 5688 ε
2497 5646 2757 5706 Superiore
2777 5642 3015 5706 Dominica
3037 5642 3310 5706 parabolam
3333 5644 3517 5693 Domini
3535 5642 3632 5695 dis-

2043 5711 2288 5762 serentes,
2315 5706 2363 5777 in
2381 5718 2474 5768 qua
2497 5703 2695 5777 nigrai
2717 5703 2876 5777 simiie
2896 5711 2966 5777 es_t
2985 5703 3457 5777 νςρνηιηῃεαέιοηιηιΡ
3478 5720 3502 5751 ι
3531 5713 3628 5777 etc.

2043 5777 2104 5816 Ac
2110 5781 2298 5877 1iiiitstus
2336 5766 2480 5819 ﬁnem
2503 5766 2664 5818 multis
2684 5780 2794 5831 quae
2830 5767 2909 5817 hic
2929 5766 3269 5818 desiderantur
3284 5799 3302 5831 ,
3324 5769 3508 5818 auctior
3531 5767 3630 5823 illi!

2045 5843 2107 5877 ex
2146 5845 2160 5877 ι
2197 5842 2225 5877 e
2249 5842 2324 5877 ur.

2045 5830 2324 5880 exhibetur.
