4156 6374
384 352 523 412 1929

381 470 758 535 ιηίιιιιωκεοιιθ,
793 464 841 521 si
884 464 953 521 ad
984 476 1146 537 unam
1188 476 1375 519 vocem
1430 462 1641 537 Domini
1685 479 1966 537 resurgere

384 542 616 598 Lazarus
656 538 862 608 potuit;
899 535 1120 608 quando
1153 548 1343 592 omnes
1389 535 1477 605 qui
1518 536 1574 590 in
1608 535 1969 593 monumentis

382 623 530 679 sunt,
561 609 630 666 ad
660 607 819 664 unum
847 623 1030 663 vocem
1050 607 1216 679 solam
1236 615 1629 679 resurrecturos
1648 613 1698 661 in
1734 608 1972 679 Evange-

385 685 470 760 ιίοΔ
487 677 603 760 ipse
628 680 920 760 declaravit
945 677 1227 760 dicendo,“
1247 677 1388 731 Venit
1408 678 1781 760 lioran‘nanndn
1804 695 1974 732 omnes

384 755 471 826 qui
489 747 543 807 in
574 751 1083 826 trionumentis_r_ttnt_,_
1104 749 1312 826 audient
1336 765 1503 826 vqcetn
1532 747 1655 802 Filii
1681 747 1800 811 Dei,
1825 758 1870 803 et
1897 765 1977 801 re-

386 818 591 894 surgant
618 823 795 893 (Joan.
823 840 875 887 v,
898 822 1017 885 25).
1044 820 1193 875 Unde
1223 822 1336 874 sine
1365 818 1527 873 dubio
1557 828 1680 873 tunc
1711 835 1856 894 mors
1877 835 1974 894 a_u_-

387 890 498 950 dita
542 890 670 949 voce
709 894 917 948 Domini
963 905 1151 946 onmes
1188 900 1426 946 mortuos
1451 905 1481 943 a
1511 906 1569 945 se
1608 891 1866 959 potuisset
1891 890 1973 944 di-

387 968 623 1027 mittere,
657 965 759 1019 nisi
786 964 998 1033 proprie
1023 970 1266 1033 vocatum
1313 960 1570 1016 Lazarum
1616 961 1973 1033 cognovisset.

390 1036 460 1093 Ut
486 1038 559 1090 ait
581 1051 709 1105 ergo
743 1032 1020 1100 Dominus,
1043 1032 1255 1105 Lazare,
1274 1032 1354 1087 emi
1376 1034 1512 1105 foras
1530 1034 1747 1105 ;rstalim_
1775 1032 1862 1105 ille
1881 1033 1981 1085 exi-

393 1111 465 1160 vit
493 1102 665 1177 ligatis
691 1107 923 1159 manibus
948 1115 994 1158 et
1026 1103 1252 1177 pedibus,
1275 1103 1497 1177 etfacies
1520 1104 1627 1177 ejus
1648 1102 1856 1177 sudario
1873 1111 1980 1177 erat

387 1173 647 1249 reapérta.
677 1178 812 1243 Quid
840 1188 892 1231 et
940 1176 1025 1249 hic
1058 1175 1336 1249 dicemus?
1361 1173 1623 1243 Numquid
1652 1173 1904 1227 Dominus
1926 1173 1979 1249 in

387 1242 595 1303 Lazaro
624 1242 909 1318 sepultura:
937 1246 1165 1318 vincula
1194 1260 1441 1318 rumpere
1468 1242 1979 1318 _n0n_poterat,_qui

389 1322 580 1374 mortis
606 1312 813 1374 vin'cula
841 1317 1173 1387 disruperat?
1201 1312 1422 1372 Sed’hic
1467 1312 1723 1370 Dominus
1757 1330 1819 1369 ac
1857 1312 1977 1369 Sal-

390 1401 543 1451 vator
570 1401 751 1445 noster
778 1389 1041 1458 duplicem
1069 1389 1316 1442 virtutem
1342 1387 1395 1441 in
1419 1387 1622 1458 Lazaro
1648 1400 1978 1458 sit-coperu-

390 1462 553 1517 tionis
600 1456 873 1523 ostendit;
921 1470 977 1514 ut
1024 1460 1104 1514 vel
1145 1460 1223 1514 sic.
1273 1457 1628 1512 incredulitati
1671 1456 1978 1512 Judaeorum

390 1534 551 1588 fidem
582 1532 914 1589 credulitatis
950 1529 1271 1585 infunderet.
1298 1528 1415 1583 Non
1453 1529 1595 1583 enim
1641 1526 1861 1581 minoris
1887 1526 1980 1580 ad—

389 1605 693 1685 mirationis
735 1612 839 1670 est,
878 1602 1137 1680 Lazarum
1183 1602 1396 1670 ligatum
1437 1599 1663 1680 pedibus
1706 1597 1981 1653 ambulare

389 1682 652 1746 potuisse,
679 1688 837 1745 quam
864 1689 895 1727 a
919 1682 1142 1728 πνοι-11115
1172 1685 1564 1725 ι’θειιπθιιεεθ.

917 1761 1146 1819 saeuo
1186 1760 1342 1817 xcw
1367 1758 1463 1835 (α).

390 1859 594 1916 Rursus
620 1858 674 1913 in
709 1857 973 1928 Evangelii
1006 1856 1223 1928 Joannis
1258 1870 1483 1928 c_ap_._Xl,
1510 1853 1652 1922 l-H,
1679 1852 1742 1907 de
1764 1853 1980 1908 suscita-

950 1929 1083 1981 tione
1116 1925 1295 1979 Lazart'
1325 1924 1419 1997 (b).

465 2024 517 2079 l.
547 2023 699 2079 Licet
726 2036 913 2076 omnes
947 2021 1169 2074 virtutes
1211 2033 1342 2088 quas
1382 2017 1434 2071 in
1487 2016 1644 2071 terris
1690 2016 1781 2071 Dei
1813 2016 1980 2072 Filius

392 2096 728 2163 maiestatem
768 2108 917 2147 suam
946 2092 1258 2163 proditurus
1277 2088 1537 2163 implevit,
1567 2088 1980 2163 miraritantum

394 2158 639 2220 homines
665 2164 901 2224 valeant,
928 2158 988 2216 ut
1019 2162 1191 2215 verbis
1229 2159 1453 2215 delinire
1484 2173 1589 2212 non
1618 2158 1859 2227 possint:
1883 2174 1980 2212 ex-

392 2237 534 2292 cedit
572 2247 747 2290 tamen
797 2249 955 2287 nnme
994 2232 1328 2297 miraculum,
1357 2229 1498 2298 quod
1550 2228 1796 2284 Christus
1835 2229 1980 2284 circa

393 2308 652 2363 Lazarum
682 2307 825 2368 fecit,
859 2306 941 2359 cui
971 2320 1075 2357 non
1103 2318 1245 2372 aegro
1285 2301 1515 2372 reddidit
1553 2300 1855 2372 sanitatem,
1878 2316 1981 2356 nec

393 2379 685 2434 debilitatis
711 2378 965 2447 languore
990 2371 1190 2447 viribn’s
1208 2374 1223 2403 ¹
1252 2371 1514 2447 medelnm
1544 2371 1788 2447 protinus
1816 2372 1979 2447 verbo

392 2450 650 2514 restituit,
678 2464 781 2502 non
803 2441 1046 2515 'denique
1088 2444 1338 2515 reliquias
1366 2443 1561 2515 animae
1605 2441 1780 2515 adhuc
1817 2443 1982 2515 possi-

393 2521 543 2577 denti
588 2512 749 2593 vitam
789 2512 1276 2593 rursusreddidit;
1456 2512 1567 2593 jam
1612 2512 1840 2581 sepulto,
1866 2512 1978 2581 jam

394 2592 755 2645 monumentis
786 2587 1081 2652 recondito,
1112 2586 1219 2656 jam
1253 2584 1502 2656 legitimis
1530 2592 1826 2656 temporum
1855 2597 1981 2652 spa-

395 2663 482 2717 tiis
506 2663 775 2729 adscripto
800 2657 983 2713 inferis
1024 2653 1303 2729 inquilino,
1322 2656 1395 2729 ab
1427 2654 1541 2723 ipsa
1568 2653 1695 2729 sede
1724 2653 1972 2729 pallente,

393 2732 664 2788 destructa
686 2723 803 2799 lege
829 2737 1076 2791 tartarea,
1099 2723 1426 2799 mancipium
1460 2725 1644 2799 mortis
1670 2723 1979 2799 redirejus-

316 2855 321 2859 .
393 2805 464 2859 sit
500 2805 565 2859 ad
595 2794 854 2872 superos;
883 2809 938 2872 et
967 2809 1086 2869 post
1118 2798 1342 2872 concilia
1385 2794 1719 2872 stridentium
1757 2795 1978 2872 umbra-

393 2889 535 2937 rum,
566 2865 687 2945 post
717 2865 1005 2945 profundas
1030 2869 1235 2945 _noctis_
1264 2878 1496 2945 aeternae
1516 2865 1789 2945 caligines,
1813 2866 1977 2945 vitam

394 2936 612 3011 ducere,
644 2947 695 2998 in
718 2936 980 2998 'convivio
1013 2940 1368 3011 discumbere,
1399 2936 1500 3011 frui
1529 2936 1977 3011 discumbentium

392 3008 682 3085 colloquio,
712 3014 973 3085 prandere
997 3022 1052 3085 et
1075 3010 1308 3081 gaudere
1336 3009 1462 3064 fecit
1482 3024 1504 3085 _:
1536 3016 1694 3076 atque
1724 3015 1781 3085 ut
1811 3008 1973 3085 mira-

393 3077 572 3141 culum
600 3077 793 3141 divinae
835 3084 1049 3140 virtutis
1079 3077 1440 3145 accresceret,
1466 3077 1591 3132 dum
1628 3077 1863 3132 convivis
1890 3079 1976 3133 in-

396 3158 788 3228 terrogantibus
831 3155 1001 3228 tristia
1045 3155 1161 3228 loc_a
1200 3150 1831 3228 pmnarum_’,sed_esque.
1870 3150 1978 3205 alta

396 3219 791 3300 noctevsemper
814 3219 1351 3300 obscuras,_Lazarus
1370 3220 1575 3300 indicat
1596 3219 1835 3300 diligenti
1854 3235 1977 3300 nar-

395 3301 603 3371 ratione
630 3291 1029 3371 perordinem;
1059 3296 1151 3350 diu
1176 3293 1384 3371 qnaesiti
1410 3291 1699 3371 longisque
1714 3291 1977 3371 tempori-

396 3370 496 3425 bus
521 3362 749 3430 ignorati
777 3370 1096 3424 invenerunt
1121 3362 1337 3420 tandem
1367 3362 1522 3417 inferi
1552 3362 1901 3430 proditorem.

464 3388 496 3425 ‘S
521 3389 536 3426 1
578 3388 749 3426 noratt
777 3388 1096 3424 Invenerunt
1122 3388 1337 3420 talluclu
1367 3388 1522 3417 uucrl
1553 3388 1901 3430 pruuuurcut.

464 3442 521 3496 2.
540 3388 661 3496 ᾗθο
689 3441 834 3497 leves
855 3441 962 3509 jam
992 3443 1378 3509 praecesserant
1404 3434 1457 3509 in
1482 3434 1666 3509 multis
1689 3432 1980 3509 curationi-

394 3511 494 3567 bus
517 3512 745 3568 diversae
772 3504 1015 3565 virtutes:
1046 3508 1227 3577 Neque
1256 3506 1396 3577 enim
1428 3504 1565 3577 levia
1594 3504 1820 3577 suntvel
1848 3504 1978 3577 ludi;

394 3598 485 3639 cra
531 3592 727 3649 praeter
770 3583 1027 3637 Lazarum
1075 3573 1194 3649 quae
1231 3576 1472 3632 Christus
1519 3575 1798 3644 implevit:
1836 3573 1977 3644 quod

395 3650 570 3709 claudi
597 3653 969 3722 redintegratis
989 3650 1261 3721 gressibus
1290 3655 1658 3722 cucurrerunt,
1681 3653 1737 3700 et
1758 3654 1978 3722 accepto

393 3725 659 3780 beneficio
697 3714 939 3779 sanitatis
978 3714 1203 3776 Domino
1242 3718 1438 3788 gratias
1475 3717 1807 3788 retulerunt;
1831 3714 1978 3788 quod

395 3797 571 3851 manci
596 3806 849 3865 utrasque
876 3807 1063 3848 manus
1092 3790 1159 3845 ad
1183 3786 1377 3865 oculum
1406 3802 1528 3865 cum
1559 3786 1804 3865 laudibus
1830 3786 1977 3841 leva-

395 3875 619 3932 verunt;
652 3857 792 3936 quod
819 3865 1050 3919 resoluta
1074 3869 1197 3936 sunt
1221 3860 1380 3936 muiis
1399 3858 1631 3936 claustra
1651 3857 1974 3936 linguarum,

396 3945 451 3992 et
484 3928 615 4007 post
645 3928 949 3990 horrificum
989 3934 1136 4007 vocis
1171 3928 1831 4007 inarticulatm__m_u_gitum,
1858 3928 1975 4007 vin-

396 3998 518 4062 culo
549 4009 757 4062 nudatae
782 4008 972 4076 linguae
1002 4004 1272 4076 disrupto,
1292 4016 1358 4056 ex
1384 4015 1477 4055 ore
1505 3999 1721 4076 dividud
1745 3998 1977 4076 sensibi-

397 4077 466 4134 lia
492 4082 655 4134 verba
695 4069 1277 4148 processerunt;un
1322 4085 1494 4148 caacus
1534 4069 1735 4148 recepii
1774 4069 1972 4135 lumen,

399 4150 537 4218 quod
563 4139 827 4204 violentus
854 4148 1007 4202 dolor
1033 4139 1176 4200 nube
1213 4142 1379 4199 crassi
1422 4141 1661 4218 humoris
1686 4139 1977 4218 obsnurans

397 4209 464 4275 ab
491 4221 699 4275 orbium
730 4220 858 4275 sede
883 4227 1159 4287 rapuerat;
1191 4224 1245 4270 et
1268 4221 1477 4287 noctem
1506 4210 1763 4265 funeratte
1789 4209 1978 4287 frontis

397 4295 692 4354 excutiens,
716 4291 843 4345 dum
882 4282 1048 4343 totum
1091 4286 1279 4355 recipit
1304 4284 1496 4348 viSum,
1526 4282 1975 4355 resurrectionem

397 4377 572 4417 caecus
593 4351 787 4417 meruit
813 4361 1108 4415 oculorum.
1149 4351 1368 4425 Recepit
1408 4355 1493 4407 hic
1518 4351 1740 4425 quidem
1769 4352 1974 4417 oculos,

387 4433 532 4503 alter
566 4435 801 4503 accepit;
847 4443 901 4486 et
944 4429 1086 4501 quod
1132 4422 1318 4503 natura
1357 4440 1462 4503 non
1501 4422 1742 4503 dederat,
1788 4437 1978 4503 manus

397 4501 593 4559 Christi
623 4494 889 4559 formavit.
916 4494 1169 4571 Imposuit
1195 4499 1336 4553 enim
1361 4494 1518 4551 fronti
1536 4494 1805 4571 pulverem
1823 4501 1978 4571 sputo

396 4589 764 4645 conspersum,
792 4585 846 4630 et
874 4573 941 4629 ad
969 4565 1164 4645 tactum
1206 4584 1371 4624 sacra:
1396 4580 1586 4645 maniis
1611 4566 1789 4635 Operis
1817 4565 1979 4645 disci—

398 4636 546 4714 plina'
580 4636 831 4700 festinans
867 4643 1113 4699 luciferas
1150 4654 1388 4714 gemmas
1420 4637 1639 4714 orbibus
1669 4636 1979 4714 praeparatis

398 4705 602 4786 inﬁxit;
636 4727 689 4771 et
717 4716 861 4786 quod
890 4726 1077 4770 natura
1108 4705 1212 4766 non
1243 4710 1488 4786 dederat,
1514 4706 1765 4786 Christus
1786 4705 1979 4786 artifex

397 4777 697 4856 integravit.
728 4777 853 4842 Haec
889 4786 1065 4840 omnia
1101 4782 1316 4856 cunctis
1357 4779 1508 4835 fuere
1532 4777 1825 4856 miraculo,
1851 4777 1977 4831 dum

398 4850 612 4911 fiebant.
637 4858 766 4926 Quis
793 4858 933 4911 enim
976 4855 1216 4926 protinus
1253 4866 1447 4926 saxeus
1477 4850 1655 4903 mirari
1686 4864 1792 4903 non
1807 4863 1979 4926 __co_ga-

399 4936 502 4991 tur,
530 4919 859 4983 cumwomnia
902 4919 1093 4982 damna
1139 4923 1501 4979 membrorum
1547 4936 1653 4974 non
1700 4919 1978 4991 medicina:

398 4990 704 5067 pigmentis,
748 5014 850 5053 nec
890 5008 1005 5053 arte
1046 4996 1245 5064 aliqua,
1281 5009 1391 5067 nec
1417 4992 1689 5067 remediis,
1730 4990 1843 5067 sed
1862 4990 1979 5043 solo

399 5060 767 5124 tantummodo
784 5070 985 5124 videret
1001 5060 1262 5122 sermonis
1280 5063 1502 5134 imperio
1517 5060 1795 5117 restituta?
1811 5061 1978 5134 Parva

374 5196 375 5199 η
400 5139 515 5195 haec
542 5151 720 5196 tamen
744 5142 809 5195 ad
831 5138 1029 5194 Christi
1049 5138 1336 5208 potentiam
1356 5130 1699 5208 videbantur,
1724 5134 1823 5208 nisi
1847 5130 1979 5208 ami-

398 5225 493 5266 cus
517 5209 715 5266 Christi
754 5211 986 5266 Lazarus
1027 5200 1343 5265 moreretur.
1369 5204 1535 5273 Quem
1575 5205 1695 5258 ideo
1735 5200 1979 5258 Christus

398 5283 519 5335 vitae
561 5292 763 5337 naturze
808 5282 1058 5347 restituit,
1087 5290 1143 5333 ut
1181 5285 1409 5333 mutaret
1452 5285 1712 5339 naturam,
1737 5283 1813 5347 et
1858 5274 1979 5347 vitae

398 5354 644 5408 ordinem
672 5362 922 5418 verteret,
953 5361 1011 5406 ut
1032 5344 1170 5407 uitus
1198 5350 1359 5404 homo
1397 5348 1563 5403 semel
1604 5346 1770 5412 nasci,
1807 5353 1862 5401 et
1898 5344 1980 5399 bis

461 5466 478 5498 ί
504 5470 553 5536 In
732 5464 1001 5536 plerisque,
1039 5476 1127 5514 nec
1160 5458 1420 5513 debilitatis
1451 5456 1631 5524 fugavit
1668 5456 1975 5523 languorem,

400 5537 487 5578 nec
503 5527 684 5578 uiribus
725 5535 821 5577 etc.
902 5527 914 5529 '
1294 5582 1305 5593 .

404 5648 419 5651 _
459 5591 481 5622 ²
507 5590 809 5651 manttscripti
865 5601 964 5638 non
1016 5588 1185 5651 pauci,
1239 5589 1443 5651 trgstega
1479 5595 1773 5651 ρωῃατψη;
1817 5589 1870 5651 et
1910 5582 1982 5632 sic

396 5648 523 5702 fate
557 5642 877 5716 corrigéudus
910 5642 1057 5701 vetus
1076 5642 1233 5701 codex
1261 5646 1323 5698 cl.
1352 5642 1447 5707 ubi
1465 5642 1491 5706 ,⁷
1514 5643 1710 5697 tristitia
1739 5642 1983 5708 capitata-

397 5721 534 5902 "375i
568 5776 713 5835 olim,
734 5774 973 5826 deVerbis
993 5776 1175 5825 Domini
1194 5773 1286 5835 52;
1313 5781 1364 5824 et
1386 5780 1495 5834 post
1518 5773 1567 5821 in
1590 5769 1863 5833 Appendice
1883 5769 1931 5821 6.

482 5835 509 5887 b
564 5840 739 5890 Incerti
760 5840 970 5888 auctoris
993 5845 1044 5888 et
1065 5837 1247 5886 insulse
1266 5836 1515 5887 rhetorem
1539 5837 1744 5900 agentis.

482 5835 532 5900 b)
564 5840 739 5890 Incerti
760 5840 970 5888 auctoris
993 5845 1044 5888 et
1065 5837 1247 5886 insulse
1266 5836 1515 5887 rhetorem
1539 5837 1744 5900 agentis.

635 5925 864 5989 SANGT.
910 5927 1185 6003 Auevs'r.
1233 5922 1307 5984 V.

1825 348 2057 409 SERMO
2092 350 2275 409 XCVI.

3517 358 3657 419 I930

2086 468 2221 522 mori
2250 466 2500 533 disceret,
2530 476 2589 522 ut
2630 469 2988 528 conditionem
3027 471 3220 531 mortis
3250 486 3391 533 nova
3418 489 3657 533 resurre-

2084 538 2274 595 ctionis
2302 537 2418 608 lege
2440 538 2693 595 turbaret.

2114 680 2125 692 ο
2156 610 2209 665 5.
2239 609 2443 692 innvadit
2465 610 2620 692 igiinr
2644 610 2904 692 Lazarum
2919 614 3189 692 pernicies
3206 616 3420 673 inimica
3440 618 3660 690 languo-

2084 680 2177 742 ris,
2202 681 2500 758 et__fornace
2526 680 2750 758 febrium
2779 680 3025 758 anhelum
3052 700 3246 758 corpus
3281 680 3659 758 exnrensfmic

2084 750 2297 805 serandi
2343 750 2573 822 hominis
2613 752 2776 806 robur
2809 755 3043 822 quotidie
3069 750 3203 812 edax
3231 750 3532 815 incendium
3560 763 3658 817 ab-

2084 823 2346 899 sumebat.
2410 821 2647 899 Jacebai_
2699 821 2987 879 visceribus
3052 828 3258 883 anhelis
3320 842 3656 899 exaestuans,

2084 892 2389 971 crebrisque
2415 893 2953 971 singuliibuscorpus
2982 912 3285 966 excussum,
3318 892 3657 971 migratnram

2083 962 2151 1016 de
2197 962 2897 1045 domoncorporis_animam
2946 962 3305 1045 promittebat.
3337 962 3448 1027 Non
3477 975 3656 1039 amici,

2084 1034 2453 1112 non__consilia_,
2496 1049 2599 1088 non
2645 1034 2899 1103 fomenta,
2935 1034 3038 1112 non
3079 1041 3208 1112 artis
3244 1044 3546 1112 magisterio
3575 1034 3663 1101 re;

2085 1104 2256 1183 inedia
2290 1106 2498 1183 provisa
2529 1110 3073 1183 succurruntzomnia
3105 1111 3245 1165 enim
3287 1104 3405 1181 qua:
3446 1130 3541 1183 pro
3575 1131 3661 1170 sa-

2085 1174 2195 1257 lute
2217 1174 2335 1257 data
2370 1175 2602 1257 fueraui,
2623 1177 2674 1230 in
2690 1179 3013 1257 contrarium
3030 1174 3391 1257 vertebantur.
3417 1174 3662 1254 Languor

2084 1246 2225 1328 enim
2267 1246 2365 1328 iste
2398 1263 2500 1300 non
2531 1248 2708 1328 aliquo
2736 1249 2994 1316 remedio,
3028 1251 3118 1304 sed
3156 1254 3265 1306 sola
3299 1264 3467 1308 morte
3492 1246 3660 1310 foverat

2087 1315 2470 1398 ﬁniendds:et_
2502 1315 2647 1398 mors
2687 1320 2799 1387 ipsa
2849 1335 2943 1398 per
2988 1324 3437 1398 resurrectionem
3463 1326 3659 1381 Christi

2085 1387 2630 1465 vincend_a._Adera_nt
2652 1400 2826 1465 autem
2853 1387 2983 1444 dum
3025 1407 3241 1465 sorores
3286 1394 3575 1465 languenti,
3609 1407 3664 1452 et

2085 1471 2265 1535 casum
2293 1457 2534 1535 dolentes
2557 1459 2786 1535 juvenis,
2808 1464 3113 1535 aegromntis
3140 1463 3334 1535 lectulo
3359 1457 3662 1535 jugiter'in-

2086 1482 2265 1512 casum
2293 1482 2534 1514 uolentes
2557 1482 2786 1527 Juvenls,
2808 1482 3113 1530 wgroualttls
3141 1482 3334 1518 tectulo
3385 1482 3556 1535 ttgllel‘
3580 1483 3662 1522 m-

2086 1526 2375 1607 haerebant.
2396 1529 2681 1607 Forebant
2697 1545 2824 1607 vero
2843 1532 3108 1607 iacentem
3131 1534 3332 1607 talibus
3359 1482 3665 1607 ircquenter

2085 1599 2332 1681 alloquiis
2357 1617 2370 1653 :
2396 1601 2685 1681 Patienter,
2712 1602 3241 1681 inquinmusustine,
3273 1599 3481 1681 fortiter
3507 1607 3659 1674 dura,

2086 1670 2194 1751 noli
2243 1669 2619 1751 desperaiione
2657 1669 2928 1751 corruere.
2978 1674 3129 1751 Dum_
3156 1669 3298 1730 enim
3350 1669 3662 1751 languorem

2086 1741 2244 1823 istum
2275 1741 2581 1823 fortitudine
2608 1743 2825 1823 toleras,
2854 1759 2973 1799 cum
2999 1746 3254 1823 sustines,
3284 1763 3405 1823 cum
3438 1741 3657 1815 foveris,

2087 1813 2231 1866 venit
2275 1813 2426 1884 inter
2457 1814 2573 1884 hrec
2609 1813 2873 1884 Christus,
2907 1824 2964 1868 ut
3003 1816 3303 1884 credimus;
3347 1817 3568 1875 forsitan
3608 1813 3664 1877 et

2085 1883 2379 1937 sanaberis.
2404 1882 2509 1939 Sed
2539 1882 2664 1961 quid
2693 1899 2805 1947 vos,
2833 1900 2876 1961 o_
2899 1886 3065 1961 Maria
3087 1896 3139 1961 et
3156 1882 3389 1961 Martha,
3419 1906 3514 1959 pro
3547 1907 3664 1961 ger-

2075 1968 2249 2035 mano
2298 1962 2476 2035 tantus
2530 1953 2688 2035 dolor
2730 1956 2945 2035 exurii?
2979 1956 3103 2027 quid
3148 1953 3384 2035 jugibus'
3420 1953 3665 2035 suspiriis

2085 2025 2284 2106 optatis
2322 2026 2455 2106 m_ori
2501 2039 2621 2106 cum
2662 2023 2865 2080 fratre?
2895 2027 2945 2106 In
2981 2023 3307 2106 contrarium
3342 2023 3662 2101 potius'vota

2085 2096 2317 2162 pectoris
2367 2096 2663 2172 immutate,
2716 2098 3003 2172 precamini
3047 2096 3659 2172 crementa'languoris,

2084 2174 2368 2247 augmenta
2395 2165 2618 2247 febrium
2655 2168 2900 2247 qnmrite,
2927 2178 2982 2247 et
3007 2179 3076 2247 ut_
3103 2172 3151 2247 in
3177 2181 3414 2247 eratrema
3444 2165 3566 2227 vita:
3592 2165 3662 2229 li;

2084 2237 2235 2314 mind
2246 2245 2532 2314 tempestas
2553 2237 2725 2291 morbi
2745 2239 3013 2314 saevientis
3032 2240 3484 2314 citiusimpingat,
3507 2254 3663 2314 opta-

2086 2313 2157 2360 te.
2194 2306 2382 2384 Fraier
2419 2308 2560 2384 enim
2606 2317 2783 2362 vester
2819 2308 3072 2384 Lazarus,
3117 2306 3664 2384 cujus'ingemiscitis

2086 2385 2238 2460 tanto
2257 2378 2452 2460 affectu
2481 2378 2808 2448 languorem,
2834 2379 2936 2435 nisi
2965 2378 3206 2437 mortuus
3233 2378 3415 2451 fuerit,
3441 2402 3546 2441 non
3575 2402 3667 2444 ro-

2083 2457 2245 2518 ctpiet
2268 2457 2566 2503 sanitatem.

2152 2519 2208 2574 4.
2263 2518 2460 2575 Urebat
2518 2520 2677 2595 igitur
2726 2520 3198 2595 aegrotumfebris
3240 2525 3474 2595 assidua,
3529 2528 3666 2584 edax

2081 2587 2296 2668 ﬂamma
2315 2587 2633 2668 penetrabili
2654 2587 2849 2660 vapore
2865 2592 3116 2668 siccabat.
3144 2596 3402 2668 Incumbit
3417 2587 3668 2668 quaestio-

2082 2661 2265 2715 narius
2291 2662 2500 2729 corpori
2524 2661 2697 2726 dolor,
2732 2670 2872 2716 totus
2897 2662 3058 2717 homo
3086 2667 3417 2721 saevientium
3436 2661 3663 2725 'morbo-

2082 2746 2202 2785 rum
2229 2732 2481 2787 oneribus
2520 2733 2816 2801 premitur;
2858 2742 2915 2787 ut
2957 2737 3197 2802 corporis
3222 2738 3445 2793 vinculis
3486 2740 3665 2798 anima

2080 2802 2399 2883 resolvatur.
2433 2803 2570 2883 Yicit
2596 2801 2807 2857 tandem
2843 2818 3056 2883 succum
3092 2809 3333 2883 corporis
3380 2811 3661 2883 aegritudo,

2081 2880 2136 2952 e_t
2170 2873 2412 2952 caminus
2438 2871 2937 2952 febrium_ex1remo
2961 2871 3283 2952 divtirtio'de
3323 2871 3455 2934 sede
3474 2871 3668 2952 corpo;

2080 2944 2157 3015 ris
2186 2944 2417 2997 animam
2448 2943 2705 3013 compulit
2732 2946 3013 3015 emigrare.
3056 2945 3376 3003 Scindebanl
3408 2943 3585 3006 Maria'
3610 2963 3666 3009 et

2081 3013 2286 3069 Martha
2325 3030 2593 3092 germanae
2645 3013 2860 3092 vestes,
2898 3016 3170 3092 laniabant
3218 3019 3365 3092 iratis
3400 3024 3667 3092 unguibus

2080 3100 2265 3155 genas,
2318 3086 2637 3155 spargebant
2685 3087 2898 3140 evulsos
2949 3088 3145 3155 crines,
3188 3086 3501 3147 ululatibus'
3519 3104 3665 3151 astra

2082 3156 2403 3225 pulsabant:
2429 3165 2484 3209 et
2526 3165 2703 3234 tamen
2732 3155 3101 3234 incumbentes
3143 3158 3665 3234 funeri,_amplexm-

2080 3241 2184 3305 que
2221 3242 2414 3305 corpus
2454 3228 2718 3305 exanime,
2760 3228 2935 3305 inania
2960 3227 3185 3300 figentes
3221 3232 3421 3299 oscula,
3462 3227 3669 3305 'sazpius

2080 3295 2185 3353 hoc
2205 3295 2517 3372 dicebant:
2548 3298 2797 3372 Poteras,
2843 3295 3024 3372 miser,
3053 3371 3057 3372 ν
3083 3315 3183 3356 nec
3231 3295 3514 3372 aegrotare,
3548 3295 3668 3363 'nec

2080 3368 2240 3436 mori,
2278 3370 2321 3423 si
2359 3368 2503 3422 nulla
2532 3370 2668 3423 ratio
2700 3369 2914 3424 fecisset
2941 3370 3208 3425 Christum
3248 3368 3544 3429 absentem.
3575 3377 3667 3431 ln-

2081 3446 2165 3493 ter
2202 3454 2388 3520 omnes
2431 3442 2573 3520 enim
2601 3440 2794 3509 quibus
2833 3454 3079 3520 sermone
3127 3443 3333 3497 medico
3360 3445 3663 3503 desiderata

2080 3511 2369 3591 concessit,
2410 3511 2456 3563 si
2491 3518 2542 3565 te
2581 3525 2790 3591 quoqne
2834 3511 3173 3591 languentem
3209 3516 3540 3584 contingeret
3576 3529 3669 3573 aut

2082 3580 2465 3657 videret;__non
2513 3591 2563 3657 t_e
2594 3580 2767 3657 frigidi
2806 3580 3047 3657 corporis
3085 3597 3279 3657 sopore
3304 3580 3664 3657 oppressum,

2082 3665 2187 3705 non
2219 3649 2502 3728 spoliatum
2531 3651 2732 3728 lumine
2771 3649 3072 3728 videremus
3106 3649 3253 3728 :imo
3284 3649 3670 3728 illoprmsenté

2082 3736 2204 3795 non_
2228 3721 2321 3795 tibi
2362 3719 2523 3776 febris
2562 3721 2861 3795 accederet,
2910 3738 3016 3777 non
3058 3724 3331 3780 invaderet
3356 3719 3528 3795 dolor,
3558 3745 3667 3784 non

2080 3791 2619 3868 aagritudovastaret.
2648 3791 2815 3845 Tanta
2855 3803 2938 3847 est
2965 3795 3107 3848 enim
3152 3796 3294 3850 illius
3323 3791 3666 3868 omnipoten-

2083 3863 2187 3934 tia;
2221 3869 2279 3916 ut
2296 3862 2454 3916 etiam
2477 3862 2585 3934 jam
2609 3871 2849 3917 mortuus
2868 3879 3195 3934 resurgeres,
3220 3869 3264 3921 si
3288 3862 3511 3925 veniret.
3531 3870 3669 3925 Pro-

2081 3932 2222 4014 cedit
2256 3934 2470 4014 interea
2499 3932 2688 4014 [1111118ζ
2706 3935 2966 4003 longoque
2998 3932 3194 4014 ordine
3227 3938 3464 4014 tristibus
3505 3941 3667 3997 obse—

2081 4004 2219 4072 quiis
2262 4004 2567 4057 decoratum
2610 4004 2830 4058 infertur
2866 4006 3124 4073 sepulcris
3154 4024 3165 4057 :
3201 4007 3543 4064 absconditur
3577 4027 3670 4067 ca-

2081 4082 2202 4127 vato
2222 4087 2371 4136 saxo,
2399 4074 2758 4143 luctuosisque
2787 4076 3005 4129 vocibus
3030 4077 3413 4132 conclamatur.

2153 4144 2207 4198 5.
2250 4143 2406 4198 Venit
2454 4146 2610 4214 igitur
2655 4145 2721 4197 ad
2771 4144 3078 4199 Bethaniam
3126 4146 3385 4213 Christus,
3435 4150 3666 4207 claustra

2082 4215 2269 4269 mortis
2295 4214 2472 4268 divina
2500 4215 2737 4295 pntentia
2764 4216 3148 4295 destructurus.
3174 4219 3668 4295 Occurrnntlacry-

2081 4300 2248 4339 mosaa
2273 4300 2507 4351 sorores,
2537 4284 2692 4338 funus
2725 4285 2954 4340 hominis
2975 4296 3355 4356 contestantes,
3387 4291 3479 4346 Dei
3507 4284 3668 4347 auxi-

2082 4356 2211 4410 lium
2238 4356 2575 4433 requirebant
2603 4357 2740 4424 (erat
2764 4358 2904 4433 enim
2937 4359 2985 4433 ei
3013 4359 3201 4433 insitus
3227 4363 3412 4433 amor1
3453 4362 3663 4433 Lazari,

2081 4436 2198 4506 erat
2230 4440 2474 4506 sororum
2501 4428 2617 4506 ejus
2654 4427 2895 4506 quaedam
2918 4429 3133 4506 diiectio
3159 4431 3295 4500 apud
3332 4427 3663 4506 Dominum),

2080 4498 2148 4573 de
2174 4498 2406 4573 servitiis
2427 4498 2625 4573 amoris
2655 4499 2734 4573 sni
2761 4500 2947 4573 pignus
2976 4498 3292 4573 intrinsecus
3313 4498 3663 4573 deponentes,

2082 4569 2134 4623 in
2160 4568 2453 4623 visceribus
2481 4568 2676 4622 habere
2702 4570 2980 4624 Dominum
3008 4570 3340 4625 videbantur.
3371 4568 3475 4628 Sed
3504 4568 3669 4632 inter;

2081 4649 2231 4710 rogat
2258 4640 2325 4694 de
2356 4640 2602 4716 lacrymis
2623 4641 2791 4705 Deus;
2816 4648 2869 4695 et
2896 4641 3018 4696 licet
3038 4642 3335 4716 sciretquid
3365 4646 3667 4716 contigerit,

2083 4720 2259 4765 tamen
2300 4725 2365 4765 ex
2404 4710 2614 4782 illarum
2656 4726 2786 4782 voce
2828 4719 2977 4780 optat
3029 4710 3241 4767 audirei
3280 4710 3538 4782 Lazarus,
3580 4710 3667 4771 in;

2081 4782 2285 4852 quiunt,
2315 4796 2472 4851 quem
2496 4780 2768 4852 diligebas,
2792 4792 3033 4836 mortuus
3061 4792 3163 4838 est.
3193 4783 3238 4837 Ο
3274 4785 3500 4842 invidia!
3523 4780 3563 4841 ὀ
3590 4788 3673 4842 ἰηι

2083 4850 2253 4907 fidelis
2277 4850 2590 4906 conventio!
2617 4850 2692 4904 Te
2718 4852 2889 4908 adhuc
2910 4854 3084 4922 posito
3110 4856 3162 4907 in
3190 4856 3404 4918 sarculo,
3440 4856 3673 4914 Lazarus

2082 4924 2288 4999 amicus
2309 4932 2429 4999 tdu_s
2450 4926 2691 4975 moritur.
2715 4922 2767 4999 Si
2791 4925 2991 4999 amicus
3012 4927 3253 4999 moritur,
3276 4926 3523 4999 inimicus
3545 4930 3671 4999 quid

2083 4993 2354 5062 patiatur?
2385 4994 2576 5065 Parum
2603 5001 2685 5047 est
2726 4995 2768 5047 si
2798 4994 2889 5048 tibi
2928 5010 3032 5049 non
3064 4996 3165 5049 soli
3194 4997 3369 5065 superi
3397 4993 3667 5055 serviunt:

2083 5080 2209 5119 ecce
2252 5072 2400 5118 tuum
2442 5063 2692 5135 dilectum
2738 5065 2887 5118 inferi
2937 5063 3537 5135 rapuerunthazarns,
3588 5072 3671 5125 in-

2085 5136 2291 5205 quiunt,
2316 5149 2475 5201 quem
2497 5134 2771 5203 diligebas,
2798 5134 3038 5190 moritur.
3072 5138 3306 5192 Exclusit
3329 5141 3671 5196 humanitatis

2085 5206 2547 5269 consuetudinem,
2578 5213 2629 5258 et
2661 5220 2759 5258 vox
2792 5205 2878 5259 illa
2903 5208 3238 5262 mortalitatis
3258 5208 3388 5263 dicit
3416 5228 3429 5264 :
3460 5212 3667 5267 amicus

2087 5277 2181 5331 Dei
2213 5276 2542 5345 plusdebuit
2565 5276 2776 5341 vivere;
2804 5278 2894 5330 sed
2924 5280 3163 5333 moritur.

2158 5348 2211 5404 6.
2255 5347 2508 5402 Dominus
2554 5357 2735 5400 noster
2775 5346 2931 5404 Jesus
2990 5348 3234 5406 Christus
3278 5352 3559 5408 intendens
3614 5353 3665 5406 in

2088 5419 2352 5489 lacrymas
2392 5416 2692 5491 mulierum,
2738 5434 2856 5488 quae
2890 5420 3101 5488 jugibus
3137 5424 3379 5491 suspiriis
3415 5424 3671 5491 aptabant

2088 5493 2223 5545 mori
2253 5505 2375 5543 cum
2401 5490 2579 5551 fratre,
2623 5489 2689 5541 ad
2719 5491 3047 5545 mausoleum
3078 5489 3261 5547 Lazari
3300 5510 3399 5547 una
3430 5489 3548 5548 cum
3591 5495 3661 5548 di-

2088 5559 2307 5631 scipulis
2343 5560 2454 5615 suis
2481 5558 2564 5614 vel
2599 5560 2818 5628 prolixis
2856 5561 3022 5615 turbis
3064 5564 3343 5619 accelerat.
3380 5564 3495 5619 Jam
3525 5565 3675 5619 enim.

2088 5632 2226 5688 intra
2247 5640 2488 5687 cavatum
2519 5645 2703 5686 saxum
2739 5640 2966 5702 quatuor
2993 5632 3107 5688 dies
3143 5634 3326 5689 habuit
3354 5648 3410 5689 ut
3435 5637 3671 5705 jacebat,

2152 5767 2170 5800 ι
2194 5773 2263 5817 tta
2283 5772 2392 5818 Mss.
2416 5764 2598 5830 plures.
2620 5764 2704 5830 Alii
2727 5780 2835 5830 cum
2864 5766 3031 5830 editis,
3050 5771 3156 5816 erat
3183 5765 3309 5817 enim
3339 5765 3510 5819 insitus
3539 5780 3663 5819 amo-

2088 5834 2153 5896 ri,
2177 5842 2297 5896 etc.,
2320 5840 2371 5885 et
2392 5826 2522 5892 mox,
2549 5829 2775 5893 quwdam
2793 5826 3059 5880 delectatio.

2866 5914 3378 5993 (Soixante—unc.
3394 5920 3415 5981 )
