4156 6374
479 390 622 449 1957

477 521 672 569 cantur
695 512 872 583 itaque
896 511 1062 582 signis
1091 512 1337 569 omnibus
1366 510 1642 569 Manichaei
1664 529 1679 571 :
1702 517 1896 571 cuncta
1913 509 2064 583 salu-

475 583 547 639 tis
571 582 796 655 genera,
820 600 938 655 qute
978 585 1125 640 carni
1154 585 1484 653 deferuntur,
1524 585 1882 640 testimonium
1910 582 2064 638 bona:

476 663 683 711 natura:
707 664 852 710 sunt.
871 656 1048 727 Digna
1075 657 1214 711 enim
1243 656 1422 710 divino
1443 671 1605 726 opere
1624 655 2060 727 comprobantur,

473 741 594 798 qua:
624 742 729 781 non
758 726 1050 782 creduntur
1074 727 1286 797 indigna
1317 727 1607 782 beneficiis.
1637 726 1842 782 Nomen
1875 734 2061 798 aucto-

472 796 550 852 ﬁs
577 813 664 868 sui
685 799 924 852 membra
963 796 1312 868 cognoscunt,
1353 813 1473 853 cum
1502 799 1581 853 eis
1623 798 1834 864 dicitur,
1866 796 1930 851 In
1961 813 2060 868 ono-

472 869 609 940 mine
631 867 759 922 Iesu
788 867 975 924 Christi
994 867 1143 940 surge
1161 879 1208 924 et
1228 869 1452 923 ambula.
1477 868 1534 923 Si
1564 878 1703 924 esset
1733 883 1859 940 caro
1887 883 1917 921 a
1943 867 2060 940 dia-

473 938 617 1006 bolo,
648 955 841 995 nomen
868 940 1064 996 Christi
1084 938 1384 995 formidare
1410 940 1686 1008 potuisset.
1731 939 2058 1010 Obsequium

470 1019 811 1074 sanatorum,
863 1013 1222 1066 testimonium
1263 1010 1563 1066 Conditoris
1605 1018 1707 1065 est.
1750 1009 1818 1064 In
1860 1009 2062 1064 nemine

469 1079 594 1133 Iesu
623 1079 808 1154 Christi
829 1100 977 1154 surge
999 1093 1043 1136 et
1072 1082 1790 1154 ambula.Intuleratrnatura
1808 1080 2059 1154 rdcbilita-

470 1159 575 1222 tem
600 1169 614 1206 :
636 1151 701 1204 ad
735 1151 1160 1222 ipsam'quodam
1194 1153 1352 1207 modo
1373 1153 1600 1207 invocati
1622 1152 1850 1206 nominis
1875 1158 2060 1205 aucto-

469 1221 935 1294 ritasidestinatur.
954 1221 1244 1293 Cognoscit
1269 1225 1356 1294 qui
1381 1223 1618 1290 jusserit,
1644 1223 2057 1294 obsequiturque

468 1307 566 1364 suo
600 1293 846 1357 Domino,
878 1293 1299 1364 refragaturque
1321 1294 1608 1349 contrario.
1645 1293 1700 1348 Si
1727 1309 1853 1349 caro
1887 1308 1916 1347 a
1945 1293 2058 1347 dia-

468 1362 596 1436 bolo
623 1362 1100 1436 est,expugnanda
1129 1362 1208 1420 est
1234 1381 1262 1418 a
1285 1365 1478 1419 Christi
1504 1365 1803 1436 discipulis,
1833 1380 1938 1419 non
1963 1380 2055 1436 cu-

468 1435 656 1488 randa.
687 1434 740 1489 Si
773 1434 1030 1492 rationem
1063 1438 1375 1504 interroges,
1425 1435 1765 1505 obligandum
1797 1444 1878 1490 est
1902 1434 2055 1505 quid-

467 1505 592 1574 quid
626 1506 892 1560 inimicum
911 1517 1012 1562 est.
1036 1507 1170 1561 Nolo
1190 1509 1288 1561 hoc
1313 1508 1483 1562 solum
1511 1506 1817 1574 cogitationi
1845 1507 2049 1562 credas:

466 1575 641 1628 divina
669 1577 732 1628 ad
763 1576 902 1632 hunc
923 1593 1134 1633 sensmn
1157 1587 1432 1633 succurrat
1459 1579 1766 1633 auctoritas.
1800 1577 2054 1632 Dominus

464 1646 537 1699 ait
571 1648 620 1699 in
654 1647 971 1717 Evangelio:
1003 1649 1164 1703 Nemo
1189 1650 1470 1719 ingreditur
1492 1650 1544 1702 iu
1572 1649 1776 1702 domum
1803 1649 1968 1719 fortis,
1999 1657 2053 1702 ut

465 1730 584 1770 vasa
603 1719 718 1790 ejus
749 1719 975 1790 diripiat,
1008 1722 1105 1774 nisi
1135 1717 1276 1789 prius
1315 1721 1597 1789 alligaverit
1627 1717 1809 1790 fortem
1838 1717 2048 1787 (Matth.

465 1803 561 1862 xtl,
593 1788 708 1859 29).
756 1789 806 1843 In
839 1788 948 1844 Suis
979 1807 1105 1862 ergo
1134 1788 1249 1846 erat
1277 1788 1526 1859 operibus
1557 1788 1796 1846 diabolus
1824 1791 2050 1861 alligan-

463 1858 596 1912 dus:
627 1858 765 1914 nunc
793 1870 970 1916 autem
1016 1858 1117 1916 non
1146 1858 1424 1931 colligatur
1449 1862 1708 1927 diabolus,
1743 1862 1836 1918 sed
1883 1858 2051 1916 hono-

464 1939 629 2004 r_at_u_r,
660 1933 819 2004 sirres
849 1933 963 2000 ejus
1005 1949 1096 2000 per
1139 1935 1285 1998 signa
1316 1945 1549 1987 curatur.
1596 1933 1766 2004 Magni
1805 1932 2050 1989 beneficii

461 1998 673 2074 debitor
700 1998 938 2057 Chrisuts
963 1998 1107 2058 carni
1136 2013 1236 2068 est,
1267 2005 1312 2058 si
1339 2005 1477 2074 quod
1511 1998 1707 2072 possit;
1736 2006 1784 2058 in
1813 2005 1931 2072 ejus
1959 2019 2048 2060 sa-

463 2070 571 2144 lute
601 2074 932 2144 monstravit.
963 2075 1076 2129 Non
1109 2085 1252 2130 esset
1293 2070 1521 2130 materia
1539 2075 1807 2144 loquendi,
1833 2070 1934 2129 nisi
1966 2086 2047 2131 te-

463 2143 767 2208 stimonium
800 2146 1176 2199 misericordia:
1214 2161 1340 2200 caro
1366 2156 1544 2200 curata
1588 2143 1813 2207 fecisset.
1847 2145 2048 2201 Suffra-

460 2222 616 2286 gatur
647 2214 1004 2286 praedic-alium
1049 2217 1242 2271 Christi
1274 2232 1416 2281 caro,
1453 2217 1506 2270 in
1547 2217 1658 2286 ipsa
1699 2225 1782 2272 est
1823 2216 2050 2272 admini-

461 2284 656 2357 stratio
676 2284 966 2355 signorum.
1001 2287 1231 2342 Claudus
1257 2288 1440 2356 surgit,
1472 2297 1529 2341 ut
1559 2284 1800 2357 Apostolt'
1820 2287 2046 2357 loquan-

461 2361 567 2406 tur.
603 2355 856 2420 Diximus,
905 2358 1154 2427 quouiam
1205 2359 1247 2412 si
1288 2355 1448 2427 hujus
1488 2357 1579 2412 Dei
1609 2355 1752 2427 'opus
1782 2355 1907 2412 caro
1939 2375 2043 2414 non

460 2435 633 2499 esset;
665 2427 751 2499 ille
777 2428 996 2482 claudus
1022 2445 1124 2482 non
1154 2437 1269 2482 erat
1302 2430 1350 2483 in
1379 2429 1602 2499 pedibus
1633 2429 1920 2494 sanandus,
1949 2431 2044 2485 sed

461 2493 513 2548 in
550 2497 784 2570 brachiis
825 2500 1171 2569 colligandos.
1202 2499 1353 2554 Nunc
1379 2493 1571 2554 'autem
1601 2500 1770 2570 surgit
1799 2493 2037 2568 claudus,

461 2573 518 2620 ut
546 2569 789 2640 A_postoli
819 2570 1120 2639 loquantur,
1172 2572 1490 2640 praeitorque
1521 2571 1578 2625 fit
1609 2569 1996 2639 praedicationis
2026 2589 2040 2628 :

461 2646 516 2712 ut
559 2635 754 2712 Christi
798 2635 1140 2710 Evangelium
1174 2635 1352 2704 sonet,
1386 2635 1622 2696 claudus
1637 2643 1830 2696 exsilit.
1863 2641 2042 2712 Impu-

459 2706 649 2762 denter
667 2709 907 2778 Apostoli
934 2706 1192 2778 fecerunt,
1227 2713 1270 2767 si
1304 2713 1394 2766 Dei
1417 2728 1600 2768 eorum
1629 2728 1762 2781 opus
1787 2728 1912 2766 caro
1935 2706 2040 2769 non

460 2787 542 2832 est
562 2798 576 2833 :
599 2795 761 2854 _nunc
790 2791 964 2836 autem
993 2784 1239 2854 quoniam
1273 2784 1322 2837 id
1354 2783 1531 2854 dicere
1571 2783 1902 2853 sacrilegium
1933 2794 2038 2852 est,

459 2865 564 2903 non
592 2849 790 2905 faciunt
813 2849 1048 2922 Apostoli
1073 2855 1428 2924 impudenter.
1455 2853 1592 2909 Caro
1615 2849 1926 2924 igitur'opus
1945 2849 2041 2911 Dei

460 2929 575 2994 est:
605 2937 728 2976 cum
756 2923 1033 2988 formatur,
1065 2923 1198 2994 opus
1230 2925 1433 2980 Dci‘est
1451 2942 1464 2978 :
1484 2941 1604 2980 cum
1622 2923 1887 2991 conditur,
1907 2941 2041 2994 opus

462 2990 554 3045 Dei
583 3003 698 3046 est:
723 3009 842 3067 cum
877 2990 1202 3063 producitur,
1237 2996 1331 3050 Dei
1361 3011 1494 3065 opus
1519 3005 1633 3050 est:
1663 3011 1782 3051 cum
1814 2990 2040 3067 regene-

460 3071 625 3125 ratur,
654 3078 787 3132 opus
811 3065 902 3120 Dei
933 3077 1044 3122 est:
1067 3081 1188 3121 cum
1219 3067 1474 3137 signatur,
1507 3081 1640 3137 opus
1669 3067 1763 3121 Dei
1787 3065 2037 3122 esticum

458 3143 692 3198 curatur,
735 3150 870 3204 Opus
901 3137 993 3192 Dei
1043 3146 1143 3192 est.
1184 3137 1319 3204 Quid
1348 3138 1506 3193 debet
1532 3137 1742 3192 diabolo
1771 3138 1927 3192 toties
1953 3153 2040 3194 res

461 3204 582 3280 Dei?
611 3205 936 3280 lrrideautur
977 3208 1422 3280 ergorManichtei,
1453 3218 1506 3263 et
1531 3217 1753 3280 propter
1779 3208 2040 3280 honorem

463 3275 550 3348 Dei
578 3277 755 3330 carnis
786 3288 971 3332 natura
999 3275 1268 3344 laudetur;
1304 3287 1463 3348 atque
1483 3275 1650 3334 omne
1665 3280 1846 3333 vitium
1871 3279 1925 3334 in
1946 3295 2042 3334 vo-

461 3343 658 3400 luntate
682 3359 1082 3422 ponatur,rspes
1102 3343 1492 3406 emendationis
1521 3351 1825 3405 hominibus
1851 3366 2041 3422 sugge-

459 3424 622 3482 ratur,
647 3428 700 3490 ut
725 3435 780 3473 se
803 3421 1096 3490 intelligant
1117 3437 1218 3481 non
1241 3422 1417 3476 carnis
1440 3425 1777 3485 necessitate,
1807 3420 1902 3476 sed
1925 3420 2038 3476 tan-

457 3494 568 3563 tum
588 3489 874 3563 voluntatis
890 3489 1145 3560 pravitate
1161 3493 1486 3563 delinquere.
1504 3492 1610 3548 Nos
1627 3504 1801 3563 autem
1823 3506 2037 3548 carnem

457 3555 637 3613 divino
659 3555 1008 3633 adscribimus
1030 3565 1194 3632 operi,
1221 3555 1377 3633 quam
1399 3564 1639 3619 videmus
1663 3564 1715 3617 in
1741 3562 1938 3619 Christi
1954 3580 2040 3619 re-

456 3632 787 3704 surrectione
805 3633 967 3687 divini
987 3632 1477 3704 consortiigloriam
1495 3645 1856 3700 consecutam,
1880 3650 2037 3703 quam

455 3714 485 3753 a
506 3699 717 3776 Christo
742 3705 1018 3776 conditore
1042 3720 1140 3760 suo
1168 3699 1422 3776 suscepit,
1454 3706 1543 3776 qui
1567 3706 1768 3761 vivitet
1786 3699 2036 3776 regnatin

453 3773 644 3826 saecula
669 3774 1004 3831 szeculorum.
1034 3778 1224 3831 Amen.

998 3866 1225 3923 δειξΜο
1260 3866 1301 3924 c
1353 3865 1449 3943 (a).

454 3955 530 4009 De
567 3955 724 4009 verbis
768 3956 1000 4024 Actuum,
1051 3975 1166 4027 cap.
1215 3975 1291 4026 tv,
1325 3959 1515 4025 52-55,
1555 3959 1722 4014 Nemo
1751 3958 2034 4028 quidquam

522 4028 857 4168 algaquod
890 4029 1213 4098 possidebat,
1256 4046 1410 4085 suum
1446 4032 1719 4100 pr0prium
1747 4045 1867 4084 esse
1895 4031 2038 4085 dice-

529 4189 578 4242 1.
635 4188 866 4243 Charitas
911 4194 1106 4260 fervens
1147 4191 1374 4261 priorum
1415 4191 1663 4261 ﬁdelium.
1715 4189 2034 4245 Fraternitas

454 4260 714 4314 charitatis
740 4261 906 4330 major
936 4278 1088 4331 quant
1113 4260 1390 4332 sanguinis.
1418 4260 1678 4332 Legimus
1704 4262 1755 4316 in
1785 4261 1918 4316 libro
1945 4263 2033 4332 qui

453 4331 829 4400 Apostolorum
859 4333 1077 4387 Actibus
1104 4331 1446 4397 adscribitur,
1480 4331 1676 4387 tantam
1707 4334 1806 4388 sub
1831 4331 2033 4388 memo-

451 4403 582 4474 ratis
611 4401 736 4474 viris
756 4402 1093 4474 devotionem
1135 4403 1301 4473 plebis
1332 4403 1513 4470 fuisse,
1554 4405 1622 4457 ita
1658 4404 1838 4474 pepuli
1877 4404 2030 4458 Chri-

451 4473 606 4544 stiani
623 4473 866 4528 floruisse
888 4473 1166 4542 primitias,
1190 4483 1246 4528 ut
1263 4483 1379 4543 post
1398 4473 1667 4544 acceptam
1696 4474 1851 4530 fidem
1876 4490 2032 4531 nemo

452 4542 667 4597 domum
698 4544 962 4613 propriam
984 4545 1084 4599 sibi
1113 4542 1440 4610 defenderet,
1484 4542 1540 4600 et
1573 4561 1730 4599 nemo
1757 4561 1907 4599 suum
1935 4547 2033 4600 ali-

453 4615 575 4682 quid
602 4615 923 4680 vindicaret;
948 4615 1040 4670 sed
1063 4616 1181 4684 jure
1207 4617 1550 4670 fraternitatis
1569 4624 1749 4671 essent
1772 4617 1874 4671 illis
1903 4633 2032 4671 cnn-

451 4693 536 4738 cta
579 4687 915 4740 communia:
943 4688 1144 4741 scilicet
1172 4695 1228 4739 ut
1253 4687 1339 4754 qui
1370 4687 1557 4740 eodem
1597 4688 1864 4741 consortio
1905 4689 2030 4742 reli~

487 4756 623 4809 ionis
641 4756 973 4818 tenebantur,
994 4757 1181 4810 eodem
1198 4757 1468 4811 consortio
1488 4757 1790 4811 fruerentur
1813 4767 1865 4811 et
1887 4759 2026 4824 vitae;

490 4841 554 4880 oc
581 4835 685 4893 est,
715 4836 769 4881 ut
801 4827 990 4896 quibus
1015 4837 1130 4880 erat
1154 4842 1254 4880 una
1286 4827 1436 4893 fides,
1466 4835 1610 4882 esset
1640 4843 1742 4881 una
1781 4828 2029 4882 substan-

454 4898 546 4959 tia,
578 4907 633 4952 et
660 4898 849 4968 quibus
874 4908 988 4951 erat
1011 4899 1308 4952 communis
1329 4896 1592 4964 Christus,
1623 4901 1922 4952 communis
1947 4914 2030 4954 es-

452 4978 535 5022 set
552 4978 606 5023 et
619 4977 877 5038 sumptus.
905 4968 1062 5023 Nefas
1087 4969 1227 5022 enim
1254 4969 1505 5038 putabant
1525 4968 1756 5039 religiosi
1773 4969 1886 5031 viri,
1908 4985 2027 5023 eum

453 5039 552 5093 libi
585 5039 891 5109 participem
920 5053 1023 5092 non
1051 5039 1350 5094 adsciscere
1375 5039 1426 5092 in
1458 5040 1770 5109 substantia,
1796 5040 1886 5109 qui
1911 5055 2030 5109 par-

454 5111 621 5180 ticeps
649 5108 792 5165 esset
812 5111 862 5164 in
883 5113 1083 5180 gratia;
1114 5118 1271 5180 atque
1299 5109 1418 5164 ideo
1446 5108 1774 5164 fraternitate
1802 5108 2032 5164 charita-

455 5181 522 5234 tis
561 5182 807 5235 omnibus
843 5181 1197 5234 communiter
1225 5182 1540 5236 utebantur:
1568 5181 1668 5234 nisi
1695 5180 1836 5250 quod
1863 5181 2031 5250 major

453 5261 533 5305 est
557 5251 858 5306 fraternitas
883 5251 1077 5306 Christi
1104 5267 1260 5321 quam
1289 5251 1576 5321 sanguinis.
1595 5251 1875 5320 Sanguinis
1889 5252 2028 5306 enim

454 5325 754 5377 fraternitas
780 5320 1174 5376 similitudinem
1193 5320 1559 5377 tantummodo
1575 5323 1813 5392 corporis
1832 5321 2027 5388 refert;

455 5393 649 5448 Christi
672 5401 844 5447 autem
870 5392 1174 5448 fraternitas
1197 5393 1592 5448 unanimitatem
1620 5393 1796 5447 cordis
1821 5394 2033 5446 anima:-

455 5481 555 5533 que
584 5466 933 5530 demonstrat,
965 5465 1100 5518 sicut
1126 5465 1379 5533 scriptum
1428 5474 1528 5530 est,
1568 5463 1694 5516 Erat
1719 5476 1886 5517 autem
1911 5479 2028 5517 cre-

455 5538 678 5590 dentium
700 5552 786 5590 cor
814 5543 961 5606 atque
981 5534 1152 5588 anima
1173 5551 1293 5588 una.
1320 5534 1455 5589 Vere
1474 5549 1601 5604 ergo
1630 5534 1791 5589 frater
1815 5535 1904 5589 ille
1924 5543 2027 5604 est,

487 5693 755 5768 .(a)nolim,
796 5693 861 5744 de
895 5691 1067 5742 Verbis
1100 5679 1308 5755 Apostoli
1351 5691 1445 5754 23;
1491 5696 1544 5741 et
1587 5697 1713 5754 post,
1752 5689 1804 5740 in
1847 5698 2032 5754 Appen-

452 5757 781 5882 ὼῗῗξέχεωι
802 5819 948 5868 etiam
971 5817 1100 5866 inter
1119 5816 1627 5882 sermonesambrosii
1641 5823 1693 5866 et
1714 5816 1914 5866 maximi.
1935 5822 2029 5866 Hu-

454 5878 533 5942 jus
550 5878 664 5933 em
684 5885 857 5931 censet
876 5885 984 5940 post
1002 5879 1324 5930 mvunienses
1344 5878 1621 5939 vindtngus.

1933 388 2164 476 saluto
2199 391 2262 448 c.

3622 406 3758 463 £9238

2169 505 2260 578 qui
2303 513 2412 590 tam
2451 520 2677 591 corpore
2715 525 2872 584 quam
2925 515 3275 591 unanimitate
3309 531 3597 591 germanus
3625 533 3753 581 est:

2169 593 2353 660 verus,
2373 582 2614 660 inquam,
2647 582 2934 660 frater-est,
2971 587 3124 658 cujus
3152 589 3292 644 idem
3310 582 3550 660 'spiritus
3575 601 3628 648 et
3657 609 3756 651 vo-

2168 648 2345 732 luntas
2370 650 2424 732 in
2453 648 2975 732 fratre_est.__Melior
3015 648 3274 732 e'rgogest,
3305 648 3443 717 sicut
3484 662 3619 732 dixi,
3647 648 3756 722 fra-

2169 721 2416 803 ternitage
2439 723 2710 803 sanguinis
2733 725 2927 803 Christi
2951 721 3286 803 fragernitas':
3306 734 3557 803 quoniam
3585 721 3755 792 inter-

2167 789 2290 873 dttm
2314 793 2410 873 illa
2456 789 2562 873 sibi
2588 795 2811 873 _inimica
2837 808 2970 873 _est;
3021 797 3217 856 Christi
3246 789 3420 858 autem
3449 789 3752 867 fraterhitas

2167 863 2283 936 sine
2313 863 2706 920 intermissione
2735 863 2963 936 pacifica
2991 881 3104 926 est:
3129 873 3217 927 illa
3255 873 3396 930 inter
3421 891 3480 932 se
3506 863 3750 935 commu;

2167 933 2251 1018 nia
2281 949 2401 988 cum
2432 933 3008 1018 teniulrationendividit;
3039 942 3157 1018 inec
3181 945 3339 1018 etiam
3366 961 3486 1002 cum
3514 933 3750 1018 gratula-

2167 1005 2310 1058 tione
2331 1009 2689 1092 communicat
2712 1025 2724 1060 :
2749 1009 2841 1092 illa
2861 1010 2910 1063 in
2928 1015 3205 1092 consortio
3223 1014 3367 1085 'saepe
3393 1005 3751 1092 despicitgeﬁ

2163 1089 2379 1163 manum.
2395 1077 2555 1163 alueo
2574 1079 2795 1163 assumit
2814 1077 3120 1163 frequenter
3139 1077 3390 1163 alienum.
3411 1077 3578 1163 Taitta
3596 1077 3748 1163 ergo,
3784 1115 3792 1122 ·

2163 1145 2300 1228 sicut
2329 1145 2458 1228 dixi,
2489 1147 2579 1202 illo
2599 1149 2671 1228 _in
2721 1145 2960 1222 tempore
2987 1153 3293 1228 christianae
3324 1159 3493 1228 plebis
3533 1145 3748 1219 devo‘iio

2162 1213 2279 1302 foit,
2307 1225 2366 1302 ut
2395 1234 2552 1302 nemo
2581 1219 2798 1302 domum
2832 1213 2990 1302 suam
3017 1224 3241 1293 diceret,
3288 1213 3444 1302 nemo
3468 1213 3744 1302 proprium

2160 1285 2357 1368 aliquid
2384 1289 2695 1368 vindicaret,
2749 1293 2883 1346 sicut
2925 1295 2999 1368 ait
3051 1285 3263 1368 sanctus
3305 1285 3495 1368 Lucas:
3523 1285 3744 1361 dicens";

2161 1355 2621 1444 Nemoguidguabt
2649 1355 2711 1415 ea;
2729 1365 2940 1444 coquod
2961 1367 3261 1434 possidebat,
3300 1355 3745 1444 suuntipropriu‘m

2159 1442 2263 1509 esse
2291 1429 2522 1512 (licebat:
2549 1430 2672 1512 Nou
2715 1429 2881 1512 enim,_
2909 1429 3145 1512 inquam,
3170 1429 3278 1512 _erat
3306 1429 3746 1512 quisquam'egeus

2157 1501 2287 1580 inter
2311 1501 2642 1580 ἔρδοι-βψω
2662 1504 2816 1580 igitur
2835 1501 3001 1580 plebs,
3021 1501 3140 1577 quae
3153 1508 3278 1564 dum
3306 1501 3482 1580 plures
3508 1515 3559 1568 in
3581 1501 3740 1572 Chri;

2158 1576 2241 1654 sto
2270 1571 2426 1654 habet
2453 1573 2662 1637 divites,
2683 1571 2955 1654 nullunrin
2984 1571 3177 1654 sarculo
3201 1571 3355 1654 habet
3380 1571 3740 1654 indigentem:

2157 1647 2210 1694 et
2235 1657 2351 1717 ﬂllill
2381 1641 2502 1696 dum
2531 1654 2757 1717 aeternas
2784 1648 2979 1717 cogitat
3008 1649 3238 1714 divitias,
3270 1668 3299 1706 a
3331 1641 3579 1711 fratribus
3609 1641 3744 1712 tem?

2157 1713 2394 1792 poralem
2425 1716 2618 1784 repulit
2657 1713 3041 1792 paupertatem.
3098 1713 3382 1776 Vendebant
3417 1728 3574 1792 enim,
3607 1729 3744 1785 sicut

2155 1783 2229 1835 ait
2259 1782 2554 1864 Scriptura,
2588 1782 2780 1864 praediti
2803 1790 3045 1864 etrdomos
3069 1807 3220 1864 suas;
3241 1803 3288 1847 et
3319 1796 3480 1864 pretia
3510 1782 3740 1853 vendito;

2154 1868 2265 1905 rum
2293 1863 2420 1937 ante
2457 1857 2606 1924 pedes
2643 1857 3000 1937 Apostolorum
3030 1863 3298 1930 ponebant,
3319 1857 3396 1919 'ut
3430 1879 3734 1937 erogaretur,

2155 1933 2301 1996 prout
2331 1926 2507 1993 cuique
2532 1945 2657 1996 opus
2682 1939 2805 1981 erat.
2836 1926 3358 1989 Videtc'sanctorum
3391 1926 3624 1993 viror'um
3674 1926 3736 1994 li:-

2152 1993 2297 2078 dern,
2323 1993 2769 2078 quemadmodum
2797 2003 3307 2078 propterChristum
3328 2016 3449 2078 toto
3469 2023 3527 2062 se
3547 1993 3740 2078 exspo-

2152 2063 2353 2144 liabant
2381 2069 2715 2144 patrimonio,
2749 2063 2812 2124 ρι’
2830 2063 2956 2144 nihil
2981 2073 3293 2144 sibi'reliqui
3321 2063 3738 2136 faciebanttnon

2152 2136 2295 2214 enim
2330 2138 2650 2214 verebantur
2691 2156 2759 2195 ne
2785 2143 3048 2198 esurirent
3077 2145 3198 2214 ipsi,
3224 2136 3357 2200 dum
3388 2149 3644 2206 timebant
3669 2167 3738 2208 ne

2151 2205 2289 2260 alius
2319 2209 2564 2263 esuriret.

2219 2276 2273 2352 2.
2317 2276 2549 2352 Charitas
2578 2281 2691 2350 jam
2713 2283 3056 2352 refrigesceus.
3103 2285 3225 2340 Vere
3246 2288 3380 2342 dives
3417 2290 3501 2344 vix
3516 2291 3629 2352 jam
3657 2292 3738 2347 in-

2149 2349 2360 2427 genitum
2391 2349 2694 2427 ﬂrecigirur
2714 2349 2813 2406 sub
2836 2349 3100 2427 {apostolis
3126 2355 3223 2410 fuit
3253 2359 3303 2412 in
3327 2361 3477 2427 plebe
3497 2349 3733 2419 dev0tio.

2148 2416 2302 2489 Modo
2331 2420 2453 2488 quid
2485 2416 2660 2476 simile
2689 2416 3023 2489 reperimus?
3051 2426 3116 2479 Et
3142 2437 3286 2482 certe
3323 2416 3461 2485 idem
3489 2416 3732 2489 Christus

2148 2487 2200 2540 in
2230 2490 2414 2554 nobis;
2447 2491 2538 2546 sed
2571 2509 2675 2546 non
2724 2487 2864 2548 idem
2895 2493 3102 2550 animus
3150 2499 3199 2552 in
3243 2500 3395 2554 nobis
3419 2520 3431 2557 :
3457 2503 3639 2557 eadem
3681 2487 3736 2559 in

2149 2559 2308 2640 plebe
2328 2559 2456 2640 fides
2477 2579 2498 2640 ;_
2516 2563 2732 2640 sednon
2764 2565 2816 2618 in
2839 2566 2991 2640 plebe
3010 2576 3091 2621 est
3117 2569 3228 2640 ipsa
3253 2570 3478 2640 largitio.
3506 2573 3578 2626 Ita
3600 2573 3734 2628 alter

2147 2629 2214 2712 de
2240 2632 2458 2712 alterius
2486 2633 2661 2712 inopia
2690 2650 2795 2712 non
2832 2629 3058 2712 cogitat;
3085 2629 3292 2712 ut'rillud
3332 2629 3400 2695 sit
3425 2643 3565 2712 quod
3606 2645 3734 2699 dicit

2145 2699 2430 2774 Apostolus
2455 2721 2466 2756 :
2492 2699 2634 2757 Alius
2664 2706 2862 2774 quidem
2893 2699 3048 2760 ἔδεινῆ
3066 2750 3079 2773 ,
3113 2710 3243 2764 alius
3272 2699 3626 2768 autem'ebrius
3661 2725 3734 2769 est
3762 2752 3764 2756 ν

2147 2769 2191 2838 (l
2219 2770 2336 2846 Cor.
2365 2788 2452 2840 xl,
2483 2775 2598 2846 ες).
2642 2769 2770 2828 Nam
2815 2769 3364 2846 pleriqtte'Christiani
3405 2797 3509 2837 non
3557 2785 3731 2841 solum

2146 2837 2486 2919 propriapon
2512 2837 2867 2919 distribuuni;
2893 2837 2995 2919 sed
3035 2850 3191 2903 etiam
3220 2850 3475 2919 diripiunt
3510 2837 3728 2910 aliena:

2145 2926 2249 2990 non
2300 2914 2504 2990 solum,
2543 2916 2754 2990 inquam
2778 2959 2791 2982 ,
2824 2917 3136 2990 colligentes
3165 2914 3442 2990 pecunias
3487 2939 3609 2980 suas
3660 2926 3730 2982 ad

2146 2982 2307 3056 pedes
2351 2982 2723 3056 Apostolorum
2757 3003 2864 3042 non
2892 2982 3168 3056 deferunt;
3190 2982 3305 3047 'sed
3334 2993 3492 3048 etiam
3537 2995 3727 3052 confu-

2141 3053 2347 3177 gientes
2386 3054 2575 3111 fratres
2599 3073 2726 3112 suos
2753 3059 3029 3114 retrahunt
3057 3076 3086 3114 a
3121 3053 3344 3131 pedibus
3369 3065 3726 3124 sacerdotum.

2192 3139 2295 3177 unc
2324 3135 2405 3177 est
2434 3127 2561 3177 illttd
2589 3136 2795 3177 tempus
2815 3171 2828 3177 -
2862 3131 3001 3177 mind
3028 3131 3277 3177 describit
3305 3133 3488 3177 hemnc
3514 3146 3726 3177 nnncln.

2192 3135 2405 3204 uncest
2434 3127 2561 3204 illu_d
2589 3136 2828 3204 tempus,
2862 3131 3004 3204 quod
3028 3127 3277 3204 describit
3305 3133 3488 3190 beatus
3513 3146 3729 3204 aposto-

2144 3194 2454 3277 lustdicens
2479 3216 2490 3251 :
2515 3198 2581 3251 In
2626 3194 2906 3277 editissimis
2941 3201 3123 3277 diebus
3173 3204 3446 3277 abundabit
3489 3194 3728 3277 iniquitas

2143 3266 2453 3349 multorum,
2481 3271 2862 3349 et_refr_igescet
2902 3271 3121 3349 Charitas
3149 3272 3373 3349 illatua
3425 3266 3586 3344 xxiv;
3607 3277 3722 3349 12).

2145 3336 2300 3416 _Modo
2326 3339 2467 3416 effnn
2513 3336 2781 3416 abundant
2823 3343 3039 3416 avaritia
3065 3352 3119 3398 et
3148 3336 3425 3416 iniquitas,
3453 3336 3575 3416 quae
3601 3336 3727 3405 anie

2144 3406 2404 3486 largitatis
2443 3410 2681 3486 bonitate
2721 3413 3000 3486 cessabant
3027 3433 3041 3486 ς
3067 3421 3124 3468 et
3165 3406 3727 3486 refrigescit'charitas

2142 3476 2486 3551 fraternitatis
2505 3524 2518 3546 ,
2543 3498 2660 3549 qua:
2683 3482 2829 3551 prius
2850 3482 3044 3537 Christi
3067 3499 3246 3539 amore
3271 3476 3528 3541 fcrvebat.
3555 3488 3725 3544 Tanta

2143 3549 2284 3625 enim
2315 3551 2413 3603 sub
2440 3549 2706 3620 Apostolis
2734 3552 3077 3610 fraternitatis
3105 3555 3316 3610 dilectio
3346 3555 3478 3625 fuit,
3512 3569 3570 3612 ut
3596 3567 3725 3615 tunc

2142 3617 2197 3672 in
2241 3617 2505 3696 conventu
2544 3637 2639 3696 suo
2677 3638 2794 3696 _non
2838 3625 3170 3696 inveniretur
3216 3617 3502 3696 indigentia
3536 3637 3721 3688 :tanta

2142 3699 2318 3743 autem
2360 3693 2519 3747 modo
2563 3692 2976 3749 Christianitatis
3024 3692 3374 3752 dissimulatio
3419 3707 3532 3763 est,
3562 3708 3618 3754 ut
3666 3701 3722 3755 in

2142 3770 2282 3816 cmtu
2309 3772 2491 3818 nostro
2521 3763 2606 3838 vix
2629 3765 2864 3838 invenias
2892 3766 3242 3838 locupletem;
3274 3768 3592 3838 locupletem
3622 3785 3723 3824 auo

2143 3839 2247 3912 tem
2275 3843 2531 3912 nontam
2555 3834 2888 3912 facultatibus
2917 3836 3036 3912 dico
3065 3838 3149 3912 vix
3181 3834 3436 3912 inveniri,
3467 3840 3558 3912 sed
3590 3857 3719 3912 ope‘

2141 3902 2419 3980 ribus._A-it
2448 3905 2935 3980 enimApostolus,
2967 3907 3154 3961 Divites
3171 3910 3272 3962 sint
3305 3911 3354 3961 in
3382 3909 3524 3963 bonis
3550 3902 3716 3980 operi-

2141 3972 2556 4048 bus_(l_Tim._VI,
2734 3977 3067 4048 Locuplctem
3099 3980 3239 4032 enim
3277 3980 3328 4032 in
3373 3972 3609 4034 Ecclesia
3639 3983 3722 4036 in-

2142 4044 2300 4120 telligi
2328 4045 2510 4120 voluit,
2531 4044 2785 4120 quidives
2809 4049 2858 4120 in
2880 4044 3097 4120 Christo
3122 4057 3225 4103 est.
3251 4048 3381 4102 Nam
3406 4060 3458 4102 et
3489 4051 3555 4104 ibi
3578 4051 3720 4120 quod

2140 4114 2241 4186 ait,
2271 4115 2367 4186 sub
2398 4116 2664 4183 Apostolis
2690 4118 2953 4170 neminem
2982 4118 3302 4186 indigentem
3326 4119 3505 4182 fuisse,
3534 4114 3720 4176 osten-

2139 4183 2215 4237 dit
2241 4185 2421 4254 utique
2471 4194 2574 4239 tota
2606 4188 2738 4240 ‘eos
2784 4189 2946 4253 gratia
2992 4183 3153 4241 fuisse
3198 4187 3303 4242 fide
3352 4189 3632 4256 praeditos,
3661 4201 3722 4248 ut

2139 4269 2324 4330 omnes
2365 4256 2660 4330 ctelestium
2701 4256 3000 4330 divitiarum
3042 4258 3424 4330 abundaveriut
3454 4260 3715 4330 largitate.

2137 4324 2467 4402 Ra_ro_igitur
2496 4327 2594 4381 hoc
2624 4328 3268 4402 tempore‘invenimusin
3302 4324 3593 4402 christiano
3624 4347 3720 4402 po-

2138 4397 2261 4466 pulo
2289 4397 2638 4466 locupletem;
2667 4406 2719 4451 et
2746 4399 2792 4452 si
2837 4399 3074 4468 plerique
3104 4402 3152 4453 in
3176 4400 3419 4455 domibus
3457 4417 3587 4456 auro
3612 4397 3720 4459 sint

2137 4468 2359 4539 divites,
2395 4477 2568 4523 tamen
2601 4470 2651 4523 in
2681 4469 2914 4524 Ecclesia
2941 4470 3143 4539 justitia
3172 4481 3294 4525 sunt
3321 4472 3572 4526 mendici.

2208 4539 2261 4594 5.
2303 4537 2575 4593 Illiberalis
2607 4537 3190 4610 elecmosyna.‘Anartias
3227 4542 3423 4612 fraudis
3442 4553 3487 4596 et
3507 4543 3718 4598 sacrile-

2137 4610 2207 4680 gii
2243 4626 2375 4683 reus.
2403 4611 2534 4664 Dum
2575 4612 2717 4665 enim
2747 4613 2885 4665 circa
2933 4627 3191 4683 pauperes
3220 4610 3324 4666 non
3351 4628 3450 4683 pro
3487 4629 3554 4669 eo
3576 4613 3719 4683 quod

2138 4681 2426 4750 praevalent
2453 4692 2908 4754 operantttr,_nec
2936 4682 3034 4737 hoc
3069 4691 3150 4754 est
3176 4681 3382 4751 gratum
3413 4685 3552 4754 quod
3581 4681 3713 4740 effo-

2136 4760 2288 4812 runt.
2324 4767 2422 4822 nec
2452 4751 2577 4805 illud
2597 4762 2678 4822 est
2703 4751 2943 4822 satiabile
2969 4753 3108 4822 quod
3131 4751 3584 4810 reservattthicit
3615 4756 3718 4810 Do-

2136 4822 2311 4876 minus
2349 4821 2414 4874 ad
2442 4822 2568 4875 Cain
2589 4863 2604 4888 ,
2627 4815 2745 4876 cum
2769 4815 2999 4878 oﬂ'erret'
3011 4839 3228 4878 munera
3255 4842 3267 4876 :
3293 4824 3353 4879 Si
3392 4835 3561 4880 autem
3585 4835 3718 4881 recte

2135 4891 2320 4965 θίγεν-αδ
2336 4932 2350 4956 ,
2378 4901 2694 4965 recte_autem
2716 4910 2814 4965 non
2835 4893 3048 4957 dividas,
3073 4896 3320 4965 peccasti,
3347 4897 3541 4965 quiesce
3559 4895 3715 4965 (Gen.

2134 4978 2206 5024 tv,
2236 4964 2289 5030 7,
2321 4979 2418 5015 sec.
2461 4962 2646 5031 LXX).
2673 4963 2759 5017 Sic
2779 4973 2831 5016 et
2859 4972 2912 5016 ιιι
2933 5004 2946 5026 ,
2978 4962 3266 5020 christiane
3285 5007 3299 5031 ,
3333 4962 3438 5020 non
3463 4962 3609 5022 recte
3629 4965 3715 5021 di-

2135 5032 2302 5098 vidis,
2330 5033 2419 5102 qui
2459 5033 2526 5087 de
2564 5041 2710 5086 tanto
2735 5048 2863 5086 auro
2884 5042 2974 5087 tuo
3014 5037 3265 5104 majorem
3296 5046 3497 5104 partem
3540 5051 3714 5092 mam-

2134 5119 2308 5178 mona;
2330 5119 2529 5178 servas,
2555 5120 2710 5178 quam
2731 5105 2950 5178 Domino
2971 5106 3198 5178 largiris.
3221 5105 3308 5161 Sic
3328 5122 3556 5178 namque
3575 5109 3718 5163 Ana-

2135 5175 2250 5247 nias
2293 5175 2344 5228 in
2397 5175 2613 5228 Actibus
2659 5175 3216 5247 Apostolorum,dum
3269 5187 3416 5247 putat
3467 5175 3526 5232 se
3569 5187 3716 5234 recte

2135 5245 2354 5317 offerre,
2389 5253 2441 5299 et
2470 5261 2572 5298 non
2603 5255 2744 5317 recte
2767 5246 2985 5313 dividit,
3015 5245 3289 5316 pecuniam
3311 5262 3466 5317 quam
3493 5247 3708 5316 obtulit,

2136 5315 2395 5388 perdidit;
2417 5323 2471 5370 et
2491 5331 2646 5388 quam
2673 5316 2815 5388 domi
2847 5315 3156 5382 reservavit,
3175 5315 3350 5372 amisit
3371 5335 3386 5372 :
3409 5318 3710 5386 pecuniam,

2137 5387 2378 5456 inquam,
2407 5385 2603 5453 pariter
2632 5385 2859 5456 perdidit
2883 5397 2936 5441 et
2954 5389 3199 5442 salutem.
3225 5389 3356 5442 Dum
3387 5390 3528 5442 enim
3554 5401 3620 5442 ex
3645 5385 3713 5444 eo

2135 5456 2274 5526 quod
2320 5457 2630 5525 promiserat
2675 5467 2877 5527 partem
2925 5459 3214 5524 subtraxit,
3244 5458 3504 5527 sacrilegii
3554 5458 3712 5513 simul

2136 5527 2520 5582 condemnatur
2549 5538 2609 5598 et
2657 5528 3211 5598 fraudiszsacrilegii,
3255 5531 3395 5598 quod
3441 5527 3608 5583 Deum
3657 5529 3712 5585 in

2136 5598 2512 5668 pollicitatione
2537 5597 2818 5664 fefellerit;
2849 5599 3045 5654 fraudis
3069 5641 3085 5667 ,
3114 5597 3251 5668 quod
3273 5597 3500 5669 integris
3527 5614 3716 5655 mune-

2135 5669 2283 5724 ribus
2314 5669 2606 5737 portionem
2649 5671 2927 5739 quamdam
2973 5671 3232 5737 putaverit
3275 5669 3710 5726 subtrahendam.

2134 5740 2223 5796 Ait
2242 5741 2382 5796 enim
2404 5742 2671 5811 apostolus
2690 5740 2877 5796 Petrus
2894 5780 2911 5809 ,
2940 5739 3060 5794 Non
3079 5757 3130 5793 es
3150 5742 3379 5796 mentitus
3399 5742 3708 5812 hominibus,

2202 5874 2219 5906 ι
2246 5880 2311 5926 tta
2332 5881 2406 5926 Er.
2425 5881 2478 5926 et
2497 5881 2598 5926 Am.
2617 5886 2730 5926 cum
2751 5883 2857 5928 uss.
2875 5879 2932 5926 At
2951 5877 3251 5937 mv.,tauta.
