4156 6374
397 379 539 439 1965

400 498 561 571 pretii
615 511 711 569 pro
746 497 951 571 jactura
998 494 1225 565 propriae
1274 493 1532 549 libertatis
1571 500 1625 548 et
1681 493 1981 571 addictione

399 565 672 640 perpetua:
706 565 975 640 servitutis
999 582 1029 621 a
1057 580 1154 620 suo
1174 572 1811 640 consequatnremptore.
1830 565 1982 640 Quod

399 636 563 695 etiam
595 641 733 693 inter
757 638 923 692 Adam
944 647 1103 707 atque
1123 646 1422 706 serpentem
1444 636 1874 691 manifestissime
1901 638 1982 690 vi-

397 712 589 766 demus
616 710 914 778 impletum.
948 708 1037 762 Ille
1067 708 1206 763 enim
1234 724 1263 760 a
1288 716 1535 776 serpente
1563 709 1784 775 pretium
1827 708 1984 761 Iiber-

402 783 527 836 tatis
555 797 665 836 suae
704 797 797 835 esu
834 779 1125 833 interdictae
1163 779 1368 832 arboris
1400 780 1635 848 capiens.
1683 794 1712 831 a
1754 779 1981 832 naturali

398 853 643 907 libertate
661 851 905 906 discessit
930 868 942 902 :
970 852 1148 919 illique
1171 850 1355 904 maluit
1370 851 1709 917 semetipsum
1730 858 1981 917 perpetua

398 922 631 978 vendere
660 922 942 983 servitute,
972 936 1001 973 a
1028 937 1132 991 quo
1166 920 1313 974 vetiti
1357 922 1493 989 pomi
1541 920 1733 974 lethale
1758 920 1981 987 pretium

395 993 570 1048 fuerat
596 1002 868 1048 assecutus
889 1011 901 1045 :
922 1008 1023 1062 qua
1045 993 1295 1060 deinceps
1316 992 1617 1045 conditione
1640 991 1977 1057 constrictus,

398 1079 505 1117 non
556 1064 821 1117 immerito
860 1078 1072 1117 onmem
1116 1062 1437 1129 posteritatis
1472 1076 1581 1115 sua:
1628 1064 1931 1130 progeniem
1963 1103 1976 1124 ,

400 1145 657 1204 perpetuo
672 1134 867 1198 eidem,
886 1135 1036 1203 cujus
1063 1133 1278 1188 effectus
1309 1142 1390 1186 est
1415 1147 1618 1197 servus,
1648 1132 1878 1186 subdidit
1908 1134 1982 1185 l'a-

396 1204 771 1272 tnulatu.Quid
794 1206 932 1260 enim
955 1205 1097 1258 aliud
1119 1205 1309 1259 servile
1332 1204 1631 1273 conjugium
1659 1212 1832 1272 potest
1860 1218 1982 1273 pro-

394 1290 601 1339 creare,
629 1291 786 1345 quam
809 1275 1024 1330 servos?

466 1346 519 1400 4.
566 1344 692 1400 Iure
740 1356 904 1399 tamen
947 1362 1037 1399 suo
1082 1348 1196 1399 hinc
1234 1361 1334 1399 non
1372 1345 1549 1399 cecidit
1578 1345 1842 1398 Dominus.
1874 1344 1980 1399 Sed

394 1418 645 1470 hominem
686 1418 895 1470 invitum
933 1417 1155 1480 liberari,
1182 1426 1227 1470 et
1262 1417 1504 1485 injustam
1531 1426 1574 1469 et
1600 1415 1808 1468 malum.
1841 1415 1979 1481 Quid

393 1487 558 1557 ergo?
599 1488 861 1557 Numquid
901 1498 1108 1557 emptor
1135 1489 1230 1541 iste
1253 1497 1494 1541 versutus
1525 1497 1577 1540 et
1614 1486 1835 1541 callidus
1878 1486 1979 1539 Do-

398 1556 544 1628 mino
572 1574 700 1613 vero
736 1556 896 1628 atque
940 1556 1173 1628 legitimo
1205 1559 1292 1624 jus
1329 1558 1704 1611 dominationis
1746 1556 1978 1625 eripuit?

396 1627 513 1682 Non
544 1630 612 1683 ita
647 1638 727 1683 est
757 1648 769 1681 :
800 1627 968 1698 neque
992 1627 1134 1683 enim
1165 1629 1241 1683 sic
1270 1629 1356 1682 ille
1382 1644 1541 1682 omne
1570 1628 1832 1697 peculium
1862 1628 1974 1692 Dei,

395 1700 551 1753 unius
595 1700 793 1753 fraudis
837 1700 1114 1754 dolositate
1171 1700 1422 1768 pervasit,
1456 1710 1510 1752 ut
1553 1699 1841 1769 potentiam
1884 1698 1978 1751 do-

391 1770 543 1824 minii
595 1771 678 1824 sui
748 1786 903 1823 verus
947 1770 1246 1824 dominator
1309 1770 1607 1833 amitteret,
1651 1770 1737 1839 qui
1804 1770 1975 1837 ipsum

392 1856 607 1910 quoque
633 1848 948 1911 emptorem,
995 1841 1237 1911 quamvis
1263 1840 1502 1911 refugum
1545 1840 1629 1893 vel
1674 1840 1926 1911 rebellem
1958 1882 1972 1907 ,

392 1918 573 1965 tamen
600 1910 733 1980 jngo’
757 1913 993 1979 reprimit
1019 1912 1310 1966 servitutis.
1345 1910 1447 1965 Sed
1472 1912 1591 1981 quia
1614 1910 1859 1964 omnibus
1885 1926 1973 1964 ra—

393 1982 681 2037 tionalibus
702 1984 958 2036 creaturis
985 1982 1185 2037 arbitrii
1217 1982 1515 2036 libertatem
1553 1983 1774 2035 Creator
1799 1982 1974 2034 indul-

391 2062 574 2117 serat,
607 2069 699 2107 eos
738 2054 824 2118 qui
868 2069 927 2108 se
964 2064 1145 2107 contra
1196 2052 1274 2107 fas
1316 2052 1497 2107 edacis
1535 2052 1976 2121 concupiscentiae

390 2124 815 2193 transgressione
870 2124 1255 2187 vendiderant,
1296 2124 1490 2177 invitos
1550 2123 1613 2177 ad
1690 2124 1973 2191 ingenitam

391 2194 691 2248 libertatem
739 2210 988 2250 revocare
1028 2211 1133 2249 non
1175 2194 1377 2250 debuit.
1421 2193 1687 2248 Abhorret
1713 2194 1970 2263 siquidem

389 2265 459 2317 ab
488 2266 578 2318 illo
602 2265 820 2333 justitia:
847 2275 901 2320 et
933 2268 1140 2335 pictatis
1178 2274 1424 2329 auctore,
1463 2264 1723 2335 quidquid,
1754 2264 1974 2319 bonitati

392 2336 737 2404 aequitatiqne
776 2334 1100 2390 contrarium
1142 2348 1237 2391 est.
1289 2336 1479 2389 Malum
1522 2337 1663 2389 enim
1702 2334 1896 2399 fuerat,
1929 2337 1973 2390 si

389 2420 661 2460 coiicessa:
693 2407 948 2460 libertatis
980 2408 1289 2462 beneficium
1320 2414 1622 2462 revocasset
1658 2424 1669 2458 :
1698 2406 1969 2475 injustmn,

390 2477 433 2530 si
490 2477 713 2530 liberum
764 2478 1030 2532 hominem
1082 2480 1314 2547 potentia
1359 2494 1450 2531 sua
1482 2477 1788 2546 opprimens
1816 2485 1975 2546 atque

393 2548 683 2619 captivans.
718 2548 975 2602 libertatis
1000 2560 1231 2619 acceptm
1260 2549 1588 2617 privilegium
1618 2548 1836 2614 exsequi
1866 2564 1971 2602 non

390 2618 632 2681 sivisset;
665 2619 818 2687 cujus
843 2620 1067 2674 salutetn
1097 2618 1146 2673 in
1172 2620 1338 2674 futura
1365 2629 1487 2673 tunc
1506 2618 1696 2672 sarcula
1728 2634 1975 2673 reserva-

390 2689 485 2760 vit,
517 2698 573 2760 ut
603 2700 747 2760 recto
773 2690 960 2744 ordine
988 2691 1345 2760 compleretur
1368 2691 1545 2743 statuti
1575 2690 1828 2758 temporis
1860 2691 1972 2758 ple-

391 2759 595 2814 nitudo.
621 2759 906 2830 Oportebat
932 2762 1072 2816 enim
1100 2759 1215 2831 ejus
1235 2761 1471 2816 sobolem
1486 2759 1815 2831 tamdinsnb
1834 2761 1971 2814 avita

390 2831 715 2901 conditione
743 2831 970 2896 durare,
1026 2830 1298 2901 quousque
1344 2830 1585 2885 eamdem
1631 2830 1972 2897 originalibus

390 2903 613 2956 vinculis
669 2900 978 2966 liberatam,
1025 2900 1075 2955 iit
1119 2904 1391 2972 antiquum
1434 2902 1708 2972 libertatis
1735 2909 1968 2968 statum,

392 2974 582 3042 prioris
606 2974 809 3026 Domini
831 2973 997 3042 gratia
1030 2974 1199 3043 pretio
1224 2970 1302 3026 sui
1332 2972 1600 3042 sanguinis
1625 2970 1967 3026 reformaret:

391 3060 548 3113 quam
573 3044 781 3113 pictatis
805 3044 1053 3098 instinctu
1081 3046 1248 3113 potuit
1272 3044 1429 3098 etiam
1462 3052 1586 3097 tunc
1609 3043 1844 3104 salvare;
1877 3043 1970 3097 sed

393 3116 597 3180 noluit,
644 3114 763 3185 quia
811 3130 931 3168 eum
973 3115 1171 3171 decreti
1202 3116 1281 3169 sui
1312 3115 1605 3183 irrumpere
1643 3113 1969 3169 sanctionem

392 3188 613 3252 aequitas
643 3202 745 3239 non
774 3186 999 3239 sinebat.

463 3258 514 3311 5.
551 3257 801 3326 Iniquitas
825 3267 1011 3311 nostra:
1035 3256 1331 3311 venditionis
1356 3272 1527 3317 causa,
1552 3263 1596 3308 et
1615 3255 1970 3325 redemptionis

393 3327 722 3381 obstaculum.
759 3327 848 3381 Vis
884 3342 1040 3381 nosse
1070 3342 1283 3381 causam
1324 3327 1641 3381 venditionis
1664 3336 1765 3379 ture
1789 3328 1811 3378 ἲ
1834 3328 1968 3381 Audi

395 3399 567 3468 ipsum
620 3398 1026 3467 Redemptorem
1080 3407 1226 3451 tuum
1282 3413 1376 3466 per
1429 3398 1614 3451 Isaiam
1651 3397 1967 3520 prophetam

395 3470 727 3520 apertissime
760 3469 1171 3520 nroclamantem
1198 3486 1210 3520 :
1245 3468 1367 3520 Ouis
1397 3478 1468 3520 est
1497 3470 1588 3520 iste
1613 3468 1648 3520 li
1684 3484 1736 3520 er
1770 3469 1967 3520 repudii

390 3470 727 3539 apertissime
760 3469 1171 3536 proclamantem
1198 3486 1210 3523 :
1245 3468 1367 3534 Quis
1397 3478 1468 3522 est
1497 3470 1588 3521 iste
1613 3468 1736 3521 liber
1770 3469 1971 3539 repudii

391 3542 565 3593 matris
610 3552 801 3605 vestrae,
852 3556 949 3609 quo
988 3540 1156 3592 dimisi
1197 3542 1344 3593 eam?
1376 3550 1463 3592 aut
1489 3540 1598 3608 quis
1642 3548 1713 3592 est
1753 3541 1971 3594 creditor

391 3629 549 3675 meus,
578 3613 658 3665 cui
683 3610 880 3663 vendidi
919 3612 1041 3664 vos?
1066 3610 1196 3663 Ecce
1214 3612 1265 3663 in
1291 3610 1635 3679 iniquitatibus
1656 3612 1827 3663 vestris
1848 3627 1969 3664 ven-

391 3684 485 3735 diti
510 3684 647 3748 estis,
680 3692 725 3733 et
751 3682 801 3734 in
824 3683 1088 3735 sceleribus
1109 3682 1280 3735 vestris
1309 3682 1477 3734 dimisi
1504 3692 1711 3733 matrem
1736 3691 1966 3736 vestram.

393 3752 485 3807 Vis
513 3754 671 3807 etiam
702 3751 977 3807 evidenter
1002 3767 1291 3822 agnoscere
1321 3767 1416 3806 cur
1446 3761 1496 3807 te
1535 3757 1660 3821 jugo
1704 3751 1972 3807 servitutis

389 3823 661 3877 addictum
710 3823 973 3877 redimere
1030 3824 1278 3893 potentire
1323 3837 1433 3877 sua:
1469 3824 1665 3878 virtute
1696 3822 1972 3878 noluerit?

392 3894 530 3949 Audi
556 3894 679 3964 quid
720 3894 784 3947 ad
826 3895 1119 3964 superiora,
1163 3895 1354 3965 quibus
1375 3894 1576 3949 eisdem
1605 3894 1816 3949 famulis
1844 3910 1971 3949 cau-

389 3980 503 4020 Sam
562 3966 870 4019 voluntaria:
921 3966 1237 4020 venditionis
1284 3966 1620 4033 exprobrat,
1670 3965 1968 4031 adjecerit:

391 4035 657 4107 Numquid
690 4036 975 4090 abbreviata
1014 4047 1059 4089 et
1100 4037 1309 4103 parvula
1336 4041 1471 4107 facta
1498 4046 1568 4091 est
1595 4053 1775 4090 manus
1820 4054 1928 4090 mea
1950 4078 1965 4102 ,

389 4118 445 4161 ut
490 4125 591 4161 non
633 4109 816 4177 possim
847 4108 1126 4161 redimere?
1155 4116 1240 4159 aut
1280 4124 1379 4160 non
1418 4116 1489 4160 est
1518 4109 1571 4160 in
1611 4124 1688 4159 me
1711 4107 1867 4159 virtus
1904 4108 1972 4161 ad

391 4178 703 4232 liberandum
729 4177 881 4246 (Isai.
903 4195 950 4240 l.,
982 4180 1028 4241 1,
1054 4179 1152 4249 2)?
1176 4178 1279 4232 Sed
1302 4177 1575 4249 quidrhuic
1594 4178 1971 4245 potentissima:

392 4250 769 4303 misericordiae
797 4250 913 4314 ejus
952 4248 1164 4318 semper
1200 4248 1495 4310 obstiterit,
1523 4248 1669 4318 idem
1713 4251 1970 4317 propheta

392 4321 720 4375 demonstrat
751 4338 762 4373 :
798 4319 947 4387 Ecce,
997 4317 1183 4390 inquit,
1235 4336 1333 4372 non
1373 4328 1442 4373 est
1480 4317 1762 4372 abbreviata
1793 4335 1973 4373 manus

392 4391 618 4457 Domini,
644 4402 697 4443 ut
724 4393 918 4445 salvare
943 4402 1179 4461 nequeat;
1218 4407 1374 4461 neque
1411 4399 1683 4461 aggravata
1726 4398 1797 4461 est
1836 4392 1973 4444 auris

390 4464 498 4532 ejus
523 4474 577 4515 ut
608 4478 707 4515 non
736 4463 972 4515 exaudiat
1017 4479 1034 4515 :
1069 4464 1156 4515 sed
1192 4460 1485 4532 iniquitates
1504 4470 1677 4515 vestrae
1702 4460 1972 4515 diviserunt

389 4535 517 4587 inter
551 4549 635 4586 vos
664 4543 710 4585 et
741 4532 902 4585 Deum
931 4543 1167 4598 vestrum,
1197 4542 1398 4599 peccata
1427 4543 1589 4586 vestra
1610 4532 1974 4586 absconderant

389 4605 571 4675 faciem
597 4605 708 4674 ejus
733 4621 762 4655 a
783 4605 936 4669 vobis,
966 4620 1026 4655 ne
1049 4605 1302 4657 exaudiret
1329 4603 1437 4675 (Id.
1463 4620 1569 4667 th,
1592 4604 1613 4656 1
1639 4612 1683 4655 et
1715 4602 1789 4675 2),.

461 4676 513 4729 6.
542 4673 692 4745 Legis
718 4675 906 4744 peccati
934 4674 1026 4727 vis.
1049 4674 1180 4740 Quia
1210 4673 1602 4741 ergo‘carnales
1627 4688 1725 4727 nos
1754 4674 1896 4738 fecit,
1921 4684 1973 4728 et

389 4747 556 4816 spinis
594 4744 655 4798 ac
688 4746 893 4799 tribulis
920 4744 1292 4799 condemnavit
1333 4746 1420 4799 illa
1464 4745 1630 4813 prima
1676 4744 1766 4798 Dei
1807 4745 1971 4800 male-

389 4818 571 4879 dictio,
601 4831 802 4886 nosque
830 4818 897 4869 ita
940 4817 1118 4885 iniquo
1152 4826 1298 4885 pater
1328 4825 1509 4871 noster
1532 4818 1853 4869 commercio
1879 4830 1971 4870 vc-

390 4888 685 4949 numdedit,
717 4896 771 4940 ttt
801 4888 996 4941 bonum
1014 4887 1153 4956 qttod
1177 4888 1418 4941 volumus
1444 4902 1602 4957 agere
1625 4902 1966 4957 nequeamus,

388 4959 513 5013 dum
542 4958 699 5013 divisi
739 4973 767 5011 a
809 4958 1063 5013 memoria
1100 4960 1291 5012 summi
1333 4959 1448 5023 Dei,
1484 4956 1549 5011 ea
1583 4972 1700 5027 qum.
1727 4956 1969 5011 humanae

391 5030 688 5099 fragilitatis
718 5039 859 5091 sunt,
889 5029 1123 5099 cogitare
1148 5030 1549 5097 compellimur,
1578 5029 1702 5082 dum
1727 5029 1970 5098 puritatis

388 5116 572 5155 amore
608 5100 913 5169 flagrantes,
946 5101 1223 5154 incentivis
1252 5100 1595 5162 naturalibus,
1621 5115 1739 5168 qua:
1761 5100 1970 5168 penitus

389 5172 636 5241 ignorare
661 5171 901 5231 velimus,
935 5174 1091 5224 etiam
1137 5173 1281 5225 inviti
1325 5172 1636 5239 plerumque
1662 5171 1971 5239 compungi-

389 5244 780 5307 mur;scimns,
813 5243 933 5311 quia
982 5258 1081 5295 non
1130 5244 1330 5297 habitat
1374 5243 1425 5296 in
1456 5256 1617 5297 carne
1646 5249 1826 5294 nostra
1872 5242 1968 5294 bo-

390 5329 513 5385 num
546 5313 724 5382 (Rom.
763 5328 852 5375 vn,
896 5312 1006 5385 18),
1046 5313 1097 5366 id
1147 5324 1245 5376 est,
1296 5314 1474 5382 hujus,
1516 5327 1673 5381 quam
1699 5311 1967 5385 diximus,

390 5384 609 5439 theoria:
626 5398 783 5454 atque
800 5384 1038 5453 puritatis
1061 5395 1310 5453 perpetua
1328 5385 1570 5453 jngisque
1589 5384 1967 5452 tranquillitas:

389 5457 480 5511 sed
512 5457 704 5510 factum
733 5466 813 5509 est
840 5456 977 5510 istud
1004 5458 1287 5524 pessimum
1321 5470 1382 5509 ac
1406 5455 1627 5521 lugubre
1648 5454 1929 5509 divortium
1953 5496 1967 5521 ,

387 5536 448 5582 ut
471 5544 595 5581 cum
639 5538 817 5580 mente
864 5526 988 5596 Legi
1041 5527 1129 5580 Dei
1173 5528 1371 5581 servire
1412 5527 1657 5591 velimus,
1701 5541 1969 5595 nunquam

389 5600 591 5653 scilicet
627 5597 867 5651 volentes
888 5613 915 5650 a
943 5597 1200 5651 eharitate
1227 5598 1404 5651 divina
1434 5597 1712 5651 dimovere
1746 5612 1971 5666 conspe-

389 5680 562 5732 ctum;
596 5678 772 5723 tamen
809 5670 1106 5723 carnalibus
1131 5669 1363 5723 tenebris
1390 5666 1714 5728 circumfusi,
1744 5668 1967 5736 quadam

393 5741 508 5813 lege
533 5740 751 5813 peccati
789 5740 855 5792 ab
893 5756 958 5813 eo
1000 5740 1140 5809 quod
1184 5741 1379 5813 bonum
1423 5740 1687 5797 novimus,
1718 5752 1971 5813 cogamur

389 5810 545 5867 avelli
570 5829 583 5864 :
616 5812 817 5867 scilicet
844 5810 910 5865 ad
940 5826 1096 5866 curas
1136 5810 1591 5880 cegitationesque
1626 5817 1883 5875 terrenas,
1903 5811 1970 5866 ab

392 5884 479 5940 illa
527 5883 720 5940 mentis
761 5882 1078 5939 celsitudine
1120 5882 1457 5952 decidentes,
1480 5882 1548 5939 ad
1581 5895 1713 5953 quas
1754 5896 1850 5939 nos
1886 5882 1968 5938 lex

1840 375 2066 434 SEBMO
2100 376 2231 434 CIV.

3538 393 3676 450 ηις

2094 496 2397 580 ρθρεειιὶηἰᾶ
2424 506 2528 567 est,
2561 500 2651 556 illa
2688 505 2947 580 sententia
2976 504 3069 580 Dei
3099 521 3204 563 non
3234 507 3505 565 immerito
3542 526 3669 566 oon-

2090 566 2369 649 demnavit
2387 611 2425 649 ,_
2456 586 2614 640 quam
2661 575 2862 649 primus
2907 577 3133 633 delictor
3169 581 3394 649 excepit.
3446 582 3515 637 Et
3548 582 3671 640 inde

2088 648 2170 721 est
2189 641 2371 724 aquosi.
2411 642 2595 696 beatus
2624 641 2895 724 apostolus
2921 663 3040 703 cum
3070 641 3405 719 apertissime
3445 652 3671 709 fateatur

2088 712 2373 793 inevitabili
2417 728 2475 767 se
2495 755 2509 777 ,
2548 714 2649 793 vel.
2680 733 2866 773 omnes
2895 712 3127 793 sanctos",
3158 725 3358 790 peccati
3393 724 3549 792 hujus
3576 741 3670 781 ne-

2088 785 2335 855 cessitate
2361 785 2686 855 constringi,
2726 797 2899 843 tamen
2930 785 3195 847 neminem
3225 810 3407 848 eorum
3457 785 3523 848 ab
3568 796 3667 851 hoc

2087 867 2204 905 esse
2248 853 2620 909 damnandum
2651 858 2904 913 audenter
2945 865 3181 917 eunntiat
3207 906 3220 925 ,
3259 865 3438 919 (licens
3469 884 3482 920 :
3518 866 3665 921 Nihil

2086 940 2200 997 ergo
2226 942 2355 977 nunc
2375 926 2708 997 damnationis
2734 941 2803 982 est
2838 932 2913 983 his
2946 935 3031 997 qui
3066 947 3177 987 sunt
3212 936 3263 988 in
3291 935 3487 990 Christo
3516 936 3641 990 Iesu

2086 992 2193 1045 Lex
2217 997 2346 1047 enim
2383 996 2605 1065 Spiritus
2634 1001 2747 1052 vita:
2780 1003 2831 1051 in
2865 992 3060 1055 Christo
3090 1005 3212 1058 .Iesu
3255 1007 3476 1060 liberavit
3522 1025 3599 1060 me
3630 1025 3662 1061 a

2086 1065 2191 1146 lege
2230 1070 2417 1146 peccati
2449 1072 2695 1146 et__morl_is
2722 1070 2890 1139 Rom.
2929 1090 3036 1139 vtu,
3064 1076 3241 1145 letQ);
3273 1078 3321 1131 id
3351 1087 3449 1133 est.
3484 1080 3660 1146 quoti-

2084 1135 2439 1219 diauaggratia
2468 1139 2682 1219 Christi,
2725 1136 2911 1197 omnes
2940 1135 3158 1219 sanctos
3186 1135 3311 1202 suos
3332 1150 3398 1201 ab
3424 1135 3522 1203 hac
3543 1150 3659 1219 lege

2085 1211 2284 1275 peccati
2306 1219 2379 1284 _et
2411 1211 2612 1274 mortis,
2647 1212 2696 1264 in
2733 1228 2889 1281 quam
2933 1215 3128 1284 jugiter
3170 1219 3251 1273 vel
3286 1220 3525 1274 nolentes
3560 1211 3655 1274 co-

2084 1286 2279 1345 gnntnr
2306 1280 2597 1345 incurrere,
2630 1280 2759 1336 cum
2781 1280 3145 1340 remissionem
3184 1288 3481 1344 debitorum
3528 1306 3657 1346 suo-

2084 1364 2198 1401 rum
2229 1366 2259 1403 a
2292 1350 2515 1405 Domino
2546 1363 2846 1422 precantur,
2880 1356 3127 1411 absolvit.

2644 1488 2874 1545 δειξΜο
2911 1491 3021 1546 CIV
3056 1493 3153 1564 (α).

2086 1579 2162 1635 De
2186 1582 2343 1635 verbis
2372 1582 2662 1655 Apostoli,l
2693 1584 2807 1637 Cor.
2839 1602 2951 1655 cap.
2995 1603 3070 1652 ιιι,
3104 1588 3290 1647 11-15,
3320 1587 3656 1644 Fundamen-

2294 1660 2401 1707 tum
2427 1653 2566 1708 aliud
2590 1670 2749 1710 nemo
2776 1653 2949 1725 potest
2976 1673 3190 1727 ponere,
3220 1669 3313 1712 etc.
3343 1659 3438 1728 (b).

2166 1765 2212 1843 l_.
2264 1764 2391 1836 Igne
2453 1767 2647 1843 minuta
2711 1777 2903 1843 tantum
2967 1780 3189 1843 peccata,
3226 1782 3525 1843 purgantur.
3598 1771 3654 1827 In

2079 1834 2309 1909 lectione
2349 1838 2637 1909 apostolica
2662 1880 2675 1901 ,
2738 1838 2925 1893 fratres
2967 1834 3269 1896 'charissimi
3294 1834 3660 1909 ,"audivimus

2078 1906 2388 1971 Apostolnm
2429 1908 2690 1983 dicentem
2726 1928 2737 1962 :
2774 1910 3179 1983 Fundamentum
3207 1906 3348 1966 aliud
3386 1930 3529 1967 nemo
3564 1931 3661 1983 po-

2080 1985 2170 2049 test
2192 1994 2374 2049 ponere
2400 1989 2580 2047 praeter
2601 1979 2654 2031 id
2675 1982 2809 2048 quod
2836 1983 3050 2049 positum
3071 1995 3162 2047 est,
3186 1986 3317 2047 quod
3338 1994 3409 2037 est
3431 1979 3659 2040 Christus

2076 2044 2248 2121 Iesus.
2283 2048 2342 2102 Si
2370 2044 2479 2118 quis
2505 2044 3075 2120 autem‘superwdiﬁcat
3097 2044 3251 2121 supra
3277 2056 3658 2121 fundamentum

2080 2116 2191 2195 hoc,
2215 2116 2414 2195 aurum,
2448 2135 2728 2195 argentum,
2758 2116 3237 2193 lapides-pretiosos,
3268 2116 3426 2195 ligna,
3462 2128 3654 2195 fenum,

2076 2188 2336 2270 stipulam,
2387 2191 2778 2270 uniuscuiusque
2812 2188 3327 2270 vopus'manifestum'
3367 2188 3481 2270 erit;
3536 2188 3658 2251 Dies

2077 2259 2210 2335 enim
2248 2259 2451 2335 Domini
2496 2262 2803 2335 declarabit;
2846 2265 2963 2335 quia
3003 2266 3055 2318 in
3094 2259 3209 2335 igne
3245 2266 3563 2330 revelabitur,
3608 2275 3659 2320 et

2077 2330 2468 2407 uniuscujusque
2489 2348 2614 2407 opus
2643 2333 2792 2407 quale
2819 2330 2903 2399 sit,
2934 2336 3063 2402 ignis
3092 2330 3448 2407 cbmprobabit.
3484 2335 3543 2391 Si
3567 2354 3658 2390 cu-

2067 2399 2158 2473 jus
2184 2399 2311 2473 opus
2337 2403 2575 2456 manserit
2599 2399 2733 2471 quod
2758 2399 3498 2473 superwdi/icavit,'mercedent
3525 2407 3657 2460 acci-

2078 2472 2196 2539 piet.
2235 2472 2295 2526 Si
2319 2473 2462 2547 cujus
2488 2489 2616 2547 Opus
2654 2472 2853 2547 arserit,
2893 2476 3243 2531 detrimentum
3275 2480 3524 2547 patietur:
3550 2480 3659 2543 ipse

2078 2551 2243 2594 autem
2273 2544 2453 2619 saivus
2482 2545 2610 2608 erit;
2645 2546 2718 2619 sic
2760 2556 2924 2619 tamen
2961 2549 3106 2619 quasi
3150 2566 3237 2614 per
3276 2544 3464 2619 ignem.
3511 2548 3656 2603 Multi

2077 2625 2199 2687 sunt
2226 2614 2314 2687 qui
2337 2614 2615 2687 lectionem
2644 2616 2796 2687 istam
2823 2617 2956 2687 male
2974 2614 3328 2687 intelligente's
3354 2618 3479 2672 falsa
3504 2634 3655 2673 secu-

2076 2683 2231 2737 ritate
2257 2684 2608 2757 decipiuntur,
2638 2685 2762 2757 dum
2790 2686 3012 2740 credunt
3040 2683 3178 2756 quod
3208 2689 3249 2741 si
3278 2704 3435 2757 supra
3464 2688 3651 2743 funda-

2076 2763 2313 2835 mentum
2337 2754 2552 2836 .Christi
2579 2756 2820 2836 capitalia
2868 2754 3085 2836 crimina
3128 2754 3409 2836 aedificent,
3441 2767 3654 2836 peccata

2076 2827 2187 2892 ipsa
2216 2841 2312 2894 per
2336 2827 2507 2899 ignem
2541 2827 2898 2881 transitorium
2943 2830 3145 2896 possint
3187 2830 3421 2899 purgari,
3445 2827 3521 2883 et
3550 2830 3650 2897 ipsi

2075 2904 2256 2967 postea
2309 2897 2375 2949 ad
2428 2897 2585 2967 vitam
2641 2906 2950 2967 perpetuam
3004 2897 3309 2967 pervenire;
3356 2901 3654 2954 Intellectus

2075 2965 2195 3039 iste,
2227 2965 2417 3021 fratres
2441 2965 2757 3039 charissimi,
2791 2965 3136 3035 corrigeiidus
3161 2978 3276 3033 est;
3306 2971 3425 3035 quia
3457 2970 3557 3039 ipsi
3595 2986 3654 3025 se

2074 3036 2349 3101 seducunt,
2379 3038 2465 3106 qui
2489 3037 2660 3091 taliter
2674 3038 2771 3092 sibi
2790 3039 3147 3094 blandiuntur.
3178 3039 3275 3094 Illo
3294 3041 3434 3095 enim
3481 3036 3657 3094 trans-

2074 3107 2233 3181 itorio
2257 3109 2395 3177 igne,
2425 3107 2490 3162 de
2519 3124 2634 3181 quo
2652 3108 3102 3178 dixitApostqus,
3137 3110 3257 3181 Ipse
3285 3121 3451 3164 autem
3489 3110 3657 3165 salvus

2074 3179 2187 3237 erit,
2211 3181 2283 3231 sic
2302 3187 2466 3232 tamen
2494 3179 2637 3248 quasi
2667 3197 2754 3247 per
2781 3181 2965 3250 ignem,
3012 3196 3116 3235 non
3141 3179 3404 3249 capitalia,
3435 3181 3526 3235 sed
3556 3181 3655 3234 mi-

2075 3257 2201 3302 nuta
2252 3258 2466 3321 peccata
2521 3259 2830 3318 purgantur.
2874 3250 2941 3304 Et
2991 3252 3252 3320 quamvis,
3306 3252 3446 3321 quod
3503 3252 3654 3321 pejus

2074 3329 2175 3383 est,
2204 3335 2309 3373 non
2358 3320 2527 3373 solum
2584 3321 2802 3389 majora,
2856 3322 2949 3376 sed
2994 3323 3149 3377 etiam
3202 3320 3421 3386 minuta,
3475 3320 3518 3376 si
3570 3320 3654 3375 ni-

2074 3391 2237 3444 mium
2256 3391 2327 3462 (γε)
2358 3392 2506 3460 plura
2532 3391 2653 3457 sint,
2679 3402 2923 3462 mergunt
2947 3410 2959 3445 :
2986 3393 3053 3447 de
3081 3394 3207 3461 ipsis
3230 3393 3515 3461 majoribus
3544 3394 3656 3448 sive

2074 3461 2367 3515 minoribus
2428 3463 2699 3530 peccatis,
2764 3461 2863 3518 etsi
2928 3479 3032 3517 non
3081 3463 3292 3525 omnia,
3336 3462 3419 3517 vel
3479 3462 3652 3531 aliqua

2073 3532 2537 3587 commemoranda
2565 3543 2706 3597 sunt,
2750 3548 2815 3587 ne
2837 3534 3024 3601 aliquis
3065 3549 3121 3587 se
3148 3534 3372 3587 inaniter
3398 3548 3655 3589 excmare

2073 3612 2315 3667 conetur,
2342 3612 2395 3655 et
2419 3603 2578 3665 dicat,
2608 3606 2809 3657 nescire
2836 3619 2894 3659 se
2919 3620 3036 3674 quae
3060 3605 3165 3659 sint
3188 3604 3387 3659 minuta
3415 3612 3652 3673 peccata,

2074 3674 2156 3727 vel
2185 3689 2303 3742 qum
2333 3674 2553 3727 crimina
2593 3675 2833 3743 capitalia
2867 3676 2906 3727 ‘.

2145 3765 2197 3819 εὶ.
2230 3765 2449 3819 Peccata
2464 3768 2723 3835 capitalia.
2749 3767 3068 3837 thuamvis
3095 3766 3383 3837 Apostolus
3408 3766 3654 3835 capitalia

2077 3836 2223 3906 plura
2256 3839 2769 3901 commemoraverit,
2803 3854 2899 3893 nos
2934 3848 3109 3892 tamen
3142 3836 3207 3893 ne
3228 3838 3652 3907 desperationem

2075 3908 2250 3961 facere
2280 3908 2570 3973 videamur,
2606 3908 2836 3963 breviter
2865 3909 3087 3963 dicimus
3117 3925 3233 3978 qum
3261 3910 3368 3963 sint
3399 3909 3485 3962 illa
3521 3926 3536 3961 :
3569 3922 3634 3965 sa.

2074 3979 2367 4047 crileginm,
2417 3978 2780 4046 homicidium,
2811 3980 3149 4038 adulterium,
3198 3980 3385 4033 falsum
3414 3980 3654 4033 testimo-

2078 4049 2244 4113 nium,
2279 4049 2491 4113 fnrtum,
2526 4050 2730 4117 rapina,
2758 4052 3024 4118 superbia,
3051 4048 3266 4114 invidia,
3297 4050 3549 4111 avaritia;
3578 4056 3653 4115 et,

2076 4120 2119 4173 si
2152 4120 2305 4189 longo
2346 4128 2583 4188 tempore
2609 4129 2870 4184 teneatur,
2916 4120 3222 4181 iracundia;
3251 4130 3304 4173 ct
3332 4120 3578 4178 ebrietas,
3610 4120 3657 4174 si

2076 4190 2284 4243 assidua
2324 4191 2411 4253 sit,
2442 4191 2493 4243 in
2538 4206 2722 4244 eorum
2751 4205 2974 4245 numero
3002 4198 3353 4257 computatur.
3398 4189 3655 4254 Quicum—

2075 4276 2179 4329 que
2207 4261 2346 4314 enim
2379 4260 2550 4329 aliqua
2595 4261 2661 4315 de
2691 4262 2804 4315 istis
2835 4261 3063 4329 peccatis
3094 4261 3145 4312 in
3190 4275 3247 4313 se
3274 4260 3534 4313 dominari
3560 4273 3655 4312 co-

2075 4332 2333 4399 gnoverit,
2369 4331 2466 4384 nisi
2515 4330 2670 4400 digne
2700 4347 2759 4385 se
2786 4330 3167 4390 emendaverit,
3201 4339 3273 4394 et,
3324 4331 3367 4383 si
3413 4329 3657 4384 habuerit

2076 4402 2323 4472 spatium,
2349 4402 2506 4472 longo
2528 4410 2767 4472 tempore
2798 4401 3161 4472 paenitentiam
3188 4402 3373 4470 egerit,
3405 4408 3459 4472 et
3486 4400 3658 4472 largas

2076 4471 2877 4543 eleemosynas'erogaverit,’et
2902 4488 2931 4526 a
2964 4472 3195 4542 peccatis
3234 4472 3362 4543 ipsis
3387 4471 3657 4543 abstinuef

2076 4542 2180 4606 rit;
2212 4544 2301 4597 illo
2318 4542 2628 4599 transitorio
2651 4542 2771 4611 igne
2791 4545 2859 4598 de
2886 4558 2990 4613 quo
3011 4544 3083 4597 ait
3108 4542 3414 4612 Apostolus,
3443 4542 3656 4612 purgari

2075 4628 2179 4738 gon
2209 4616 2419 4740 poteribt,
2443 4614 2535 4669 sed
2561 4623 2755 4669 aeterna
2785 4614 2933 4669 illum
2965 4614 3176 4669 flamma
3203 4613 3321 4669 sine
3349 4614 3456 4669 ullo
3482 4628 3657 4669 reme-

2114 4701 2164 4738 ιο
2184 4700 2357 4739 cructa
2401 4696 2456 4738 ιι.
3152 4702 3153 4705 η

2114 4686 2164 4738 i0
2184 4685 2456 4739 cruciabit.
3152 4702 3153 4705 ‘

2147 4776 2198 4830 5.
2245 4775 2460 4829 Peccata
2491 4778 2701 4830 minuta.
2750 4776 2820 4829 Ab
2847 4777 2926 4830 his
2949 4777 3185 4829 immunis
3211 4792 3375 4829 nemo.
3423 4774 3657 4829 Animam

2077 4864 2176 4899 non
2226 4847 2479 4913 occidunt,
2526 4848 2613 4901 sed
2661 4848 2870 4916 (cedant.
2915 4847 3043 4914 Qua:
3089 4857 3265 4901 autem
3307 4847 3414 4900 sint
3457 4848 3656 4900 minuta

2077 4927 2308 4985 peccata,
2341 4917 2465 4971 licet
2493 4919 2737 4972 omnibus
2765 4928 2885 4970 nota
2918 4920 3043 4981 sint,
3094 4928 3268 4971 tamen
3294 4918 3414 4985 quia
3442 4918 3656 4985 longum

2075 4997 2156 5042 est
2181 4997 2240 5041 ut
2262 4988 2440 5042 omnia
2468 4990 2808 5057 replicentur,
2839 5004 2971 5055 opus
2993 4997 3075 5041 est
3098 4998 3157 5041 ut
3182 5004 3248 5042 ex
3275 4989 3351 5043 eis
3376 4987 3461 5041 vel
3481 4987 3657 5055 aliqua

2077 5060 2429 5113 nominemus.
2458 5058 2676 5125 Quoties
2719 5060 2907 5126 aliquis
2950 5068 3041 5112 aut
3078 5060 3127 5113 in
3154 5059 3274 5114 cibo
3316 5068 3406 5112 aut
3436 5058 3488 5111 in
3532 5067 3658 5126 potu

2076 5131 2192 5198 plus
2217 5130 2406 5198 accipit
2435 5146 2591 5199 quam
2624 5144 2839 5184 necesse
2867 5130 2954 5194 sit,
2987 5129 3052 5184 ad
3082 5130 3281 5184 minuta
3313 5140 3524 5197 peccata
3556 5142 3652 5181 no-

2076 5201 2213 5254 verit
2255 5201 2540 5268 pertinere.
2575 5200 2794 5267 Quoties
2821 5201 2938 5268 plus
2980 5200 3211 5271 loquitur
3241 5215 3397 5270 quam
3426 5206 3657 5271 oportet,

2076 5280 2167 5324 ant
2207 5271 2322 5339 plus
2350 5280 2487 5325 tacet
2513 5287 2668 5340 quam
2712 5271 2942 5339 expedit.
2991 5272 3208 5339 Quoties
3236 5286 3520 5340 pauperem
3565 5270 3659 5321 im-

2077 5351 2303 5410 portune
2344 5352 2608 5411 petentem
2659 5352 2957 5409 eanperat.
3011 5343 3228 5411 Quoties
3266 5358 3385 5395 cum
3433 5354 3659 5408 corpore

2076 5413 2146 5466 sit
2180 5428 2359 5475 sanus,
2404 5412 2522 5467 aliis
2566 5413 2925 5481 jejunautibus
2966 5413 3227 5483 prandere
3256 5412 3515 5483 voluerit;
3569 5416 3661 5483 aut

2077 5498 2265 5538 somno
2297 5482 2506 5538 deditus
2550 5479 2750 5538 tardius
2793 5484 2858 5537 ad
2903 5479 3178 5539 ecclesiam
3222 5483 3409 5552 surgit.
3441 5479 3660 5548 Quoties

2140 5642 2157 5673 ¹
2182 5641 2414 5712 Caesarius
2450 5641 2497 5689 in
2520 5638 2811 5692 Bibliotheca
2844 5646 3050 5700 Patrum,
3076 5650 3184 5701 qua:
3205 5642 3366 5688 autem
3388 5631 3663 5687 ονίιιιὶηαιία

2076 5711 2121 5756 et
2152 5702 2392 5766 capitalia.

2140 5765 2211 5823 (α)
2248 5764 2387 5823 Alias,
2411 5763 2474 5813 de
2497 5766 2679 5815 sanctis
2701 5765 2778 5813 41.

2161 5778 2191 5813 α
2213 5765 2216 5766 ⁷
2248 5765 2387 5823 Alias,
2411 5765 2474 5813 de
2497 5766 2679 5815 sanctis
2701 5765 2778 5813 41.

2139 5765 2213 5951 Eb;
2246 5834 2351 5876 Erat
2373 5828 2419 5875 iu
2454 5826 2743 5898 bibliotheca
2768 5833 2954 5878 Patrum
2976 5823 3169 5876 homilia
3187 5824 3379 5876 asserti
3398 5829 3583 5877 οαινι.

2165 5902 2190 5937 c
2244 5895 2403 5949 Forte,
2428 5899 2670 5939 mmtrum.

2165 5895 2213 5949 ε)
2244 5895 2403 5949 Forte,
2428 5895 2670 5939 nitntrum.
