4156 6374
339 422 482 488 i987

339 543 652 601 ambulare:
685 541 781 600 sed
813 555 994 600 amara
1027 548 1139 611 est,
1167 555 1354 612 aspera
1379 549 1494 609 est;
1524 551 1666 600 arcta
1694 543 1834 598 enim
1875 551 1930 598 et

337 627 560 688 angusta
588 616 672 670 via
698 626 952 688 est,rqu:e
978 613 1122 688 ducit
1158 615 1222 670 ad
1251 615 1411 668 vitam
1441 613 1651 688 (Matth.
1677 632 1777 681 vn,
1816 615 1925 688 M).

339 686 584 747 Christus
607 687 869 749 transivit,
899 694 953 741 et
978 686 1151 740 adhuc
1179 701 1364 756 aspera
1392 686 1512 741 est?
1551 687 1719 756 Caput
1754 686 1929 741 trans-

339 763 418 824 iit,
463 771 516 814 et
545 760 782 816 membra
820 756 1101 830 dubitant?
1141 755 1246 812 Sed
1277 757 1536 830 Christus,
1568 755 1760 830 inquis,
1793 759 1928 813 Deus

337 842 391 886 ct
438 833 633 900 homo;
675 845 772 902 ego
822 839 998 902 autem
1052 829 1229 902 homo.
1279 829 1380 884 Tot
1428 829 1589 884 millia
1638 841 1928 901 martyrum

339 897 789 970 transieruntfet
832 899 1005 954 adhuc
1049 899 1143 956 tibi
1187 915 1376 969 aSpera
1423 902 1540 956 est?
1581 897 1931 957 Ti'ansierunt

338 987 517 1038 senes,
553 973 878 1044 transierunt
897 971 1138 1044 juvenes,
1173 972 1497 1044 transierunt
1528 974 1698 1042 pueri,
1743 975 1929 1042 puclla:

339 1045 698 1108 transierunt,
730 1041 868 1097 viam
898 1041 1052 1114 quam
1087 1042 1312 1114 timebas
1330 1041 1638 1114 tritam’tibi
1670 1041 1927 1099 feeerunt.

337 1115 567 1169 Ambula
591 1129 716 1184 ergo
739 1115 898 1180 viam,
918 1112 1144 1168 securus
1166 1112 1396 1166 ambula.
1413 1112 1549 1181 Quid
1571 1114 1711 1170 enim
1737 1117 1930 1170 metuis

338 1189 389 1239 in
425 1187 522 1240 hac
551 1183 672 1239 via?
699 1184 959 1239 Mortem?
991 1183 1058 1238 Et
1088 1192 1311 1238 mortem
1346 1184 1520 1250 titncs,
1553 1186 1642 1254 qui
1675 1186 1739 1242 ad
1770 1188 1929 1240 vitam

335 1258 549 1310 curris?
577 1258 632 1308 Si
662 1257 832 1312 bonus
857 1271 935 1322 es,
963 1255 1100 1309 bene
1127 1255 1176 1310 in
1205 1254 1306 1312 hac
1332 1255 1412 1308 via
1438 1257 1606 1312 curris
1631 1275 1644 1312 :
1673 1273 1815 1311 mors
1839 1259 1930 1312 tibi

331 1330 493 1402 janua
520 1327 642 1402 erit,
672 1343 797 1402 qua},
815 1336 864 1382 te
891 1334 1257 1402 repraesentet,
1289 1341 1392 1402 non
1414 1343 1532 1396 quae
1557 1327 1761 1402 auferat
1786 1331 1926 1384 νίιίιξ.

333 1397 563 1453 Ambula
595 1397 720 1467 ergo
751 1397 887 1456 viain
920 1415 932 1450 :
963 1398 1068 1452 imo
1098 1397 1207 1467 ipse
1233 1398 1319 1468 qui
1346 1407 1559 1466 propter
1583 1409 1632 1454 te
1659 1401 1827 1455 factus
1848 1410 1931 1454 est

333 1471 441 1536 via,
465 1469 580 1554 ipse
603 1466 828 1550 tedncat
857 1484 1028 1551 perse
1054 1466 1223 1554 ipsum
1249 1466 1313 1521 ad
1341 1469 1616 1554 se‘ipsum.
1648 1471 1764 1540 ipse
1787 1473 1929 1554 epim

334 1485 441 1536 via,
465 1485 580 1554 ipse
603 1485 652 1522 te
673 1485 828 1522 uncat
857 1485 950 1538 per
970 1485 1028 1522 se
1055 1485 1066 1520 ι
1089 1485 1223 1521 )sum
1249 1485 1313 1521 au
1341 1485 1396 1522 se
1425 1485 1436 1543 i
1481 1485 1616 1524 sum.
1649 1485 1764 1540 Ipse
1787 1488 1929 1527 enim

334 1551 416 1594 est
451 1557 531 1596 vta
556 1584 568 1608 ,
604 1541 797 1612 veritas
833 1549 886 1612 et
922 1539 1025 1594 vita
1060 1485 1236 1612 (loqu.
1270 1555 1379 1612 xiv,
1409 1485 1486 1609 (Si).
1523 1542 1612 1595 Dic
1652 1558 1780 1612 ergo
1819 1543 1930 1598 Deo

339 1621 450 1677 tuo,
474 1628 506 1664 0
529 1612 701 1665 anima
727 1610 896 1664 iidelis
917 1621 968 1665 ct
995 1610 1109 1680 pia;
1140 1610 1373 1680 dic,_dic,
1398 1627 1583 1666 secura
1600 1610 1787 1677 dic,'et
1808 1630 1926 1668 cum

337 1683 596 1752 prouincia
636 1683 897 1736 veraciter
933 1678 1168 1735 exclama
1190 1723 1203 1744 ,
1236 1678 1555 1752 Deducime,
1597 1683 1844 1747 Domine,
1877 1687 1930 1740 in

336 1751 418 1827 ilia
448 1763 636 1827 tua,_et
661 1753 928 1806 ambulabo
955 1753 1006 1806 in
1034 1753 1238 1827 veritate
1267 1762 1352 1827 tua
1380 1751 1548 1827 (Paul.
1583 1771 1781 1821 Lxxxv,
1815 1759 1924 1827 ii).

336 1824 487 1878 Tunc
514 1823 580 1878 ad
609 1834 659 1878 te
685 1838 907 1878 securus
939 1825 1277 1896 perveniam,
1307 1825 1350 1876 si
1379 1824 1615 1896 inlinent
1649 1844 1812 1894 usque
1843 1823 1929 1884 tua

335 1897 517 1970 gratia
554 1911 656 1970 non
704 1893 951 1970 deserar.
987 1895 1138 1970 ιλιῃξο,
1173 1893 1362 1970 fratres
1405 1895 1769 1970 dilectissimi,
1811 1917 1931 1970 qua:

335 1965 479 2038 dono
506 1967 672 2038 ipsius
701 1966 974 2038 cbaritatis
1005 1967 1143 2020 dicta
1171 1975 1293 2022 sunt
1319 1965 1592 2022 Sanctitati
1621 1965 1927 2031 vestras-ita

336 2036 574 2112 lia‘reant
604 2037 852 2112 cordibus
882 2047 935 2112 et
961 2038 1202 2112 sensibus
1234 2039 1464 2112 vestris;
1511 2050 1567 2094 ut
1595 2041 1781 2096 eadem
1818 2043 1928 2112 ipsa

335 2108 574 2181 cbaritas
618 2109 844 2163 fructum
887 2109 935 2162 in
977 2108 1128 2166 vobis
1156 2109 1391 2165 inveniat
1421 2115 1598 2181 operis
1620 2154 1636 2180 ,
1671 2129 1775 2174 non
1807 2108 1927 2170 folia

334 2178 526 2234 laudis.

851 2249 1083 2305 SERMO
1119 2250 1252 2322 cvu
1285 2251 1385 2322 (α).

338 2321 566 2388 Rursum
592 2322 654 2378 de
677 2321 835 2376 verbis
866 2323 1116 2392 Apostoli,
1147 2321 1166 2374 l
1207 2324 1323 2377 Cor.
1352 2321 1478 2393 cap.
1506 2341 1622 2391 xm,
1654 2327 1704 2393 l,
1741 2328 1793 2381 Si
1828 2328 1930 2383 lino

408 2395 529 2463 guis
561 2393 835 2448 hominum
883 2395 1070 2463 loquar
1109 2402 1162 2448 et
1202 2394 1524 2462 Angelortnn
1549 2438 1562 2461 ,
1615 2397 1929 2456 charitatem

405 2475 585 2518 autem
620 2481 722 2536 non
758 2464 1001 2527 habeam,
1032 2465 1160 2518 nihil
1193 2465 1319 2536 mihi
1349 2467 1586 2536 prodest,
1624 2479 1717 2522 etc.
1746 2470 1824 2524 De
1853 2472 1930 2524 tli-

406 2535 617 2613 lectioiie
646 2533 742 2613 Dei
764 2546 808 2588 et
836 2536 1071 2613 proximi,
1104 2533 1384 2613 amicorum
1404 2548 1449 2590 et
1481 2538 1792 2594 inimicorum
1826 2541 1928 2613 (li).

409 2607 462 2660 1.
523 2606 755 2660 Charitas
803 2606 923 2694 [Lavit
982 2615 1033 2658 ut
1062 2607 1384 2694 ‘siintsimul
1430 2613 1648 2694 separati
1699 2606 1925 2682 corpore.

385 2685 605 2732 uantum
646 2692 764 2742 nos,
807 2677 998 2732 fratres
1044 2677 1412 2744 dilectissimi,
1463 2677 1707 2737 Charitas
1753 2677 1928 2741 vestra

335 2748 642 2810 d'esideret,
685 2764 750 2802 ex
781 2748 913 2802 meis
952 2748 1144 2808 animis
1185 2765 1528 2818 recognosco.
1578 2754 1642 2808 Et
1684 2755 1806 2809 licet
1834 2772 1929 2811 vos

336 2818 691 2898 humilitatem
723 2835 895 2898 uicani
926 2819 1137 2898 assidue
1164 2819 1345 2898 videre
1372 2823 1571 2888 velitis,
1601 2834 1774 2880 tamen
1803 2843 1924 2898 ego,

335 2891 379 2942 si
429 2901 611 2962 posset
658 2891 769 2944 fieri
793 2931 806 2955 ,
832 2890 1182 2964 frequentius
1201 2891 1278 2964 de
1307 2906 1594 2962 conspectu
1623 2890 1929 2964 vestro,vet

335 2961 514 3036 vestra
543 2969 596 3018 et
619 2979 737 3036 mea
762 2961 954 3016 vellem
981 2961 1246 3036 desideria
1269 2961 1453 3016 satiari
1475 2966 1511 3015 ί.
1539 2967 1640 3022 Sed
1671 2961 1929 3036 patienter

337 3033 572 3108 tolerare
599 3034 875 3097 debemus,
915 3032 1054 3102 quod
1099 3033 1324 3108 implere
1371 3051 1464 3103 pro
1497 3032 1792 3108 temporum
1836 3059 1926 3096 nc-

335 3106 589 3158 cessitate
631 3122 732 3178 non
769 3120 1070 3178 possumus.
1118 3104 1224 3160 Sed
1266 3104 1390 3178 licet
1437 3104 1787 3178 corporaliter
1831 3129 1927 3168 nus

337 3186 558 3248 propter
605 3175 800 3231 multas
846 3175 1192 3230 necessitates
1237 3177 1420 3232 videre
1467 3175 1570 3234 non
1618 3183 1924 3248 vah-anius,

337 3247 600 3320 cbaritatc
629 3257 807 3304 tamen
838 3255 890 3302 et
930 3257 1112 3320 sancto
1142 3263 1326 3301 amore
1355 3265 1571 3318 semper
1603 3255 1798 3320 pariter
1837 3247 1921 3308 sn?

338 3332 459 3370 mus
487 3318 665 3391 ’.7Pro
693 3334 792 3388 qua
827 3334 884 3372 re
912 3317 1042 3372 nihil
1073 3328 1227 3391 nocet
1256 3321 1496 3389 corporis
1524 3317 1809 3391 separatio,
1845 3327 1928 3381 tibi

339 3399 422 3461 est
468 3390 770 3461 animorum
811 3404 939 3442 vera
981 3399 1032 3442 et
1064 3390 1268 3443 sincera
1315 3390 1641 3461 conjunctio.
1689 3390 1932 3452 Charitas

339 3459 488 3533 enim?
517 3460 634 3533 ipsa
665 3475 790 3533 vera
820 3471 899 3513 est
923 3501 936 3523 ,
979 3476 1097 3533 qu:e
1133 3459 1481 3528 c.0rporalit'er
1508 3475 1779 3533 separatos
1805 3484 1934 3521 con-

339 3532 520 3612 suevit
561 3531 904 3614 spirituaiiter
948 3532 1216 3614 copulare
1241 3541 1400 3601 atque
1443 3531 1784 3614 conjungere.
1819 3541 1933 3614 Duo

338 3603 482 3672 enim
511 3602 599 3670 qui
629 3616 686 3654 se
712 3610 897 3655 sancto
919 3618 1104 3656 amore
1128 3602 1370 3672 diligunt,
1392 3602 1602 3661 etianisi
1622 3602 1756 3663 unus
1787 3613 1855 3666 sit
1883 3612 1932 3664 in

337 3671 579 3751 Oriente,
624 3673 758 3726 alius
801 3674 852 3727 iti
898 3671 1341 3751 Occidentc,’ita‘
1369 3677 1627 3751 charitate
1671 3683 1934 3751 congluti-

338 3753 504 3820 nante
531 3745 938 3820 jungunturaut
982 3761 1252 3820 nunquam
1297 3747 1364 3820 ab
1409 3749 1632 3804 invicem
1683 3745 1937 3820 separen-

339 3823 444 3868 tur.
474 3815 615 3896 A_udi
647 3815 960 3896 Aposqiltttit
991 3815 1274 3896 .dieeptetn‘
1288 3817 1513 3896 tandem
1543 3836 1691 3896 verae
1712 3815 1766 3880 et
1797 3825 1933 3882 inte-

339 3901 448 3957 gra:
471 3885 766 3962 charitatis.
800 3885 888 3941 Sic
918 3888 1058 3962 enim
1090 3887 1162 3941 ait
1191 3905 1204 3942 :
1237 3887 1298 3941 Si
1337 3891 1521 3962 linguis
1557 3891 1816 3948 hominum
1855 3897 1933 3950 lo-

339 3967 530 4032 quaret
555 3957 1201 4032 Angelornm,churitatem
1229 3957 1522 4016 autemnon
1549 3963 1780 4032 habeam,
1811 3967 1938 4021 nihil

341 4029 466 4082 mihi
493 4029 715 4098 prodest,
744 4038 846 4084 etc.
879 4031 942 4088 Et
974 4040 1088 4097 post
1121 4045 1284 4099 pauca
1312 4032 1531 4096 addidit,
1556 4033 1739 4092 dicens
1764 4029 1777 4091 Ξ
1805 4038 1939 4092 Cha-

342 4100 468 4174 ritas
495 4101 688 4170 patiens
717 4111 809 4166 est,
844 4100 1058 4174 benigna
1080 4111 1178 4174 est,
1208 4111 1261 4164 ct
1289 4104 1509 4174 reliqua.
1545 4104 1611 4158 Et
1641 4107 1761 4163 licet
1791 4110 1938 4163 snfti-

343 4171 548 4228 ciet-ter
589 4174 852 4241 praecunia
891 4173 1007 4240 ejus
1040 4173 1226 4242 plenus
1269 4171 1466 4243 Spiritu
1514 4187 1699 4232 sancto
1740 4180 1937 4236 Paulus

343 4243 617 4316 apostolus
659 4243 1056 4316 przedicaverit;
1105 4253 1282 4299 tamen
1321 4248 1442 4315 quia
1474 4258 1655 4302 sancta
1703 4251 1938 4308 cbaritas

344 4314 500 4369 dulce
527 4323 610 4368 est
649 4314 712 4367 ac
740 4315 951 4370 salubre
983 4315 1250 4371 vinculum
1279 4314 1536 4372 mentium
1564 4361 1580 4384 ,
1628 4322 1786 4376 etiam
1837 4341 1935 4379 nos

347 4385 548 4455 parvuli
582 4385 875 4440 secundum
907 4387 1178 4467 modulum
1213 4398 1476 4457 nostrum,
1513 4388 1582 4445 de
1609 4392 1719 4457 illa,
1763 4411 1933 4465 quan-

356 4472 454 4528 .utn
485 4471 786 4528 possmnus,
817 4473 1213 4528 conquiramus.

413 4526 472 4582 2.
512 4526 816 4581 Diuitiarum
842 4526 999 4582 bonus
1027 4546 1146 4584 usus
1175 4548 1208 4584 a
1230 4533 1476 4586 charitate
1495 4532 1781 4590 discendus.
1801 4535 1939 4591 Cha-

349 4599 470 4672 ritas
501 4599 685 4672 oleum.
724 4599 957 4672 Charitas
985 4601 1112 4654 bona
1150 4603 1450 4658 ortlinatrix.
1479 4603 1679 4672 Magna:
1710 4617 1831 4663 sunt
1859 4609 1941 4663 di-

350 4671 492 4724 vitite
519 4669 817 4737 charitatis,
839 4673 1159 4747 charissimi,
1185 4674 1299 4747 sine
1322 4691 1423 4743 qua
1447 4669 1595 4731 dives
1616 4695 1817 4747 pauper
1835 4689 1936 4747 est,

347 4751 400 4796 et
425 4756 548 4798 cum
577 4756 680 4812 qua
705 4757 908 4816 pauper
935 4742 1084 4797 dives
1113 4753 1214 4798 est.
1255 4742 1387 4802 Nam
1425 4747 1595 4813 dives,
1616 4742 1676 4804 'si
1704 4742 1939 4807 charita;

411 4876 430 4907 ι
457 4874 818 4936 Ρῶιὶβιυεδενο
835 4881 880 4928 et
902 4888 1006 4926 meo
1044 4875 1213 4928 vellem
1253 4878 1496 4932 desiderio
1519 4882 1705 4935 satiari.
1749 4892 1804 4943 t.,
1855 4893 1937 4939 Ms.

347 4937 409 4988 de
433 4945 686 5001 compacta
703 4946 862 5001 nostro
882 4947 927 4988 et
946 4945 1148 4992 vestram
1159 4945 1204 4990 et
1224 4953 1382 4992 meam
1405 4943 1629 4997 desidero
1652 4937 1822 4998 uitiari
1838 4937 1942 5001 ani;

347 5013 496 5051 mam.
520 5003 604 5050 Hic
625 5015 715 5050 nos
736 5000 797 5049 cl.
824 5002 1089 5064 sequimur.

412 5067 434 5133 ξ
457 5065 532 5133 sic
689 5065 805 5133 t-Lditi
843 5076 978 5124 vero,
1007 5070 1240 5133 et‘stmcto
1264 5078 1430 5116 amore
1454 5079 1532 5119 usi
1551 5076 1734 5133 pariter
1757 5086 1938 5123 sumus.

410 5126 486 5247 in;
509 5124 649 5184 Alias,
674 5126 740 5175 de
762 5134 1001 5187 't‘empore
1025 5126 1103 5174 42.

434 5188 461 5237 b
511 5194 559 5235 tu
605 5188 880 5247 Appendice
927 5202 1054 5238 nunc
1097 5204 1103 5247 ι

434 5142 464 5176 a
509 5127 649 5184 Alias,
674 5127 740 5175 de
762 5134 1001 5187 't‘empore
1025 5127 1103 5174 42.
1551 5127 1561 5133 “

434 5127 486 5250 bi
511 5194 559 5235 tu
605 5188 880 5250 Appendice
927 5202 1054 5238 nunc
1097 5190 1300 5250 primum
1330 5191 1608 5243 collocatur.
1657 5202 1791 5245 Hunc
1814 5205 1942 5248 inter

350 5251 721 5321 augustiuiauos
763 5259 1038 5309 sermones,
1075 5252 1163 5321 sed
1208 5254 1394 5317 absque
1432 5257 1682 5319 Augustini
1727 5261 1942 5321 nomine,

351 5312 583 5383 tauquam
603 5312 835 5370 dubium,
860 5327 1062 5383 manere
1086 5312 1340 5383 voluerant
1363 5312 1701 5383 bovatlieuses.
1752 5312 1943 5383 Expuul

350 5374 566 5442 gendum
619 5388 862 5442 censuere
921 5374 1142 5442 Verliuus
1187 5383 1238 5442 et
1285 5379 1560 5442 \‘indingus.
1623 5385 1776 5434 liabet.
1821 5374 1943 5434 Ison-

355 5439 557 5505 tentiam
577 5444 628 5485 et
646 5437 802 5505 verba
830 5438 1050 5500 qutedam
1071 5438 1313 5505 descripta
1339 5454 1402 5505 ex
1429 5437 1676 5505 Augustini
1715 5459 1944 5496 sermone

349 5496 459 5547 310.
713 5496 865 5548 fetum
888 5513 1017 5569 esse,
1042 5500 1082 5548 si
1100 5512 1208 5548 cum
1230 5496 1335 5569 aliis
1359 5496 1738 5569 l[:SlllSVllotlillllS
1757 5521 1947 5569 compa-

353 5561 559 5632 raveris,
585 5559 725 5632 tacite
759 5563 1059 5632 assentieris.
1086 5563 1335 5632 Augustini
1372 5559 1548 5632 notnen
1588 5567 1705 5632 falso
1748 5559 1948 5632 [περιὶηί

352 5623 403 5690 in
425 5620 562 5690 libris
580 5626 1080 5690 _aute_sept_.ingentos
1115 5620 1273 5690 annos
1306 5625 1578 5690 descriptis,
1601 5620 1872 5679 ttolbei-tino
1896 5620 1947 5685 et

352 5684 748 5752 't‘heodcl‘icetmi.
770 5687 869 5734 vid.
889 5684 948 5736 id
967 5698 1244 5752 sermonem
1253 5687 1406 5752 hujus
1438 5684 1722 5752 A'ppe'iidicis
1746 5694 1850 5741 112.
1878 5684 1945 5745 De

519 5745 569 5812 ᾖ,
596 5747 692 5798 vid.
731 5759 882 5812 serui.
924 5750 1211 5812 appendicis
1243 5745 1340 5810 θυ;
1379 5765 1428 5800 u.
1457 5745 1519 5811 1’;’
1537 5754 1633 5802 vid.
1658 5762 1832 5804 Ctesar.
1857 5757 1946 5807 ho-

354 5807 457 5860 mil.
483 5807 578 5870 10',
610 5821 675 5858 ex
713 5809 858 5860 editis
893 5824 923 5862 a
954 5807 1166 5872 baiuzio,
1194 5819 1246 5862 et
1267 5807 1332 5860 Au
1552 5829 1701 5869 scrin.
1735 5817 1854 5878 350;
1882 5821 1948 5872 de

355 5883 489 5922 num.
527 5865 584 5928 2,
607 5873 862 5922 cassat-ium
897 5874 948 5924 in
969 5871 1068 5928 tiae
1104 5871 1270 5928 homil.
1303 5821 1510 5928 de
1544 5891 1678 5928 num.
1718 5879 1943 5928 4.8mm.

355 5871 862 5987 ἓιέῗὲἐέἓδξῶπὲιιξ
897 5874 948 5924 in
969 5871 1068 5932 tiae
1104 5871 1270 5928 humil.
1303 5871 1404 5941 56;
1443 5875 1510 5930 de
1544 5891 1678 5931 num.
1718 5879 1772 5944 4,
1791 5871 1943 5935 sénn;

356 5941 641 6000 Appelch
659 5941 742 5998 ω,
755 5945 810 5986 ιι.
827 5941 878 5987 7.

1803 411 2035 480 SERMO
2069 419 2157 479 CV
2161 417 2225 478 11.

3485 426 3624 492 {958
3644 471 3660 488 .

2033 545 2140 592 tem
2161 535 2516 618 nonbabeat,
2548 538 2673 618 quid
2698 539 2898 618 habet?
2921 541 3224 612 Quamlibet
3246 545 3461 618 grandis
3491 549 3614 604 sub-

2032 609 2222 664 stantia
2261 609 2376 663 sine
2413 609 2690 674 cbaritate,
2731 613 2900 667 inanis
2940 609 2993 670 et
3023 631 3182 674 vacua
3223 609 3323 671 est.
3371 617 3614 674 Charitas

2033 680 2240 758 etiamsi
2269 681 2350 758 _de
2393 682 2616 758 terrenis
2659 683 2991 758 facultatibus
3036 687 3168 741 niinl
3204 688 3426 755 habeat,
3463 690 3614 758 plena

2035 751 2317 828 e_st._Unde
2345 752 2628 828 quamlibet
2658 755 2844 828 aliquis
2877 757 3117 828 copiosas
3146 759 3361 812 divitias
3403 751 3614 828 lia-beat,

2034 821 2075 874 si
2104 821 2335 877 cbaritas
2367 825 2417 876 in
2447 823 2536 876 illo
2563 839 2664 876 non
2694 821 2867 886 fuerit,
2898 821 3026 880 nihil
3057 828 3178 882 boni
3211 846 3273 883 ex
3305 832 3409 886 illis
3442 821 3616 888 facere

2037 895 2246 959 poterit,
2291 893 2410 962 quia
2439 895 2552 946 sine
2580 911 2701 948 vera
2746 906 2798 950 et
2825 898 3116 954 cmicstium
3151 901 3399 956 virtutum
3449 911 3618 962 matre

2034 972 2086 1016 ct
2117 966 2360 1040 magistra
2385 962 2515 1040 quid
2549 965 2719 1040 facere
2748 966 2970 1033 debeat,
3007 978 3061 1022 ct
3090 971 3300 1040 quando
3329 972 3410 1026 vel
3446 989 3614 1040 quan-

2038 986 2086 1016 Ut
2117 986 2360 1034 tnagtsu'a
2390 986 2515 1033 qtttu
2549 986 2719 1019 tacere
2748 986 2970 1033 ueneat,
3007 986 3061 1022 et
3128 986 3300 1023 ual‘tttt)
3329 986 3410 1026 Vel
3446 989 3614 1040 quan-

2038 1043 2144 1088 tum
2171 1035 2295 1088 dare
2312 1035 2522 1113 debeat,
2549 1038 2765 1113 omnino
2785 1055 2885 1090 non
2915 986 3167 1113 novitle
3192 1041 3328 1106 ideo,
3358 1054 3615 1113 quantum

2035 1115 2228 1227 potest,
2266 1107 2626 1176 unusquisque
2645 1107 2900 1172 elaboret,
2922 1119 2974 1162 tit
2994 1110 3182 1165 haheat
3200 1107 3530 1178 cbaritateui,
3561 1125 3616 1169 ut

2054 1177 2226 1227 ml)an
2245 1177 2437 1227 lucem.
2461 1186 2513 1227 lli
2529 1177 2929 1227 halicatolenm-
2948 1179 3191 1227 Charitas
3213 1185 3330 1227 nlon
3353 1200 3616 1227 eumnam.

2054 1177 2226 1253 iubeat
2245 1177 2438 1240 lucem,
2461 1177 2718 1253 uthahcat
2733 1179 3191 1253 oleum.Cbaritas
3213 1185 3330 1238 oleo
3353 1177 3618 1253 compara-

2036 1254 2138 1300 tur.
2155 1247 2282 1300 Nam
2305 1248 2755 1326 quomodooleum
2779 1251 3024 1326 omnibus
3049 1254 3356 1326 humoribus
3375 1247 3620 1326 superius

2033 1333 2152 1371 csse
2175 1320 2543 1386 cognoscitur;
2572 1320 2641 1373 ita
2667 1322 2897 1374 cbaritas
2921 1324 3167 1377 otnnibtts
3192 1320 3468 1380 virtutibus
3500 1328 3620 1381 sub-

2035 1389 2212 1463 limior
2236 1391 2645 1463 comprobatur.
2673 1390 2814 1463 Nam
2847 1393 2889 1445 si
2931 1393 3118 1463 aliquis
3148 1396 3376 1450 infinitas
3408 1397 3618 1452 divitias

2036 1459 2324 1537 possideat,
2353 1470 2405 1537 et
2434 1477 2536 1537 non
2567 1459 3106 1537 habeatcbaritatem,
3125 1467 3199 1519 sic
3227 1477 3324 1528 est,
3352 1468 3619 1537 quomodo

2106 1530 2293 1585 habeat
2321 1532 2497 1608 plures
2521 1533 2763 1608 lucernas
2789 1543 2840 1588 et
2867 1535 3059 1608 multas
3089 1530 3383 1608 lampades,
3409 1540 3619 1608 pingue-

2031 1600 2209 1656 dinem
2243 1617 2345 1677 non
2374 1602 2652 1657 habentes.
2697 1604 2934 1677 Lucerna
2975 1606 3058 1659 vel
3103 1600 3304 1677 lanipas
3347 1600 3460 1662 sine
3498 1600 3619 1663 oleo

2031 1687 2254 1726 accensa
2303 1673 2503 1727 fumare
2547 1684 2736 1744 potest,
2789 1676 2954 1730 fetere
2987 1685 3178 1744 potest,
3210 1673 3379 1732 lucem
3423 1680 3618 1735 habere

2032 1759 2136 1816 non
2170 1753 2383 1812 potest:
2412 1745 2487 1797 sic
2514 1755 2560 1798 et
2596 1747 2682 1814 qui
2727 1743 2885 1800 habet
2928 1747 3136 1802 divitias
3172 1743 3295 1804 rsine
3339 1750 3616 1816 cbaritate,

2032 1815 2221 1890 ardere
2247 1823 2420 1890 potest
2442 1816 2512 1890 de
2540 1817 2876 1890 ir:icun_t,lia‘,
2907 1819 3108 1872 fumare
3139 1819 3205 1873 de
3235 1821 3502 1890 superbia,
3537 1815 3615 1875 fe?

2039 1895 2148 1939 tere
2178 1887 2242 1960 de
2268 1887 2517 1960 avaritia;
2546 1888 2660 1960 sine
2687 1887 2944 1960 charitate
2971 1890 3180 1958 penitus
3206 1887 3312 1944 non
3336 1887 3509 1960 potest
3540 1893 3620 1945 lu-

2031 1972 2144 2036 cem
2195 1957 2436 2036 habere._
2461 1957 2705 2036 Charitas
2735 1959 2776 2011 si
2811 1959 2874 2036 _in
2909 1957 3169 2036 telltterit,
3204 1957 3494 2036 quamlibet
3525 1964 3618 2018 tibi

2031 2028 2099 2100 sit
2124 2027 2336 2100 grandis
2359 2026 2677 2100 substantia,
2704 2028 2847 2100 novit
2873 2030 2995 2098 qttid
3019 2031 3083 2084 de
3111 2031 3197 2084 illa
3220 2026 3376 2100 agere
3397 2033 3608 2087 debeat.

2036 2098 2148 2166 ipsa
2183 2098 2528 2172 scitoptime,
2571 2099 2652 2172 cui
2683 2099 2764 2152 vel
2786 2109 3045 2172 quantum
3081 2098 3337 2172 porrigat,
3371 2105 3495 2171 quid
3526 2106 3616 2158 tri-

2033 2171 2175 2234 bnat,
2206 2167 2327 2250 quid
2357 2179 2618 2255 reservet.
2641 2170 2753 2239 Ipsa
2782 2167 3024 2241 intelligit
3046 2167 3294 2255 quantuni
3313 2167 3503 2255 ani-inte
3531 2191 3615 2228 re-

2032 2251 2192 2312 ponat
2226 2242 2275 2312 in
2310 2239 2472 2312 callo,
2503 2249 2566 2312 et
2584 2250 2835 2312 quantum
2868 2239 3076 2311 corpori
3113 2255 3349 2298 reservet
3377 2246 3426 2298 in
3466 2262 3618 2300 mun-

2033 2309 2121 2364 do.
2147 2311 2288 2364 Satis
2309 2311 2448 2363 bona
2476 2309 2768 2364 ordinatrix
2794 2322 2894 2377 est,
2921 2309 3130 2377 fratres,
3161 2313 3293 2370 bene
3320 2317 3463 2368 novit
3489 2331 3618 2369 con-

2032 2398 2252 2451 gregare
2284 2382 2333 2433 in
2366 2391 2572 2444 testate,
2603 2383 2746 2451 quod
2776 2385 2939 2451 possit
2971 2385 3021 2436 in
3053 2384 3224 2438 hieme
3259 2388 3480 2450 habere;
3515 2387 3619 2442 hoc

2033 2461 2134 2516 est,
2163 2454 2261 2506 scit
2295 2452 2586 2524 providere
2608 2470 2699 2520 per
2726 2454 3123 2524 eiccmusynam
3170 2456 3218 2507 in
3265 2457 3361 2509 hoc
3400 2458 3615 2523 seculo,

2034 2524 2174 2592 quod
2207 2522 2441 2594 inveniat
2482 2523 2533 2594 in
2559 2522 2758 2594 futuro.
2794 2522 2992 2578 llabcte
3019 2525 3352 2590 eharitatem,
3397 2522 3614 2594 fratres;

2032 2595 2154 2666 quia
2186 2594 2300 2646 sine
2332 2593 2416 2646 illa
2447 2593 2699 2663 quidqttid
2729 2594 2872 2648 aliud
2903 2597 3027 2648 boni
3075 2597 3128 2649 in
3170 2597 3384 2651 homine
3428 2593 3615 2666 fuerit,

2032 2664 2162 2718 nihil
2190 2680 2308 2717 esse
2340 2665 2548 2730 poterit.

2101 2736 2153 2790 ὅ.
2196 2735 2425 2788 (.‘haritus
2457 2751 2597 2800 vera,
2626 2751 2738 2805 qua:
2766 2735 2992 2789 inimicos
3031 2738 3392 2807 complectitur.
3435 2739 3617 2793 Chari-

2031 2815 2108 2860 tas
2132 2809 2280 2859 rudia:
2307 2807 2546 2858 bonorum
2577 2823 2803 2874 aperitin.
2837 2807 2940 2862 Sed
2984 2818 3037 2861 et
3075 2825 3254 2864 veram
3302 2811 3612 2864 cbaritatem

2032 2877 2243 2941 habete,
2278 2878 2486 2930 i'raties.
2519 2881 2645 2943 Qua!
2677 2887 2759 2930 est
2790 2893 2910 2931 vera
2939 2878 3207 2932 cbaritas?
3248 2882 3373 2947 Qum
3406 2898 3615 2936 onntem

2034 2948 2302 3001 hominem
2349 2948 2539 3014 diligit,
2588 2950 2725 3001 sicut
2765 2966 2822 3001 se
2865 2950 3057 3016 ipsum.
3092 2950 3187 3004 Est
3217 2968 3338 3004 νυνί(
3384 2953 3614 3006 cbaritas

2030 3034 2147 3088 qua:
2180 3035 2283 3090 non
2313 3020 2479 3090 solum
2517 3034 2680 3087 usque
2711 3018 2775 3070 ad
2804 3019 3023 3084 amicos,
3054 3022 3144 3074 st-d
3180 3037 3342 3088 usque
3369 3025 3431 3075 ad
3477 3025 3617 3090 ipsos

2033 3084 2271 3158 pervenit
2315 3084 2790 3143 inimicos—Nemo
2836 3109 2892 3142 se
2937 3084 3356 3155 circumveniat,
3407 3084 3612 3148 l'rat'res.

2031 3162 2130 3228 Qui
2163 3163 2315 3214 istam
2343 3161 2652 3214 cbaritatem
2683 3177 2786 3213 non
2822 3160 3084 3222 habuerit.
3118 3165 3280 3216 Deum
3308 3164 3484 3217 videre.
3516 3181 3619 3220 non

2035 3234 2247 3302 poterit,
2281 3246 2375 3284 nec
2401 3230 2583 3284 audire
2614 3233 2921 3294 increbitur,
2958 3231 3144 3296 Venite,
3179 3236 3416 3287 benedicti
3449 3235 3619 3290 Putris

2034 3303 2149 3367 mei,
2197 3303 2431 3374 percipite
2461 3318 2689 3374 regnum.
2728 3303 2884 3355 Certe
2915 3305 3102 3357 videtis
3139 3306 3278 3374 quod
3313 3307 3361 3357 in
3393 3306 3619 3360 lectione

2034 3374 2336 3442 evangelica
2374 3372 2502 3424 nihil
2541 3373 2678 3425 aliud
2714 3375 2966 3428 Dominus
2998 3372 3347 3430 omniaiaverit
3388 3379 3452 3430 de
3500 3380 3618 3431 uni-

2035 3445 2204 3496 versis
2235 3444 2535 3505 virtutibus,
2588 3445 2684 3517 nisi
2725 3445 2890 3517 solani
2924 3446 3316 3517 eleemosynatn
3350 3465 3464 3515 qum
3496 3465 3618 3504 cum

2037 3516 2294 3569 citat‘italc
2318 3524 2588 3583 operatur.
2636 3515 2708 3567 De
2735 3516 2894 3568 ramis
2924 3518 3101 3581 tacuit,
3131 3515 3360 3570 radicem
3393 3527 3622 3572 tantum-

2035 3587 2194 3640 Iuodo
2224 3586 2536 3650 nominavit,
2567 3585 2635 3638 ita
2667 3586 2848 3639 dicens
2883 3605 2896 3638 :
2940 3587 3131 3653 Venite,
3174 3588 3418 3641 benedicti
3449 3589 3621 3644 Patris

2037 3658 2154 3721 mei,
2191 3657 2427 3723 percipite
2465 3672 2709 3725 regnum;
2741 3657 2921 3710 esurivi
2952 3659 3081 3711 enim
3103 3701 3118 3722 ,
3164 3669 3208 3713 et
3251 3659 3458 3713 dedistis
3499 3661 3624 3716 mihi

2037 3729 2344 3799 manducare
2371 3725 2583 3793 (Matth.
2617 3743 2747 3790 xxv,
2777 3728 2864 3799 54,
2892 3729 3012 3799 55).
3051 3728 3118 3782 Et
3149 3732 3336 3785 iterum
3369 3732 3484 3799 ipse
3516 3732 3622 3784 Do-

2037 3787 2214 3852 ininiis
2245 3815 2257 3850 :
2301 3787 2647 3852 Verumtamen
2677 3787 2792 3851 date
2819 3787 3204 3868 eleeinosynam,
3246 3811 3289 3854 et
3321 3787 3429 3855 ecce
3458 3805 3625 3858 omnia

2038 3870 2226 3922 munda
2245 3880 2360 3943 sunt
2381 3868 2515 3943 robis
2533 3869 2680 3943 (Luc.
2699 3885 2770 3931 χι,
2787 3869 2898 3936 4'1).
2913 3869 3100 3943 Omnis
3119 3875 3276 3926 homo
3293 3873 3380 3943 qui
3399 3873 3626 3928 Charita-

2041 3950 2145 3995 tetn
2174 3941 2291 4016 vult
2311 3940 2506 4016 habere
2535 3941 2586 3993 in
2616 3939 2790 4016 futuro
2817 3942 3034 4016 saeculo,
3063 3943 3217 4016 iaciat
3242 3939 3386 4016 illam
3414 3945 3510 3998 sibi
3540 3962 3628 4016 pa-

2039 4023 2247 4064 tronam
2282 4011 2332 4064 in
2366 4010 2465 4064 hoc
2505 4011 2733 4075 mundo,
2784 4021 2840 4066 ut
2881 4013 3024 4067 illam
3069 4013 3345 4081 propitiant
3395 4010 3626 4072 inveniat

2040 4083 2094 4136 in
2125 4093 2403 4153 arlernnnt.
2435 4082 2561 4135 Nam
2590 4083 2856 4151 quomodo
2884 4084 3063 4147 arbor,
3093 4085 3381 4152 quamlibet
3410 4086 3625 4153 pulchra

2040 4154 2110 4205 sit
2135 4161 2182 4205 ct
2218 4152 2508 4217 fructifera,
2541 4169 2645 4206 non
2685 4162 2858 4221 potest
2896 4153 3077 4206 vivere
3123 4156 3237 4208 sine
3283 4152 3458 4208 radice
3491 4175 3500 4208 :
3550 4157 3624 4212 sic

2040 4223 2290 4293 qualibet
2328 4239 2488 4288 opera
2520 4225 2652 4276 bona
2688 4240 3027 4291 perseverare
3058 4241 3162 4278 non
3215 4236 3464 4293 poterunt
3510 4228 3624 4283 sine

2041 4294 2315 4347 Charitatc.
2347 4293 2461 4362 ipsa
2504 4303 2587 4347 est
2624 4296 2762 4348 enitn
2805 4295 2870 4346 de
2909 4312 3008 4364 qua
3045 4297 3330 4365 Apostolus
3356 4298 3523 4351 dicit:
3558 4297 3625 4352 In

2038 4365 2284 4438 Cllttrllttlt)
2311 4366 2522 4438 radicati
2549 4375 2593 4416 et
2627 4366 2821 4438 fundati
2894 4366 3080 4438 [ip/tes.
3113 4384 3187 4433 ill,
3219 4367 3326 4438 i7).

2112 4435 2442 4508 4._Charitus
2480 4453 2673 4506 semper
2718 4436 2901 4490 dulcis.
2960 4437 3140 4492 Talem
3181 4435 3305 4508 ergo
3338 4438 3626 4496 habeamus

2042 4506 2376 4569 cbaritatcm,
2423 4506 2632 4570 fratres,
2686 4518 2743 4561 ut
2790 4524 2975 4561 omnes
3025 4506 3265 4561 homines
3314 4519 3423 4564 toto
3466 4513 3626 4568 corde

2041 4594 2221 4633 amare
2252 4579 2536 4646 possimus.
2571 4577 2625 4632 Si
2669 4588 2836 4632 totum
2864 4596 3029 4648 genus
3070 4580 3356 4636 innnantttn
3389 4583 3467 4636 sic
3505 4584 3626 4637 dili-

2043 4651 2120 4718 gis
2148 4649 2412 4720 quomodo
2447 4657 2517 4714 te,
2558 4665 2662 4704 non
2709 4651 2963 4704 remansit
3001 4651 3157 4720 jauua
3189 4652 3325 4704 unde
3355 4665 3626 4720 peccatum

2044 4719 2207 4775 intret
2238 4721 2288 4774 in
2325 4730 2394 4774 te.
2437 4719 2636 4774 Omnes
2679 4722 2886 4785 aditus,
2934 4719 3070 4776 unde
3113 4719 3363 4777 diabolus
3402 4725 3466 4777 ad
3513 4726 3627 4780 ani-

2043 4808 2183 4846 mam
2218 4792 2531 4862 ingreditur,
2563 4792 2787 4857 claudis,
2818 4794 2860 4845 si
2890 4801 3029 4844 totus
3072 4792 3314 4845 homines
3336 4837 3350 4860 ,
3399 4797 3534 4850 sicut
3577 4806 3628 4851 te

2043 4863 2240 4935 ipsum,
2273 4864 2543 4917 dilexeris.
2579 4863 2642 4935 Et
2668 4879 2875 4935 revera,
2914 4863 3124 4923 fratres,
3157 4864 3424 4934 quomodo
3457 4876 3630 4935 potest.

2044 4933 2158 4987 fieri
2193 4944 2248 4987 ut
2277 4935 2468 5002 aliquis
2493 4934 2640 4986 alteri
2677 4933 2876 4987 homini
2923 4935 3116 4987 malum
3165 4935 3322 4989 faciat
3345 4979 3356 4998 ,
3391 4941 3431 4990 si
3457 4933 3627 4992 illum

2044 5005 2182 5077 sicut
2212 5020 2274 5077 se
2299 5006 2468 5073 ipsum
2495 5005 2759 5058 dilexerit.
2792 5004 2958 5077 DJige
2984 5021 3131 5074 ergo,
3159 5015 3215 5060 et
3250 5007 3502 5077 quidquid
3532 5024 3624 5062 vo-

2045 5075 2229 5139 lttcris,
2256 5075 2356 5129 fac.
2388 5080 2516 5128 Ama
2544 5092 2609 5128 ex
2638 5085 2748 5128 toto
2775 5075 2934 5129 corde
2973 5085 3060 5129 tuo
3081 5119 3095 5140 ,
3138 5086 3192 5130 et
3235 5075 3372 5146 quod
3399 5075 3628 5135 volucris

2044 5161 2234 5220 exerce
2262 5148 2313 5200 in
2343 5148 2586 5214 proximo
2613 5155 2726 5220 tuo.
2758 5146 2822 5220 Si
2872 5147 3139 5220 irasceris,
3172 5149 3326 5204 dulce
3365 5163 3473 5214 est;
3507 5152 3628 5220 quia

2044 5217 2111 5270 de
2137 5218 2395 5271 cbaritate
2429 5217 2696 5286 procedit:
2727 5219 2770 5269 si
2801 5219 3044 5286 corripis,
3079 5235 3238 5273 suave
3264 5231 3376 5284 est;
3401 5221 3442 5274 si
3473 5217 3631 5276 cas-liv

2044 5303 2137 5358 gas
2169 5291 2328 5341 etiam
2373 5298 2427 5341 et
2466 5289 2720 5357 flagellas,
2763 5291 3092 5358 acceptabile
3140 5299 3238 5344 cst.
3287 5293 3460 5356 Quare
3506 5292 3628 5356 hoc,

2045 5359 2279 5413 fratres?
2308 5359 2440 5424 Quia
2467 5375 2624 5411 verus
2653 5376 2802 5412 amor
2829 5371 2930 5422 cst,
2964 5361 3177 5430 quando
3207 5363 3428 5429 corripis
3458 5372 3508 5415 et
3535 5378 3627 5415 ca-

2047 5431 2227 5499 stigas.
2261 5430 2484 5496 Quando
2511 5431 2668 5484 etiam
2697 5430 2762 5484 tle
2793 5431 3030 5487 EccleSIa
3065 5432 3204 5486 foras
3230 5434 3462 5501 proﬁcis,
3492 5448 3630 5486 ania-

2047 5501 2221 5556 ritudo
2249 5502 2458 5560 videtur
2488 5503 2675 5557 saevire
2715 5502 2766 5556 in
2797 5519 2890 5558 ore
2916 5505 2956 5571 ²,
3003 5503 3098 5561 sed
3134 5503 3356 5558 dulcedo
3387 5511 3630 5559 servatur

2114 5701 2129 5731 ι
2156 5700 2294 5765 editi,
2318 5712 2520 5765 accensa
2537 5700 2726 5765 [nutare
2748 5706 2896 5765 potest
2919 5700 2979 5765 de
3001 5699 3291 5760 iracundia;
3309 5702 3498 5752 omissis
3515 5717 3632 5754 vers

2048 5761 2492 5836 his‘iatoermediis,
2537 5761 2683 5826 fetere
2725 5761 2892 5826 potest,
2919 5764 3087 5823 lucem,
3121 5770 3216 5812 etc.
3243 5778 3255 5812 :
3281 5777 3390 5826 quae
3416 5778 3480 5814 ex
3524 5776 3631 5818 ius.

2051 5831 2428 5941 reitlilugius.d.
2468 5889 2654 5942 videtur
2698 5900 2886 5939 me.
2943 5892 2990 5936 ω
3043 5898 3158 5937 mox
3175 5921 3192 5951 ,
3237 5887 3489 5945 αιιιέωάο
3525 5902 3636 5944 ειη

1931 6013 1990 6034 ΔΝ
2049 5959 2187 6005 υαιῑιν
