  <div class='ocr_page' id='page_1' title='image "/cluster/home/n/w/nwhite01/storage/ocr_20150623/39/hvd.32044015471485/258.png"; bbox 0 0 4156 6374; ppageno 0'>
   <div class='ocr_carea' id='block_1_1' title="bbox 358 353 494 409">
    <p class='ocr_par' dir='ltr' id='par_1_1' title="bbox 358 353 494 409">
     <span class='ocr_line' id='line_1_1' title="bbox 358 353 494 409; baseline 0 0"><span class='ocrx_word' id='word_1_1' title='bbox 358 353 494 409; x_wconf 73' lang='lat' dir='ltr'><strong>i089</strong></span> 
     </span>
    </p>
   </div>
   <div class='ocr_carea' id='block_1_2' title="bbox 352 462 1926 534">
    <p class='ocr_par' dir='ltr' id='par_1_2' title="bbox 352 462 1926 534">
     <span class='ocr_line' id='line_1_2' title="bbox 352 462 1926 534; baseline -0.004 -13"><span class='ocrx_word' id='word_1_2' title='bbox 352 467 494 522; x_wconf 67' lang='lat' dir='ltr'><strong>coelo</strong></span> <span class='ocrx_word' id='word_1_3' title='bbox 527 465 736 521; x_wconf 88' lang='lat' dir='ltr'><strong>venisse</strong></span> <span class='ocrx_word' id='word_1_4' title='bbox 779 464 1058 534; x_wconf 79' lang='lat' dir='ltr'><strong>manifeste</strong></span> <span class='ocrx_word' id='word_1_5' title='bbox 1096 462 1501 534; x_wconf 74' lang='lat' dir='ltr'><strong>cognoscimus,</strong></span> <span class='ocrx_word' id='word_1_6' title='bbox 1550 477 1706 533; x_wconf 87' lang='lat' dir='ltr'><strong>quem</strong></span> <span class='ocrx_word' id='word_1_7' title='bbox 1747 473 1926 516; x_wconf 82' lang='lat' dir='ltr'><strong>natum</strong></span> 
     </span>
    </p>
   </div>
   <div class='ocr_carea' id='block_1_3' title="bbox 349 533 1932 608">
    <p class='ocr_par' dir='ltr' id='par_1_3' title="bbox 349 533 1932 608">
     <span class='ocr_line' id='line_1_3' title="bbox 349 533 1932 608; baseline -0.003 -17"><span class='ocrx_word' id='word_1_8' title='bbox 349 553 452 608; x_wconf 90' lang='lat' dir='ltr'><strong>pro</strong></span> <span class='ocrx_word' id='word_1_9' title='bbox 478 544 657 608; x_wconf 83' lang='lat' dir='ltr'><strong>nostra</strong></span> <span class='ocrx_word' id='word_1_10' title='bbox 685 535 856 608; x_wconf 76' lang='lat' dir='ltr'><strong>salute.</strong></span> <span class='ocrx_word' id='word_1_11' title='bbox 874 534 978 608; x_wconf 90' lang='lat' dir='ltr'><strong>_D_ei</strong></span> <span class='ocrx_word' id='word_1_12' title='bbox 1009 533 1180 608; x_wconf 82' lang='lat' dir='ltr'><strong>Patris</strong></span> <span class='ocrx_word' id='word_1_13' title='bbox 1207 545 1260 588; x_wconf 91' lang='lat' dir='ltr'><strong>et</strong></span> <span class='ocrx_word' id='word_1_14' title='bbox 1284 533 1511 608; x_wconf 80' lang='lat' dir='ltr'><strong>Spiritus</strong></span> <span class='ocrx_word' id='word_1_15' title='bbox 1538 534 1705 608; x_wconf 81' lang='lat' dir='ltr'><strong>sancti</strong></span> <span class='ocrx_word' id='word_1_16' title='bbox 1724 535 1932 608; x_wconf 68' lang='lat' dir='ltr'><strong>virtute</strong></span> 
     </span>
    </p>
   </div>
   <div class='ocr_carea' id='block_1_4' title="bbox 355 603 1932 673">
    <p class='ocr_par' dir='ltr' id='par_1_4' title="bbox 355 603 1932 673">
     <span class='ocr_line' id='line_1_4' title="bbox 355 603 1932 673; baseline -0.003 -12"><span class='ocrx_word' id='word_1_17' title='bbox 355 603 733 673; x_wconf 64' lang='lat' dir='ltr'><strong>comperimus.</strong></span> <span class='ocrx_word' id='word_1_18' title='bbox 785 603 961 657; x_wconf 81' lang='lat' dir='ltr'><strong>Multis</strong></span> <span class='ocrx_word' id='word_1_19' title='bbox 998 604 1141 657; x_wconf 90' lang='lat' dir='ltr'><strong>enim</strong></span> <span class='ocrx_word' id='word_1_20' title='bbox 1189 612 1312 657; x_wconf 96' lang='lat' dir='ltr'><strong>ante</strong></span> <span class='ocrx_word' id='word_1_21' title='bbox 1357 603 1695 657; x_wconf 89' lang='lat' dir='ltr'><strong>nuntiabatur</strong></span> <span class='ocrx_word' id='word_1_22' title='bbox 1723 603 1932 657; x_wconf 85' lang='lat' dir='ltr'><strong>indiciis</strong></span> 
     </span>
    </p>
   </div>
   <div class='ocr_carea' id='block_1_5' title="bbox 350 673 1927 743">
    <p class='ocr_par' dir='ltr' id='par_1_5' title="bbox 350 673 1927 743">
     <span class='ocr_line' id='line_1_5' title="bbox 350 673 1927 743; baseline -0.001 -15"><span class='ocrx_word' id='word_1_23' title='bbox 350 691 490 728; x_wconf 85' lang='lat' dir='ltr'><strong>nova</strong></span> <span class='ocrx_word' id='word_1_24' title='bbox 514 674 653 728; x_wconf 76' lang='lat' dir='ltr'><strong>cmlo</strong></span> <span class='ocrx_word' id='word_1_25' title='bbox 674 683 894 728; x_wconf 87' lang='lat' dir='ltr'><strong>ventura</strong></span> <span class='ocrx_word' id='word_1_26' title='bbox 921 673 1220 743; x_wconf 81' lang='lat' dir='ltr'><strong>progenies.</strong></span> <span class='ocrx_word' id='word_1_27' title='bbox 1245 673 1404 727; x_wconf 84' lang='lat' dir='ltr'><strong>Vides</strong></span> <span class='ocrx_word' id='word_1_28' title='bbox 1427 688 1575 742; x_wconf 87' lang='lat' dir='ltr'><strong>ergo,</strong></span> <span class='ocrx_word' id='word_1_29' title='bbox 1597 673 1927 743; x_wconf 84' lang='lat' dir='ltr'><strong>charissime,</strong></span> 
     </span>
    </p>
   </div>
   <div class='ocr_carea' id='block_1_6' title="bbox 348 742 1931 809">
    <p class='ocr_par' dir='ltr' id='par_1_6' title="bbox 348 742 1931 809">
     <span class='ocr_line' id='line_1_6' title="bbox 348 742 1931 809; baseline 0 -12"><span class='ocrx_word' id='word_1_30' title='bbox 348 744 645 799; x_wconf 84' lang='lat' dir='ltr'><strong>Salvatoris</strong></span> <span class='ocrx_word' id='word_1_31' title='bbox 686 753 883 809; x_wconf 89' lang='lat' dir='ltr'><strong>ortum,</strong></span> <span class='ocrx_word' id='word_1_32' title='bbox 924 742 1031 797; x_wconf 87' lang='lat' dir='ltr'><strong>Dei</strong></span> <span class='ocrx_word' id='word_1_33' title='bbox 1075 758 1196 797; x_wconf 89' lang='lat' dir='ltr'><strong>esse</strong></span> <span class='ocrx_word' id='word_1_34' title='bbox 1238 744 1526 808; x_wconf 91' lang='lat' dir='ltr'><strong>virtutem;</strong></span> <span class='ocrx_word' id='word_1_35' title='bbox 1584 758 1705 797; x_wconf 92' lang='lat' dir='ltr'><strong>cum</strong></span> <span class='ocrx_word' id='word_1_36' title='bbox 1754 742 1821 797; x_wconf 91' lang='lat' dir='ltr'><strong>de</strong></span> <span class='ocrx_word' id='word_1_37' title='bbox 1865 757 1931 797; x_wconf 89' lang='lat' dir='ltr'><strong>eo</strong></span> 
     </span>
    </p>
   </div>
   <div class='ocr_carea' id='block_1_7' title="bbox 350 812 1929 883">
    <p class='ocr_par' dir='ltr' id='par_1_7' title="bbox 350 812 1929 883">
     <span class='ocr_line' id='line_1_7' title="bbox 350 812 1929 883; baseline -0.003 -15"><span class='ocrx_word' id='word_1_38' title='bbox 350 813 633 883; x_wconf 73' lang='lat' dir='ltr'><strong>Propheta:</strong></span> <span class='ocrx_word' id='word_1_39' title='bbox 663 827 770 883; x_wconf 85' lang='lat' dir='ltr'><strong>non</strong></span> <span class='ocrx_word' id='word_1_40' title='bbox 811 822 1051 877; x_wconf 77' lang='lat' dir='ltr'><strong>taceant,</strong></span> <span class='ocrx_word' id='word_1_41' title='bbox 1095 822 1149 866; x_wconf 86' lang='lat' dir='ltr'><strong>et</strong></span> <span class='ocrx_word' id='word_1_42' title='bbox 1173 812 1660 883; x_wconf 15' lang='lat' dir='ltr'><strong>Spiritusisa‘nctus</strong></span> <span class='ocrx_word' id='word_1_43' title='bbox 1686 812 1929 883; x_wconf 88' lang='lat' dir='ltr'><strong>fateatur.</strong></span> 
     </span>
    </p>
   </div>
   <div class='ocr_carea' id='block_1_8' title="bbox 344 881 1930 953">
    <p class='ocr_par' dir='ltr' id='par_1_8' title="bbox 344 881 1930 953">
     <span class='ocr_line' id='line_1_8' title="bbox 344 881 1930 953; baseline 0.001 -20"><span class='ocrx_word' id='word_1_44' title='bbox 344 881 488 952; x_wconf 82' lang='lat' dir='ltr'><strong>Quid</strong></span> <span class='ocrx_word' id='word_1_45' title='bbox 521 882 828 953; x_wconf 74' lang='lat' dir='ltr'><strong>praeclarius</strong></span> <span class='ocrx_word' id='word_1_46' title='bbox 853 883 1019 953; x_wconf 64' lang='lat' dir='ltr'><strong>stella&quot;:</strong></span> <span class='ocrx_word' id='word_1_47' title='bbox 1044 883 1269 953; x_wconf 64' lang='lat' dir='ltr'><strong>nuntio?</strong></span> <span class='ocrx_word' id='word_1_48' title='bbox 1307 882 1433 951; x_wconf 92' lang='lat' dir='ltr'><strong>quid</strong></span> <span class='ocrx_word' id='word_1_49' title='bbox 1460 881 1730 953; x_wconf 76' lang='lat' dir='ltr'><strong>Magorum</strong></span> <span class='ocrx_word' id='word_1_50' title='bbox 1761 882 1930 953; x_wconf 67' lang='lat' dir='ltr'><strong>mani-</strong></span> 
     </span>
    </p>
   </div>
   <div class='ocr_carea' id='block_1_9' title="bbox 348 951 1932 1021">
    <p class='ocr_par' dir='ltr' id='par_1_9' title="bbox 348 951 1932 1021">
     <span class='ocr_line' id='line_1_9' title="bbox 348 951 1932 1021; baseline 0.001 -16"><span class='ocrx_word' id='word_1_51' title='bbox 348 951 485 1007; x_wconf 81' lang='lat' dir='ltr'><strong>festa</strong></span> <span class='ocrx_word' id='word_1_52' title='bbox 523 951 907 1007; x_wconf 76' lang='lat' dir='ltr'><strong>confessione?</strong></span> <span class='ocrx_word' id='word_1_53' title='bbox 949 952 1073 1021; x_wconf 88' lang='lat' dir='ltr'><strong>qttid</strong></span> <span class='ocrx_word' id='word_1_54' title='bbox 1107 951 1493 1021; x_wconf 76' lang='lat' dir='ltr'><strong>Prophetarum</strong></span> <span class='ocrx_word' id='word_1_55' title='bbox 1534 961 1638 1005; x_wconf 86' lang='lat' dir='ltr'><strong>tam</strong></span> <span class='ocrx_word' id='word_1_56' title='bbox 1679 951 1835 1005; x_wconf 87' lang='lat' dir='ltr'><strong>simili</strong></span> <span class='ocrx_word' id='word_1_57' title='bbox 1877 959 1932 1006; x_wconf 84' lang='lat' dir='ltr'><strong>et</strong></span> 
     </span>
    </p>
   </div>
   <div class='ocr_carea' id='block_1_10' title="bbox 346 1020 1925 1091">
    <p class='ocr_par' dir='ltr' id='par_1_10' title="bbox 346 1020 1925 1091">
     <span class='ocr_line' id='line_1_10' title="bbox 346 1020 1925 1091; baseline -0.001 -16"><span class='ocrx_word' id='word_1_58' title='bbox 346 1032 457 1076; x_wconf 87' lang='lat' dir='ltr'><strong>tam</strong></span> <span class='ocrx_word' id='word_1_59' title='bbox 483 1024 790 1076; x_wconf 88' lang='lat' dir='ltr'><strong>continuata</strong></span> <span class='ocrx_word' id='word_1_60' title='bbox 816 1021 1119 1075; x_wconf 88' lang='lat' dir='ltr'><strong>sententia?</strong></span> <span class='ocrx_word' id='word_1_61' title='bbox 1142 1020 1348 1091; x_wconf 90' lang='lat' dir='ltr'><strong>Ubique</strong></span> <span class='ocrx_word' id='word_1_62' title='bbox 1374 1032 1529 1076; x_wconf 92' lang='lat' dir='ltr'><strong>notus</strong></span> <span class='ocrx_word' id='word_1_63' title='bbox 1549 1030 1631 1077; x_wconf 89' lang='lat' dir='ltr'><strong>est</strong></span> <span class='ocrx_word' id='word_1_64' title='bbox 1654 1022 1925 1088; x_wconf 87' lang='lat' dir='ltr'><strong>Dominus,</strong></span> 
     </span>
    </p>
   </div>
   <div class='ocr_carea' id='block_1_11' title="bbox 345 1092 1376 1161">
    <p class='ocr_par' dir='ltr' id='par_1_11' title="bbox 345 1092 1376 1161">
     <span class='ocr_line' id='line_1_11' title="bbox 345 1092 1376 1161; baseline -0.002 -16"><span class='ocrx_word' id='word_1_65' title='bbox 345 1093 546 1161; x_wconf 75' lang='lat' dir='ltr'><strong>ubique</strong></span> <span class='ocrx_word' id='word_1_66' title='bbox 576 1102 730 1161; x_wconf 81' lang='lat' dir='ltr'><strong>natus</strong></span> <span class='ocrx_word' id='word_1_67' title='bbox 757 1107 821 1144; x_wconf 82' lang='lat' dir='ltr'><strong>ex</strong></span> <span class='ocrx_word' id='word_1_68' title='bbox 851 1092 1054 1159; x_wconf 76' lang='lat' dir='ltr'><strong>virgine</strong></span> <span class='ocrx_word' id='word_1_69' title='bbox 1074 1092 1376 1161; x_wconf 44' lang='lat' dir='ltr'><strong>nuntiatur:</strong></span> 
     </span>
    </p>
   </div>
   <div class='ocr_carea' id='block_1_12' title="bbox 417 1159 1928 1231">
    <p class='ocr_par' dir='ltr' id='par_1_12' title="bbox 417 1159 1928 1231">
     <span class='ocr_line' id='line_1_12' title="bbox 417 1159 1928 1231; baseline 0 -16"><span class='ocrx_word' id='word_1_70' title='bbox 417 1159 472 1215; x_wconf 66' lang='lat'><strong>5.</strong></span> <span class='ocrx_word' id='word_1_71' title='bbox 504 1160 662 1214; x_wconf 79' lang='lat' dir='ltr'><strong>Beata</strong></span> <span class='ocrx_word' id='word_1_72' title='bbox 692 1160 844 1231; x_wconf 84' lang='lat' dir='ltr'><strong>Virgo</strong></span> <span class='ocrx_word' id='word_1_73' title='bbox 872 1170 1019 1231; x_wconf 78' lang='lat' dir='ltr'><strong>typus</strong></span> <span class='ocrx_word' id='word_1_74' title='bbox 1048 1160 1306 1215; x_wconf 69' lang='lat' dir='ltr'><strong>Ecclesiaz.</strong></span> <span class='ocrx_word' id='word_1_75' title='bbox 1337 1160 1403 1214; x_wconf 88' lang='lat' dir='ltr'><strong>Et</strong></span> <span class='ocrx_word' id='word_1_76' title='bbox 1424 1159 1677 1231; x_wconf 78' lang='lat' dir='ltr'><strong>quoniam</strong></span> <span class='ocrx_word' id='word_1_77' title='bbox 1704 1174 1823 1215; x_wconf 84' lang='lat' dir='ltr'><strong>eum</strong></span> <span class='ocrx_word' id='word_1_78' title='bbox 1843 1174 1928 1215; x_wconf 86' lang='lat' dir='ltr'><strong>se-</strong></span> 
     </span>
    </p>
   </div>
   <div class='ocr_carea' id='block_1_13' title="bbox 342 1230 1927 1300">
    <p class='ocr_par' dir='ltr' id='par_1_13' title="bbox 342 1230 1927 1300">
     <span class='ocr_line' id='line_1_13' title="bbox 342 1230 1927 1300; baseline 0.001 -16"><span class='ocrx_word' id='word_1_79' title='bbox 342 1231 576 1284; x_wconf 90' lang='lat' dir='ltr'><strong>cundum</strong></span> <span class='ocrx_word' id='word_1_80' title='bbox 620 1230 834 1284; x_wconf 89' lang='lat' dir='ltr'><strong>carnem</strong></span> <span class='ocrx_word' id='word_1_81' title='bbox 866 1230 1044 1284; x_wconf 88' lang='lat' dir='ltr'><strong>natum</strong></span> <span class='ocrx_word' id='word_1_82' title='bbox 1076 1247 1141 1284; x_wconf 83' lang='lat' dir='ltr'><strong>ex</strong></span> <span class='ocrx_word' id='word_1_83' title='bbox 1179 1230 1380 1300; x_wconf 83' lang='lat' dir='ltr'><strong>virgine</strong></span> <span class='ocrx_word' id='word_1_84' title='bbox 1405 1230 1634 1285; x_wconf 78' lang='lat' dir='ltr'><strong>diximus</strong></span> <span class='ocrx_word' id='word_1_85' title='bbox 1658 1272 1672 1295; x_wconf 92' lang='lat'><strong>,</strong></span> <span class='ocrx_word' id='word_1_86' title='bbox 1700 1245 1841 1285; x_wconf 92' lang='lat' dir='ltr'><strong>nunc</strong></span> <span class='ocrx_word' id='word_1_87' title='bbox 1865 1246 1927 1285; x_wconf 90' lang='lat' dir='ltr'><strong>ea</strong></span> 
     </span>
    </p>
   </div>
   <div class='ocr_carea' id='block_1_14' title="bbox 341 1300 1926 1422">
    <p class='ocr_par' dir='ltr' id='par_1_14' title="bbox 341 1300 1926 1422">
     <span class='ocr_line' id='line_1_14' title="bbox 341 1300 1926 1422; baseline 0 -69"><span class='ocrx_word' id='word_1_88' title='bbox 341 1316 465 1422; x_wconf 59' lang='lat' dir='ltr'><strong>vitae</strong></span> <span class='ocrx_word' id='word_1_89' title='bbox 503 1300 846 1370; x_wconf 86' lang='lat' dir='ltr'><strong>spiritualiter</strong></span> <span class='ocrx_word' id='word_1_90' title='bbox 887 1301 1087 1355; x_wconf 92' lang='lat' dir='ltr'><strong>sentire</strong></span> <span class='ocrx_word' id='word_1_91' title='bbox 1120 1315 1433 1422; x_wconf 38' lang='lat' dir='ltr'><strong>possumus,</strong></span> <span class='ocrx_word' id='word_1_92' title='bbox 1462 1300 1803 1355; x_wconf 87' lang='lat' dir='ltr'><strong>disseramus.</strong></span> <span class='ocrx_word' id='word_1_93' title='bbox 1836 1300 1926 1353; x_wconf 85' lang='lat' dir='ltr'><strong>Vi-</strong></span> 
     </span>
     <span class='ocr_line' id='line_1_15' title="bbox 341 1370 1926 1422; baseline 0 0"><span class='ocrx_word' id='word_1_94' title='bbox 341 1388 358 1421; x_wconf 85' lang='lat' dir='ltr'><strong>t</strong></span> <span class='ocrx_word' id='word_1_95' title='bbox 380 1386 569 1422; x_wconf 90' lang='lat' dir='ltr'><strong>eamus</strong></span> <span class='ocrx_word' id='word_1_96' title='bbox 595 1385 724 1422; x_wconf 73' lang='lat' dir='ltr'><strong>eruo</strong></span> <span class='ocrx_word' id='word_1_97' title='bbox 747 1386 865 1422; x_wconf 72' lang='lat' dir='ltr'><strong>aute</strong></span> <span class='ocrx_word' id='word_1_98' title='bbox 894 1381 974 1422; x_wconf 86' lang='lat' dir='ltr'><strong>est</strong></span> <span class='ocrx_word' id='word_1_99' title='bbox 1003 1370 1090 1422; x_wconf 89' lang='lat' dir='ltr'><strong>illa</strong></span> <span class='ocrx_word' id='word_1_100' title='bbox 1171 1372 1283 1422; x_wconf 77' lang='lat' dir='ltr'><strong>imo</strong></span> <span class='ocrx_word' id='word_1_101' title='bbox 1313 1380 1418 1422; x_wconf 88' lang='lat' dir='ltr'><strong>tam</strong></span> <span class='ocrx_word' id='word_1_102' title='bbox 1448 1380 1651 1422; x_wconf 90' lang='lat' dir='ltr'><strong>sancta.</strong></span> <span class='ocrx_word' id='word_1_103' title='bbox 1678 1371 1742 1422; x_wconf 89' lang='lat' dir='ltr'><strong>ad</strong></span> <span class='ocrx_word' id='word_1_104' title='bbox 1768 1386 1926 1422; x_wconf 85' lang='lat' dir='ltr'><strong>uuam</strong></span> 
     </span>
    </p>
   </div>
   <div class='ocr_carea' id='block_1_15' title="bbox 340 1316 1926 1440">
    <p class='ocr_par' dir='ltr' id='par_1_15' title="bbox 340 1316 1926 1440">
     <span class='ocr_line' id='line_1_16' title="bbox 341 1316 1926 1425; baseline 0 -72"><span class='ocrx_word' id='word_1_105' title='bbox 341 1316 465 1422; x_wconf 56' lang='lat' dir='ltr'><strong>quae</strong></span> <span class='ocrx_word' id='word_1_106' title='bbox 503 1316 846 1370; x_wconf 78' lang='lat' dir='ltr'><strong>spirituauter</strong></span> <span class='ocrx_word' id='word_1_107' title='bbox 887 1316 1087 1355; x_wconf 92' lang='lat' dir='ltr'><strong>senure</strong></span> <span class='ocrx_word' id='word_1_108' title='bbox 1120 1316 1433 1425; x_wconf 41' lang='lat' dir='ltr'><strong>possumus,</strong></span> <span class='ocrx_word' id='word_1_109' title='bbox 1462 1316 1803 1355; x_wconf 73' lang='lat' dir='ltr'><strong>ansseramus.</strong></span> <span class='ocrx_word' id='word_1_110' title='bbox 1842 1316 1926 1353; x_wconf 75' lang='lat' dir='ltr'><strong>vn-</strong></span> 
     </span>
     <span class='ocr_line' id='line_1_17' title="bbox 340 1370 1926 1440; baseline 0.002 -19"><span class='ocrx_word' id='word_1_111' title='bbox 340 1386 569 1440; x_wconf 75' lang='lat' dir='ltr'><strong>t_eamus</strong></span> <span class='ocrx_word' id='word_1_112' title='bbox 595 1385 724 1440; x_wconf 88' lang='lat' dir='ltr'><strong>ergo</strong></span> <span class='ocrx_word' id='word_1_113' title='bbox 747 1386 865 1439; x_wconf 70' lang='lat' dir='ltr'><strong>qua:</strong></span> <span class='ocrx_word' id='word_1_114' title='bbox 894 1381 974 1423; x_wconf 85' lang='lat' dir='ltr'><strong>est</strong></span> <span class='ocrx_word' id='word_1_115' title='bbox 1003 1370 1090 1424; x_wconf 89' lang='lat' dir='ltr'><strong>illa</strong></span> <span class='ocrx_word' id='word_1_116' title='bbox 1171 1372 1283 1439; x_wconf 87' lang='lat' dir='ltr'><strong>irgo</strong></span> <span class='ocrx_word' id='word_1_117' title='bbox 1313 1380 1418 1424; x_wconf 88' lang='lat' dir='ltr'><strong>tam</strong></span> <span class='ocrx_word' id='word_1_118' title='bbox 1448 1380 1651 1436; x_wconf 90' lang='lat' dir='ltr'><strong>sancta,</strong></span> <span class='ocrx_word' id='word_1_119' title='bbox 1678 1371 1742 1424; x_wconf 90' lang='lat' dir='ltr'><strong>ad</strong></span> <span class='ocrx_word' id='word_1_120' title='bbox 1768 1386 1926 1439; x_wconf 90' lang='lat' dir='ltr'><strong>quam</strong></span> 
     </span>
    </p>
   </div>
   <div class='ocr_carea' id='block_1_16' title="bbox 340 1438 1926 1509">
    <p class='ocr_par' dir='ltr' id='par_1_16' title="bbox 340 1438 1926 1509">
     <span class='ocr_line' id='line_1_18' title="bbox 340 1438 1926 1509; baseline 0.001 -15"><span class='ocrx_word' id='word_1_121' title='bbox 340 1438 573 1507; x_wconf 88' lang='lat' dir='ltr'><strong>Spiritus</strong></span> <span class='ocrx_word' id='word_1_122' title='bbox 616 1438 833 1494; x_wconf 79' lang='lat' dir='ltr'><strong>sanctus</strong></span> <span class='ocrx_word' id='word_1_123' title='bbox 857 1441 1037 1495; x_wconf 89' lang='lat' dir='ltr'><strong>venire</strong></span> <span class='ocrx_word' id='word_1_124' title='bbox 1065 1438 1311 1509; x_wconf 84' lang='lat' dir='ltr'><strong>dignatus</strong></span> <span class='ocrx_word' id='word_1_125' title='bbox 1344 1450 1425 1495; x_wconf 91' lang='lat' dir='ltr'><strong>est</strong></span> <span class='ocrx_word' id='word_1_126' title='bbox 1457 1458 1469 1492; x_wconf 88' lang='lat'><strong>:</strong></span> <span class='ocrx_word' id='word_1_127' title='bbox 1502 1456 1621 1509; x_wconf 67' lang='lat' dir='ltr'><strong>qua:</strong></span> <span class='ocrx_word' id='word_1_128' title='bbox 1664 1450 1769 1494; x_wconf 90' lang='lat' dir='ltr'><strong>tam</strong></span> <span class='ocrx_word' id='word_1_129' title='bbox 1790 1438 1926 1509; x_wconf 86' lang='lat' dir='ltr'><strong>spe-</strong></span> 
     </span>
    </p>
   </div>
   <div class='ocr_carea' id='block_1_17' title="bbox 339 1509 1921 1579">
    <p class='ocr_par' dir='ltr' id='par_1_17' title="bbox 339 1509 1921 1579">
     <span class='ocr_line' id='line_1_19' title="bbox 339 1509 1921 1579; baseline 0.001 -17"><span class='ocrx_word' id='word_1_130' title='bbox 339 1512 509 1575; x_wconf 87' lang='lat' dir='ltr'><strong>ciosa,</strong></span> <span class='ocrx_word' id='word_1_131' title='bbox 534 1525 695 1579; x_wconf 90' lang='lat' dir='ltr'><strong>quam</strong></span> <span class='ocrx_word' id='word_1_132' title='bbox 725 1509 861 1565; x_wconf 89' lang='lat' dir='ltr'><strong>Deus</strong></span> <span class='ocrx_word' id='word_1_133' title='bbox 886 1511 1048 1579; x_wconf 85' lang='lat' dir='ltr'><strong>elegit</strong></span> <span class='ocrx_word' id='word_1_134' title='bbox 1075 1524 1323 1578; x_wconf 78' lang='lat' dir='ltr'><strong>Sponsam</strong></span> <span class='ocrx_word' id='word_1_135' title='bbox 1350 1528 1363 1563; x_wconf 90' lang='lat'><strong>:</strong></span> <span class='ocrx_word' id='word_1_136' title='bbox 1397 1526 1515 1579; x_wconf 68' lang='lat' dir='ltr'><strong>qua:</strong></span> <span class='ocrx_word' id='word_1_137' title='bbox 1541 1520 1645 1564; x_wconf 91' lang='lat' dir='ltr'><strong>tam</strong></span> <span class='ocrx_word' id='word_1_138' title='bbox 1674 1510 1885 1579; x_wconf 83' lang='lat' dir='ltr'><strong>cupiosa</strong></span> <span class='ocrx_word' id='word_1_139' title='bbox 1906 1548 1921 1575; x_wconf 88' lang='lat'><strong>,</strong></span> 
     </span>
    </p>
   </div>
   <div class='ocr_carea' id='block_1_18' title="bbox 340 1580 1925 1649">
    <p class='ocr_par' dir='ltr' id='par_1_18' title="bbox 340 1580 1925 1649">
     <span class='ocr_line' id='line_1_20' title="bbox 340 1580 1925 1649; baseline 0 -16"><span class='ocrx_word' id='word_1_140' title='bbox 340 1580 497 1647; x_wconf 87' lang='lat' dir='ltr'><strong>cujus</strong></span> <span class='ocrx_word' id='word_1_141' title='bbox 529 1581 927 1649; x_wconf 84' lang='lat' dir='ltr'><strong>generationem</strong></span> <span class='ocrx_word' id='word_1_142' title='bbox 955 1589 1178 1634; x_wconf 88' lang='lat' dir='ltr'><strong>cunctus</strong></span> <span class='ocrx_word' id='word_1_143' title='bbox 1206 1580 1349 1634; x_wconf 89' lang='lat' dir='ltr'><strong>orbis</strong></span> <span class='ocrx_word' id='word_1_144' title='bbox 1375 1581 1603 1649; x_wconf 77' lang='lat' dir='ltr'><strong>excipiat</strong></span> <span class='ocrx_word' id='word_1_145' title='bbox 1633 1598 1645 1633; x_wconf 90' lang='lat'>:</span> <span class='ocrx_word' id='word_1_146' title='bbox 1671 1597 1790 1649; x_wconf 76' lang='lat' dir='ltr'><strong>quae</strong></span> <span class='ocrx_word' id='word_1_147' title='bbox 1818 1590 1925 1633; x_wconf 89' lang='lat' dir='ltr'><strong>tam</strong></span> 
     </span>
    </p>
   </div>
   <div class='ocr_carea' id='block_1_19' title="bbox 338 1649 1927 1718">
    <p class='ocr_par' dir='ltr' id='par_1_19' title="bbox 338 1649 1927 1718">
     <span class='ocr_line' id='line_1_21' title="bbox 338 1649 1927 1718; baseline 0 -15"><span class='ocrx_word' id='word_1_148' title='bbox 338 1658 488 1703; x_wconf 84' lang='lat' dir='ltr'><strong>casta</strong></span> <span class='ocrx_word' id='word_1_149' title='bbox 508 1691 525 1711; x_wconf 88' lang='lat'><strong>.</strong></span> <span class='ocrx_word' id='word_1_150' title='bbox 568 1660 622 1703; x_wconf 93' lang='lat' dir='ltr'><strong>ut</strong></span> <span class='ocrx_word' id='word_1_151' title='bbox 651 1650 816 1718; x_wconf 88' lang='lat' dir='ltr'><strong>possit</strong></span> <span class='ocrx_word' id='word_1_152' title='bbox 849 1650 997 1718; x_wconf 90' lang='lat' dir='ltr'><strong>virgo</strong></span> <span class='ocrx_word' id='word_1_153' title='bbox 1025 1664 1143 1704; x_wconf 89' lang='lat' dir='ltr'><strong>esse</strong></span> <span class='ocrx_word' id='word_1_154' title='bbox 1167 1659 1287 1718; x_wconf 88' lang='lat' dir='ltr'><strong>post</strong></span> <span class='ocrx_word' id='word_1_155' title='bbox 1314 1659 1541 1718; x_wconf 90' lang='lat' dir='ltr'><strong>partum.</strong></span> <span class='ocrx_word' id='word_1_156' title='bbox 1576 1649 1763 1703; x_wconf 83' lang='lat' dir='ltr'><strong>Nonne</strong></span> <span class='ocrx_word' id='word_1_157' title='bbox 1786 1649 1838 1703; x_wconf 90' lang='lat' dir='ltr'><strong>in</strong></span> <span class='ocrx_word' id='word_1_158' title='bbox 1866 1650 1927 1703; x_wconf 86' lang='lat' dir='ltr'><strong>ti-</strong></span> 
     </span>
    </p>
   </div>
   <div class='ocr_carea' id='block_1_20' title="bbox 336 1719 1923 1843">
    <p class='ocr_par' dir='ltr' id='par_1_20' title="bbox 336 1719 1923 1843">
     <span class='ocr_line' id='line_1_22' title="bbox 336 1719 1923 1843; baseline 0.002 -71"><span class='ocrx_word' id='word_1_159' title='bbox 336 1734 473 1843; x_wconf 59' lang='lat' dir='ltr'><strong>ﬁura</strong></span> <span class='ocrx_word' id='word_1_160' title='bbox 495 1719 668 1800; x_wconf 66' lang='lat' dir='ltr'><strong>Maria:</strong></span> <span class='ocrx_word' id='word_1_161' title='bbox 687 1729 868 1790; x_wconf 78' lang='lat' dir='ltr'><strong>typum</strong></span> <span class='ocrx_word' id='word_1_162' title='bbox 895 1719 1133 1773; x_wconf 88' lang='lat' dir='ltr'><strong>videmus</strong></span> <span class='ocrx_word' id='word_1_163' title='bbox 1157 1733 1277 1800; x_wconf 79' lang='lat' dir='ltr'><strong>esse</strong></span> <span class='ocrx_word' id='word_1_164' title='bbox 1304 1729 1499 1800; x_wconf 77' lang='lat' dir='ltr'><strong>sancta:</strong></span> <span class='ocrx_word' id='word_1_165' title='bbox 1520 1720 1812 1800; x_wconf 60' lang='lat' dir='ltr'><strong>Ecclesia}?</strong></span> <span class='ocrx_word' id='word_1_166' title='bbox 1841 1720 1923 1775; x_wconf 85' lang='lat' dir='ltr'><strong>Ad</strong></span> 
     </span>
     <span class='ocr_line' id='line_1_23' title="bbox 381 1788 1923 1843; baseline 0.001 -1"><span class='ocrx_word' id='word_1_167' title='bbox 381 1805 481 1843; x_wconf 88' lang='lat' dir='ltr'><strong>anc</strong></span> <span class='ocrx_word' id='word_1_168' title='bbox 519 1799 699 1843; x_wconf 80' lang='lat' dir='ltr'><strong>unaue</strong></span> <span class='ocrx_word' id='word_1_169' title='bbox 727 1798 941 1843; x_wconf 90' lang='lat' dir='ltr'><strong>sanctus</strong></span> <span class='ocrx_word' id='word_1_170' title='bbox 977 1789 1254 1843; x_wconf 77' lang='lat' dir='ltr'><strong>descendit</strong></span> <span class='ocrx_word' id='word_1_171' title='bbox 1293 1788 1560 1843; x_wconf 84' lang='lat' dir='ltr'><strong>Sumtus:</strong></span> <span class='ocrx_word' id='word_1_172' title='bbox 1592 1790 1715 1843; x_wconf 82' lang='lat' dir='ltr'><strong>huic</strong></span> <span class='ocrx_word' id='word_1_173' title='bbox 1757 1796 1923 1843; x_wconf 81' lang='lat' dir='ltr'><strong>virtus</strong></span> 
     </span>
    </p>
   </div>
   <div class='ocr_carea' id='block_1_21' title="bbox 381 1788 1924 1860">
    <p class='ocr_par' dir='ltr' id='par_1_21' title="bbox 381 1788 1924 1860">
     <span class='ocr_line' id='line_1_24' title="bbox 381 1788 1924 1860; baseline 0.001 -17"><span class='ocrx_word' id='word_1_174' title='bbox 381 1805 481 1860; x_wconf 82' lang='lat' dir='ltr'><strong>anc</strong></span> <span class='ocrx_word' id='word_1_175' title='bbox 515 1790 699 1860; x_wconf 88' lang='lat' dir='ltr'><strong>utique</strong></span> <span class='ocrx_word' id='word_1_176' title='bbox 713 1788 941 1845; x_wconf 79' lang='lat' dir='ltr'><strong>sanctus</strong></span> <span class='ocrx_word' id='word_1_177' title='bbox 970 1789 1254 1860; x_wconf 86' lang='lat' dir='ltr'><strong>descendit</strong></span> <span class='ocrx_word' id='word_1_178' title='bbox 1293 1788 1560 1858; x_wconf 88' lang='lat' dir='ltr'><strong>Spiritus;</strong></span> <span class='ocrx_word' id='word_1_179' title='bbox 1592 1790 1715 1844; x_wconf 89' lang='lat' dir='ltr'><strong>huic</strong></span> <span class='ocrx_word' id='word_1_180' title='bbox 1757 1790 1924 1844; x_wconf 91' lang='lat' dir='ltr'><strong>virtus</strong></span> 
     </span>
    </p>
   </div>
   <div class='ocr_carea' id='block_1_22' title="bbox 338 1858 1924 1928">
    <p class='ocr_par' dir='ltr' id='par_1_22' title="bbox 338 1858 1924 1928">
     <span class='ocr_line' id='line_1_25' title="bbox 338 1858 1924 1928; baseline 0.001 -16"><span class='ocrx_word' id='word_1_181' title='bbox 338 1858 681 1914; x_wconf 81' lang='lat' dir='ltr'><strong>obumbravit</strong></span> <span class='ocrx_word' id='word_1_182' title='bbox 726 1859 979 1913; x_wconf 85' lang='lat' dir='ltr'><strong>Altissimi</strong></span> <span class='ocrx_word' id='word_1_183' title='bbox 1005 1899 1020 1923; x_wconf 91' lang='lat'><strong>,</strong></span> <span class='ocrx_word' id='word_1_184' title='bbox 1068 1858 1190 1913; x_wconf 90' lang='lat' dir='ltr'><strong>hinc</strong></span> <span class='ocrx_word' id='word_1_185' title='bbox 1236 1869 1423 1928; x_wconf 88' lang='lat' dir='ltr'><strong>potens</strong></span> <span class='ocrx_word' id='word_1_186' title='bbox 1462 1861 1654 1914; x_wconf 83' lang='lat' dir='ltr'><strong>virtute</strong></span> <span class='ocrx_word' id='word_1_187' title='bbox 1679 1859 1924 1914; x_wconf 87' lang='lat' dir='ltr'><strong>Christus</strong></span> 
     </span>
    </p>
   </div>
   <div class='ocr_carea' id='block_1_23' title="bbox 336 1929 1922 1998">
    <p class='ocr_par' dir='ltr' id='par_1_23' title="bbox 336 1929 1922 1998">
     <span class='ocr_line' id='line_1_26' title="bbox 336 1929 1922 1998; baseline -0.001 -15"><span class='ocrx_word' id='word_1_188' title='bbox 336 1929 628 1998; x_wconf 86' lang='lat' dir='ltr'><strong>egreditur.</strong></span> <span class='ocrx_word' id='word_1_189' title='bbox 670 1929 795 1984; x_wconf 67' lang='lat' dir='ltr'><strong>lltcc</strong></span> <span class='ocrx_word' id='word_1_190' title='bbox 836 1937 919 1983; x_wconf 91' lang='lat' dir='ltr'><strong>est</strong></span> <span class='ocrx_word' id='word_1_191' title='bbox 958 1929 1290 1983; x_wconf 87' lang='lat' dir='ltr'><strong>immaculata</strong></span> <span class='ocrx_word' id='word_1_192' title='bbox 1333 1930 1616 1984; x_wconf 90' lang='lat' dir='ltr'><strong>concubitu</strong></span> <span class='ocrx_word' id='word_1_193' title='bbox 1640 1970 1655 1994; x_wconf 97' lang='lat'><strong>,</strong></span> <span class='ocrx_word' id='word_1_194' title='bbox 1700 1929 1922 1983; x_wconf 90' lang='lat' dir='ltr'><strong>fecunda</strong></span> 
     </span>
    </p>
   </div>
   <div class='ocr_carea' id='block_1_24' title="bbox 337 1998 1921 2070">
    <p class='ocr_par' dir='ltr' id='par_1_24' title="bbox 337 1998 1921 2070">
     <span class='ocr_line' id='line_1_27' title="bbox 337 1998 1921 2070; baseline 0.001 -18"><span class='ocrx_word' id='word_1_195' title='bbox 337 2009 515 2070; x_wconf 79' lang='lat' dir='ltr'><strong>partu,</strong></span> <span class='ocrx_word' id='word_1_196' title='bbox 540 2000 689 2070; x_wconf 86' lang='lat' dir='ltr'><strong>virgo</strong></span> <span class='ocrx_word' id='word_1_197' title='bbox 712 2001 956 2054; x_wconf 81' lang='lat' dir='ltr'><strong>castitate</strong></span> <span class='ocrx_word' id='word_1_198' title='bbox 976 2017 993 2070; x_wconf 13' lang='grc' dir='ltr'><strong>γε</strong></span> <span class='ocrx_word' id='word_1_199' title='bbox 1017 1998 1131 2070; x_wconf 77' lang='lat' dir='ltr'><strong>inec</strong></span> <span class='ocrx_word' id='word_1_200' title='bbox 1150 1999 1379 2070; x_wconf 85' lang='lat' dir='ltr'><strong>concipit</strong></span> <span class='ocrx_word' id='word_1_201' title='bbox 1400 2015 1503 2070; x_wconf 87' lang='lat' dir='ltr'><strong>non</strong></span> <span class='ocrx_word' id='word_1_202' title='bbox 1533 2001 1665 2070; x_wconf 88' lang='lat' dir='ltr'><strong>viro,</strong></span> <span class='ocrx_word' id='word_1_203' title='bbox 1686 1999 1779 2054; x_wconf 89' lang='lat' dir='ltr'><strong>sed</strong></span> <span class='ocrx_word' id='word_1_204' title='bbox 1800 1999 1921 2067; x_wconf 90' lang='lat' dir='ltr'><strong>Spi-</strong></span> 
     </span>
    </p>
   </div>
   <div class='ocr_carea' id='block_1_25' title="bbox 334 2068 1921 2138">
    <p class='ocr_par' dir='ltr' id='par_1_25' title="bbox 334 2068 1921 2138">
     <span class='ocr_line' id='line_1_28' title="bbox 334 2068 1921 2138; baseline 0.001 -17"><span class='ocrx_word' id='word_1_205' title='bbox 334 2068 479 2134; x_wconf 88' lang='lat' dir='ltr'><strong>ritu;</strong></span> <span class='ocrx_word' id='word_1_206' title='bbox 511 2068 784 2137; x_wconf 48' lang='lat' dir='ltr'><strong>hmc&#39;parit</strong></span> <span class='ocrx_word' id='word_1_207' title='bbox 824 2084 929 2123; x_wconf 93' lang='lat' dir='ltr'><strong>non</strong></span> <span class='ocrx_word' id='word_1_208' title='bbox 955 2069 1142 2123; x_wconf 88' lang='lat' dir='ltr'><strong>dolore</strong></span> <span class='ocrx_word' id='word_1_209' title='bbox 1164 2108 1179 2133; x_wconf 90' lang='lat'><strong>,</strong></span> <span class='ocrx_word' id='word_1_210' title='bbox 1212 2069 1304 2123; x_wconf 90' lang='lat' dir='ltr'><strong>sed</strong></span> <span class='ocrx_word' id='word_1_211' title='bbox 1333 2069 1558 2138; x_wconf 88' lang='lat' dir='ltr'><strong>gaudio;</strong></span> <span class='ocrx_word' id='word_1_212' title='bbox 1601 2069 1716 2124; x_wconf 80' lang='lat' dir='ltr'><strong>haec</strong></span> <span class='ocrx_word' id='word_1_213' title='bbox 1753 2071 1921 2123; x_wconf 91' lang='lat' dir='ltr'><strong>nutrit</strong></span> 
     </span>
    </p>
   </div>
   <div class='ocr_carea' id='block_1_26' title="bbox 335 2138 1924 2210">
    <p class='ocr_par' dir='ltr' id='par_1_26' title="bbox 335 2138 1924 2210">
     <span class='ocr_line' id='line_1_29' title="bbox 335 2138 1924 2210; baseline 0 -19"><span class='ocrx_word' id='word_1_214' title='bbox 335 2153 445 2193; x_wconf 90' lang='lat' dir='ltr'><strong>non</strong></span> <span class='ocrx_word' id='word_1_215' title='bbox 476 2140 639 2210; x_wconf 65' lang='lat' dir='ltr'><strong>ubei&#39;e</strong></span> <span class='ocrx_word' id='word_1_216' title='bbox 664 2140 923 2210; x_wconf 85' lang='lat' dir='ltr'><strong>corporis,</strong></span> <span class='ocrx_word' id='word_1_217' title='bbox 952 2139 1045 2210; x_wconf 87' lang='lat' dir='ltr'><strong>sed</strong></span> <span class='ocrx_word' id='word_1_218' title='bbox 1067 2140 1202 2193; x_wconf 91' lang='lat' dir='ltr'><strong>lacte</strong></span> <span class='ocrx_word' id='word_1_219' title='bbox 1230 2138 1482 2193; x_wconf 89' lang='lat' dir='ltr'><strong>doctoris.</strong></span> <span class='ocrx_word' id='word_1_220' title='bbox 1508 2139 1633 2194; x_wconf 68' lang='lat' dir='ltr'><strong>Haec</strong></span> <span class='ocrx_word' id='word_1_221' title='bbox 1658 2148 1741 2193; x_wconf 92' lang='lat' dir='ltr'><strong>est</strong></span> <span class='ocrx_word' id='word_1_222' title='bbox 1765 2140 1924 2209; x_wconf 88' lang='lat' dir='ltr'><strong>igitur</strong></span> 
     </span>
    </p>
   </div>
   <div class='ocr_carea' id='block_1_27' title="bbox 334 2208 1923 2279">
    <p class='ocr_par' dir='ltr' id='par_1_27' title="bbox 334 2208 1923 2279">
     <span class='ocr_line' id='line_1_30' title="bbox 334 2208 1923 2279; baseline 0.001 -16"><span class='ocrx_word' id='word_1_223' title='bbox 334 2222 536 2278; x_wconf 83' lang='lat' dir='ltr'><strong>sponsa</strong></span> <span class='ocrx_word' id='word_1_224' title='bbox 564 2208 771 2264; x_wconf 83' lang='lat' dir='ltr'><strong>Christi</strong></span> <span class='ocrx_word' id='word_1_225' title='bbox 788 2218 841 2265; x_wconf 92' lang='lat' dir='ltr'><strong>et</strong></span> <span class='ocrx_word' id='word_1_226' title='bbox 866 2209 1099 2278; x_wconf 89' lang='lat' dir='ltr'><strong>gentium</strong></span> <span class='ocrx_word' id='word_1_227' title='bbox 1127 2218 1299 2263; x_wconf 89' lang='lat' dir='ltr'><strong>mater</strong></span> <span class='ocrx_word' id='word_1_228' title='bbox 1317 2250 1331 2273; x_wconf 93' lang='lat'><strong>,</strong></span> <span class='ocrx_word' id='word_1_229' title='bbox 1362 2225 1482 2278; x_wconf 74' lang='lat' dir='ltr'><strong>qua:</strong></span> <span class='ocrx_word' id='word_1_230' title='bbox 1505 2224 1564 2264; x_wconf 90' lang='lat' dir='ltr'><strong>se</strong></span> <span class='ocrx_word' id='word_1_231' title='bbox 1587 2208 1799 2279; x_wconf 89' lang='lat' dir='ltr'><strong>plenam</strong></span> <span class='ocrx_word' id='word_1_232' title='bbox 1822 2210 1923 2264; x_wconf 90' lang='lat' dir='ltr'><strong>mi-</strong></span> 
     </span>
    </p>
   </div>
   <div class='ocr_carea' id='block_1_28' title="bbox 333 2278 1923 2349">
    <p class='ocr_par' dir='ltr' id='par_1_28' title="bbox 333 2278 1923 2349">
     <span class='ocr_line' id='line_1_31' title="bbox 333 2278 1923 2349; baseline 0 -16"><span class='ocrx_word' id='word_1_233' title='bbox 333 2289 520 2345; x_wconf 88' lang='lat' dir='ltr'><strong>ratur,</strong></span> <span class='ocrx_word' id='word_1_234' title='bbox 552 2288 607 2334; x_wconf 90' lang='lat' dir='ltr'><strong>et</strong></span> <span class='ocrx_word' id='word_1_235' title='bbox 633 2280 790 2335; x_wconf 87' lang='lat' dir='ltr'><strong>fetam</strong></span> <span class='ocrx_word' id='word_1_236' title='bbox 814 2279 1039 2333; x_wconf 62' lang='lat' dir='ltr'><strong>laetatur.</strong></span> <span class='ocrx_word' id='word_1_237' title='bbox 1069 2280 1126 2332; x_wconf 91' lang='lat' dir='ltr'><strong>ln</strong></span> <span class='ocrx_word' id='word_1_238' title='bbox 1154 2279 1252 2333; x_wconf 87' lang='lat' dir='ltr'><strong>hac</strong></span> <span class='ocrx_word' id='word_1_239' title='bbox 1284 2294 1413 2349; x_wconf 89' lang='lat' dir='ltr'><strong>ergo</strong></span> <span class='ocrx_word' id='word_1_240' title='bbox 1437 2279 1522 2333; x_wconf 91' lang='lat' dir='ltr'><strong>die</strong></span> <span class='ocrx_word' id='word_1_241' title='bbox 1550 2278 1650 2348; x_wconf 90' lang='lat' dir='ltr'><strong>qua</strong></span> <span class='ocrx_word' id='word_1_242' title='bbox 1679 2278 1923 2334; x_wconf 87' lang='lat' dir='ltr'><strong>Salvator</strong></span> 
     </span>
    </p>
   </div>
   <div class='ocr_carea' id='block_1_29' title="bbox 334 2349 1921 2419">
    <p class='ocr_par' dir='ltr' id='par_1_29' title="bbox 334 2349 1921 2419">
     <span class='ocr_line' id='line_1_32' title="bbox 334 2349 1921 2419; baseline 0.001 -17"><span class='ocrx_word' id='word_1_243' title='bbox 334 2350 605 2414; x_wconf 85' lang='lat' dir='ltr'><strong>nascitur,</strong></span> <span class='ocrx_word' id='word_1_244' title='bbox 641 2349 907 2419; x_wconf 85' lang='lat' dir='ltr'><strong>splendor</strong></span> <span class='ocrx_word' id='word_1_245' title='bbox 930 2349 1060 2404; x_wconf 90' lang='lat' dir='ltr'><strong>lucis</strong></span> <span class='ocrx_word' id='word_1_246' title='bbox 1087 2358 1342 2418; x_wconf 85' lang='lat' dir='ltr'><strong>augetur,</strong></span> <span class='ocrx_word' id='word_1_247' title='bbox 1372 2349 1706 2403; x_wconf 91' lang='lat' dir='ltr'><strong>tenebrarum</strong></span> <span class='ocrx_word' id='word_1_248' title='bbox 1749 2349 1921 2419; x_wconf 89' lang='lat' dir='ltr'><strong>caligo</strong></span> 
     </span>
    </p>
   </div>
   <div class='ocr_carea' id='block_1_30' title="bbox 334 2418 1921 2475">
    <p class='ocr_par' dir='ltr' id='par_1_30' title="bbox 334 2418 1921 2475">
     <span class='ocr_line' id='line_1_33' title="bbox 334 2418 1921 2475; baseline 0.001 -2"><span class='ocrx_word' id='word_1_249' title='bbox 334 2419 614 2473; x_wconf 88' lang='lat' dir='ltr'><strong>minuitur.</strong></span> <span class='ocrx_word' id='word_1_250' title='bbox 658 2418 715 2474; x_wconf 90' lang='lat' dir='ltr'><strong>lu</strong></span> <span class='ocrx_word' id='word_1_251' title='bbox 761 2419 859 2474; x_wconf 89' lang='lat' dir='ltr'><strong>hac</strong></span> <span class='ocrx_word' id='word_1_252' title='bbox 882 2418 969 2474; x_wconf 90' lang='lat' dir='ltr'><strong>die</strong></span> <span class='ocrx_word' id='word_1_253' title='bbox 998 2420 1088 2473; x_wconf 81' lang='lat' dir='ltr'><strong>lux</strong></span> <span class='ocrx_word' id='word_1_254' title='bbox 1113 2419 1346 2474; x_wconf 69' lang='lat' dir='ltr'><strong>coalestis</strong></span> <span class='ocrx_word' id='word_1_255' title='bbox 1374 2419 1713 2475; x_wconf 86' lang='lat' dir='ltr'><strong>credentibus</strong></span> <span class='ocrx_word' id='word_1_256' title='bbox 1744 2418 1921 2475; x_wconf 89' lang='lat' dir='ltr'><strong>reddi-</strong></span> 
     </span>
    </p>
   </div>
   <div class='ocr_carea' id='block_1_31' title="bbox 334 2489 1916 2560">
    <p class='ocr_par' dir='ltr' id='par_1_31' title="bbox 334 2489 1916 2560">
     <span class='ocr_line' id='line_1_34' title="bbox 334 2489 1916 2560; baseline 0 -16"><span class='ocrx_word' id='word_1_257' title='bbox 334 2497 443 2560; x_wconf 69' lang='lat' dir='ltr'><strong>tur,</strong></span> <span class='ocrx_word' id='word_1_258' title='bbox 468 2499 522 2544; x_wconf 92' lang='lat' dir='ltr'><strong>et</strong></span> <span class='ocrx_word' id='word_1_259' title='bbox 546 2491 599 2543; x_wconf 90' lang='lat' dir='ltr'><strong>in</strong></span> <span class='ocrx_word' id='word_1_260' title='bbox 620 2498 815 2545; x_wconf 60' lang='lat' dir='ltr'><strong>aeterna</strong></span> <span class='ocrx_word' id='word_1_261' title='bbox 836 2500 991 2543; x_wconf 88' lang='lat' dir='ltr'><strong>nocte</strong></span> <span class='ocrx_word' id='word_1_262' title='bbox 1019 2490 1278 2544; x_wconf 88' lang='lat' dir='ltr'><strong>diabolica</strong></span> <span class='ocrx_word' id='word_1_263' title='bbox 1304 2489 1550 2560; x_wconf 87' lang='lat' dir='ltr'><strong>figmenta</strong></span> <span class='ocrx_word' id='word_1_264' title='bbox 1577 2489 1916 2544; x_wconf 89' lang='lat' dir='ltr'><strong>damnantur.</strong></span> 
     </span>
    </p>
   </div>
   <div class='ocr_carea' id='block_1_32' title="bbox 334 2558 1920 2626">
    <p class='ocr_par' dir='ltr' id='par_1_32' title="bbox 334 2558 1920 2626">
     <span class='ocr_line' id='line_1_35' title="bbox 334 2558 1920 2626; baseline 0 -12"><span class='ocrx_word' id='word_1_265' title='bbox 334 2558 393 2614; x_wconf 85' lang='lat' dir='ltr'><strong>In</strong></span> <span class='ocrx_word' id='word_1_266' title='bbox 426 2560 524 2615; x_wconf 89' lang='lat' dir='ltr'><strong>hac</strong></span> <span class='ocrx_word' id='word_1_267' title='bbox 554 2560 640 2614; x_wconf 91' lang='lat' dir='ltr'><strong>die</strong></span> <span class='ocrx_word' id='word_1_268' title='bbox 666 2561 752 2614; x_wconf 86' lang='lat' dir='ltr'><strong>lux</strong></span> <span class='ocrx_word' id='word_1_269' title='bbox 787 2560 981 2614; x_wconf 86' lang='lat' dir='ltr'><strong>crescit</strong></span> <span class='ocrx_word' id='word_1_270' title='bbox 1008 2575 1075 2614; x_wconf 80' lang='lat' dir='ltr'><strong>ex</strong></span> <span class='ocrx_word' id='word_1_271' title='bbox 1100 2560 1298 2614; x_wconf 90' lang='lat' dir='ltr'><strong>lumine</strong></span> <span class='ocrx_word' id='word_1_272' title='bbox 1321 2558 1614 2626; x_wconf 57' lang='lat' dir='ltr'><strong>{virtutum</strong></span> <span class='ocrx_word' id='word_1_273' title='bbox 1646 2560 1813 2615; x_wconf 88' lang='lat' dir='ltr'><strong>virtus</strong></span> <span class='ocrx_word' id='word_1_274' title='bbox 1840 2569 1920 2614; x_wconf 88' lang='lat' dir='ltr'><strong>at-</strong></span> 
     </span>
    </p>
   </div>
   <div class='ocr_carea' id='block_1_33' title="bbox 336 2630 1917 2701">
    <p class='ocr_par' dir='ltr' id='par_1_33' title="bbox 336 2630 1917 2701">
     <span class='ocr_line' id='line_1_36' title="bbox 336 2630 1917 2701; baseline 0.001 -18"><span class='ocrx_word' id='word_1_275' title='bbox 336 2630 561 2701; x_wconf 86' lang='lat' dir='ltr'><strong>tollitur,</strong></span> <span class='ocrx_word' id='word_1_276' title='bbox 577 2631 741 2700; x_wconf 87' lang='lat' dir='ltr'><strong>gloria</strong></span> <span class='ocrx_word' id='word_1_277' title='bbox 767 2630 1077 2701; x_wconf 70' lang='lat' dir='ltr'><strong>(eternitatis</strong></span> <span class='ocrx_word' id='word_1_278' title='bbox 1092 2631 1329 2701; x_wconf 83' lang='lat' dir='ltr'><strong>erigitur,</strong></span> <span class='ocrx_word' id='word_1_279' title='bbox 1354 2631 1743 2701; x_wconf 88' lang='lat' dir='ltr'><strong>reparationem</strong></span> <span class='ocrx_word' id='word_1_280' title='bbox 1766 2645 1917 2685; x_wconf 89' lang='lat' dir='ltr'><strong>suam</strong></span> 
     </span>
    </p>
   </div>
   <div class='ocr_carea' id='block_1_34' title="bbox 335 2700 1919 2769">
    <p class='ocr_par' dir='ltr' id='par_1_34' title="bbox 335 2700 1919 2769">
     <span class='ocr_line' id='line_1_37' title="bbox 335 2700 1919 2769; baseline 0.001 -15"><span class='ocrx_word' id='word_1_281' title='bbox 335 2700 563 2754; x_wconf 86' lang='lat' dir='ltr'><strong>Domino</strong></span> <span class='ocrx_word' id='word_1_282' title='bbox 605 2700 895 2755; x_wconf 89' lang='lat' dir='ltr'><strong>secundum</strong></span> <span class='ocrx_word' id='word_1_283' title='bbox 942 2715 1158 2755; x_wconf 90' lang='lat' dir='ltr'><strong>carnem</strong></span> <span class='ocrx_word' id='word_1_284' title='bbox 1182 2700 1440 2755; x_wconf 84' lang='lat' dir='ltr'><strong>nascente</strong></span> <span class='ocrx_word' id='word_1_285' title='bbox 1466 2700 1692 2755; x_wconf 91' lang='lat' dir='ltr'><strong>mundus</strong></span> <span class='ocrx_word' id='word_1_286' title='bbox 1715 2701 1919 2769; x_wconf 90' lang='lat' dir='ltr'><strong>ample-</strong></span> 
     </span>
    </p>
   </div>
   <div class='ocr_carea' id='block_1_35' title="bbox 331 2770 1918 2841">
    <p class='ocr_par' dir='ltr' id='par_1_35' title="bbox 331 2770 1918 2841">
     <span class='ocr_line' id='line_1_38' title="bbox 331 2770 1918 2841; baseline 0.002 -17"><span class='ocrx_word' id='word_1_287' title='bbox 331 2771 513 2825; x_wconf 91' lang='lat' dir='ltr'><strong>ctitur.</strong></span> <span class='ocrx_word' id='word_1_288' title='bbox 534 2771 695 2825; x_wconf 86' lang='lat' dir='ltr'><strong>Plena</strong></span> <span class='ocrx_word' id='word_1_289' title='bbox 726 2772 795 2826; x_wconf 88' lang='lat' dir='ltr'><strong>sit</strong></span> <span class='ocrx_word' id='word_1_290' title='bbox 817 2785 943 2841; x_wconf 89' lang='lat' dir='ltr'><strong>ergo</strong></span> <span class='ocrx_word' id='word_1_291' title='bbox 963 2770 1068 2826; x_wconf 92' lang='lat' dir='ltr'><strong>diei</strong></span> <span class='ocrx_word' id='word_1_292' title='bbox 1091 2770 1249 2840; x_wconf 90' lang='lat' dir='ltr'><strong>hujus</strong></span> <span class='ocrx_word' id='word_1_293' title='bbox 1274 2770 1549 2832; x_wconf 82' lang='lat' dir='ltr'><strong>festivitas.</strong></span> <span class='ocrx_word' id='word_1_294' title='bbox 1574 2772 1627 2825; x_wconf 92' lang='lat' dir='ltr'><strong>in</strong></span> <span class='ocrx_word' id='word_1_295' title='bbox 1653 2786 1755 2841; x_wconf 91' lang='lat' dir='ltr'><strong>qua</strong></span> <span class='ocrx_word' id='word_1_296' title='bbox 1780 2772 1918 2827; x_wconf 86' lang='lat' dir='ltr'><strong>Dens</strong></span> 
     </span>
    </p>
   </div>
   <div class='ocr_carea' id='block_1_36' title="bbox 332 2840 1918 2911">
    <p class='ocr_par' dir='ltr' id='par_1_36' title="bbox 332 2840 1918 2911">
     <span class='ocr_line' id='line_1_39' title="bbox 332 2840 1918 2911; baseline -0.002 -14"><span class='ocrx_word' id='word_1_297' title='bbox 332 2843 502 2897; x_wconf 82' lang='lat' dir='ltr'><strong>nostri</strong></span> <span class='ocrx_word' id='word_1_298' title='bbox 533 2856 737 2895; x_wconf 89' lang='lat' dir='ltr'><strong>memor</strong></span> <span class='ocrx_word' id='word_1_299' title='bbox 767 2840 976 2896; x_wconf 86' lang='lat' dir='ltr'><strong>terrena</strong></span> <span class='ocrx_word' id='word_1_300' title='bbox 1002 2840 1217 2896; x_wconf 90' lang='lat' dir='ltr'><strong>visitare</strong></span> <span class='ocrx_word' id='word_1_301' title='bbox 1237 2841 1483 2911; x_wconf 87' lang='lat' dir='ltr'><strong>dignatus</strong></span> <span class='ocrx_word' id='word_1_302' title='bbox 1516 2849 1631 2911; x_wconf 91' lang='lat' dir='ltr'><strong>est,</strong></span> <span class='ocrx_word' id='word_1_303' title='bbox 1677 2840 1731 2895; x_wconf 88' lang='lat' dir='ltr'><strong>et</strong></span> <span class='ocrx_word' id='word_1_304' title='bbox 1758 2841 1918 2895; x_wconf 87' lang='lat' dir='ltr'><strong>amis-</strong></span> 
     </span>
    </p>
   </div>
   <div class='ocr_carea' id='block_1_37' title="bbox 332 2910 1915 2967">
    <p class='ocr_par' dir='ltr' id='par_1_37' title="bbox 332 2910 1915 2967">
     <span class='ocr_line' id='line_1_40' title="bbox 332 2910 1915 2967; baseline 0.001 -1"><span class='ocrx_word' id='word_1_305' title='bbox 332 2927 447 2966; x_wconf 84' lang='lat' dir='ltr'><strong>sam</strong></span> <span class='ocrx_word' id='word_1_306' title='bbox 474 2911 786 2966; x_wconf 83' lang='lat' dir='ltr'><strong>mortalibus</strong></span> <span class='ocrx_word' id='word_1_307' title='bbox 813 2911 983 2965; x_wconf 90' lang='lat' dir='ltr'><strong>lucem</strong></span> <span class='ocrx_word' id='word_1_308' title='bbox 1005 2911 1265 2965; x_wconf 88' lang='lat' dir='ltr'><strong>adventus</strong></span> <span class='ocrx_word' id='word_1_309' title='bbox 1291 2910 1373 2965; x_wconf 76' lang='lat' dir='ltr'><strong>Sui</strong></span> <span class='ocrx_word' id='word_1_310' title='bbox 1393 2910 1629 2966; x_wconf 84' lang='lat' dir='ltr'><strong>claritate</strong></span> <span class='ocrx_word' id='word_1_311' title='bbox 1652 2911 1915 2967; x_wconf 89' lang='lat' dir='ltr'><strong>restituit:</strong></span> 
     </span>
    </p>
   </div>
   <div class='ocr_carea' id='block_1_38' title="bbox 330 2980 1916 3051">
    <p class='ocr_par' dir='ltr' id='par_1_38' title="bbox 330 2980 1916 3051">
     <span class='ocr_line' id='line_1_41' title="bbox 330 2980 1916 3051; baseline -0.001 -16"><span class='ocrx_word' id='word_1_312' title='bbox 330 2982 454 3051; x_wconf 86' lang='lat' dir='ltr'><strong>quia</strong></span> <span class='ocrx_word' id='word_1_313' title='bbox 484 2983 596 3051; x_wconf 86' lang='lat' dir='ltr'><strong>ipse</strong></span> <span class='ocrx_word' id='word_1_314' title='bbox 621 2991 703 3051; x_wconf 88' lang='lat' dir='ltr'><strong>est</strong></span> <span class='ocrx_word' id='word_1_315' title='bbox 728 2981 976 3049; x_wconf 82' lang='lat' dir='ltr'><strong>Splendor</strong></span> <span class='ocrx_word' id='word_1_316' title='bbox 995 2990 1049 3035; x_wconf 93' lang='lat' dir='ltr'><strong>et</strong></span> <span class='ocrx_word' id='word_1_317' title='bbox 1078 2980 1245 3050; x_wconf 84' lang='lat' dir='ltr'><strong>gloria</strong></span> <span class='ocrx_word' id='word_1_318' title='bbox 1266 2990 1463 3035; x_wconf 65' lang='lat' dir='ltr'><strong>aeterna</strong></span> <span class='ocrx_word' id='word_1_319' title='bbox 1483 3021 1499 3046; x_wconf 96' lang='lat'><strong>,</strong></span> <span class='ocrx_word' id='word_1_320' title='bbox 1538 2982 1793 3035; x_wconf 86' lang='lat' dir='ltr'><strong>Dominus</strong></span> <span class='ocrx_word' id='word_1_321' title='bbox 1822 2998 1916 3034; x_wconf 81' lang='lat' dir='ltr'><strong>no-</strong></span> 
     </span>
    </p>
   </div>
   <div class='ocr_carea' id='block_1_39' title="bbox 331 3050 1917 3123">
    <p class='ocr_par' dir='ltr' id='par_1_39' title="bbox 331 3050 1917 3123">
     <span class='ocr_line' id='line_1_42' title="bbox 331 3050 1917 3123; baseline 0.001 -18"><span class='ocrx_word' id='word_1_322' title='bbox 331 3050 443 3106; x_wconf 80' lang='lat' dir='ltr'><strong>ster</strong></span> <span class='ocrx_word' id='word_1_323' title='bbox 457 3050 611 3107; x_wconf 82' lang='lat' dir='ltr'><strong>Jesus</strong></span> <span class='ocrx_word' id='word_1_324' title='bbox 634 3050 910 3117; x_wconf 88' lang='lat' dir='ltr'><strong>Christus;</strong></span> <span class='ocrx_word' id='word_1_325' title='bbox 932 3052 1019 3107; x_wconf 90' lang='lat' dir='ltr'><strong>cui</strong></span> <span class='ocrx_word' id='word_1_326' title='bbox 1041 3061 1125 3107; x_wconf 91' lang='lat' dir='ltr'><strong>est</strong></span> <span class='ocrx_word' id='word_1_327' title='bbox 1168 3051 1338 3106; x_wconf 91' lang='lat' dir='ltr'><strong>honor</strong></span> <span class='ocrx_word' id='word_1_328' title='bbox 1357 3059 1411 3108; x_wconf 87' lang='lat' dir='ltr'><strong>et</strong></span> <span class='ocrx_word' id='word_1_329' title='bbox 1438 3052 1604 3123; x_wconf 87' lang='lat' dir='ltr'><strong>gloria</strong></span> <span class='ocrx_word' id='word_1_330' title='bbox 1628 3052 1682 3106; x_wconf 92' lang='lat' dir='ltr'><strong>in</strong></span> <span class='ocrx_word' id='word_1_331' title='bbox 1723 3052 1917 3107; x_wconf 65' lang='lat' dir='ltr'><strong>saecula</strong></span> 
     </span>
    </p>
   </div>
   <div class='ocr_carea' id='block_1_40' title="bbox 330 3122 1683 3179">
    <p class='ocr_par' dir='ltr' id='par_1_40' title="bbox 330 3122 1683 3179">
     <span class='ocr_line' id='line_1_43' title="bbox 330 3122 1683 3179; baseline -0.001 -2"><span class='ocrx_word' id='word_1_332' title='bbox 330 3122 670 3179; x_wconf 63' lang='lat' dir='ltr'><strong>saeculorum.</strong></span> <span class='ocrx_word' id='word_1_333' title='bbox 694 3124 886 3177; x_wconf 84' lang='lat' dir='ltr'><strong>Amen.</strong></span> <span class='ocrx_word' id='word_1_334' title='bbox 1448 3122 1459 3123; x_wconf 48' lang='grc'><strong>“</strong></span> <span class='ocrx_word' id='word_1_335' title='bbox 1656 3125 1683 3149; x_wconf 84' lang='grc'>⁶</span> 
     </span>
    </p>
   </div>
   <div class='ocr_carea' id='block_1_41' title="bbox 823 3212 1423 3285">
    <p class='ocr_par' dir='ltr' id='par_1_41' title="bbox 823 3212 1423 3285">
     <span class='ocr_line' id='line_1_44' title="bbox 823 3212 1423 3285; baseline -0.002 -17"><span class='ocrx_word' id='word_1_336' title='bbox 823 3213 1055 3269; x_wconf 83' lang='lat' dir='ltr'><strong>SERMO</strong></span> <span class='ocrx_word' id='word_1_337' title='bbox 1091 3212 1277 3269; x_wconf 80' lang='lat' dir='ltr'><strong>CXXII</strong></span> <span class='ocrx_word' id='word_1_338' title='bbox 1323 3212 1423 3285; x_wconf 91' lang='lat' dir='ltr'><strong>(a).</strong></span> 
     </span>
    </p>
   </div>
   <div class='ocr_carea' id='block_1_42' title="bbox 821 3302 1425 3367">
    <p class='ocr_par' dir='ltr' id='par_1_42' title="bbox 821 3302 1425 3367">
     <span class='ocr_line' id='line_1_45' title="bbox 821 3302 1425 3367; baseline 0 -14"><span class='ocrx_word' id='word_1_339' title='bbox 821 3311 871 3354; x_wconf 85' lang='lat' dir='ltr'><strong>tn</strong></span> <span class='ocrx_word' id='word_1_340' title='bbox 892 3302 1041 3354; x_wconf 80' lang='lat' dir='ltr'><strong>Natali</strong></span> <span class='ocrx_word' id='word_1_341' title='bbox 1050 3305 1254 3364; x_wconf 87' lang='lat' dir='ltr'><strong>Domini,</strong></span> <span class='ocrx_word' id='word_1_342' title='bbox 1274 3318 1321 3354; x_wconf 75' lang='lat' dir='ltr'><strong>vr</strong></span> <span class='ocrx_word' id='word_1_343' title='bbox 1334 3303 1425 3367; x_wconf 92' lang='lat' dir='ltr'><strong>(b).</strong></span> 
     </span>
    </p>
   </div>
   <div class='ocr_carea' id='block_1_43' title="bbox 404 3385 1917 3455">
    <p class='ocr_par' dir='ltr' id='par_1_43' title="bbox 404 3385 1917 3455">
     <span class='ocr_line' id='line_1_46' title="bbox 404 3385 1917 3455; baseline 0.001 -14"><span class='ocrx_word' id='word_1_344' title='bbox 404 3388 456 3441; x_wconf 74' lang='grc'><strong>1.</strong></span> <span class='ocrx_word' id='word_1_345' title='bbox 523 3386 708 3441; x_wconf 84' lang='lat' dir='ltr'><strong>Christi</strong></span> <span class='ocrx_word' id='word_1_346' title='bbox 777 3389 1022 3441; x_wconf 80' lang='lat' dir='ltr'><strong>nascentis</strong></span> <span class='ocrx_word' id='word_1_347' title='bbox 1094 3388 1350 3455; x_wconf 82' lang='lat' dir='ltr'><strong>beneﬁcia.</strong></span> <span class='ocrx_word' id='word_1_348' title='bbox 1403 3386 1460 3441; x_wconf 94' lang='lat' dir='ltr'><strong>ln</strong></span> <span class='ocrx_word' id='word_1_349' title='bbox 1527 3385 1754 3441; x_wconf 90' lang='lat' dir='ltr'><strong>adventu</strong></span> <span class='ocrx_word' id='word_1_350' title='bbox 1813 3387 1917 3443; x_wconf 85' lang='lat' dir='ltr'><strong>Do-</strong></span> 
     </span>
    </p>
   </div>
   <div class='ocr_carea' id='block_1_44' title="bbox 331 3456 1917 3527">
    <p class='ocr_par' dir='ltr' id='par_1_44' title="bbox 331 3456 1917 3527">
     <span class='ocr_line' id='line_1_47' title="bbox 331 3456 1917 3527; baseline 0 -14"><span class='ocrx_word' id='word_1_351' title='bbox 331 3458 549 3523; x_wconf 87' lang='lat' dir='ltr'><strong>minico,</strong></span> <span class='ocrx_word' id='word_1_352' title='bbox 575 3459 763 3511; x_wconf 82' lang='lat' dir='ltr'><strong>fratres</strong></span> <span class='ocrx_word' id='word_1_353' title='bbox 785 3456 1081 3512; x_wconf 85' lang='lat' dir='ltr'><strong>charissiuti</strong></span> <span class='ocrx_word' id='word_1_354' title='bbox 1099 3498 1112 3519; x_wconf 91' lang='lat'><strong>,</strong></span> <span class='ocrx_word' id='word_1_355' title='bbox 1145 3457 1347 3512; x_wconf 88' lang='lat' dir='ltr'><strong>solutus</strong></span> <span class='ocrx_word' id='word_1_356' title='bbox 1378 3467 1459 3512; x_wconf 93' lang='lat' dir='ltr'><strong>cst</strong></span> <span class='ocrx_word' id='word_1_357' title='bbox 1482 3458 1655 3511; x_wconf 90' lang='lat' dir='ltr'><strong>omnis</strong></span> <span class='ocrx_word' id='word_1_358' title='bbox 1684 3469 1917 3527; x_wconf 79' lang='lat' dir='ltr'><strong>paterna:</strong></span> 
     </span>
    </p>
   </div>
   <div class='ocr_carea' id='block_1_45' title="bbox 332 3526 1918 3599">
    <p class='ocr_par' dir='ltr' id='par_1_45' title="bbox 332 3526 1918 3599">
     <span class='ocr_line' id='line_1_48' title="bbox 332 3526 1918 3599; baseline 0.001 -17"><span class='ocrx_word' id='word_1_359' title='bbox 332 3528 782 3599; x_wconf 79' lang='lat' dir='ltr'><strong>przcvaricationis</strong></span> <span class='ocrx_word' id='word_1_360' title='bbox 812 3537 984 3599; x_wconf 91' lang='lat' dir='ltr'><strong>metus</strong></span> <span class='ocrx_word' id='word_1_361' title='bbox 1004 3570 1018 3594; x_wconf 89' lang='lat'><strong>,</strong></span> <span class='ocrx_word' id='word_1_362' title='bbox 1051 3542 1205 3597; x_wconf 88' lang='lat' dir='ltr'><strong>quem</strong></span> <span class='ocrx_word' id='word_1_363' title='bbox 1243 3526 1517 3599; x_wconf 79' lang='lat' dir='ltr'><strong>diabolicis</strong></span> <span class='ocrx_word' id='word_1_364' title='bbox 1545 3526 1743 3582; x_wconf 88' lang='lat' dir='ltr'><strong>dudum</strong></span> <span class='ocrx_word' id='word_1_365' title='bbox 1774 3528 1918 3584; x_wconf 83' lang='lat' dir='ltr'><strong>frau-</strong></span> 
     </span>
    </p>
   </div>
   <div class='ocr_carea' id='block_1_46' title="bbox 331 3597 1913 3655">
    <p class='ocr_par' dir='ltr' id='par_1_46' title="bbox 331 3597 1913 3655">
     <span class='ocr_line' id='line_1_49' title="bbox 331 3597 1913 3655; baseline 0.001 -3"><span class='ocrx_word' id='word_1_366' title='bbox 331 3597 489 3653; x_wconf 84' lang='lat' dir='ltr'><strong>dibus</strong></span> <span class='ocrx_word' id='word_1_367' title='bbox 537 3599 757 3653; x_wconf 75' lang='lat' dir='ltr'><strong>incnrrit</strong></span> <span class='ocrx_word' id='word_1_368' title='bbox 804 3598 1158 3652; x_wconf 90' lang='lat' dir='ltr'><strong>circumventa</strong></span> <span class='ocrx_word' id='word_1_369' title='bbox 1201 3597 1516 3653; x_wconf 85' lang='lat' dir='ltr'><strong>mortalitas.</strong></span> <span class='ocrx_word' id='word_1_370' title='bbox 1569 3600 1735 3653; x_wconf 86' lang='lat' dir='ltr'><strong>Adest</strong></span> <span class='ocrx_word' id='word_1_371' title='bbox 1771 3600 1913 3655; x_wconf 90' lang='lat' dir='ltr'><strong>enim</strong></span> 
     </span>
    </p>
   </div>
   <div class='ocr_carea' id='block_1_47' title="bbox 328 3667 1915 3739">
    <p class='ocr_par' dir='ltr' id='par_1_47' title="bbox 328 3667 1915 3739">
     <span class='ocr_line' id='line_1_50' title="bbox 328 3667 1915 3739; baseline 0.001 -16"><span class='ocrx_word' id='word_1_372' title='bbox 328 3669 487 3723; x_wconf 86' lang='lat' dir='ltr'><strong>nobis</strong></span> <span class='ocrx_word' id='word_1_373' title='bbox 507 3670 627 3723; x_wconf 68' lang='lat' dir='ltr'><strong>caeli</strong></span> <span class='ocrx_word' id='word_1_374' title='bbox 666 3677 924 3737; x_wconf 76' lang='lat' dir='ltr'><strong>terrthuc</strong></span> <span class='ocrx_word' id='word_1_375' title='bbox 946 3667 1113 3722; x_wconf 82' lang='lat' dir='ltr'><strong>Judex</strong></span> <span class='ocrx_word' id='word_1_376' title='bbox 1134 3709 1148 3733; x_wconf 96' lang='lat'><strong>,</strong></span> <span class='ocrx_word' id='word_1_377' title='bbox 1178 3668 1267 3737; x_wconf 89' lang='lat' dir='ltr'><strong>qui</strong></span> <span class='ocrx_word' id='word_1_378' title='bbox 1307 3669 1536 3722; x_wconf 71' lang='lat' dir='ltr'><strong>rescisso</strong></span> <span class='ocrx_word' id='word_1_379' title='bbox 1561 3668 1915 3739; x_wconf 88' lang='lat' dir='ltr'><strong>chirographo</strong></span> 
     </span>
    </p>
   </div>
   <div class='ocr_carea' id='block_1_48' title="bbox 331 3738 1912 3800">
    <p class='ocr_par' dir='ltr' id='par_1_48' title="bbox 331 3738 1912 3800">
     <span class='ocr_line' id='line_1_51' title="bbox 331 3738 1912 3800; baseline 0.001 -7"><span class='ocrx_word' id='word_1_380' title='bbox 331 3739 664 3800; x_wconf 89' lang='lat' dir='ltr'><strong>delictorntn,</strong></span> <span class='ocrx_word' id='word_1_381' title='bbox 700 3747 901 3792; x_wconf 88' lang='lat' dir='ltr'><strong>reatum</strong></span> <span class='ocrx_word' id='word_1_382' title='bbox 927 3746 1163 3792; x_wconf 89' lang='lat' dir='ltr'><strong>nostrum</strong></span> <span class='ocrx_word' id='word_1_383' title='bbox 1186 3738 1467 3792; x_wconf 89' lang='lat' dir='ltr'><strong>miseratus</strong></span> <span class='ocrx_word' id='word_1_384' title='bbox 1488 3738 1731 3793; x_wconf 68' lang='lat' dir='ltr'><strong>absolvit.</strong></span> <span class='ocrx_word' id='word_1_385' title='bbox 1750 3738 1912 3795; x_wconf 81' lang='lat' dir='ltr'><strong>Adest</strong></span> 
     </span>
    </p>
   </div>
   <div class='ocr_carea' id='block_1_49' title="bbox 332 3808 1915 3879">
    <p class='ocr_par' dir='ltr' id='par_1_49' title="bbox 332 3808 1915 3879">
     <span class='ocr_line' id='line_1_52' title="bbox 332 3808 1915 3879; baseline 0.001 -16"><span class='ocrx_word' id='word_1_386' title='bbox 332 3809 422 3863; x_wconf 89' lang='lat' dir='ltr'><strong>ille</strong></span> <span class='ocrx_word' id='word_1_387' title='bbox 446 3809 719 3871; x_wconf 89' lang='lat' dir='ltr'><strong>Dominus,</strong></span> <span class='ocrx_word' id='word_1_388' title='bbox 743 3811 829 3879; x_wconf 87' lang='lat' dir='ltr'><strong>qui</strong></span> <span class='ocrx_word' id='word_1_389' title='bbox 848 3808 1031 3879; x_wconf 86' lang='lat' dir='ltr'><strong>jugum</strong></span> <span class='ocrx_word' id='word_1_390' title='bbox 1058 3809 1377 3878; x_wconf 87' lang='lat' dir='ltr'><strong>captivitatis</strong></span> <span class='ocrx_word' id='word_1_391' title='bbox 1392 3808 1631 3879; x_wconf 61' lang='lat' dir='ltr'><strong>antiqua:</strong></span> <span class='ocrx_word' id='word_1_392' title='bbox 1660 3825 1687 3862; x_wconf 90' lang='lat' dir='ltr'><strong>a</strong></span> <span class='ocrx_word' id='word_1_393' title='bbox 1717 3810 1915 3865; x_wconf 87' lang='lat' dir='ltr'><strong>nostris</strong></span> 
     </span>
    </p>
   </div>
   <div class='ocr_carea' id='block_1_50' title="bbox 334 3878 1914 3942">
    <p class='ocr_par' dir='ltr' id='par_1_50' title="bbox 334 3878 1914 3942">
     <span class='ocr_line' id='line_1_53' title="bbox 334 3878 1914 3942; baseline 0.001 -9"><span class='ocrx_word' id='word_1_394' title='bbox 334 3879 631 3935; x_wconf 78' lang='lat' dir='ltr'><strong>cervicibus</strong></span> <span class='ocrx_word' id='word_1_395' title='bbox 654 3879 868 3933; x_wconf 88' lang='lat' dir='ltr'><strong>solvens</strong></span> <span class='ocrx_word' id='word_1_396' title='bbox 888 3918 902 3942; x_wconf 94' lang='lat'><strong>,</strong></span> <span class='ocrx_word' id='word_1_397' title='bbox 922 3878 1213 3934; x_wconf 46' lang='lat' dir='ltr'><strong>&#39;tntnrorem</strong></span> <span class='ocrx_word' id='word_1_398' title='bbox 1243 3878 1422 3932; x_wconf 90' lang='lat' dir='ltr'><strong>mundi</strong></span> <span class='ocrx_word' id='word_1_399' title='bbox 1452 3878 1648 3933; x_wconf 64' lang='lat' dir='ltr'><strong>interna</strong></span> <span class='ocrx_word' id='word_1_400' title='bbox 1673 3879 1914 3934; x_wconf 89' lang='lat' dir='ltr'><strong>libertate</strong></span> 
     </span>
    </p>
   </div>
   <div class='ocr_carea' id='block_1_51' title="bbox 334 3948 1913 4020">
    <p class='ocr_par' dir='ltr' id='par_1_51' title="bbox 334 3948 1913 4020">
     <span class='ocr_line' id='line_1_54' title="bbox 334 3948 1913 4020; baseline 0.002 -19"><span class='ocrx_word' id='word_1_401' title='bbox 334 3950 583 4006; x_wconf 69' lang='lat' dir='ltr'><strong>iretiticet.</strong></span> <span class='ocrx_word' id='word_1_402' title='bbox 609 3949 777 4020; x_wconf 85' lang='lat' dir='ltr'><strong>Adest</strong></span> <span class='ocrx_word' id='word_1_403' title='bbox 801 3964 893 4003; x_wconf 82' lang='lat' dir='ltr'><strong>rex</strong></span> <span class='ocrx_word' id='word_1_404' title='bbox 916 3948 1006 4020; x_wconf 87' lang='lat' dir='ltr'><strong>ille</strong></span> <span class='ocrx_word' id='word_1_405' title='bbox 1036 3958 1341 4020; x_wconf 88' lang='lat' dir='ltr'><strong>mansuetus</strong></span> <span class='ocrx_word' id='word_1_406' title='bbox 1359 3989 1375 4015; x_wconf 90' lang='lat'><strong>,</strong></span> <span class='ocrx_word' id='word_1_407' title='bbox 1396 3948 1483 4018; x_wconf 91' lang='lat' dir='ltr'><strong>qui</strong></span> <span class='ocrx_word' id='word_1_408' title='bbox 1515 3964 1609 4017; x_wconf 89' lang='lat' dir='ltr'><strong>per</strong></span> <span class='ocrx_word' id='word_1_409' title='bbox 1632 3951 1798 4020; x_wconf 91' lang='lat' dir='ltr'><strong>spatia</strong></span> <span class='ocrx_word' id='word_1_410' title='bbox 1829 3961 1913 4004; x_wconf 90' lang='lat' dir='ltr'><strong>to-</strong></span> 
     </span>
    </p>
   </div>
   <div class='ocr_carea' id='block_1_52' title="bbox 333 4019 1914 4088">
    <p class='ocr_par' dir='ltr' id='par_1_52' title="bbox 333 4019 1914 4088">
     <span class='ocr_line' id='line_1_55' title="bbox 333 4019 1914 4088; baseline 0.001 -15"><span class='ocrx_word' id='word_1_411' title='bbox 333 4024 437 4075; x_wconf 87' lang='lat' dir='ltr'><strong>tius</strong></span> <span class='ocrx_word' id='word_1_412' title='bbox 463 4020 629 4087; x_wconf 92' lang='lat' dir='ltr'><strong>orbis,</strong></span> <span class='ocrx_word' id='word_1_413' title='bbox 659 4019 891 4075; x_wconf 74' lang='lat' dir='ltr'><strong>cmlcstis</strong></span> <span class='ocrx_word' id='word_1_414' title='bbox 906 4019 1122 4088; x_wconf 67' lang='lat' dir='ltr'><strong>justitiaa</strong></span> <span class='ocrx_word' id='word_1_415' title='bbox 1141 4020 1409 4088; x_wconf 86' lang='lat' dir='ltr'><strong>gressibus</strong></span> <span class='ocrx_word' id='word_1_416' title='bbox 1432 4019 1701 4085; x_wconf 83' lang='lat' dir='ltr'><strong>incedens,</strong></span> <span class='ocrx_word' id='word_1_417' title='bbox 1729 4034 1914 4088; x_wconf 90' lang='lat' dir='ltr'><strong>super-</strong></span> 
     </span>
    </p>
   </div>
   <div class='ocr_carea' id='block_1_53' title="bbox 334 4089 1912 4159">
    <p class='ocr_par' dir='ltr' id='par_1_53' title="bbox 334 4089 1912 4159">
     <span class='ocr_line' id='line_1_56' title="bbox 334 4089 1912 4159; baseline 0.002 -16"><span class='ocrx_word' id='word_1_418' title='bbox 334 4090 566 4146; x_wconf 89' lang='lat' dir='ltr'><strong>bientem</strong></span> <span class='ocrx_word' id='word_1_419' title='bbox 593 4090 815 4146; x_wconf 91' lang='lat' dir='ltr'><strong>furentis</strong></span> <span class='ocrx_word' id='word_1_420' title='bbox 852 4089 1050 4144; x_wconf 85' lang='lat' dir='ltr'><strong>inimici</strong></span> <span class='ocrx_word' id='word_1_421' title='bbox 1081 4095 1321 4143; x_wconf 89' lang='lat' dir='ltr'><strong>conterat</strong></span> <span class='ocrx_word' id='word_1_422' title='bbox 1358 4089 1710 4159; x_wconf 87' lang='lat' dir='ltr'><strong>tyrannidem.</strong></span> <span class='ocrx_word' id='word_1_423' title='bbox 1746 4090 1912 4146; x_wconf 84' lang='lat' dir='ltr'><strong>Hodie</strong></span> 
     </span>
    </p>
   </div>
   <div class='ocr_carea' id='block_1_54' title="bbox 332 4159 1912 4231">
    <p class='ocr_par' dir='ltr' id='par_1_54' title="bbox 332 4159 1912 4231">
     <span class='ocr_line' id='line_1_57' title="bbox 332 4159 1912 4231; baseline 0 -18"><span class='ocrx_word' id='word_1_424' title='bbox 332 4175 588 4231; x_wconf 83' lang='lat' dir='ltr'><strong>namque,</strong></span> <span class='ocrx_word' id='word_1_425' title='bbox 620 4159 1133 4231; x_wconf 80' lang='lat' dir='ltr'><strong>parturienteMaria</strong></span> <span class='ocrx_word' id='word_1_426' title='bbox 1154 4200 1169 4225; x_wconf 91' lang='lat'><strong>,</strong></span> <span class='ocrx_word' id='word_1_427' title='bbox 1203 4169 1359 4212; x_wconf 91' lang='lat' dir='ltr'><strong>natus</strong></span> <span class='ocrx_word' id='word_1_428' title='bbox 1396 4169 1477 4231; x_wconf 85' lang='lat' dir='ltr'><strong>est</strong></span> <span class='ocrx_word' id='word_1_429' title='bbox 1504 4159 1655 4214; x_wconf 91' lang='lat' dir='ltr'><strong>nobis</strong></span> <span class='ocrx_word' id='word_1_430' title='bbox 1704 4160 1797 4231; x_wconf 85' lang='lat' dir='ltr'><strong>Dei</strong></span> <span class='ocrx_word' id='word_1_431' title='bbox 1824 4160 1912 4213; x_wconf 82' lang='lat' dir='ltr'><strong>Fi-</strong></span> 
     </span>
    </p>
   </div>
   <div class='ocr_carea' id='block_1_55' title="bbox 332 4229 1908 4302">
    <p class='ocr_par' dir='ltr' id='par_1_55' title="bbox 332 4229 1908 4302">
     <span class='ocr_line' id='line_1_58' title="bbox 332 4229 1908 4302; baseline 0 -18"><span class='ocrx_word' id='word_1_432' title='bbox 332 4230 455 4294; x_wconf 89' lang='lat' dir='ltr'><strong>lius;</strong></span> <span class='ocrx_word' id='word_1_433' title='bbox 475 4229 532 4285; x_wconf 79' lang='lat' dir='ltr'><strong>ut</strong></span> <span class='ocrx_word' id='word_1_434' title='bbox 550 4229 798 4302; x_wconf 80' lang='lat' dir='ltr'><strong>germana</strong></span> <span class='ocrx_word' id='word_1_435' title='bbox 820 4230 1212 4302; x_wconf 75' lang='lat' dir='ltr'><strong>carnisnostra:</strong></span> <span class='ocrx_word' id='word_1_436' title='bbox 1231 4229 1580 4298; x_wconf 89' lang='lat' dir='ltr'><strong>conceptione</strong></span> <span class='ocrx_word' id='word_1_437' title='bbox 1602 4229 1908 4302; x_wconf 79' lang='lat' dir='ltr'><strong>productus,</strong></span> 
     </span>
    </p>
   </div>
   <div class='ocr_carea' id='block_1_56' title="bbox 330 4293 1910 4371">
    <p class='ocr_par' dir='ltr' id='par_1_56' title="bbox 330 4293 1910 4371">
     <span class='ocr_line' id='line_1_59' title="bbox 330 4293 1910 4371; baseline -0.001 -16"><span class='ocrx_word' id='word_1_438' title='bbox 330 4293 513 4356; x_wconf 82' lang='lat' dir='ltr'><strong>creato</strong></span> <span class='ocrx_word' id='word_1_439' title='bbox 536 4293 578 4355; x_wconf 59' lang='lat' dir='ltr'><strong>a&#39;</strong></span> <span class='ocrx_word' id='word_1_440' title='bbox 589 4316 649 4356; x_wconf 88' lang='lat' dir='ltr'><strong>se</strong></span> <span class='ocrx_word' id='word_1_441' title='bbox 670 4300 867 4355; x_wconf 89' lang='lat' dir='ltr'><strong>homini</strong></span> <span class='ocrx_word' id='word_1_442' title='bbox 888 4310 940 4355; x_wconf 93' lang='lat' dir='ltr'><strong>et</strong></span> <span class='ocrx_word' id='word_1_443' title='bbox 965 4300 1212 4371; x_wconf 88' lang='lat' dir='ltr'><strong>pietatem</strong></span> <span class='ocrx_word' id='word_1_444' title='bbox 1239 4293 1509 4369; x_wconf 83' lang='lat' dir='ltr'><strong>paternam</strong></span> <span class='ocrx_word' id='word_1_445' title='bbox 1537 4293 1910 4356; x_wconf 59' lang='lat' dir='ltr'><strong>et&#39;fra&#39;ternum</strong></span> 
     </span>
    </p>
   </div>
   <div class='ocr_carea' id='block_1_57' title="bbox 331 4370 1563 4477">
    <p class='ocr_par' dir='ltr' id='par_1_57' title="bbox 331 4370 1563 4477">
     <span class='ocr_line' id='line_1_60' title="bbox 331 4370 903 4477; baseline -0.002 -53"><span class='ocrx_word' id='word_1_446' title='bbox 331 4370 614 4477; x_wconf 57' lang='lat' dir='ltr'><strong>largiretur</strong></span> <span class='ocrx_word' id='word_1_447' title='bbox 637 4371 903 4426; x_wconf 73' lang='lat' dir='ltr'><strong>allectum.</strong></span> 
     </span>
     <span class='ocr_line' id='line_1_61' title="bbox 431 4438 1563 4477; baseline 0 0"><span class='ocrx_word' id='word_1_448' title='bbox 431 4476 437 4477; x_wconf 61' lang='lat'><strong><em>,</em></strong></span> <span class='ocrx_word' id='word_1_449' title='bbox 492 4441 741 4477; x_wconf 65' lang='lat' dir='ltr'><strong>Nan-muli</strong></span> <span class='ocrx_word' id='word_1_450' title='bbox 769 4442 940 4477; x_wconf 68' lang='lat' dir='ltr'><strong>“indue</strong></span> <span class='ocrx_word' id='word_1_451' title='bbox 977 4438 1131 4477; x_wconf 66' lang='lat' dir='ltr'><strong>nosam</strong></span> <span class='ocrx_word' id='word_1_452' title='bbox 1160 4439 1335 4477; x_wconf 74' lang='lat' dir='ltr'><strong><em>mnlinl</em></strong></span> <span class='ocrx_word' id='word_1_453' title='bbox 1363 4447 1407 4477; x_wconf 73' lang='lat'><strong>0!</strong></span> <span class='ocrx_word' id='word_1_454' title='bbox 1429 4439 1563 4477; x_wconf 65' lang='lat' dir='ltr'><strong>lin»);</strong></span> 
     </span>
    </p>
   </div>
   <div class='ocr_carea' id='block_1_58' title="bbox 404 4438 1912 4507">
    <p class='ocr_par' dir='ltr' id='par_1_58' title="bbox 404 4438 1912 4507">
     <span class='ocr_line' id='line_1_62' title="bbox 404 4438 1912 4507; baseline -0.001 -13"><span class='ocrx_word' id='word_1_455' title='bbox 404 4438 458 4494; x_wconf 70' lang='grc' dir='ltr'><strong>Ξ.</strong></span> <span class='ocrx_word' id='word_1_456' title='bbox 483 4441 741 4496; x_wconf 83' lang='lat' dir='ltr'><strong>Nascendi</strong></span> <span class='ocrx_word' id='word_1_457' title='bbox 766 4442 940 4495; x_wconf 85' lang='lat' dir='ltr'><strong>modus</strong></span> <span class='ocrx_word' id='word_1_458' title='bbox 970 4438 1131 4494; x_wconf 88' lang='lat' dir='ltr'><strong>Deum</strong></span> <span class='ocrx_word' id='word_1_459' title='bbox 1159 4439 1335 4507; x_wconf 80' lang='lat' dir='ltr'><strong>probat</strong></span> <span class='ocrx_word' id='word_1_460' title='bbox 1363 4447 1407 4493; x_wconf 85' lang='lat' dir='ltr'><strong>et</strong></span> <span class='ocrx_word' id='word_1_461' title='bbox 1426 4439 1696 4495; x_wconf 83' lang='lat' dir='ltr'><strong>hominem.</strong></span> <span class='ocrx_word' id='word_1_462' title='bbox 1730 4439 1797 4494; x_wconf 85' lang='lat' dir='ltr'><strong>Et</strong></span> <span class='ocrx_word' id='word_1_463' title='bbox 1818 4454 1912 4494; x_wconf 87' lang='lat' dir='ltr'><strong>ua-</strong></span> 
     </span>
    </p>
   </div>
   <div class='ocr_carea' id='block_1_59' title="bbox 332 4510 1911 4581">
    <p class='ocr_par' dir='ltr' id='par_1_59' title="bbox 332 4510 1911 4581">
     <span class='ocr_line' id='line_1_63' title="bbox 332 4510 1911 4581; baseline -0.001 -17"><span class='ocrx_word' id='word_1_464' title='bbox 332 4520 417 4567; x_wconf 88' lang='lat' dir='ltr'><strong>tus</strong></span> <span class='ocrx_word' id='word_1_465' title='bbox 449 4526 579 4567; x_wconf 89' lang='lat' dir='ltr'><strong>sane</strong></span> <span class='ocrx_word' id='word_1_466' title='bbox 601 4513 669 4567; x_wconf 91' lang='lat' dir='ltr'><strong>ab</strong></span> <span class='ocrx_word' id='word_1_467' title='bbox 694 4512 885 4566; x_wconf 89' lang='lat' dir='ltr'><strong>intacta</strong></span> <span class='ocrx_word' id='word_1_468' title='bbox 915 4519 997 4565; x_wconf 84' lang='lat' dir='ltr'><strong>est</strong></span> <span class='ocrx_word' id='word_1_469' title='bbox 1025 4510 1249 4569; x_wconf 81' lang='lat' dir='ltr'><strong>femina;</strong></span> <span class='ocrx_word' id='word_1_470' title='bbox 1283 4520 1340 4563; x_wconf 92' lang='lat' dir='ltr'><strong>ut</strong></span> <span class='ocrx_word' id='word_1_471' title='bbox 1364 4525 1484 4564; x_wconf 91' lang='lat' dir='ltr'><strong>eum</strong></span> <span class='ocrx_word' id='word_1_472' title='bbox 1513 4511 1710 4581; x_wconf 88' lang='lat' dir='ltr'><strong>pariter</strong></span> <span class='ocrx_word' id='word_1_473' title='bbox 1738 4520 1791 4565; x_wconf 87' lang='lat' dir='ltr'><strong>et</strong></span> <span class='ocrx_word' id='word_1_474' title='bbox 1816 4511 1911 4563; x_wconf 86' lang='lat' dir='ltr'><strong>ho-</strong></span> 
     </span>
    </p>
   </div>
   <div class='ocr_carea' id='block_1_60' title="bbox 331 4582 1908 4651">
    <p class='ocr_par' dir='ltr' id='par_1_60' title="bbox 331 4582 1908 4651">
     <span class='ocr_line' id='line_1_64' title="bbox 331 4582 1908 4651; baseline 0 -16"><span class='ocrx_word' id='word_1_475' title='bbox 331 4582 531 4637; x_wconf 87' lang='lat' dir='ltr'><strong>minem</strong></span> <span class='ocrx_word' id='word_1_476' title='bbox 561 4591 839 4637; x_wconf 88' lang='lat' dir='ltr'><strong>testaretur</strong></span> <span class='ocrx_word' id='word_1_477' title='bbox 866 4592 1044 4651; x_wconf 91' lang='lat' dir='ltr'><strong>partus</strong></span> <span class='ocrx_word' id='word_1_478' title='bbox 1075 4582 1333 4634; x_wconf 90' lang='lat' dir='ltr'><strong>humanus</strong></span> <span class='ocrx_word' id='word_1_479' title='bbox 1351 4620 1365 4644; x_wconf 97' lang='lat'><strong>,</strong></span> <span class='ocrx_word' id='word_1_480' title='bbox 1393 4590 1447 4635; x_wconf 89' lang='lat' dir='ltr'><strong>et</strong></span> <span class='ocrx_word' id='word_1_481' title='bbox 1474 4582 1636 4635; x_wconf 92' lang='lat' dir='ltr'><strong>Deum</strong></span> <span class='ocrx_word' id='word_1_482' title='bbox 1665 4582 1908 4651; x_wconf 86' lang='lat' dir='ltr'><strong>probaret</strong></span> 
     </span>
    </p>
   </div>
   <div class='ocr_carea' id='block_1_61' title="bbox 331 4651 1912 4721">
    <p class='ocr_par' dir='ltr' id='par_1_61' title="bbox 331 4651 1912 4721">
     <span class='ocr_line' id='line_1_65' title="bbox 331 4651 1912 4721; baseline 0.001 -15"><span class='ocrx_word' id='word_1_483' title='bbox 331 4662 531 4707; x_wconf 69' lang='lat' dir='ltr'><strong>aeterna</strong></span> <span class='ocrx_word' id='word_1_484' title='bbox 558 4652 850 4721; x_wconf 88' lang='lat' dir='ltr'><strong>virginitas.</strong></span> <span class='ocrx_word' id='word_1_485' title='bbox 876 4652 1008 4704; x_wconf 83' lang='lat' dir='ltr'><strong>Nam</strong></span> <span class='ocrx_word' id='word_1_486' title='bbox 1044 4651 1181 4721; x_wconf 76' lang='lat' dir='ltr'><strong>sicut</strong></span> <span class='ocrx_word' id='word_1_487' title='bbox 1203 4664 1304 4721; x_wconf 86' lang='lat' dir='ltr'><strong>non</strong></span> <span class='ocrx_word' id='word_1_488' title='bbox 1334 4658 1540 4720; x_wconf 83' lang='lat' dir='ltr'><strong>poterat</strong></span> <span class='ocrx_word' id='word_1_489' title='bbox 1565 4652 1661 4705; x_wconf 91' lang='lat' dir='ltr'><strong>nisi</strong></span> <span class='ocrx_word' id='word_1_490' title='bbox 1692 4667 1815 4706; x_wconf 85' lang='lat' dir='ltr'><strong>caro</strong></span> <span class='ocrx_word' id='word_1_491' title='bbox 1844 4652 1912 4707; x_wconf 86' lang='lat' dir='ltr'><strong>de</strong></span> 
     </span>
    </p>
   </div>
   <div class='ocr_carea' id='block_1_62' title="bbox 332 4720 1907 4790">
    <p class='ocr_par' dir='ltr' id='par_1_62' title="bbox 332 4720 1907 4790">
     <span class='ocr_line' id='line_1_66' title="bbox 332 4720 1907 4790; baseline 0.001 -15"><span class='ocrx_word' id='word_1_492' title='bbox 332 4736 495 4777; x_wconf 88' lang='lat' dir='ltr'><strong>carne</strong></span> <span class='ocrx_word' id='word_1_493' title='bbox 512 4720 677 4787; x_wconf 84' lang='lat' dir='ltr'><strong>nasci;</strong></span> <span class='ocrx_word' id='word_1_494' title='bbox 696 4722 766 4776; x_wconf 92' lang='lat' dir='ltr'><strong>ita</strong></span> <span class='ocrx_word' id='word_1_495' title='bbox 790 4738 892 4775; x_wconf 85' lang='lat' dir='ltr'><strong>non</strong></span> <span class='ocrx_word' id='word_1_496' title='bbox 919 4728 1126 4790; x_wconf 79' lang='lat' dir='ltr'><strong>poterat</strong></span> <span class='ocrx_word' id='word_1_497' title='bbox 1149 4720 1240 4774; x_wconf 86' lang='lat' dir='ltr'><strong>Dei</strong></span> <span class='ocrx_word' id='word_1_498' title='bbox 1258 4736 1380 4775; x_wconf 88' lang='lat' dir='ltr'><strong>caro</strong></span> <span class='ocrx_word' id='word_1_499' title='bbox 1396 4722 1463 4776; x_wconf 91' lang='lat' dir='ltr'><strong>de</strong></span> <span class='ocrx_word' id='word_1_500' title='bbox 1483 4722 1711 4775; x_wconf 84' lang='lat' dir='ltr'><strong>femineo</strong></span> <span class='ocrx_word' id='word_1_501' title='bbox 1736 4730 1907 4789; x_wconf 84' lang='lat' dir='ltr'><strong>utero,</strong></span> 
     </span>
    </p>
   </div>
   <div class='ocr_carea' id='block_1_63' title="bbox 334 4791 1911 4862">
    <p class='ocr_par' dir='ltr' id='par_1_63' title="bbox 334 4791 1911 4862">
     <span class='ocr_line' id='line_1_67' title="bbox 334 4791 1911 4862; baseline 0.001 -18"><span class='ocrx_word' id='word_1_502' title='bbox 334 4793 433 4846; x_wconf 70' lang='lat' dir='ltr'><strong>nisi</strong></span> <span class='ocrx_word' id='word_1_503' title='bbox 464 4793 579 4847; x_wconf 90' lang='lat' dir='ltr'><strong>sine</strong></span> <span class='ocrx_word' id='word_1_504' title='bbox 606 4802 892 4862; x_wconf 88' lang='lat' dir='ltr'><strong>generante</strong></span> <span class='ocrx_word' id='word_1_505' title='bbox 922 4792 1153 4860; x_wconf 85' lang='lat' dir='ltr'><strong>prodire.</strong></span> <span class='ocrx_word' id='word_1_506' title='bbox 1193 4791 1415 4860; x_wconf 81' lang='lat' dir='ltr'><strong>Propter</strong></span> <span class='ocrx_word' id='word_1_507' title='bbox 1455 4791 1593 4861; x_wconf 92' lang='lat' dir='ltr'><strong>quod</strong></span> <span class='ocrx_word' id='word_1_508' title='bbox 1635 4792 1707 4845; x_wconf 90' lang='lat' dir='ltr'><strong>ait</strong></span> <span class='ocrx_word' id='word_1_509' title='bbox 1750 4807 1911 4861; x_wconf 81' lang='lat' dir='ltr'><strong>ange-</strong></span> 
     </span>
    </p>
   </div>
   <div class='ocr_carea' id='block_1_64' title="bbox 335 4861 1911 4929">
    <p class='ocr_par' dir='ltr' id='par_1_64' title="bbox 335 4861 1911 4929">
     <span class='ocr_line' id='line_1_68' title="bbox 335 4861 1911 4929; baseline -0.001 -13"><span class='ocrx_word' id='word_1_510' title='bbox 335 4862 417 4916; x_wconf 92' lang='lat' dir='ltr'><strong>lus</strong></span> <span class='ocrx_word' id='word_1_511' title='bbox 445 4861 763 4917; x_wconf 76' lang='lat' dir='ltr'><strong>beatisSimze</strong></span> <span class='ocrx_word' id='word_1_512' title='bbox 796 4861 971 4915; x_wconf 77' lang='lat' dir='ltr'><strong>Maria:</strong></span> <span class='ocrx_word' id='word_1_513' title='bbox 1004 4879 1017 4917; x_wconf 90' lang='lat'><strong>:</strong></span> <span class='ocrx_word' id='word_1_514' title='bbox 1053 4862 1275 4929; x_wconf 78' lang='lat' dir='ltr'><strong>Spiritus</strong></span> <span class='ocrx_word' id='word_1_515' title='bbox 1302 4872 1504 4914; x_wconf 85' lang='lat' dir='ltr'><strong>sanctus</strong></span> <span class='ocrx_word' id='word_1_516' title='bbox 1530 4865 1837 4928; x_wconf 79' lang='lat' dir='ltr'><strong>superveniet</strong></span> <span class='ocrx_word' id='word_1_517' title='bbox 1859 4863 1911 4915; x_wconf 89' lang='lat' dir='ltr'><strong>in</strong></span> 
     </span>
    </p>
   </div>
   <div class='ocr_carea' id='block_1_65' title="bbox 334 4932 1913 5001">
    <p class='ocr_par' dir='ltr' id='par_1_65' title="bbox 334 4932 1913 5001">
     <span class='ocr_line' id='line_1_69' title="bbox 334 4932 1913 5001; baseline 0.001 -17"><span class='ocrx_word' id='word_1_518' title='bbox 334 4943 381 4984; x_wconf 77' lang='lat' dir='ltr'><strong>te</strong></span> <span class='ocrx_word' id='word_1_519' title='bbox 398 4973 413 4993; x_wconf 89' lang='lat'><strong>,</strong></span> <span class='ocrx_word' id='word_1_520' title='bbox 439 4944 486 4985; x_wconf 84' lang='lat' dir='ltr'><strong>et</strong></span> <span class='ocrx_word' id='word_1_521' title='bbox 506 4933 659 4985; x_wconf 78' lang='lat' dir='ltr'><strong>virtus</strong></span> <span class='ocrx_word' id='word_1_522' title='bbox 685 4932 928 4986; x_wconf 85' lang='lat' dir='ltr'><strong>Altissimi</strong></span> <span class='ocrx_word' id='word_1_523' title='bbox 961 4932 1268 4985; x_wconf 87' lang='lat' dir='ltr'><strong>obumbrahit</strong></span> <span class='ocrx_word' id='word_1_524' title='bbox 1284 4932 1380 5001; x_wconf 59' lang='lat' dir='ltr'><strong>iibi</strong></span> <span class='ocrx_word' id='word_1_525' title='bbox 1403 4942 1495 5001; x_wconf 52' lang='grc' dir='ltr'><strong>ζει</strong></span> <span class='ocrx_word' id='word_1_526' title='bbox 1519 4934 1654 5001; x_wconf 80' lang='lat' dir='ltr'><strong>quod</strong></span> <span class='ocrx_word' id='word_1_527' title='bbox 1682 4944 1913 4987; x_wconf 76' lang='lat' dir='ltr'><strong>nascetur</strong></span> 
     </span>
    </p>
   </div>
   <div class='ocr_carea' id='block_1_66' title="bbox 332 5000 1914 5073">
    <p class='ocr_par' dir='ltr' id='par_1_66' title="bbox 332 5000 1914 5073">
     <span class='ocr_line' id='line_1_70' title="bbox 332 5000 1914 5073; baseline 0.001 -18"><span class='ocrx_word' id='word_1_528' title='bbox 332 5019 395 5055; x_wconf 79' lang='lat' dir='ltr'><strong>ea:</strong></span> <span class='ocrx_word' id='word_1_529' title='bbox 420 5012 468 5056; x_wconf 85' lang='lat' dir='ltr'><strong>te</strong></span> <span class='ocrx_word' id='word_1_530' title='bbox 489 5012 716 5073; x_wconf 78' lang='lat' dir='ltr'><strong>sanctum</strong></span> <span class='ocrx_word' id='word_1_531' title='bbox 736 5043 752 5068; x_wconf 92' lang='lat'><strong>,</strong></span> <span class='ocrx_word' id='word_1_532' title='bbox 797 5003 1051 5056; x_wconf 82' lang='lat' dir='ltr'><strong>vocabitur</strong></span> <span class='ocrx_word' id='word_1_533' title='bbox 1078 5001 1245 5056; x_wconf 81' lang='lat' dir='ltr'><strong>Filius</strong></span> <span class='ocrx_word' id='word_1_534' title='bbox 1271 5000 1361 5055; x_wconf 73' lang='lat' dir='ltr'><strong>Dei</strong></span> <span class='ocrx_word' id='word_1_535' title='bbox 1391 5000 1538 5072; x_wconf 81' lang='lat' dir='ltr'><strong>(Luc.</strong></span> <span class='ocrx_word' id='word_1_536' title='bbox 1567 5019 1582 5057; x_wconf 84' lang='grc' dir='ltr'>ι</span> <span class='ocrx_word' id='word_1_537' title='bbox 1607 5044 1621 5066; x_wconf 89' lang='grc'><em>,</em></span> <span class='ocrx_word' id='word_1_538' title='bbox 1653 5002 1765 5072; x_wconf 78' lang='lat'><strong>55).</strong></span> <span class='ocrx_word' id='word_1_539' title='bbox 1791 5004 1914 5073; x_wconf 83' lang='lat' dir='ltr'><strong>Spi-</strong></span> 
     </span>
    </p>
   </div>
   <div class='ocr_carea' id='block_1_67' title="bbox 331 5072 1915 5142">
    <p class='ocr_par' dir='ltr' id='par_1_67' title="bbox 331 5072 1915 5142">
     <span class='ocr_line' id='line_1_71' title="bbox 331 5072 1915 5142; baseline 0.002 -18"><span class='ocrx_word' id='word_1_540' title='bbox 331 5073 458 5126; x_wconf 83' lang='lat' dir='ltr'><strong>ritus</strong></span> <span class='ocrx_word' id='word_1_541' title='bbox 477 5113 493 5138; x_wconf 97' lang='lat'><strong>,</strong></span> <span class='ocrx_word' id='word_1_542' title='bbox 524 5072 711 5142; x_wconf 90' lang='lat' dir='ltr'><strong>inquit,</strong></span> <span class='ocrx_word' id='word_1_543' title='bbox 738 5083 940 5127; x_wconf 83' lang='lat' dir='ltr'><strong>sanctus</strong></span> <span class='ocrx_word' id='word_1_544' title='bbox 957 5073 1265 5141; x_wconf 73' lang='lat' dir='ltr'><strong>superveniet</strong></span> <span class='ocrx_word' id='word_1_545' title='bbox 1282 5073 1334 5124; x_wconf 86' lang='lat' dir='ltr'><strong>in</strong></span> <span class='ocrx_word' id='word_1_546' title='bbox 1361 5081 1425 5142; x_wconf 78' lang='lat' dir='ltr'><strong>te.</strong></span> <span class='ocrx_word' id='word_1_547' title='bbox 1450 5073 1651 5127; x_wconf 87' lang='lat' dir='ltr'><strong>Idcirco</strong></span> <span class='ocrx_word' id='word_1_548' title='bbox 1672 5075 1784 5139; x_wconf 88' lang='lat' dir='ltr'><strong>tibi,</strong></span> <span class='ocrx_word' id='word_1_549' title='bbox 1811 5072 1915 5127; x_wconf 87' lang='lat' dir='ltr'><strong>fra-</strong></span> 
     </span>
    </p>
   </div>
   <div class='ocr_carea' id='block_1_68' title="bbox 333 5141 1911 5212">
    <p class='ocr_par' dir='ltr' id='par_1_68' title="bbox 333 5141 1911 5212">
     <span class='ocr_line' id='line_1_72' title="bbox 333 5141 1911 5212; baseline 0.001 -16"><span class='ocrx_word' id='word_1_550' title='bbox 333 5152 453 5206; x_wconf 87' lang='lat' dir='ltr'><strong>ter,</strong></span> <span class='ocrx_word' id='word_1_551' title='bbox 499 5141 744 5197; x_wconf 81' lang='lat' dir='ltr'><strong>virtutem</strong></span> <span class='ocrx_word' id='word_1_552' title='bbox 792 5145 957 5197; x_wconf 89' lang='lat' dir='ltr'><strong>sancti</strong></span> <span class='ocrx_word' id='word_1_553' title='bbox 987 5142 1214 5212; x_wconf 83' lang='lat' dir='ltr'><strong>Spiritus</strong></span> <span class='ocrx_word' id='word_1_554' title='bbox 1256 5141 1525 5212; x_wconf 88' lang='lat' dir='ltr'><strong>angelieus</strong></span> <span class='ocrx_word' id='word_1_555' title='bbox 1553 5157 1730 5197; x_wconf 83' lang='lat' dir='ltr'><strong>sermo</strong></span> <span class='ocrx_word' id='word_1_556' title='bbox 1774 5159 1911 5212; x_wconf 67' lang='lat' dir='ltr'><strong>prte.</strong></span> 
     </span>
    </p>
   </div>
   <div class='ocr_carea' id='block_1_69' title="bbox 334 5212 1912 5281">
    <p class='ocr_par' dir='ltr' id='par_1_69' title="bbox 334 5212 1912 5281">
     <span class='ocr_line' id='line_1_73' title="bbox 334 5212 1912 5281; baseline 0.002 -17"><span class='ocrx_word' id='word_1_557' title='bbox 334 5213 497 5278; x_wconf 82' lang='lat' dir='ltr'><strong>texit,</strong></span> <span class='ocrx_word' id='word_1_558' title='bbox 522 5228 591 5269; x_wconf 87' lang='lat' dir='ltr'><strong>ne</strong></span> <span class='ocrx_word' id='word_1_559' title='bbox 616 5214 937 5279; x_wconf 76' lang='lat' dir='ltr'><strong>coniecturis</strong></span> <span class='ocrx_word' id='word_1_560' title='bbox 956 5213 1179 5267; x_wconf 88' lang='lat' dir='ltr'><strong>carnalis</strong></span> <span class='ocrx_word' id='word_1_561' title='bbox 1208 5212 1580 5281; x_wconf 84' lang='lat' dir='ltr'><strong>disputationis</strong></span> <span class='ocrx_word' id='word_1_562' title='bbox 1605 5213 1912 5279; x_wconf 88' lang='lat' dir='ltr'><strong>hebetatus,</strong></span> 
     </span>
    </p>
   </div>
   <div class='ocr_carea' id='block_1_70' title="bbox 332 5283 1916 5407">
    <p class='ocr_par' dir='ltr' id='par_1_70' title="bbox 332 5283 1916 5407">
     <span class='ocr_line' id='line_1_74' title="bbox 332 5283 1916 5407; baseline 0.003 -73"><span class='ocrx_word' id='word_1_563' title='bbox 332 5284 563 5407; x_wconf 57' lang='lat' dir='ltr'><strong>ccel‘eslel</strong></span> <span class='ocrx_word' id='word_1_564' title='bbox 594 5283 687 5338; x_wconf 91' lang='lat' dir='ltr'><strong>tibi</strong></span> <span class='ocrx_word' id='word_1_565' title='bbox 730 5284 842 5352; x_wconf 85' lang='lat' dir='ltr'><strong>ipse</strong></span> <span class='ocrx_word' id='word_1_566' title='bbox 870 5284 1178 5355; x_wconf 81' lang='lat' dir='ltr'><strong>mysterium</strong></span> <span class='ocrx_word' id='word_1_567' title='bbox 1223 5294 1431 5338; x_wconf 88' lang='lat' dir='ltr'><strong>terrena</strong></span> <span class='ocrx_word' id='word_1_568' title='bbox 1459 5285 1916 5354; x_wconf 87' lang='lat' dir='ltr'><strong>argumentatione</strong></span> 
     </span>
     <span class='ocr_line' id='line_1_75' title="bbox 332 5368 644 5407; baseline -0.006 0"><span class='ocrx_word' id='word_1_569' title='bbox 332 5368 430 5407; x_wconf 82' lang='lat' dir='ltr'><strong>can</strong></span> <span class='ocrx_word' id='word_1_570' title='bbox 458 5370 526 5407; x_wconf 82' lang='lat' dir='ltr'><strong>nn</strong></span> <span class='ocrx_word' id='word_1_571' title='bbox 566 5371 644 5407; x_wconf 87' lang='lat' dir='ltr'><strong>as.</strong></span> 
     </span>
    </p>
   </div>
   <div class='ocr_carea' id='block_1_71' title="bbox 332 5368 644 5408">
    <p class='ocr_par' dir='ltr' id='par_1_71' title="bbox 332 5368 644 5408">
     <span class='ocr_line' id='line_1_76' title="bbox 332 5368 644 5408; baseline -0.01 -1"><span class='ocrx_word' id='word_1_572' title='bbox 332 5368 644 5408; x_wconf 68' lang='grc' dir='ltr'><strong>εοιιιηηιιεδς.</strong></span> 
     </span>
    </p>
   </div>
   <div class='ocr_carea' id='block_1_72' title="bbox 403 5420 1913 5495">
    <p class='ocr_par' dir='ltr' id='par_1_72' title="bbox 403 5420 1913 5495">
     <span class='ocr_line' id='line_1_77' title="bbox 403 5420 1913 5495; baseline -0.001 -16"><span class='ocrx_word' id='word_1_573' title='bbox 403 5425 440 5479; x_wconf 78' lang='grc'><strong>5</strong></span> <span class='ocrx_word' id='word_1_574' title='bbox 490 5422 633 5478; x_wconf 79' lang='lat' dir='ltr'><strong>Medi</strong></span> <span class='ocrx_word' id='word_1_575' title='bbox 662 5423 805 5478; x_wconf 86' lang='lat' dir='ltr'><strong>istius</strong></span> <span class='ocrx_word' id='word_1_576' title='bbox 831 5422 1152 5495; x_wconf 81' lang='lat' dir='ltr'><strong>possibilitas.</strong></span> <span class='ocrx_word' id='word_1_577' title='bbox 1187 5420 1444 5477; x_wconf 82' lang='lat' dir='ltr'><strong>Nascendi</strong></span> <span class='ocrx_word' id='word_1_578' title='bbox 1474 5434 1571 5478; x_wconf 83' lang='lat' dir='ltr'><strong>tres</strong></span> <span class='ocrx_word' id='word_1_579' title='bbox 1599 5424 1786 5495; x_wconf 84' lang='lat' dir='ltr'><strong>species</strong></span> <span class='ocrx_word' id='word_1_580' title='bbox 1814 5424 1913 5478; x_wconf 82' lang='lat' dir='ltr'><strong>nti-</strong></span> 
     </span>
    </p>
   </div>
   <div class='ocr_carea' id='block_1_73' title="bbox 332 5494 1915 5566">
    <p class='ocr_par' dir='ltr' id='par_1_73' title="bbox 332 5494 1915 5566">
     <span class='ocr_line' id='line_1_78' title="bbox 332 5494 1915 5566; baseline 0.003 -20"><span class='ocrx_word' id='word_1_581' title='bbox 332 5495 536 5549; x_wconf 74' lang='lat' dir='ltr'><strong>rabiles.</strong></span> <span class='ocrx_word' id='word_1_582' title='bbox 570 5495 674 5550; x_wconf 82' lang='lat' dir='ltr'><strong>Aut</strong></span> <span class='ocrx_word' id='word_1_583' title='bbox 716 5494 837 5550; x_wconf 85' lang='lat' dir='ltr'><strong>non</strong></span> <span class='ocrx_word' id='word_1_584' title='bbox 872 5503 1023 5566; x_wconf 87' lang='lat' dir='ltr'><strong>putas</strong></span> <span class='ocrx_word' id='word_1_585' title='bbox 1059 5508 1181 5548; x_wconf 89' lang='lat' dir='ltr'><strong>eum</strong></span> <span class='ocrx_word' id='word_1_586' title='bbox 1212 5508 1402 5549; x_wconf 89' lang='lat' dir='ltr'><strong>novum</strong></span> <span class='ocrx_word' id='word_1_587' title='bbox 1433 5508 1654 5564; x_wconf 85' lang='lat' dir='ltr'><strong>puerum</strong></span> <span class='ocrx_word' id='word_1_588' title='bbox 1702 5494 1753 5549; x_wconf 92' lang='lat' dir='ltr'><strong>in</strong></span> <span class='ocrx_word' id='word_1_589' title='bbox 1796 5496 1915 5551; x_wconf 89' lang='lat' dir='ltr'><strong>alvo</strong></span> 
     </span>
    </p>
   </div>
   <div class='ocr_carea' id='block_1_74' title="bbox 398 5647 1877 5724">
    <p class='ocr_par' dir='ltr' id='par_1_74' title="bbox 398 5647 1877 5724">
     <span class='ocr_line' id='line_1_79' title="bbox 398 5647 1877 5724; baseline 0 0"><span class='ocrx_word' id='word_1_590' title='bbox 398 5652 475 5724; x_wconf 68' lang='grc' dir='ltr'><strong>ςςιὶ</strong></span> <span class='ocrx_word' id='word_1_591' title='bbox 672 5652 736 5702; x_wconf 77' lang='lat' dir='ltr'><strong>de</strong></span> <span class='ocrx_word' id='word_1_592' title='bbox 758 5657 995 5724; x_wconf 59' lang='lat' dir='ltr'><strong>Tempore</strong></span> <span class='ocrx_word' id='word_1_593' title='bbox 1016 5651 1073 5724; x_wconf 63' lang='grc' dir='ltr'><strong>,ει</strong></span> <span class='ocrx_word' id='word_1_594' title='bbox 1096 5657 1187 5724; x_wconf 59' lang='lat' dir='ltr'><strong>tet</strong></span> <span class='ocrx_word' id='word_1_595' title='bbox 1212 5658 1351 5724; x_wconf 59' lang='grc' dir='ltr'><strong>ροξὲρ</strong></span> <span class='ocrx_word' id='word_1_596' title='bbox 1374 5651 1423 5723; x_wconf 64' lang='lat' dir='ltr'><strong>in</strong></span> <span class='ocrx_word' id='word_1_597' title='bbox 1450 5650 1838 5724; x_wconf 56' lang='grc' dir='ltr'><strong>Ανρεηάίςεβδτ,</strong></span> <span class='ocrx_word' id='word_1_598' title='bbox 1868 5714 1877 5724; x_wconf 94' lang='grc'>.</span> 
     </span>
    </p>
   </div>
   <div class='ocr_carea' id='block_1_75' title="bbox 338 5710 1914 5825">
    <p class='ocr_par' dir='ltr' id='par_1_75' title="bbox 338 5710 1914 5825">
     <span class='ocr_line' id='line_1_80' title="bbox 397 5710 1914 5825; baseline 0 -62"><span class='ocrx_word' id='word_1_599' title='bbox 397 5710 696 5825; x_wconf 47' lang='lat' dir='ltr'><strong>(mimae</strong></span> <span class='ocrx_word' id='word_1_600' title='bbox 719 5710 944 5776; x_wconf 66' lang='lat' dir='ltr'><strong>episcopo</strong></span> <span class='ocrx_word' id='word_1_601' title='bbox 968 5710 1193 5763; x_wconf 77' lang='lat' dir='ltr'><strong>tribuitur</strong></span> <span class='ocrx_word' id='word_1_602' title='bbox 1212 5710 1262 5762; x_wconf 86' lang='lat' dir='ltr'><strong>in</strong></span> <span class='ocrx_word' id='word_1_603' title='bbox 1287 5710 1424 5761; x_wconf 78' lang='lat' dir='ltr'><strong>libris</strong></span> <span class='ocrx_word' id='word_1_604' title='bbox 1447 5710 1779 5775; x_wconf 36' lang='lat' dir='ltr'><strong>uia—nuscriytis</strong></span> <span class='ocrx_word' id='word_1_605' title='bbox 1796 5721 1845 5763; x_wconf 84' lang='lat' dir='ltr'><strong>et</strong></span> <span class='ocrx_word' id='word_1_606' title='bbox 1866 5714 1914 5762; x_wconf 90' lang='lat' dir='ltr'><strong>in</strong></span> 
     </span>
     <span class='ocr_line' id='line_1_81' title="bbox 338 5786 415 5823; baseline -0.026 0"><span class='ocrx_word' id='word_1_607' title='bbox 338 5786 415 5823; x_wconf 66' lang='lat' dir='ltr'><strong>est</strong></span> 
     </span>
    </p>
   </div>
   <div class='ocr_carea' id='block_1_76' title="bbox 1772 343 2263 405">
    <p class='ocr_par' dir='ltr' id='par_1_76' title="bbox 1772 343 2263 405">
     <span class='ocr_line' id='line_1_82' title="bbox 1772 343 2263 405; baseline -0.006 0"><span class='ocrx_word' id='word_1_608' title='bbox 1772 348 1997 405; x_wconf 71' lang='lat' dir='ltr'><strong>SERMO</strong></span> <span class='ocrx_word' id='word_1_609' title='bbox 2033 343 2263 405; x_wconf 64' lang='lat' dir='ltr'><strong>CXXIII.</strong></span> 
     </span>
    </p>
   </div>
   <div class='ocr_carea' id='block_1_77' title="bbox 3478 358 3613 419">
    <p class='ocr_par' dir='ltr' id='par_1_77' title="bbox 3478 358 3613 419">
     <span class='ocr_line' id='line_1_83' title="bbox 3478 358 3613 419; baseline 0.015 -2"><span class='ocrx_word' id='word_1_610' title='bbox 3478 358 3613 419; x_wconf 62' lang='lat'><strong>1990</strong></span> 
     </span>
    </p>
   </div>
   <div class='ocr_carea' id='block_1_78' title="bbox 2044 460 3615 537">
    <p class='ocr_par' dir='ltr' id='par_1_78' title="bbox 2044 460 3615 537">
     <span class='ocr_line' id='line_1_84' title="bbox 2044 460 3615 537; baseline 0.011 -24"><span class='ocrx_word' id='word_1_611' title='bbox 2044 460 2271 537; x_wconf 45' lang='lat' dir='ltr'><strong>Virginis</strong></span> <span class='ocrx_word' id='word_1_612' title='bbox 2297 461 2527 530; x_wconf 86' lang='lat' dir='ltr'><strong>potuisse</strong></span> <span class='ocrx_word' id='word_1_613' title='bbox 2551 461 2807 537; x_wconf 75' lang='lat' dir='ltr'><strong>formare,</strong></span> <span class='ocrx_word' id='word_1_614' title='bbox 2850 465 2939 534; x_wconf 89' lang='lat' dir='ltr'><strong>qui</strong></span> <span class='ocrx_word' id='word_1_615' title='bbox 2965 480 3083 520; x_wconf 89' lang='lat' dir='ltr'><strong>cum</strong></span> <span class='ocrx_word' id='word_1_616' title='bbox 3114 466 3339 537; x_wconf 88' lang='lat' dir='ltr'><strong>primum</strong></span> <span class='ocrx_word' id='word_1_617' title='bbox 3366 473 3615 530; x_wconf 71' lang='lat' dir='ltr'><strong>conderet</strong></span> 
     </span>
    </p>
   </div>
   <div class='ocr_carea' id='block_1_79' title="bbox 2039 530 3590 614">
    <p class='ocr_par' dir='ltr' id='par_1_79' title="bbox 2039 530 3590 614">
     <span class='ocr_line' id='line_1_85' title="bbox 2039 530 3590 614; baseline 0.01 -31"><span class='ocrx_word' id='word_1_618' title='bbox 2039 530 2450 614; x_wconf 32' lang='lat' dir='ltr'><strong>hpmin&#39;emnnec</strong></span> <span class='ocrx_word' id='word_1_619' title='bbox 2469 546 2649 614; x_wconf 80' lang='lat' dir='ltr'><strong>semen</strong></span> <span class='ocrx_word' id='word_1_620' title='bbox 2671 533 2854 602; x_wconf 86' lang='lat' dir='ltr'><strong>patris,</strong></span> <span class='ocrx_word' id='word_1_621' title='bbox 2870 530 2973 590; x_wconf 82' lang='lat' dir='ltr'><strong>nec</strong></span> <span class='ocrx_word' id='word_1_622' title='bbox 2993 530 3191 594; x_wconf 79' lang='lat' dir='ltr'><strong>viscera</strong></span> <span class='ocrx_word' id='word_1_623' title='bbox 3216 551 3450 614; x_wconf 78' lang='lat' dir='ltr'><strong>materna</strong></span> <span class='ocrx_word' id='word_1_624' title='bbox 3473 561 3590 614; x_wconf 69' lang='lat' dir='ltr'><strong>qua:</strong></span> 
     </span>
    </p>
   </div>
   <div class='ocr_carea' id='block_1_80' title="bbox 2035 601 3614 680">
    <p class='ocr_par' dir='ltr' id='par_1_80' title="bbox 2035 601 3614 680">
     <span class='ocr_line' id='line_1_86' title="bbox 2035 601 3614 680; baseline 0.008 -25"><span class='ocrx_word' id='word_1_625' title='bbox 2035 601 2196 680; x_wconf 80' lang='lat' dir='ltr'><strong>sivit?</strong></span> <span class='ocrx_word' id='word_1_626' title='bbox 2218 601 2311 680; x_wconf 83' lang='lat' dir='ltr'><strong>_D_ie</strong></span> <span class='ocrx_word' id='word_1_627' title='bbox 2336 602 2533 680; x_wconf 77' lang='lat' dir='ltr'><strong>itaque,</strong></span> <span class='ocrx_word' id='word_1_628' title='bbox 2561 601 2879 673; x_wconf 82' lang='lat' dir='ltr'><strong>quicumque</strong></span> <span class='ocrx_word' id='word_1_629' title='bbox 2904 620 3234 680; x_wconf 78' lang='lat' dir='ltr'><strong>es__st_tpern:e</strong></span> <span class='ocrx_word' id='word_1_630' title='bbox 3263 601 3614 680; x_wconf 52' lang='lat' dir='ltr'><strong>dispensatio.</strong></span> 
     </span>
    </p>
   </div>
   <div class='ocr_carea' id='block_1_81' title="bbox 2037 670 3613 744">
    <p class='ocr_par' dir='ltr' id='par_1_81' title="bbox 2037 670 3613 744">
     <span class='ocr_line' id='line_1_87' title="bbox 2037 670 3613 744; baseline 0.01 -21"><span class='ocrx_word' id='word_1_631' title='bbox 2037 672 2119 724; x_wconf 83' lang='lat' dir='ltr'><strong>nis</strong></span> <span class='ocrx_word' id='word_1_632' title='bbox 2153 670 2353 744; x_wconf 83' lang='lat' dir='ltr'><strong>arbiter</strong></span> <span class='ocrx_word' id='word_1_633' title='bbox 2372 680 2426 724; x_wconf 93' lang='lat' dir='ltr'><strong>et</strong></span> <span class='ocrx_word' id='word_1_634' title='bbox 2450 670 2720 744; x_wconf 77' lang='lat' dir='ltr'><strong>discussor</strong></span> <span class='ocrx_word' id='word_1_635' title='bbox 2737 715 2751 737; x_wconf 95' lang='lat'><strong>,</strong></span> <span class='ocrx_word' id='word_1_636' title='bbox 2790 670 2909 744; x_wconf 65' lang='lat' dir='ltr'><strong>quae</strong></span> <span class='ocrx_word' id='word_1_637' title='bbox 2950 676 3041 730; x_wconf 91' lang='lat' dir='ltr'><strong>tibi</strong></span> <span class='ocrx_word' id='word_1_638' title='bbox 3058 670 3268 733; x_wconf 76' lang='lat' dir='ltr'><strong>videtur</strong></span> <span class='ocrx_word' id='word_1_639' title='bbox 3295 670 3461 737; x_wconf 71' lang='lat' dir='ltr'><strong>virtus</strong></span> <span class='ocrx_word' id='word_1_640' title='bbox 3484 688 3613 737; x_wconf 83' lang='lat' dir='ltr'><strong>emi-</strong></span> 
     </span>
    </p>
   </div>
   <div class='ocr_carea' id='block_1_82' title="bbox 2037 741 3611 819">
    <p class='ocr_par' dir='ltr' id='par_1_82' title="bbox 2037 741 3611 819">
     <span class='ocr_line' id='line_1_88' title="bbox 2037 741 3611 819; baseline 0.008 -24"><span class='ocrx_word' id='word_1_641' title='bbox 2037 741 2280 819; x_wconf 76' lang='lat' dir='ltr'><strong>nentior,</strong></span> <span class='ocrx_word' id='word_1_642' title='bbox 2311 741 2985 819; x_wconf 57' lang='lat' dir='ltr'><strong>partum_dedisse_virgini</strong></span> <span class='ocrx_word' id='word_1_643' title='bbox 3008 787 3022 811; x_wconf 88' lang='lat'><strong>,</strong></span> <span class='ocrx_word' id='word_1_644' title='bbox 3066 756 3159 819; x_wconf 87' lang='lat' dir='ltr'><strong>aut</strong></span> <span class='ocrx_word' id='word_1_645' title='bbox 3200 749 3488 819; x_wconf 88' lang='lat' dir='ltr'><strong>perfectum</strong></span> <span class='ocrx_word' id='word_1_646' title='bbox 3519 753 3611 807; x_wconf 53' lang='lat' dir='ltr'><strong>hoe</strong></span> 
     </span>
    </p>
   </div>
   <div class='ocr_carea' id='block_1_83' title="bbox 2037 811 3612 887">
    <p class='ocr_par' dir='ltr' id='par_1_83' title="bbox 2037 811 3612 887">
     <span class='ocr_line' id='line_1_89' title="bbox 2037 811 3612 887; baseline 0.01 -24"><span class='ocrx_word' id='word_1_647' title='bbox 2037 811 2253 887; x_wconf 90' lang='lat' dir='ltr'><strong>minem_</strong></span> <span class='ocrx_word' id='word_1_648' title='bbox 2276 826 2487 887; x_wconf 83' lang='lat' dir='ltr'><strong>creasse</strong></span> <span class='ocrx_word' id='word_1_649' title='bbox 2514 811 2582 866; x_wconf 89' lang='lat' dir='ltr'><strong>de</strong></span> <span class='ocrx_word' id='word_1_650' title='bbox 2610 814 2789 867; x_wconf 79' lang='lat' dir='ltr'><strong>terra?</strong></span> <span class='ocrx_word' id='word_1_651' title='bbox 2828 811 3036 869; x_wconf 75' lang='lat' dir='ltr'><strong>Primus</strong></span> <span class='ocrx_word' id='word_1_652' title='bbox 3071 811 3216 871; x_wconf 79' lang='lat' dir='ltr'><strong>enim</strong></span> <span class='ocrx_word' id='word_1_653' title='bbox 3241 822 3389 874; x_wconf 88' lang='lat' dir='ltr'><strong>homo</strong></span> <span class='ocrx_word' id='word_1_654' title='bbox 3409 863 3424 887; x_wconf 93' lang='lat'><strong>,</strong></span> <span class='ocrx_word' id='word_1_655' title='bbox 3457 832 3513 877; x_wconf 92' lang='lat' dir='ltr'><strong>ut</strong></span> <span class='ocrx_word' id='word_1_656' title='bbox 3540 825 3612 879; x_wconf 88' lang='lat' dir='ltr'><strong>ait</strong></span> 
     </span>
    </p>
   </div>
   <div class='ocr_carea' id='block_1_84' title="bbox 2038 881 3609 957">
    <p class='ocr_par' dir='ltr' id='par_1_84' title="bbox 2038 881 3609 957">
     <span class='ocr_line' id='line_1_90' title="bbox 2038 881 3609 957; baseline 0.01 -25"><span class='ocrx_word' id='word_1_657' title='bbox 2038 881 2438 957; x_wconf 34' lang='lat' dir='ltr'><strong>Apostolnsude</strong></span> <span class='ocrx_word' id='word_1_658' title='bbox 2463 889 2611 957; x_wconf 76' lang='lat' dir='ltr'><strong>terra,</strong></span> <span class='ocrx_word' id='word_1_659' title='bbox 2622 892 2866 957; x_wconf 47' lang='lat' dir='ltr'><strong>ferientis</strong></span> <span class='ocrx_word' id='word_1_660' title='bbox 2884 901 2903 949; x_wconf 91' lang='lat'><strong>;</strong></span> <span class='ocrx_word' id='word_1_661' title='bbox 2924 887 3174 941; x_wconf 86' lang='lat' dir='ltr'><strong>secundus</strong></span> <span class='ocrx_word' id='word_1_662' title='bbox 3198 889 3349 945; x_wconf 85' lang='lat' dir='ltr'><strong>homo</strong></span> <span class='ocrx_word' id='word_1_663' title='bbox 3377 881 3440 946; x_wconf 70' lang='lat' dir='ltr'><strong>de</strong></span> <span class='ocrx_word' id='word_1_664' title='bbox 3466 894 3609 957; x_wconf 65' lang='lat' dir='ltr'><strong>calo,</strong></span> 
     </span>
    </p>
   </div>
   <div class='ocr_carea' id='block_1_85' title="bbox 2033 949 3609 1033">
    <p class='ocr_par' dir='ltr' id='par_1_85' title="bbox 2033 949 3609 1033">
     <span class='ocr_line' id='line_1_91' title="bbox 2033 949 3609 1033; baseline 0.01 -31"><span class='ocrx_word' id='word_1_665' title='bbox 2033 951 2243 1033; x_wconf 64' lang='lat' dir='ltr'><strong>caelestis</strong></span> <span class='ocrx_word' id='word_1_666' title='bbox 2272 950 2313 1033; x_wconf 83' lang='lat' dir='ltr'><strong>(i</strong></span> <span class='ocrx_word' id='word_1_667' title='bbox 2334 949 2451 1031; x_wconf 76' lang='lat' dir='ltr'><strong>Cor.</strong></span> <span class='ocrx_word' id='word_1_668' title='bbox 2471 952 2695 1033; x_wconf 10' lang='lat' dir='ltr'><strong>xv,i47).</strong></span> <span class='ocrx_word' id='word_1_669' title='bbox 2715 951 2770 1007; x_wconf 89' lang='lat' dir='ltr'><strong>Si</strong></span> <span class='ocrx_word' id='word_1_670' title='bbox 2790 967 2983 1033; x_wconf 77' lang='lat' dir='ltr'><strong>contra</strong></span> <span class='ocrx_word' id='word_1_671' title='bbox 3002 966 3243 1033; x_wconf 78' lang='lat' dir='ltr'><strong>naturam</strong></span> <span class='ocrx_word' id='word_1_672' title='bbox 3262 973 3382 1015; x_wconf 86' lang='lat' dir='ltr'><strong>esse</strong></span> <span class='ocrx_word' id='word_1_673' title='bbox 3401 949 3609 1017; x_wconf 50' lang='lat' dir='ltr'><strong>conten;</strong></span> 
     </span>
    </p>
   </div>
   <div class='ocr_carea' id='block_1_86' title="bbox 2033 1020 3611 1092">
    <p class='ocr_par' dir='ltr' id='par_1_86' title="bbox 2033 1020 3611 1092">
     <span class='ocr_line' id='line_1_92' title="bbox 2033 1020 3611 1092; baseline 0.01 -19"><span class='ocrx_word' id='word_1_674' title='bbox 2033 1020 2315 1092; x_wconf 75' lang='lat' dir='ltr'><strong>dis.__quod</strong></span> <span class='ocrx_word' id='word_1_675' title='bbox 2345 1021 2398 1075; x_wconf 93' lang='lat' dir='ltr'><strong>in</strong></span> <span class='ocrx_word' id='word_1_676' title='bbox 2446 1020 2699 1092; x_wconf 88' lang='lat' dir='ltr'><strong>mysterio</strong></span> <span class='ocrx_word' id='word_1_677' title='bbox 2726 1024 3106 1092; x_wconf 81' lang='lat' dir='ltr'><strong>redemptionis</strong></span> <span class='ocrx_word' id='word_1_678' title='bbox 3132 1038 3326 1084; x_wconf 66' lang='lat' dir='ltr'><strong>nostra:</strong></span> <span class='ocrx_word' id='word_1_679' title='bbox 3351 1036 3466 1087; x_wconf 87' lang='lat' dir='ltr'><strong>sine</strong></span> <span class='ocrx_word' id='word_1_680' title='bbox 3494 1035 3611 1087; x_wconf 89' lang='lat' dir='ltr'><strong>viro</strong></span> 
     </span>
    </p>
   </div>
   <div class='ocr_carea' id='block_1_87' title="bbox 2034 1090 3603 1166">
    <p class='ocr_par' dir='ltr' id='par_1_87' title="bbox 2034 1090 3603 1166">
     <span class='ocr_line' id='line_1_93' title="bbox 2034 1090 3603 1166; baseline 0.011 -26"><span class='ocrx_word' id='word_1_681' title='bbox 2034 1090 2214 1166; x_wconf 85' lang='lat' dir='ltr'><strong>pnelia_</strong></span> <span class='ocrx_word' id='word_1_682' title='bbox 2236 1092 2490 1146; x_wconf 90' lang='lat' dir='ltr'><strong>asseritur</strong></span> <span class='ocrx_word' id='word_1_683' title='bbox 2505 1090 2836 1166; x_wconf 83' lang='lat' dir='ltr'><strong>concepisse;</strong></span> <span class='ocrx_word' id='word_1_684' title='bbox 2858 1090 3025 1164; x_wconf 87' lang='lat' dir='ltr'><strong>cujus,</strong></span> <span class='ocrx_word' id='word_1_685' title='bbox 3053 1112 3251 1166; x_wconf 60' lang='lat' dir='ltr'><strong>quaeso,</strong></span> <span class='ocrx_word' id='word_1_686' title='bbox 3282 1112 3484 1156; x_wconf 62' lang='lat' dir='ltr'><strong>natura:</strong></span> <span class='ocrx_word' id='word_1_687' title='bbox 3505 1114 3603 1165; x_wconf 87' lang='lat' dir='ltr'><strong>est,</strong></span> 
     </span>
    </p>
   </div>
   <div class='ocr_carea' id='block_1_88' title="bbox 2032 1159 3607 1269">
    <p class='ocr_par' dir='ltr' id='par_1_88' title="bbox 2032 1159 3607 1269">
     <span class='ocr_line' id='line_1_94' title="bbox 2032 1159 3607 1269; baseline 0.008 -56"><span class='ocrx_word' id='word_1_688' title='bbox 2032 1159 2172 1228; x_wconf 89' lang='lat' dir='ltr'><strong>quod</strong></span> <span class='ocrx_word' id='word_1_689' title='bbox 2204 1161 2257 1214; x_wconf 90' lang='lat' dir='ltr'><strong>in</strong></span> <span class='ocrx_word' id='word_1_690' title='bbox 2295 1172 2520 1269; x_wconf 53' lang='lat' dir='ltr'><strong>parente</strong></span> <span class='ocrx_word' id='word_1_691' title='bbox 2551 1159 2763 1230; x_wconf 80' lang='lat' dir='ltr'><strong>generis</strong></span> <span class='ocrx_word' id='word_1_692' title='bbox 2794 1159 2956 1217; x_wconf 76' lang='lat' dir='ltr'><strong>nostri</strong></span> <span class='ocrx_word' id='word_1_693' title='bbox 2991 1159 3114 1221; x_wconf 71' lang='lat' dir='ltr'><strong>caro</strong></span> <span class='ocrx_word' id='word_1_694' title='bbox 3152 1159 3268 1223; x_wconf 83' lang='lat' dir='ltr'><strong>sine</strong></span> <span class='ocrx_word' id='word_1_695' title='bbox 3308 1184 3470 1226; x_wconf 87' lang='lat' dir='ltr'><strong>carne</strong></span> <span class='ocrx_word' id='word_1_696' title='bbox 3508 1159 3607 1226; x_wconf 56' lang='lat' dir='ltr'><strong>for;</strong></span> 
     </span>
     <span class='ocr_line' id='line_1_95' title="bbox 2035 1231 3576 1269; baseline 0 0"><span class='ocrx_word' id='word_1_697' title='bbox 2035 1238 2172 1269; x_wconf 66' lang='lat' dir='ltr'><strong>mulsa</strong></span> <span class='ocrx_word' id='word_1_698' title='bbox 2202 1239 2280 1269; x_wconf 68' lang='lat' dir='ltr'><strong>ad</strong></span> <span class='ocrx_word' id='word_1_699' title='bbox 2337 1231 2466 1269; x_wconf 71' lang='lat' dir='ltr'><strong>num</strong></span> <span class='ocrx_word' id='word_1_700' title='bbox 2493 1242 2567 1269; x_wconf 69' lang='lat' dir='ltr'><strong>oet</strong></span> <span class='ocrx_word' id='word_1_701' title='bbox 2602 1232 2695 1269; x_wconf 66' lang='lat' dir='ltr'><strong>icln</strong></span> <span class='ocrx_word' id='word_1_702' title='bbox 2728 1235 2864 1269; x_wconf 75' lang='lat' dir='ltr'><strong>mlin</strong></span> <span class='ocrx_word' id='word_1_703' title='bbox 2914 1235 3019 1269; x_wconf 82' lang='lat' dir='ltr'><strong>imn</strong></span> <span class='ocrx_word' id='word_1_704' title='bbox 3039 1252 3194 1269; x_wconf 82' lang='lat' dir='ltr'><strong>mmm</strong></span> <span class='ocrx_word' id='word_1_705' title='bbox 3223 1252 3359 1269; x_wconf 69' lang='lat' dir='ltr'><strong><em>nmnn</em></strong></span> <span class='ocrx_word' id='word_1_706' title='bbox 3389 1251 3576 1269; x_wconf 66' lang='grc' dir='ltr'><strong>ΔΛηΙΛιι</strong></span> 
     </span>
    </p>
   </div>
   <div class='ocr_carea' id='block_1_89' title="bbox 2035 1231 3607 1303">
    <p class='ocr_par' dir='ltr' id='par_1_89' title="bbox 2035 1231 3607 1303">
     <span class='ocr_line' id='line_1_96' title="bbox 2035 1231 3607 1303; baseline 0.009 -23"><span class='ocrx_word' id='word_1_707' title='bbox 2035 1238 2175 1303; x_wconf 85' lang='lat' dir='ltr'><strong>mata</strong></span> <span class='ocrx_word' id='word_1_708' title='bbox 2202 1231 2318 1285; x_wconf 89' lang='lat' dir='ltr'><strong>est?</strong></span> <span class='ocrx_word' id='word_1_709' title='bbox 2337 1231 2466 1298; x_wconf 63' lang='lat' dir='ltr'><strong>Quae</strong></span> <span class='ocrx_word' id='word_1_710' title='bbox 2493 1242 2573 1303; x_wconf 86' lang='lat' dir='ltr'><strong>est</strong></span> <span class='ocrx_word' id='word_1_711' title='bbox 2601 1232 2701 1303; x_wconf 85' lang='lat' dir='ltr'><strong>ista</strong></span> <span class='ocrx_word' id='word_1_712' title='bbox 2728 1235 2884 1294; x_wconf 86' lang='lat' dir='ltr'><strong>ratio,</strong></span> <span class='ocrx_word' id='word_1_713' title='bbox 2913 1235 3019 1289; x_wconf 90' lang='lat' dir='ltr'><strong>imo</strong></span> <span class='ocrx_word' id='word_1_714' title='bbox 3034 1252 3195 1303; x_wconf 85' lang='lat' dir='ltr'><strong>quam</strong></span> <span class='ocrx_word' id='word_1_715' title='bbox 3222 1252 3361 1293; x_wconf 61' lang='lat' dir='ltr'><strong>caeca</strong></span> <span class='ocrx_word' id='word_1_716' title='bbox 3387 1251 3607 1296; x_wconf 77' lang='lat' dir='ltr'><strong>conten-</strong></span> 
     </span>
    </p>
   </div>
   <div class='ocr_carea' id='block_1_90' title="bbox 2033 1299 3606 1378">
    <p class='ocr_par' dir='ltr' id='par_1_90' title="bbox 2033 1299 3606 1378">
     <span class='ocr_line' id='line_1_97' title="bbox 2033 1299 3606 1378; baseline 0.009 -26"><span class='ocrx_word' id='word_1_717' title='bbox 2033 1299 2155 1378; x_wconf 64' lang='lat' dir='ltr'><strong>iio,_</strong></span> <span class='ocrx_word' id='word_1_718' title='bbox 2176 1309 2233 1354; x_wconf 89' lang='lat' dir='ltr'><strong>ut</strong></span> <span class='ocrx_word' id='word_1_719' title='bbox 2260 1315 2365 1355; x_wconf 90' lang='lat' dir='ltr'><strong>non</strong></span> <span class='ocrx_word' id='word_1_720' title='bbox 2399 1301 2647 1378; x_wconf 76' lang='lat' dir='ltr'><strong>credatur</strong></span> <span class='ocrx_word' id='word_1_721' title='bbox 2682 1302 2823 1378; x_wconf 74' lang='lat' dir='ltr'><strong>Deus</strong></span> <span class='ocrx_word' id='word_1_722' title='bbox 2863 1303 3035 1378; x_wconf 80' lang='lat' dir='ltr'><strong>facere</strong></span> <span class='ocrx_word' id='word_1_723' title='bbox 3051 1299 3329 1378; x_wconf 68' lang='lat' dir='ltr'><strong>hominem</strong></span> <span class='ocrx_word' id='word_1_724' title='bbox 3358 1326 3511 1378; x_wconf 81' lang='lat' dir='ltr'><strong>posse</strong></span> <span class='ocrx_word' id='word_1_725' title='bbox 3538 1312 3606 1367; x_wconf 89' lang='lat' dir='ltr'><strong>de</strong></span> 
     </span>
    </p>
   </div>
   <div class='ocr_carea' id='block_1_91' title="bbox 2033 1368 3607 1452">
    <p class='ocr_par' dir='ltr' id='par_1_91' title="bbox 2033 1368 3607 1452">
     <span class='ocr_line' id='line_1_98' title="bbox 2033 1368 3607 1452; baseline 0.007 -30"><span class='ocrx_word' id='word_1_726' title='bbox 2033 1368 2227 1452; x_wconf 72' lang='lat' dir='ltr'><strong>ieniina</strong></span> <span class='ocrx_word' id='word_1_727' title='bbox 2247 1411 2262 1437; x_wconf 92' lang='lat'><strong>,</strong></span> <span class='ocrx_word' id='word_1_728' title='bbox 2285 1385 2441 1452; x_wconf 77' lang='lat' dir='ltr'><strong>quem</strong></span> <span class='ocrx_word' id='word_1_729' title='bbox 2462 1370 2697 1452; x_wconf 77' lang='lat' dir='ltr'><strong>creditur</strong></span> <span class='ocrx_word' id='word_1_730' title='bbox 2720 1371 2786 1425; x_wconf 91' lang='lat' dir='ltr'><strong>de</strong></span> <span class='ocrx_word' id='word_1_731' title='bbox 2807 1373 3022 1452; x_wconf 81' lang='lat' dir='ltr'><strong>puiverc</strong></span> <span class='ocrx_word' id='word_1_732' title='bbox 3042 1375 3231 1433; x_wconf 87' lang='lat' dir='ltr'><strong>fecisse</strong></span> <span class='ocrx_word' id='word_1_733' title='bbox 3246 1378 3269 1452; x_wconf 58' lang='grc' dir='ltr'>ξ</span> <span class='ocrx_word' id='word_1_734' title='bbox 3287 1379 3341 1452; x_wconf 83' lang='lat' dir='ltr'><strong>Si</strong></span> <span class='ocrx_word' id='word_1_735' title='bbox 3359 1368 3607 1452; x_wconf 64' lang='lat' dir='ltr'><strong>Omnipo.</strong></span> 
     </span>
    </p>
   </div>
   <div class='ocr_carea' id='block_1_92' title="bbox 2033 1439 3606 1517">
    <p class='ocr_par' dir='ltr' id='par_1_92' title="bbox 2033 1439 3606 1517">
     <span class='ocr_line' id='line_1_99' title="bbox 2033 1439 3606 1517; baseline 0.007 -25"><span class='ocrx_word' id='word_1_736' title='bbox 2033 1440 2268 1517; x_wconf 89' lang='lat' dir='ltr'><strong>tentis._o</strong></span> <span class='ocrx_word' id='word_1_737' title='bbox 2284 1439 2443 1493; x_wconf 89' lang='lat' dir='ltr'><strong>homo</strong></span> <span class='ocrx_word' id='word_1_738' title='bbox 2462 1479 2477 1506; x_wconf 92' lang='lat'><strong>,</strong></span> <span class='ocrx_word' id='word_1_739' title='bbox 2511 1441 2598 1493; x_wconf 91' lang='lat' dir='ltr'><strong>tali</strong></span> <span class='ocrx_word' id='word_1_740' title='bbox 2637 1441 2690 1495; x_wconf 91' lang='lat' dir='ltr'><strong>in</strong></span> <span class='ocrx_word' id='word_1_741' title='bbox 2717 1439 2932 1517; x_wconf 65' lang='lat' dir='ltr'><strong>negoiio</strong></span> <span class='ocrx_word' id='word_1_742' title='bbox 2941 1459 3069 1517; x_wconf 82' lang='lat' dir='ltr'><strong>esse</strong></span> <span class='ocrx_word' id='word_1_743' title='bbox 3091 1449 3343 1517; x_wconf 90' lang='lat' dir='ltr'><strong>perspicis</strong></span> <span class='ocrx_word' id='word_1_744' title='bbox 3367 1439 3606 1505; x_wconf 70' lang='lat' dir='ltr'><strong>volunta-</strong></span> 
     </span>
    </p>
   </div>
   <div class='ocr_carea' id='block_1_93' title="bbox 2032 1509 3603 1590">
    <p class='ocr_par' dir='ltr' id='par_1_93' title="bbox 2032 1509 3603 1590">
     <span class='ocr_line' id='line_1_100' title="bbox 2032 1509 3603 1590; baseline 0.009 -30"><span class='ocrx_word' id='word_1_745' title='bbox 2032 1517 2160 1590; x_wconf 84' lang='lat' dir='ltr'><strong>tem,</strong></span> <span class='ocrx_word' id='word_1_746' title='bbox 2186 1509 2258 1590; x_wconf 72' lang='lat' dir='ltr'><strong>de</strong></span> <span class='ocrx_word' id='word_1_747' title='bbox 2282 1524 2444 1590; x_wconf 80' lang='lat' dir='ltr'><strong>opere</strong></span> <span class='ocrx_word' id='word_1_748' title='bbox 2468 1525 2563 1564; x_wconf 89' lang='lat' dir='ltr'><strong>cur</strong></span> <span class='ocrx_word' id='word_1_749' title='bbox 2586 1509 2877 1590; x_wconf 53' lang='lat' dir='ltr'><strong>retractas?</strong></span> <span class='ocrx_word' id='word_1_750' title='bbox 2909 1509 3248 1590; x_wconf 60' lang='lat' dir='ltr'><strong>(Inmiti&#39;enir&#39;n</strong></span> <span class='ocrx_word' id='word_1_751' title='bbox 3265 1558 3279 1580; x_wconf 96' lang='lat'><strong>,</strong></span> <span class='ocrx_word' id='word_1_752' title='bbox 3314 1520 3451 1573; x_wconf 90' lang='lat' dir='ltr'><strong>sicut</strong></span> <span class='ocrx_word' id='word_1_753' title='bbox 3471 1522 3603 1590; x_wconf 83' lang='lat' dir='ltr'><strong>legi-</strong></span> 
     </span>
    </p>
   </div>
   <div class='ocr_carea' id='block_1_94' title="bbox 2032 1577 3599 1659">
    <p class='ocr_par' dir='ltr' id='par_1_94' title="bbox 2032 1577 3599 1659">
     <span class='ocr_line' id='line_1_101' title="bbox 2032 1577 3599 1659; baseline 0.01 -28"><span class='ocrx_word' id='word_1_754' title='bbox 2032 1586 2147 1643; x_wconf 89' lang='lat' dir='ltr'><strong>tur,</strong></span> <span class='ocrx_word' id='word_1_755' title='bbox 2173 1577 2548 1659; x_wconf 58' lang='lat' dir='ltr'><strong>Doniinusquda</strong></span> <span class='ocrx_word' id='word_1_756' title='bbox 2565 1581 2718 1659; x_wconf 68' lang='lat' dir='ltr'><strong>voiuit</strong></span> <span class='ocrx_word' id='word_1_757' title='bbox 2734 1620 2748 1647; x_wconf 92' lang='lat'><strong>,</strong></span> <span class='ocrx_word' id='word_1_758' title='bbox 2782 1583 2896 1651; x_wconf 80' lang='lat' dir='ltr'><strong>fecit</strong></span> <span class='ocrx_word' id='word_1_759' title='bbox 2915 1585 2967 1636; x_wconf 86' lang='lat' dir='ltr'><strong>in</strong></span> <span class='ocrx_word' id='word_1_760' title='bbox 2994 1586 3117 1639; x_wconf 76' lang='lat' dir='ltr'><strong>cwlo</strong></span> <span class='ocrx_word' id='word_1_761' title='bbox 3134 1596 3184 1659; x_wconf 69' lang='lat' dir='ltr'><strong>et</strong></span> <span class='ocrx_word' id='word_1_762' title='bbox 3203 1577 3411 1641; x_wconf 73' lang='lat' dir='ltr'><strong>interra</strong></span> <span class='ocrx_word' id='word_1_763' title='bbox 3433 1577 3599 1659; x_wconf 55' lang='lat' dir='ltr'><strong>(Padi.</strong></span> 
     </span>
    </p>
   </div>
   <div class='ocr_carea' id='block_1_95' title="bbox 2029 1650 3604 1725">
    <p class='ocr_par' dir='ltr' id='par_1_95' title="bbox 2029 1650 3604 1725">
     <span class='ocr_line' id='line_1_102' title="bbox 2029 1650 3604 1725; baseline 0.009 -25"><span class='ocrx_word' id='word_1_764' title='bbox 2029 1662 2252 1725; x_wconf 63' lang='lat' dir='ltr'><strong>cxsmv,</strong></span> <span class='ocrx_word' id='word_1_765' title='bbox 2285 1651 2361 1725; x_wconf 53' lang='lat'><strong>6):</strong></span> <span class='ocrx_word' id='word_1_766' title='bbox 2388 1650 2454 1703; x_wconf 87' lang='lat' dir='ltr'><strong>Et</strong></span> <span class='ocrx_word' id='word_1_767' title='bbox 2476 1651 2521 1703; x_wconf 91' lang='lat' dir='ltr'><strong>si</strong></span> <span class='ocrx_word' id='word_1_768' title='bbox 2547 1650 2801 1706; x_wconf 88' lang='lat' dir='ltr'><strong>sollicitus</strong></span> <span class='ocrx_word' id='word_1_769' title='bbox 2828 1656 3204 1725; x_wconf 82' lang='lat' dir='ltr'><strong>perscruteris,</strong></span> <span class='ocrx_word' id='word_1_770' title='bbox 3241 1650 3449 1725; x_wconf 46' lang='lat' dir='ltr'><strong>prteter&#39;</strong></span> <span class='ocrx_word' id='word_1_771' title='bbox 3465 1662 3604 1716; x_wconf 93' lang='lat' dir='ltr'><strong>hunc</strong></span> 
     </span>
    </p>
   </div>
   <div class='ocr_carea' id='block_1_96' title="bbox 2031 1718 3603 1791">
    <p class='ocr_par' dir='ltr' id='par_1_96' title="bbox 2031 1718 3603 1791">
     <span class='ocr_line' id='line_1_103' title="bbox 2031 1718 3603 1791; baseline 0.009 -21"><span class='ocrx_word' id='word_1_772' title='bbox 2031 1718 2319 1791; x_wconf 84' lang='lat' dir='ltr'><strong>legitimum</strong></span> <span class='ocrx_word' id='word_1_773' title='bbox 2343 1719 2584 1791; x_wconf 73' lang='lat' dir='ltr'><strong>humana:</strong></span> <span class='ocrx_word' id='word_1_774' title='bbox 2606 1718 2967 1790; x_wconf 80' lang='lat' dir='ltr'><strong>conceptionis</strong></span> <span class='ocrx_word' id='word_1_775' title='bbox 2990 1740 3139 1778; x_wconf 84' lang='lat' dir='ltr'><strong>usum</strong></span> <span class='ocrx_word' id='word_1_776' title='bbox 3156 1768 3170 1791; x_wconf 89' lang='lat'><strong>,</strong></span> <span class='ocrx_word' id='word_1_777' title='bbox 3192 1718 3312 1781; x_wconf 68' lang='lat' dir='ltr'><strong>tres</strong></span> <span class='ocrx_word' id='word_1_778' title='bbox 3331 1727 3484 1784; x_wconf 80' lang='lat' dir='ltr'><strong>valde</strong></span> <span class='ocrx_word' id='word_1_779' title='bbox 3504 1732 3603 1784; x_wconf 88' lang='lat' dir='ltr'><strong>mi-</strong></span> 
     </span>
    </p>
   </div>
   <div class='ocr_carea' id='block_1_97' title="bbox 2029 1787 3599 1865">
    <p class='ocr_par' dir='ltr' id='par_1_97' title="bbox 2029 1787 3599 1865">
     <span class='ocr_line' id='line_1_104' title="bbox 2029 1787 3599 1865; baseline 0.009 -25"><span class='ocrx_word' id='word_1_780' title='bbox 2029 1787 2221 1865; x_wconf 57' lang='lat' dir='ltr'><strong>rabiles</strong></span> <span class='ocrx_word' id='word_1_781' title='bbox 2238 1789 2485 1843; x_wconf 88' lang='lat' dir='ltr'><strong>nascendi</strong></span> <span class='ocrx_word' id='word_1_782' title='bbox 2506 1792 2713 1865; x_wconf 79' lang='lat' dir='ltr'><strong>species</strong></span> <span class='ocrx_word' id='word_1_783' title='bbox 2727 1787 2998 1865; x_wconf 77' lang='lat' dir='ltr'><strong>operatam</strong></span> <span class='ocrx_word' id='word_1_784' title='bbox 3016 1787 3251 1865; x_wconf 85' lang='lat' dir='ltr'><strong>reperies</strong></span> <span class='ocrx_word' id='word_1_785' title='bbox 3267 1797 3599 1854; x_wconf 88' lang='lat' dir='ltr'><strong>Trinitatem.</strong></span> 
     </span>
    </p>
   </div>
   <div class='ocr_carea' id='block_1_98' title="bbox 2029 1856 3601 1934">
    <p class='ocr_par' dir='ltr' id='par_1_98' title="bbox 2029 1856 3601 1934">
     <span class='ocr_line' id='line_1_105' title="bbox 2029 1856 3601 1934; baseline 0.009 -24"><span class='ocrx_word' id='word_1_786' title='bbox 2029 1856 2097 1910; x_wconf 85' lang='lat' dir='ltr'><strong>Et</strong></span> <span class='ocrx_word' id='word_1_787' title='bbox 2126 1859 2295 1926; x_wconf 90' lang='lat' dir='ltr'><strong>prima</strong></span> <span class='ocrx_word' id='word_1_788' title='bbox 2334 1856 2648 1934; x_wconf 81' lang='lat' dir='ltr'><strong>estquidem</strong></span> <span class='ocrx_word' id='word_1_789' title='bbox 2675 1902 2689 1925; x_wconf 93' lang='lat'><strong>,</strong></span> <span class='ocrx_word' id='word_1_790' title='bbox 2711 1930 2722 1934; x_wconf 95' lang='lat'><em>_</em></span> <span class='ocrx_word' id='word_1_791' title='bbox 2734 1856 2873 1934; x_wconf 78' lang='lat' dir='ltr'><strong>quod</strong></span> <span class='ocrx_word' id='word_1_792' title='bbox 2904 1856 3092 1917; x_wconf 65' lang='lat' dir='ltr'><strong>Adam&#39;</strong></span> <span class='ocrx_word' id='word_1_793' title='bbox 3111 1867 3362 1934; x_wconf 81' lang='lat' dir='ltr'><strong>figuratus</strong></span> <span class='ocrx_word' id='word_1_794' title='bbox 3386 1883 3451 1922; x_wconf 79' lang='lat' dir='ltr'><strong>ex</strong></span> <span class='ocrx_word' id='word_1_795' title='bbox 3476 1869 3601 1925; x_wconf 87' lang='lat' dir='ltr'><strong>limo</strong></span> 
     </span>
    </p>
   </div>
   <div class='ocr_carea' id='block_1_99' title="bbox 2027 1928 3601 2007">
    <p class='ocr_par' dir='ltr' id='par_1_99' title="bbox 2027 1928 3601 2007">
     <span class='ocr_line' id='line_1_106' title="bbox 2027 1928 3601 2007; baseline 0.008 -27"><span class='ocrx_word' id='word_1_796' title='bbox 2027 1936 2110 2007; x_wconf 74' lang='lat' dir='ltr'><strong>est</strong></span> <span class='ocrx_word' id='word_1_797' title='bbox 2134 1944 2146 1979; x_wconf 94' lang='lat'><strong>:</strong></span> <span class='ocrx_word' id='word_1_798' title='bbox 2175 1928 2425 1992; x_wconf 87' lang='lat' dir='ltr'><strong>secunda,</strong></span> <span class='ocrx_word' id='word_1_799' title='bbox 2455 1929 2597 2007; x_wconf 82' lang='lat' dir='ltr'><strong>quod</strong></span> <span class='ocrx_word' id='word_1_800' title='bbox 2618 1928 2808 1985; x_wconf 86' lang='lat' dir='ltr'><strong>mulier</strong></span> <span class='ocrx_word' id='word_1_801' title='bbox 2844 1928 3173 2007; x_wconf 13' lang='lat' dir='ltr'><strong>forinaiaide&#39;</strong></span> <span class='ocrx_word' id='word_1_802' title='bbox 3190 1938 3423 1991; x_wconf 87' lang='lat' dir='ltr'><strong>masculo</strong></span> <span class='ocrx_word' id='word_1_803' title='bbox 3452 1956 3463 1990; x_wconf 91' lang='lat'><strong>:</strong></span> <span class='ocrx_word' id='word_1_804' title='bbox 3494 1948 3601 1994; x_wconf 61' lang='lat' dir='ltr'><strong>tero</strong></span> 
     </span>
    </p>
   </div>
   <div class='ocr_carea' id='block_1_100' title="bbox 2028 2000 3601 2074">
    <p class='ocr_par' dir='ltr' id='par_1_100' title="bbox 2028 2000 3601 2074">
     <span class='ocr_line' id='line_1_107' title="bbox 2028 2000 3601 2074; baseline 0.01 -24"><span class='ocrx_word' id='word_1_805' title='bbox 2028 2000 2099 2074; x_wconf 76' lang='lat' dir='ltr'><strong>tia</strong></span> <span class='ocrx_word' id='word_1_806' title='bbox 2118 2012 2279 2074; x_wconf 74' lang='lat' dir='ltr'><strong>,_qua:</strong></span> <span class='ocrx_word' id='word_1_807' title='bbox 2297 2009 2373 2074; x_wconf 29' lang='lat' dir='ltr'><strong>‘et</strong></span> <span class='ocrx_word' id='word_1_808' title='bbox 2396 2000 2630 2074; x_wconf 75' lang='lat' dir='ltr'><strong>caelestis</strong></span> <span class='ocrx_word' id='word_1_809' title='bbox 2658 2010 2768 2062; x_wconf 89' lang='lat' dir='ltr'><strong>est,</strong></span> <span class='ocrx_word' id='word_1_810' title='bbox 2801 2002 2939 2070; x_wconf 92' lang='lat' dir='ltr'><strong>quod</strong></span> <span class='ocrx_word' id='word_1_811' title='bbox 2968 2001 3211 2074; x_wconf 86' lang='lat' dir='ltr'><strong>Christus</strong></span> <span class='ocrx_word' id='word_1_812' title='bbox 3241 2009 3497 2074; x_wconf 88' lang='lat' dir='ltr'><strong>processit</strong></span> <span class='ocrx_word' id='word_1_813' title='bbox 3533 2026 3601 2066; x_wconf 76' lang='lat' dir='ltr'><strong>ex</strong></span> 
     </span>
    </p>
   </div>
   <div class='ocr_carea' id='block_1_101' title="bbox 2027 2067 3598 2143">
    <p class='ocr_par' dir='ltr' id='par_1_101' title="bbox 2027 2067 3598 2143">
     <span class='ocr_line' id='line_1_108' title="bbox 2027 2067 3598 2143; baseline 0.01 -25"><span class='ocrx_word' id='word_1_814' title='bbox 2027 2067 2249 2143; x_wconf 73' lang='lat' dir='ltr'><strong>virgine.</strong></span> <span class='ocrx_word' id='word_1_815' title='bbox 2277 2067 2639 2143; x_wconf 62' lang='lat' dir='ltr'><strong>Quidliorum</strong></span> <span class='ocrx_word' id='word_1_816' title='bbox 2678 2084 2782 2143; x_wconf 86' lang='lat' dir='ltr'><strong>non</strong></span> <span class='ocrx_word' id='word_1_817' title='bbox 2810 2067 3055 2143; x_wconf 68' lang='lat' dir='ltr'><strong>novum?</strong></span> <span class='ocrx_word' id='word_1_818' title='bbox 3096 2074 3222 2143; x_wconf 91' lang='lat' dir='ltr'><strong>quid</strong></span> <span class='ocrx_word' id='word_1_819' title='bbox 3241 2067 3449 2132; x_wconf 59' lang='lat' dir='ltr'><strong>&#39;horum</strong></span> <span class='ocrx_word' id='word_1_820' title='bbox 3491 2095 3598 2134; x_wconf 91' lang='lat' dir='ltr'><strong>non</strong></span> 
     </span>
    </p>
   </div>
   <div class='ocr_carea' id='block_1_102' title="bbox 2026 2137 3600 2217">
    <p class='ocr_par' dir='ltr' id='par_1_102' title="bbox 2026 2137 3600 2217">
     <span class='ocr_line' id='line_1_109' title="bbox 2026 2137 3600 2217; baseline 0.01 -29"><span class='ocrx_word' id='word_1_821' title='bbox 2026 2137 2303 2217; x_wconf 64' lang='lat' dir='ltr'><strong>mirabile?</strong></span> <span class='ocrx_word' id='word_1_822' title='bbox 2323 2138 2446 2217; x_wconf 80' lang='lat' dir='ltr'><strong>quid</strong></span> <span class='ocrx_word' id='word_1_823' title='bbox 2470 2138 2689 2205; x_wconf 89' lang='lat' dir='ltr'><strong>horum,</strong></span> <span class='ocrx_word' id='word_1_824' title='bbox 2724 2140 2822 2217; x_wconf 75' lang='lat' dir='ltr'><strong>nisi</strong></span> <span class='ocrx_word' id='word_1_825' title='bbox 2852 2141 3007 2217; x_wconf 76' lang='lat' dir='ltr'><strong>(idem</strong></span> <span class='ocrx_word' id='word_1_826' title='bbox 3039 2137 3350 2217; x_wconf 77' lang='lat' dir='ltr'><strong>scqttamur,</strong></span> <span class='ocrx_word' id='word_1_827' title='bbox 3378 2146 3600 2217; x_wconf 87' lang='lat' dir='ltr'><strong>inquisi-</strong></span> 
     </span>
    </p>
   </div>
   <div class='ocr_carea' id='block_1_103' title="bbox 2027 2207 3599 2288">
    <p class='ocr_par' dir='ltr' id='par_1_103' title="bbox 2027 2207 3599 2288">
     <span class='ocr_line' id='line_1_110' title="bbox 2027 2207 3599 2288; baseline 0.01 -30"><span class='ocrx_word' id='word_1_828' title='bbox 2027 2207 2101 2288; x_wconf 64' lang='lat' dir='ltr'><strong>iio</strong></span> <span class='ocrx_word' id='word_1_829' title='bbox 2128 2209 2321 2274; x_wconf 91' lang='lat' dir='ltr'><strong>poterit</strong></span> <span class='ocrx_word' id='word_1_830' title='bbox 2357 2207 2591 2288; x_wconf 75' lang='lat' dir='ltr'><strong>humana</strong></span> <span class='ocrx_word' id='word_1_831' title='bbox 2631 2210 2945 2288; x_wconf 78' lang='lat' dir='ltr'><strong>complecti?</strong></span> <span class='ocrx_word' id='word_1_832' title='bbox 2970 2207 3346 2288; x_wconf 31' lang='lat' dir='ltr'><strong>Quodlautem&#39;</strong></span> <span class='ocrx_word' id='word_1_833' title='bbox 3374 2207 3599 2288; x_wconf 59' lang='lat' dir='ltr'><strong>my&#39;Stico</strong></span> 
     </span>
    </p>
   </div>
   <div class='ocr_carea' id='block_1_104' title="bbox 2026 2275 3600 2355">
    <p class='ocr_par' dir='ltr' id='par_1_104' title="bbox 2026 2275 3600 2355">
     <span class='ocr_line' id='line_1_111' title="bbox 2026 2275 3600 2355; baseline 0.009 -26"><span class='ocrx_word' id='word_1_834' title='bbox 2026 2275 2130 2355; x_wconf 61' lang='lat' dir='ltr'><strong>hoc</strong></span> <span class='ocrx_word' id='word_1_835' title='bbox 2148 2287 2405 2347; x_wconf 89' lang='lat' dir='ltr'><strong>conceptu</strong></span> <span class='ocrx_word' id='word_1_836' title='bbox 2436 2275 2919 2355; x_wconf 71' lang='lat' dir='ltr'><strong>visitaremuitdum</strong></span> <span class='ocrx_word' id='word_1_837' title='bbox 2950 2275 3222 2355; x_wconf 79' lang='lat' dir='ltr'><strong>suumDei</strong></span> <span class='ocrx_word' id='word_1_838' title='bbox 3251 2275 3493 2355; x_wconf 72' lang='lat' dir='ltr'><strong>dignatus</strong></span> <span class='ocrx_word' id='word_1_839' title='bbox 3517 2300 3600 2343; x_wconf 84' lang='lat' dir='ltr'><strong>est</strong></span> 
     </span>
    </p>
   </div>
   <div class='ocr_carea' id='block_1_105' title="bbox 2025 2346 3605 2422">
    <p class='ocr_par' dir='ltr' id='par_1_105' title="bbox 2025 2346 3605 2422">
     <span class='ocr_line' id='line_1_112' title="bbox 2025 2346 3605 2422; baseline 0.009 -23"><span class='ocrx_word' id='word_1_840' title='bbox 2025 2346 2210 2410; x_wconf 90' lang='lat' dir='ltr'><strong>Filius,</strong></span> <span class='ocrx_word' id='word_1_841' title='bbox 2241 2346 2442 2422; x_wconf 49' lang='lat' dir='ltr'><strong>nostra}</strong></span> <span class='ocrx_word' id='word_1_842' title='bbox 2464 2348 2563 2401; x_wconf 92' lang='lat' dir='ltr'><strong>hoc</strong></span> <span class='ocrx_word' id='word_1_843' title='bbox 2592 2349 2776 2422; x_wconf 82' lang='lat' dir='ltr'><strong>salutis</strong></span> <span class='ocrx_word' id='word_1_844' title='bbox 2798 2352 3083 2406; x_wconf 86' lang='lat' dir='ltr'><strong>necessitas</strong></span> <span class='ocrx_word' id='word_1_845' title='bbox 3104 2346 3370 2422; x_wconf 60' lang='lat' dir='ltr'><strong>flagitabat</strong></span> <span class='ocrx_word' id='word_1_846' title='bbox 3396 2374 3409 2410; x_wconf 93' lang='lat'><strong>:</strong></span> <span class='ocrx_word' id='word_1_847' title='bbox 3438 2359 3605 2413; x_wconf 60' lang='grc' dir='ltr'><strong>ιιίιιιίι</strong></span> 
     </span>
    </p>
   </div>
   <div class='ocr_carea' id='block_1_106' title="bbox 2023 2417 3595 2495">
    <p class='ocr_par' dir='ltr' id='par_1_106' title="bbox 2023 2417 3595 2495">
     <span class='ocr_line' id='line_1_113' title="bbox 2023 2417 3595 2495; baseline 0.01 -27"><span class='ocrx_word' id='word_1_848' title='bbox 2023 2431 2141 2495; x_wconf 76' lang='lat' dir='ltr'><strong>rum</strong></span> <span class='ocrx_word' id='word_1_849' title='bbox 2169 2425 2224 2470; x_wconf 93' lang='lat' dir='ltr'><strong>ut</strong></span> <span class='ocrx_word' id='word_1_850' title='bbox 2244 2418 2475 2472; x_wconf 62' lang='lat' dir='ltr'><strong>caelestis</strong></span> <span class='ocrx_word' id='word_1_851' title='bbox 2502 2417 2710 2495; x_wconf 79' lang='lat' dir='ltr'><strong>tandem</strong></span> <span class='ocrx_word' id='word_1_852' title='bbox 2735 2422 3007 2487; x_wconf 80' lang='lat' dir='ltr'><strong>generatio</strong></span> <span class='ocrx_word' id='word_1_853' title='bbox 3031 2417 3318 2492; x_wconf 63' lang='lat' dir='ltr'><strong>repararet,</strong></span> <span class='ocrx_word' id='word_1_854' title='bbox 3339 2426 3478 2495; x_wconf 91' lang='lat' dir='ltr'><strong>quod</strong></span> <span class='ocrx_word' id='word_1_855' title='bbox 3499 2444 3595 2483; x_wconf 87' lang='lat' dir='ltr'><strong>na-</strong></span> 
     </span>
    </p>
   </div>
   <div class='ocr_carea' id='block_1_107' title="bbox 2026 2487 2777 2555">
    <p class='ocr_par' dir='ltr' id='par_1_107' title="bbox 2026 2487 2777 2555">
     <span class='ocr_line' id='line_1_114' title="bbox 2026 2487 2777 2555; baseline 0.003 -15"><span class='ocrx_word' id='word_1_856' title='bbox 2026 2487 2198 2541; x_wconf 88' lang='lat' dir='ltr'><strong>tivitas</strong></span> <span class='ocrx_word' id='word_1_857' title='bbox 2223 2495 2430 2541; x_wconf 87' lang='lat' dir='ltr'><strong>terrena</strong></span> <span class='ocrx_word' id='word_1_858' title='bbox 2460 2488 2777 2555; x_wconf 78' lang='lat' dir='ltr'><strong>perdiderat.</strong></span> 
     </span>
    </p>
   </div>
   <div class='ocr_carea' id='block_1_108' title="bbox 2092 2556 3598 2630">
    <p class='ocr_par' dir='ltr' id='par_1_108' title="bbox 2092 2556 3598 2630">
     <span class='ocr_line' id='line_1_115' title="bbox 2092 2556 3598 2630; baseline 0.007 -19"><span class='ocrx_word' id='word_1_859' title='bbox 2092 2556 2148 2630; x_wconf 59' lang='lat'><strong>4,</strong></span> <span class='ocrx_word' id='word_1_860' title='bbox 2179 2556 2363 2630; x_wconf 81' lang='lat' dir='ltr'><strong>Christi</strong></span> <span class='ocrx_word' id='word_1_861' title='bbox 2403 2556 2656 2630; x_wconf 72' lang='lat' dir='ltr'><strong>humilitas</strong></span> <span class='ocrx_word' id='word_1_862' title='bbox 2686 2559 2920 2630; x_wconf 70' lang='lat' dir='ltr'><strong>potentia:</strong></span> <span class='ocrx_word' id='word_1_863' title='bbox 2943 2561 3098 2630; x_wconf 88' lang='lat' dir='ltr'><strong>signis</strong></span> <span class='ocrx_word' id='word_1_864' title='bbox 3132 2563 3396 2619; x_wconf 81' lang='lat' dir='ltr'><strong>revelatur.</strong></span> <span class='ocrx_word' id='word_1_865' title='bbox 3431 2566 3598 2623; x_wconf 86' lang='lat' dir='ltr'><strong>Virtu-</strong></span> 
     </span>
    </p>
   </div>
   <div class='ocr_carea' id='block_1_109' title="bbox 2023 2627 3599 2704">
    <p class='ocr_par' dir='ltr' id='par_1_109' title="bbox 2023 2627 3599 2704">
     <span class='ocr_line' id='line_1_116' title="bbox 2023 2627 3599 2704; baseline 0.008 -24"><span class='ocrx_word' id='word_1_866' title='bbox 2023 2635 2095 2681; x_wconf 85' lang='lat' dir='ltr'><strong>tes</strong></span> <span class='ocrx_word' id='word_1_867' title='bbox 2120 2627 2216 2704; x_wconf 62' lang='lat' dir='ltr'><strong>hiic</strong></span> <span class='ocrx_word' id='word_1_868' title='bbox 2237 2627 2319 2680; x_wconf 85' lang='lat' dir='ltr'><strong>die</strong></span> <span class='ocrx_word' id='word_1_869' title='bbox 2341 2629 2850 2704; x_wconf 69' lang='lat' dir='ltr'><strong>catnnwndatw._Scd</strong></span> <span class='ocrx_word' id='word_1_870' title='bbox 2881 2627 3123 2704; x_wconf 71' lang='lat' dir='ltr'><strong>fortassis</strong></span> <span class='ocrx_word' id='word_1_871' title='bbox 3150 2633 3289 2688; x_wconf 91' lang='lat' dir='ltr'><strong>hunc</strong></span> <span class='ocrx_word' id='word_1_872' title='bbox 3317 2637 3404 2704; x_wconf 92' lang='lat' dir='ltr'><strong>qui</strong></span> <span class='ocrx_word' id='word_1_873' title='bbox 3444 2649 3599 2693; x_wconf 87' lang='lat' dir='ltr'><strong>natus</strong></span> 
     </span>
    </p>
   </div>
   <div class='ocr_carea' id='block_1_110' title="bbox 2022 2697 3594 2776">
    <p class='ocr_par' dir='ltr' id='par_1_110' title="bbox 2022 2697 3594 2776">
     <span class='ocr_line' id='line_1_117' title="bbox 2022 2697 3594 2776; baseline 0.008 -27"><span class='ocrx_word' id='word_1_874' title='bbox 2022 2697 2339 2776; x_wconf 61' lang='lat' dir='ltr'><strong>praedicatur</strong></span> <span class='ocrx_word' id='word_1_875' title='bbox 2367 2714 2431 2752; x_wconf 77' lang='lat' dir='ltr'><strong>ex</strong></span> <span class='ocrx_word' id='word_1_876' title='bbox 2458 2697 2677 2759; x_wconf 85' lang='lat' dir='ltr'><strong>femina,</strong></span> <span class='ocrx_word' id='word_1_877' title='bbox 2705 2699 2829 2776; x_wconf 82' lang='lat' dir='ltr'><strong>dum</strong></span> <span class='ocrx_word' id='word_1_878' title='bbox 2858 2700 3050 2754; x_wconf 90' lang='lat' dir='ltr'><strong>vilibus</strong></span> <span class='ocrx_word' id='word_1_879' title='bbox 3072 2697 3367 2776; x_wconf 66' lang='lat' dir='ltr'><strong>obvolvitur</strong></span> <span class='ocrx_word' id='word_1_880' title='bbox 3386 2709 3594 2776; x_wconf 85' lang='lat' dir='ltr'><strong>pannis,</strong></span> 
     </span>
    </p>
   </div>
   <div class='ocr_carea' id='block_1_111' title="bbox 2021 2766 3600 2846">
    <p class='ocr_par' dir='ltr' id='par_1_111' title="bbox 2021 2766 3600 2846">
     <span class='ocr_line' id='line_1_118' title="bbox 2021 2766 3600 2846; baseline 0.002 -22"><span class='ocrx_word' id='word_1_881' title='bbox 2021 2766 2146 2846; x_wconf 84' lang='lat' dir='ltr'><strong>dum</strong></span> <span class='ocrx_word' id='word_1_882' title='bbox 2164 2766 2345 2846; x_wconf 74' lang='lat' dir='ltr'><strong>jacere</strong></span> <span class='ocrx_word' id='word_1_883' title='bbox 2370 2776 2755 2846; x_wconf 88' lang='lat' dir='ltr'><strong>contentus_est</strong></span> <span class='ocrx_word' id='word_1_884' title='bbox 2778 2770 2829 2823; x_wconf 91' lang='lat' dir='ltr'><strong>in</strong></span> <span class='ocrx_word' id='word_1_885' title='bbox 2863 2772 3107 2846; x_wconf 76' lang='lat' dir='ltr'><strong>przesepi,</strong></span> <span class='ocrx_word' id='word_1_886' title='bbox 3130 2773 3254 2826; x_wconf 89' lang='lat' dir='ltr'><strong>dum</strong></span> <span class='ocrx_word' id='word_1_887' title='bbox 3284 2766 3600 2846; x_wconf 63' lang='lat' dir='ltr'><strong>lacr&#39;ymosié</strong></span> 
     </span>
    </p>
   </div>
   <div class='ocr_carea' id='block_1_112' title="bbox 2020 2836 3595 2914">
    <p class='ocr_par' dir='ltr' id='par_1_112' title="bbox 2020 2836 3595 2914">
     <span class='ocr_line' id='line_1_119' title="bbox 2020 2836 3595 2914; baseline 0.008 -24"><span class='ocrx_word' id='word_1_888' title='bbox 2020 2836 2280 2914; x_wconf 53' lang='lat' dir='ltr'><strong>gagitihus</strong></span> <span class='ocrx_word' id='word_1_889' title='bbox 2306 2850 2612 2914; x_wconf 67' lang='lat' dir='ltr'><strong>concrepat2</strong></span> <span class='ocrx_word' id='word_1_890' title='bbox 2643 2840 2766 2892; x_wconf 90' lang='lat' dir='ltr'><strong>dum</strong></span> <span class='ocrx_word' id='word_1_891' title='bbox 2795 2836 3050 2914; x_wconf 68' lang='lat' dir='ltr'><strong>maternis</strong></span> <span class='ocrx_word' id='word_1_892' title='bbox 3075 2841 3296 2914; x_wconf 86' lang='lat' dir='ltr'><strong>laetatur</strong></span> <span class='ocrx_word' id='word_1_893' title='bbox 3321 2836 3595 2914; x_wconf 75' lang='lat' dir='ltr'><strong>uberibus,</strong></span> 
     </span>
    </p>
   </div>
   <div class='ocr_carea' id='block_1_113' title="bbox 2022 2907 3592 2984">
    <p class='ocr_par' dir='ltr' id='par_1_113' title="bbox 2022 2907 3592 2984">
     <span class='ocr_line' id='line_1_120' title="bbox 2022 2907 3592 2984; baseline 0.008 -23"><span class='ocrx_word' id='word_1_894' title='bbox 2022 2908 2338 2984; x_wconf 75' lang='lat' dir='ltr'><strong>Deumesse</strong></span> <span class='ocrx_word' id='word_1_895' title='bbox 2351 2907 2577 2984; x_wconf 48' lang='lat' dir='ltr'><strong>diffidis:</strong></span> <span class='ocrx_word' id='word_1_896' title='bbox 2594 2909 2704 2961; x_wconf 91' lang='lat' dir='ltr'><strong>lmo</strong></span> <span class='ocrx_word' id='word_1_897' title='bbox 2727 2924 2819 2977; x_wconf 87' lang='lat' dir='ltr'><strong>per</strong></span> <span class='ocrx_word' id='word_1_898' title='bbox 2839 2909 2956 2984; x_wconf 73' lang='lat' dir='ltr'><strong>ista,</strong></span> <span class='ocrx_word' id='word_1_899' title='bbox 2986 2910 3181 2984; x_wconf 81' lang='lat' dir='ltr'><strong>frater,</strong></span> <span class='ocrx_word' id='word_1_900' title='bbox 3211 2913 3426 2971; x_wconf 88' lang='lat' dir='ltr'><strong>adverte</strong></span> <span class='ocrx_word' id='word_1_901' title='bbox 3448 2907 3592 2984; x_wconf 70' lang='lat' dir='ltr'><strong>eum,</strong></span> 
     </span>
    </p>
   </div>
   <div class='ocr_carea' id='block_1_114' title="bbox 2020 2978 3599 3052">
    <p class='ocr_par' dir='ltr' id='par_1_114' title="bbox 2020 2978 3599 3052">
     <span class='ocr_line' id='line_1_121' title="bbox 2020 2978 3599 3052; baseline 0.009 -23"><span class='ocrx_word' id='word_1_902' title='bbox 2020 2986 2076 3052; x_wconf 72' lang='lat' dir='ltr'><strong>et</strong></span> <span class='ocrx_word' id='word_1_903' title='bbox 2099 2986 2157 3031; x_wconf 92' lang='lat' dir='ltr'><strong>ut</strong></span> <span class='ocrx_word' id='word_1_904' title='bbox 2196 2978 2464 3052; x_wconf 82' lang='lat' dir='ltr'><strong>hominem</strong></span> <span class='ocrx_word' id='word_1_905' title='bbox 2492 2978 2696 3031; x_wconf 82' lang='lat' dir='ltr'><strong>infirma</strong></span> <span class='ocrx_word' id='word_1_906' title='bbox 2720 2993 2817 3052; x_wconf 84' lang='lat' dir='ltr'><strong>pro</strong></span> <span class='ocrx_word' id='word_1_907' title='bbox 2852 2979 3077 3034; x_wconf 80' lang='lat' dir='ltr'><strong>infirmis</strong></span> <span class='ocrx_word' id='word_1_908' title='bbox 3110 2985 3385 3050; x_wconf 89' lang='lat' dir='ltr'><strong>pertulisse</strong></span> <span class='ocrx_word' id='word_1_909' title='bbox 3408 3028 3423 3052; x_wconf 91' lang='lat'><strong>,</strong></span> <span class='ocrx_word' id='word_1_910' title='bbox 3454 2997 3508 3042; x_wconf 90' lang='lat' dir='ltr'><strong>et</strong></span> <span class='ocrx_word' id='word_1_911' title='bbox 3537 2978 3599 3044; x_wconf 70' lang='lat' dir='ltr'><strong>ui</strong></span> 
     </span>
    </p>
   </div>
   <div class='ocr_carea' id='block_1_115' title="bbox 2023 3047 3595 3128">
    <p class='ocr_par' dir='ltr' id='par_1_115' title="bbox 2023 3047 3595 3128">
     <span class='ocr_line' id='line_1_122' title="bbox 2023 3047 3595 3128; baseline 0.008 -27"><span class='ocrx_word' id='word_1_912' title='bbox 2023 3047 2188 3128; x_wconf 79' lang='lat' dir='ltr'><strong>Deum</strong></span> <span class='ocrx_word' id='word_1_913' title='bbox 2229 3048 2861 3128; x_wconf 57' lang='lat' dir='ltr'><strong>potentiamcxercuisse</strong></span> <span class='ocrx_word' id='word_1_914' title='bbox 2898 3047 3190 3128; x_wconf 70' lang='lat' dir='ltr'><strong>etelestein.</strong></span> <span class='ocrx_word' id='word_1_915' title='bbox 3229 3054 3325 3128; x_wconf 69' lang='lat' dir='ltr'><strong>ilic</strong></span> <span class='ocrx_word' id='word_1_916' title='bbox 3368 3047 3595 3128; x_wconf 77' lang='lat' dir='ltr'><strong>namque</strong></span> 
     </span>
    </p>
   </div>
   <div class='ocr_carea' id='block_1_116' title="bbox 2021 3118 3596 3193">
    <p class='ocr_par' dir='ltr' id='par_1_116' title="bbox 2021 3118 3596 3193">
     <span class='ocr_line' id='line_1_123' title="bbox 2021 3118 3596 3193; baseline 0.006 -22"><span class='ocrx_word' id='word_1_917' title='bbox 2021 3119 2107 3193; x_wconf 80' lang='lat' dir='ltr'><strong>qui</strong></span> <span class='ocrx_word' id='word_1_918' title='bbox 2140 3118 2477 3193; x_wconf 76' lang='lat' dir='ltr'><strong>sordentibus</strong></span> <span class='ocrx_word' id='word_1_919' title='bbox 2500 3118 3102 3193; x_wconf 73' lang='lat' dir='ltr'><strong>circutntlaturpzmnis,</strong></span> <span class='ocrx_word' id='word_1_920' title='bbox 3132 3123 3291 3191; x_wconf 87' lang='lat' dir='ltr'><strong>regiis</strong></span> <span class='ocrx_word' id='word_1_921' title='bbox 3317 3140 3411 3193; x_wconf 89' lang='lat' dir='ltr'><strong>per</strong></span> <span class='ocrx_word' id='word_1_922' title='bbox 3432 3118 3596 3181; x_wconf 72' lang='lat' dir='ltr'><strong>Chal-</strong></span> 
     </span>
    </p>
   </div>
   <div class='ocr_carea' id='block_1_117' title="bbox 2020 3187 3593 3264">
    <p class='ocr_par' dir='ltr' id='par_1_117' title="bbox 2020 3187 3593 3264">
     <span class='ocr_line' id='line_1_124' title="bbox 2020 3187 3593 3264; baseline 0.007 -24"><span class='ocrx_word' id='word_1_923' title='bbox 2020 3187 2167 3264; x_wconf 59' lang='lat' dir='ltr'><strong>datos</strong></span> <span class='ocrx_word' id='word_1_924' title='bbox 2189 3188 2495 3264; x_wconf 80' lang='lat' dir='ltr'><strong>muneribus</strong></span> <span class='ocrx_word' id='word_1_925' title='bbox 2516 3187 2826 3264; x_wconf 48' lang='lat' dir='ltr'><strong>honoratum</strong></span> <span class='ocrx_word' id='word_1_926' title='bbox 2850 3187 2945 3244; x_wconf 86' lang='lat' dir='ltr'><strong>llic</strong></span> <span class='ocrx_word' id='word_1_927' title='bbox 2968 3194 3057 3261; x_wconf 90' lang='lat' dir='ltr'><strong>qui</strong></span> <span class='ocrx_word' id='word_1_928' title='bbox 3086 3192 3139 3246; x_wconf 91' lang='lat' dir='ltr'><strong>in</strong></span> <span class='ocrx_word' id='word_1_929' title='bbox 3171 3187 3392 3264; x_wconf 56' lang='lat' dir='ltr'><strong>p&#39;rtesepi</strong></span> <span class='ocrx_word' id='word_1_930' title='bbox 3417 3196 3593 3251; x_wconf 91' lang='lat' dir='ltr'><strong>humi-</strong></span> 
     </span>
    </p>
   </div>
   <div class='ocr_carea' id='block_1_118' title="bbox 2021 3258 3594 3336">
    <p class='ocr_par' dir='ltr' id='par_1_118' title="bbox 2021 3258 3594 3336">
     <span class='ocr_line' id='line_1_125' title="bbox 2021 3258 3594 3336; baseline 0.006 -24"><span class='ocrx_word' id='word_1_931' title='bbox 2021 3258 2087 3314; x_wconf 88' lang='lat' dir='ltr'><strong>lis</strong></span> <span class='ocrx_word' id='word_1_932' title='bbox 2101 3259 2271 3336; x_wconf 76' lang='lat' dir='ltr'><strong>jaeet,</strong></span> <span class='ocrx_word' id='word_1_933' title='bbox 2302 3259 2640 3336; x_wconf 36' lang='lat' dir='ltr'><strong>lumineAnovi</strong></span> <span class='ocrx_word' id='word_1_934' title='bbox 2668 3258 3479 3336; x_wconf 34' lang='lat' dir='ltr'><strong>siderisdcoruscatecmlo;_liic</strong></span> <span class='ocrx_word' id='word_1_935' title='bbox 3503 3268 3594 3336; x_wconf 89' lang='lat' dir='ltr'><strong>qui</strong></span> 
     </span>
    </p>
   </div>
   <div class='ocr_carea' id='block_1_119' title="bbox 2020 3325 3595 3399">
    <p class='ocr_par' dir='ltr' id='par_1_119' title="bbox 2020 3325 3595 3399">
     <span class='ocr_line' id='line_1_126' title="bbox 2020 3325 3595 3399; baseline 0.008 -18"><span class='ocrx_word' id='word_1_936' title='bbox 2020 3325 2226 3399; x_wconf 79' lang='lat' dir='ltr'><strong>vagitus</strong></span> <span class='ocrx_word' id='word_1_937' title='bbox 2246 3329 2416 3383; x_wconf 88' lang='lat' dir='ltr'><strong>reddit</strong></span> <span class='ocrx_word' id='word_1_938' title='bbox 2441 3327 2695 3393; x_wconf 68' lang='lat' dir='ltr'><strong>infantiae,</strong></span> <span class='ocrx_word' id='word_1_939' title='bbox 2715 3325 2939 3399; x_wconf 82' lang='lat' dir='ltr'><strong>angelici</strong></span> <span class='ocrx_word' id='word_1_940' title='bbox 2962 3332 3227 3387; x_wconf 82' lang='lat' dir='ltr'><strong>exercitus</strong></span> <span class='ocrx_word' id='word_1_941' title='bbox 3242 3334 3461 3391; x_wconf 82' lang='lat' dir='ltr'><strong>vocibus</strong></span> <span class='ocrx_word' id='word_1_942' title='bbox 3478 3325 3559 3392; x_wconf 76' lang='lat' dir='ltr'><strong>col</strong></span> <span class='ocrx_word' id='word_1_943' title='bbox 3573 3367 3595 3379; x_wconf 73' lang='grc' dir='ltr'><strong><em>ο</em></strong></span> 
     </span>
    </p>
   </div>
   <div class='ocr_carea' id='block_1_120' title="bbox 2022 3398 3594 3468">
    <p class='ocr_par' dir='ltr' id='par_1_120' title="bbox 2022 3398 3594 3468">
     <span class='ocr_line' id='line_1_127' title="bbox 2022 3398 3594 3468; baseline 0.005 -16"><span class='ocrx_word' id='word_1_944' title='bbox 2022 3398 2286 3454; x_wconf 87' lang='lat' dir='ltr'><strong>laudatur.</strong></span> <span class='ocrx_word' id='word_1_945' title='bbox 2318 3400 2411 3453; x_wconf 90' lang='lat' dir='ltr'><strong>llic</strong></span> <span class='ocrx_word' id='word_1_946' title='bbox 2436 3400 2525 3468; x_wconf 92' lang='lat' dir='ltr'><strong>qui</strong></span> <span class='ocrx_word' id='word_1_947' title='bbox 2556 3400 2783 3455; x_wconf 83' lang='lat' dir='ltr'><strong>femineo</strong></span> <span class='ocrx_word' id='word_1_948' title='bbox 2796 3398 2941 3454; x_wconf 81' lang='lat' dir='ltr'><strong>lacte</strong></span> <span class='ocrx_word' id='word_1_949' title='bbox 2971 3403 3217 3467; x_wconf 91' lang='lat' dir='ltr'><strong>nutritur,</strong></span> <span class='ocrx_word' id='word_1_950' title='bbox 3242 3404 3402 3459; x_wconf 89' lang='lat' dir='ltr'><strong>multa</strong></span> <span class='ocrx_word' id='word_1_951' title='bbox 3425 3405 3594 3461; x_wconf 74' lang='lat' dir='ltr'><strong>homi-</strong></span> 
     </span>
    </p>
   </div>
   <div class='ocr_carea' id='block_1_121' title="bbox 2021 3469 3594 3544">
    <p class='ocr_par' dir='ltr' id='par_1_121' title="bbox 2021 3469 3594 3544">
     <span class='ocr_line' id='line_1_128' title="bbox 2021 3469 3594 3544; baseline 0.004 -22"><span class='ocrx_word' id='word_1_952' title='bbox 2021 3485 2148 3544; x_wconf 78' lang='lat' dir='ltr'><strong>num</strong></span> <span class='ocrx_word' id='word_1_953' title='bbox 2176 3469 2341 3544; x_wconf 77' lang='lat' dir='ltr'><strong>millia</strong></span> <span class='ocrx_word' id='word_1_954' title='bbox 2371 3470 2681 3544; x_wconf 78' lang='lat' dir='ltr'><strong>parvissima</strong></span> <span class='ocrx_word' id='word_1_955' title='bbox 2705 3485 2841 3539; x_wconf 89' lang='lat' dir='ltr'><strong>pane</strong></span> <span class='ocrx_word' id='word_1_956' title='bbox 2867 3471 3092 3544; x_wconf 83' lang='lat' dir='ltr'><strong>satiavit.</strong></span> <span class='ocrx_word' id='word_1_957' title='bbox 3110 3471 3259 3544; x_wconf 73' lang='lat' dir='ltr'><strong>Quid</strong></span> <span class='ocrx_word' id='word_1_958' title='bbox 3290 3473 3425 3544; x_wconf 72' lang='lat' dir='ltr'><strong>illud</strong></span> <span class='ocrx_word' id='word_1_959' title='bbox 3461 3477 3594 3544; x_wconf 75' lang='lat' dir='ltr'><strong>adji—</strong></span> 
     </span>
    </p>
   </div>
   <div class='ocr_carea' id='block_1_122' title="bbox 2020 3538 3591 3608">
    <p class='ocr_par' dir='ltr' id='par_1_122' title="bbox 2020 3538 3591 3608">
     <span class='ocr_line' id='line_1_129' title="bbox 2020 3538 3591 3608; baseline 0.005 -15"><span class='ocrx_word' id='word_1_960' title='bbox 2020 3540 2174 3604; x_wconf 90' lang='lat' dir='ltr'><strong>ciam,</strong></span> <span class='ocrx_word' id='word_1_961' title='bbox 2205 3539 2343 3608; x_wconf 89' lang='lat' dir='ltr'><strong>quod</strong></span> <span class='ocrx_word' id='word_1_962' title='bbox 2370 3538 2532 3593; x_wconf 87' lang='lat' dir='ltr'><strong>Deum</strong></span> <span class='ocrx_word' id='word_1_963' title='bbox 2559 3538 2715 3592; x_wconf 86' lang='lat' dir='ltr'><strong>illum</strong></span> <span class='ocrx_word' id='word_1_964' title='bbox 2738 3550 2790 3593; x_wconf 91' lang='lat' dir='ltr'><strong>et</strong></span> <span class='ocrx_word' id='word_1_965' title='bbox 2818 3554 3001 3593; x_wconf 88' lang='lat' dir='ltr'><strong>verum</strong></span> <span class='ocrx_word' id='word_1_966' title='bbox 3030 3539 3126 3595; x_wconf 90' lang='lat' dir='ltr'><strong>Dei</strong></span> <span class='ocrx_word' id='word_1_967' title='bbox 3149 3555 3270 3597; x_wconf 86' lang='lat' dir='ltr'><strong>esse</strong></span> <span class='ocrx_word' id='word_1_968' title='bbox 3288 3542 3482 3598; x_wconf 87' lang='lat' dir='ltr'><strong>Filium</strong></span> <span class='ocrx_word' id='word_1_969' title='bbox 3502 3538 3591 3601; x_wconf 52' lang='lat' dir='ltr'><strong>{ea</strong></span> 
     </span>
    </p>
   </div>
   <div class='ocr_carea' id='block_1_123' title="bbox 2019 3608 3593 3679">
    <p class='ocr_par' dir='ltr' id='par_1_123' title="bbox 2019 3608 3593 3679">
     <span class='ocr_line' id='line_1_130' title="bbox 2019 3608 3593 3679; baseline 0.005 -16"><span class='ocrx_word' id='word_1_970' title='bbox 2019 3624 2242 3677; x_wconf 89' lang='lat' dir='ltr'><strong>surgens</strong></span> <span class='ocrx_word' id='word_1_971' title='bbox 2260 3624 2289 3663; x_wconf 90' lang='lat' dir='ltr'><strong>a</strong></span> <span class='ocrx_word' id='word_1_972' title='bbox 2318 3608 2539 3663; x_wconf 86' lang='lat' dir='ltr'><strong>mortuis</strong></span> <span class='ocrx_word' id='word_1_973' title='bbox 2567 3608 2798 3663; x_wconf 82' lang='lat' dir='ltr'><strong>Lazarus</strong></span> <span class='ocrx_word' id='word_1_974' title='bbox 2826 3609 3032 3677; x_wconf 87' lang='lat' dir='ltr'><strong>probat,</strong></span> <span class='ocrx_word' id='word_1_975' title='bbox 3062 3620 3305 3679; x_wconf 89' lang='lat' dir='ltr'><strong>receptus</strong></span> <span class='ocrx_word' id='word_1_976' title='bbox 3323 3613 3389 3668; x_wconf 92' lang='lat' dir='ltr'><strong>ad</strong></span> <span class='ocrx_word' id='word_1_977' title='bbox 3413 3615 3593 3671; x_wconf 83' lang='lat' dir='ltr'><strong>lumen</strong></span> 
     </span>
    </p>
   </div>
   <div class='ocr_carea' id='block_1_124' title="bbox 2018 3679 3592 3755">
    <p class='ocr_par' dir='ltr' id='par_1_124' title="bbox 2018 3679 3592 3755">
     <span class='ocr_line' id='line_1_131' title="bbox 2018 3679 3592 3755; baseline 0.004 -22"><span class='ocrx_word' id='word_1_978' title='bbox 2018 3694 2191 3755; x_wconf 76' lang='lat' dir='ltr'><strong>etreus</strong></span> <span class='ocrx_word' id='word_1_979' title='bbox 2228 3681 2537 3755; x_wconf 76' lang='lat' dir='ltr'><strong>annuntiat,</strong></span> <span class='ocrx_word' id='word_1_980' title='bbox 2591 3679 2908 3755; x_wconf 77' lang='lat' dir='ltr'><strong>venerandis</strong></span> <span class='ocrx_word' id='word_1_981' title='bbox 2953 3679 3068 3749; x_wconf 87' lang='lat' dir='ltr'><strong>ejus</strong></span> <span class='ocrx_word' id='word_1_982' title='bbox 3100 3682 3310 3755; x_wconf 75' lang='lat' dir='ltr'><strong>calcata</strong></span> <span class='ocrx_word' id='word_1_983' title='bbox 3357 3685 3592 3755; x_wconf 87' lang='lat' dir='ltr'><strong>vestigiis</strong></span> 
     </span>
    </p>
   </div>
   <div class='ocr_carea' id='block_1_125' title="bbox 2019 3748 3590 3819">
    <p class='ocr_par' dir='ltr' id='par_1_125' title="bbox 2019 3748 3590 3819">
     <span class='ocr_line' id='line_1_132' title="bbox 2019 3748 3590 3819; baseline 0.005 -18"><span class='ocrx_word' id='word_1_984' title='bbox 2019 3752 2179 3801; x_wconf 87' lang='lat' dir='ltr'><strong>maris</strong></span> <span class='ocrx_word' id='word_1_985' title='bbox 2206 3748 2342 3804; x_wconf 88' lang='lat' dir='ltr'><strong>unda</strong></span> <span class='ocrx_word' id='word_1_986' title='bbox 2371 3757 2625 3810; x_wconf 88' lang='lat' dir='ltr'><strong>testatur,</strong></span> <span class='ocrx_word' id='word_1_987' title='bbox 2656 3758 2710 3803; x_wconf 88' lang='lat' dir='ltr'><strong>et</strong></span> <span class='ocrx_word' id='word_1_988' title='bbox 2737 3748 2877 3819; x_wconf 90' lang='lat' dir='ltr'><strong>quod</strong></span> <span class='ocrx_word' id='word_1_989' title='bbox 2924 3748 3178 3818; x_wconf 70' lang='lat' dir='ltr'><strong>praecellit</strong></span> <span class='ocrx_word' id='word_1_990' title='bbox 3221 3752 3337 3807; x_wconf 72' lang='lat' dir='ltr'><strong>inec</strong></span> <span class='ocrx_word' id='word_1_991' title='bbox 3373 3748 3549 3810; x_wconf 75' lang='lat' dir='ltr'><strong>omnia</strong></span> <span class='ocrx_word' id='word_1_992' title='bbox 3574 3798 3590 3817; x_wconf 84' lang='lat'><strong>.</strong></span> 
     </span>
    </p>
   </div>
   <div class='ocr_carea' id='block_1_126' title="bbox 2017 3819 3595 3888">
    <p class='ocr_par' dir='ltr' id='par_1_126' title="bbox 2017 3819 3595 3888">
     <span class='ocr_line' id='line_1_133' title="bbox 2017 3819 3595 3888; baseline 0.006 -17"><span class='ocrx_word' id='word_1_993' title='bbox 2017 3820 2278 3873; x_wconf 87' lang='lat' dir='ltr'><strong>resultans</strong></span> <span class='ocrx_word' id='word_1_994' title='bbox 2324 3835 2355 3873; x_wconf 68' lang='grc' dir='ltr'><strong>(ε</strong></span> <span class='ocrx_word' id='word_1_995' title='bbox 2404 3819 2545 3872; x_wconf 73' lang='grc' dir='ltr'><strong>οωΙο</strong></span> <span class='ocrx_word' id='word_1_996' title='bbox 2589 3834 2690 3873; x_wconf 73' lang='lat' dir='ltr'><strong>vos</strong></span> <span class='ocrx_word' id='word_1_997' title='bbox 2740 3829 2956 3888; x_wconf 86' lang='lat' dir='ltr'><strong>paterna</strong></span> <span class='ocrx_word' id='word_1_998' title='bbox 3007 3822 3323 3876; x_wconf 78' lang='lat' dir='ltr'><strong>conﬁrmat?</strong></span> <span class='ocrx_word' id='word_1_999' title='bbox 3373 3824 3595 3888; x_wconf 87' lang='lat' dir='ltr'><strong>Propter</strong></span> 
     </span>
    </p>
   </div>
   <div class='ocr_carea' id='block_1_127' title="bbox 2018 3888 3589 3959">
    <p class='ocr_par' dir='ltr' id='par_1_127' title="bbox 2018 3888 3589 3959">
     <span class='ocr_line' id='line_1_134' title="bbox 2018 3888 3589 3959; baseline 0.007 -20"><span class='ocrx_word' id='word_1_1000' title='bbox 2018 3889 2157 3957; x_wconf 91' lang='lat' dir='ltr'><strong>quod</strong></span> <span class='ocrx_word' id='word_1_1001' title='bbox 2177 3930 2192 3953; x_wconf 95' lang='lat'><strong>,</strong></span> <span class='ocrx_word' id='word_1_1002' title='bbox 2223 3888 2585 3953; x_wconf 88' lang='lat' dir='ltr'><strong>dilectissimi,</strong></span> <span class='ocrx_word' id='word_1_1003' title='bbox 2628 3899 2733 3943; x_wconf 88' lang='lat' dir='ltr'><strong>tam</strong></span> <span class='ocrx_word' id='word_1_1004' title='bbox 2761 3904 3007 3959; x_wconf 83' lang='lat' dir='ltr'><strong>magnum</strong></span> <span class='ocrx_word' id='word_1_1005' title='bbox 3038 3891 3137 3945; x_wconf 91' lang='lat' dir='ltr'><strong>hoc</strong></span> <span class='ocrx_word' id='word_1_1006' title='bbox 3166 3893 3452 3949; x_wconf 86' lang='lat' dir='ltr'><strong>nativitatis</strong></span> <span class='ocrx_word' id='word_1_1007' title='bbox 3474 3888 3589 3949; x_wconf 82' lang='lat' dir='ltr'><strong>Do-</strong></span> 
     </span>
    </p>
   </div>
   <div class='ocr_carea' id='block_1_128' title="bbox 2018 3959 3595 4029">
    <p class='ocr_par' dir='ltr' id='par_1_128' title="bbox 2018 3959 3595 4029">
     <span class='ocr_line' id='line_1_135' title="bbox 2018 3959 3595 4029; baseline 0.004 -17"><span class='ocrx_word' id='word_1_1008' title='bbox 2018 3959 2229 4014; x_wconf 71' lang='lat' dir='ltr'><strong>minica:</strong></span> <span class='ocrx_word' id='word_1_1009' title='bbox 2251 3968 2636 4013; x_wconf 87' lang='lat' dir='ltr'><strong>sacramentum</strong></span> <span class='ocrx_word' id='word_1_1010' title='bbox 2664 3959 2835 4029; x_wconf 84' lang='lat' dir='ltr'><strong>dignis</strong></span> <span class='ocrx_word' id='word_1_1011' title='bbox 2856 3961 3073 4016; x_wconf 88' lang='lat' dir='ltr'><strong>vocibus</strong></span> <span class='ocrx_word' id='word_1_1012' title='bbox 3099 3960 3439 4018; x_wconf 91' lang='lat' dir='ltr'><strong>honoremus.</strong></span> <span class='ocrx_word' id='word_1_1013' title='bbox 3472 3964 3595 4018; x_wconf 84' lang='lat' dir='ltr'><strong>Dili-</strong></span> 
     </span>
    </p>
   </div>
   <div class='ocr_carea' id='block_1_129' title="bbox 2015 4029 3594 4100">
    <p class='ocr_par' dir='ltr' id='par_1_129' title="bbox 2015 4029 3594 4100">
     <span class='ocr_line' id='line_1_136' title="bbox 2015 4029 3594 4100; baseline 0.004 -18"><span class='ocrx_word' id='word_1_1014' title='bbox 2015 4044 2210 4100; x_wconf 80' lang='lat' dir='ltr'><strong>gamus</strong></span> <span class='ocrx_word' id='word_1_1015' title='bbox 2229 4044 2335 4100; x_wconf 68' lang='lat' dir='ltr'><strong>pne</strong></span> <span class='ocrx_word' id='word_1_1016' title='bbox 2362 4029 2606 4083; x_wconf 86' lang='lat' dir='ltr'><strong>omnibus</strong></span> <span class='ocrx_word' id='word_1_1017' title='bbox 2631 4031 2927 4084; x_wconf 89' lang='lat' dir='ltr'><strong>castitatem</strong></span> <span class='ocrx_word' id='word_1_1018' title='bbox 2952 4048 2966 4083; x_wconf 89' lang='lat'><strong>:</strong></span> <span class='ocrx_word' id='word_1_1019' title='bbox 2989 4032 3109 4100; x_wconf 90' lang='lat' dir='ltr'><strong>quia</strong></span> <span class='ocrx_word' id='word_1_1020' title='bbox 3139 4042 3194 4085; x_wconf 93' lang='lat' dir='ltr'><strong>ut</strong></span> <span class='ocrx_word' id='word_1_1021' title='bbox 3220 4031 3427 4099; x_wconf 89' lang='lat' dir='ltr'><strong>placere</strong></span> <span class='ocrx_word' id='word_1_1022' title='bbox 3453 4034 3594 4090; x_wconf 91' lang='lat' dir='ltr'><strong>hanc</strong></span> 
     </span>
    </p>
   </div>
   <div class='ocr_carea' id='block_1_130' title="bbox 2016 4098 3593 4172">
    <p class='ocr_par' dir='ltr' id='par_1_130' title="bbox 2016 4098 3593 4172">
     <span class='ocr_line' id='line_1_137' title="bbox 2016 4098 3593 4172; baseline 0.005 -22"><span class='ocrx_word' id='word_1_1023' title='bbox 2016 4098 2116 4172; x_wconf 85' lang='lat' dir='ltr'><strong>sibi</strong></span> <span class='ocrx_word' id='word_1_1024' title='bbox 2136 4098 2399 4172; x_wconf 62' lang='lat' dir='ltr'><strong>Christus</strong></span> <span class='ocrx_word' id='word_1_1025' title='bbox 2440 4100 2750 4172; x_wconf 83' lang='lat' dir='ltr'><strong>ostenderet</strong></span> <span class='ocrx_word' id='word_1_1026' title='bbox 2771 4140 2787 4161; x_wconf 88' lang='lat'><strong>,</strong></span> <span class='ocrx_word' id='word_1_1027' title='bbox 2806 4168 2818 4172; x_wconf 91' lang='lat'><strong>_</strong></span> <span class='ocrx_word' id='word_1_1028' title='bbox 2828 4098 3131 4172; x_wconf 83' lang='lat' dir='ltr'><strong>pudicitiam</strong></span> <span class='ocrx_word' id='word_1_1029' title='bbox 3155 4098 3292 4172; x_wconf 77' lang='lat' dir='ltr'><strong>uteri</strong></span> <span class='ocrx_word' id='word_1_1030' title='bbox 3322 4103 3593 4172; x_wconf 76' lang='lat' dir='ltr'><strong>virginalis</strong></span> 
     </span>
    </p>
   </div>
   <div class='ocr_carea' id='block_1_131' title="bbox 2014 4168 3594 4241">
    <p class='ocr_par' dir='ltr' id='par_1_131' title="bbox 2014 4168 3594 4241">
     <span class='ocr_line' id='line_1_138' title="bbox 2014 4168 3594 4241; baseline 0.003 -19"><span class='ocrx_word' id='word_1_1031' title='bbox 2014 4169 2190 4241; x_wconf 73' lang='lat' dir='ltr'><strong>elegit.</strong></span> <span class='ocrx_word' id='word_1_1032' title='bbox 2215 4168 2949 4241; x_wconf 73' lang='lat' dir='ltr'><strong>Sectemurmisericordiam;</strong></span> <span class='ocrx_word' id='word_1_1033' title='bbox 2975 4171 3094 4238; x_wconf 89' lang='lat' dir='ltr'><strong>quia</strong></span> <span class='ocrx_word' id='word_1_1034' title='bbox 3115 4170 3326 4241; x_wconf 82' lang='lat' dir='ltr'><strong>pietatis</strong></span> <span class='ocrx_word' id='word_1_1035' title='bbox 3343 4168 3427 4226; x_wconf 73' lang='lat' dir='ltr'><strong>est</strong></span> <span class='ocrx_word' id='word_1_1036' title='bbox 3448 4174 3594 4241; x_wconf 88' lang='lat' dir='ltr'><strong>quod</strong></span> 
     </span>
    </p>
   </div>
   <div class='ocr_carea' id='block_1_132' title="bbox 2015 4237 3594 4310">
    <p class='ocr_par' dir='ltr' id='par_1_132' title="bbox 2015 4237 3594 4310">
     <span class='ocr_line' id='line_1_139' title="bbox 2015 4237 3594 4310; baseline 0.004 -19"><span class='ocrx_word' id='word_1_1037' title='bbox 2015 4238 2301 4310; x_wconf 79' lang='lat' dir='ltr'><strong>salvamur.</strong></span> <span class='ocrx_word' id='word_1_1038' title='bbox 2332 4237 2611 4310; x_wconf 14' lang='lat' dir='ltr'><strong>Justitiam,</strong></span> <span class='ocrx_word' id='word_1_1039' title='bbox 2639 4238 2866 4310; x_wconf 85' lang='lat' dir='ltr'><strong>sollicite</strong></span> <span class='ocrx_word' id='word_1_1040' title='bbox 2896 4237 3205 4310; x_wconf 81' lang='lat' dir='ltr'><strong>teneamus;</strong></span> <span class='ocrx_word' id='word_1_1041' title='bbox 3241 4241 3362 4310; x_wconf 87' lang='lat' dir='ltr'><strong>quia</strong></span> <span class='ocrx_word' id='word_1_1042' title='bbox 3387 4237 3594 4298; x_wconf 57' lang='lat' dir='ltr'><strong>ad&#39;hoc</strong></span> 
     </span>
    </p>
   </div>
   <div class='ocr_carea' id='block_1_133' title="bbox 2016 4307 3585 4378">
    <p class='ocr_par' dir='ltr' id='par_1_133' title="bbox 2016 4307 3585 4378">
     <span class='ocr_line' id='line_1_140' title="bbox 2016 4307 3585 4378; baseline 0.003 -16"><span class='ocrx_word' id='word_1_1043' title='bbox 2016 4307 2327 4378; x_wconf 87' lang='lat' dir='ltr'><strong>Unigenitus</strong></span> <span class='ocrx_word' id='word_1_1044' title='bbox 2359 4309 2449 4362; x_wconf 91' lang='lat' dir='ltr'><strong>Dei</strong></span> <span class='ocrx_word' id='word_1_1045' title='bbox 2476 4308 2615 4363; x_wconf 90' lang='lat' dir='ltr'><strong>eftici</strong></span> <span class='ocrx_word' id='word_1_1046' title='bbox 2640 4308 2884 4377; x_wconf 81' lang='lat' dir='ltr'><strong>dignatus</strong></span> <span class='ocrx_word' id='word_1_1047' title='bbox 2907 4318 2990 4363; x_wconf 93' lang='lat' dir='ltr'><strong>est</strong></span> <span class='ocrx_word' id='word_1_1048' title='bbox 3014 4309 3194 4374; x_wconf 90' lang='lat' dir='ltr'><strong>homo,</strong></span> <span class='ocrx_word' id='word_1_1049' title='bbox 3224 4307 3285 4365; x_wconf 73' lang='lat' dir='ltr'><strong>ut</strong></span> <span class='ocrx_word' id='word_1_1050' title='bbox 3306 4313 3585 4367; x_wconf 83' lang='lat' dir='ltr'><strong>veritatem</strong></span> 
     </span>
    </p>
   </div>
   <div class='ocr_carea' id='block_1_134' title="bbox 2016 4379 3588 4453">
    <p class='ocr_par' dir='ltr' id='par_1_134' title="bbox 2016 4379 3588 4453">
     <span class='ocr_line' id='line_1_141' title="bbox 2016 4379 3588 4453; baseline 0.004 -22"><span class='ocrx_word' id='word_1_1051' title='bbox 2016 4379 2311 4447; x_wconf 80' lang='lat' dir='ltr'><strong>praedicans</strong></span> <span class='ocrx_word' id='word_1_1052' title='bbox 2329 4419 2346 4442; x_wconf 87' lang='lat'><strong>,</strong></span> <span class='ocrx_word' id='word_1_1053' title='bbox 2375 4379 2677 4433; x_wconf 88' lang='lat' dir='ltr'><strong>universam</strong></span> <span class='ocrx_word' id='word_1_1054' title='bbox 2703 4379 2882 4433; x_wconf 86' lang='lat' dir='ltr'><strong>mundi</strong></span> <span class='ocrx_word' id='word_1_1055' title='bbox 2910 4379 3097 4435; x_wconf 88' lang='lat' dir='ltr'><strong>faciem</strong></span> <span class='ocrx_word' id='word_1_1056' title='bbox 3124 4380 3372 4437; x_wconf 85' lang='lat' dir='ltr'><strong>damnata</strong></span> <span class='ocrx_word' id='word_1_1057' title='bbox 3394 4383 3588 4453; x_wconf 81' lang='lat' dir='ltr'><strong>iniqui-</strong></span> 
     </span>
    </p>
   </div>
   <div class='ocr_carea' id='block_1_135' title="bbox 2017 4457 2415 4519">
    <p class='ocr_par' dir='ltr' id='par_1_135' title="bbox 2017 4457 2415 4519">
     <span class='ocr_line' id='line_1_142' title="bbox 2017 4457 2415 4519; baseline 0.003 -17"><span class='ocrx_word' id='word_1_1058' title='bbox 2017 4457 2122 4504; x_wconf 87' lang='lat' dir='ltr'><strong>tate</strong></span> <span class='ocrx_word' id='word_1_1059' title='bbox 2147 4458 2415 4519; x_wconf 87' lang='lat' dir='ltr'><strong>purgaret.</strong></span> 
     </span>
    </p>
   </div>
   <div class='ocr_carea' id='block_1_136' title="bbox 2356 4538 3093 4610">
    <p class='ocr_par' dir='ltr' id='par_1_136' title="bbox 2356 4538 3093 4610">
     <span class='ocr_line' id='line_1_143' title="bbox 2356 4538 3093 4610; baseline 0 -17"><span class='ocrx_word' id='word_1_1060' title='bbox 2356 4542 2364 4551; x_wconf 63' lang='grc' dir='ltr'><strong><em>ο</em></strong></span> <span class='ocrx_word' id='word_1_1061' title='bbox 2495 4539 2722 4594; x_wconf 76' lang='lat' dir='ltr'><strong>SERMO</strong></span> <span class='ocrx_word' id='word_1_1062' title='bbox 2759 4538 2963 4594; x_wconf 81' lang='lat' dir='ltr'><strong>cxxut</strong></span> <span class='ocrx_word' id='word_1_1063' title='bbox 2996 4540 3093 4610; x_wconf 83' lang='grc' dir='ltr'><strong>(α).</strong></span> 
     </span>
    </p>
   </div>
   <div class='ocr_carea' id='block_1_137' title="bbox 2472 4629 3128 4693">
    <p class='ocr_par' dir='ltr' id='par_1_137' title="bbox 2472 4629 3128 4693">
     <span class='ocr_line' id='line_1_144' title="bbox 2472 4629 3128 4693; baseline 0.003 -16"><span class='ocrx_word' id='word_1_1064' title='bbox 2472 4635 2523 4678; x_wconf 80' lang='grc' dir='ltr'><strong>ιιι</strong></span> <span class='ocrx_word' id='word_1_1065' title='bbox 2546 4629 2691 4680; x_wconf 72' lang='lat' dir='ltr'><strong>Natali</strong></span> <span class='ocrx_word' id='word_1_1066' title='bbox 2726 4630 2924 4691; x_wconf 87' lang='lat' dir='ltr'><strong>Domini,</strong></span> <span class='ocrx_word' id='word_1_1067' title='bbox 2952 4645 3013 4681; x_wconf 87' lang='lat' dir='ltr'><strong>vn</strong></span> <span class='ocrx_word' id='word_1_1068' title='bbox 3038 4630 3128 4693; x_wconf 89' lang='lat' dir='ltr'><strong>(b).</strong></span> 
     </span>
    </p>
   </div>
   <div class='ocr_carea' id='block_1_138' title="bbox 2090 4712 3594 4786">
    <p class='ocr_par' dir='ltr' id='par_1_138' title="bbox 2090 4712 3594 4786">
     <span class='ocr_line' id='line_1_145' title="bbox 2090 4712 3594 4786; baseline 0.003 -19"><span class='ocrx_word' id='word_1_1069' title='bbox 2090 4714 2141 4767; x_wconf 78' lang='lat' dir='ltr'><strong>i.</strong></span> <span class='ocrx_word' id='word_1_1070' title='bbox 2209 4712 2751 4786; x_wconf 71' lang='lat' dir='ltr'><strong>Christi__adntiranda</strong></span> <span class='ocrx_word' id='word_1_1071' title='bbox 2809 4714 3079 4786; x_wconf 59' lang='lat' dir='ltr'><strong>nagivitas._</strong></span> <span class='ocrx_word' id='word_1_1072' title='bbox 3124 4712 3310 4786; x_wconf 11' lang='lat' dir='ltr'><strong>i’irga‘</strong></span> <span class='ocrx_word' id='word_1_1073' title='bbox 3337 4726 3482 4783; x_wconf 84' lang='lat' dir='ltr'><strong>ante,</strong></span> <span class='ocrx_word' id='word_1_1074' title='bbox 3542 4725 3594 4772; x_wconf 78' lang='lat' dir='ltr'><strong>et</strong></span> 
     </span>
    </p>
   </div>
   <div class='ocr_carea' id='block_1_139' title="bbox 2017 4782 3594 4852">
    <p class='ocr_par' dir='ltr' id='par_1_139' title="bbox 2017 4782 3594 4852">
     <span class='ocr_line' id='line_1_146' title="bbox 2017 4782 3594 4852; baseline 0.003 -16"><span class='ocrx_word' id='word_1_1075' title='bbox 2017 4793 2127 4852; x_wconf 86' lang='lat' dir='ltr'><strong>post</strong></span> <span class='ocrx_word' id='word_1_1076' title='bbox 2155 4795 2374 4852; x_wconf 87' lang='lat' dir='ltr'><strong>partum.</strong></span> <span class='ocrx_word' id='word_1_1077' title='bbox 2402 4782 2655 4837; x_wconf 87' lang='lat' dir='ltr'><strong>Nativitas</strong></span> <span class='ocrx_word' id='word_1_1078' title='bbox 2682 4782 2888 4837; x_wconf 90' lang='lat' dir='ltr'><strong>Domini</strong></span> <span class='ocrx_word' id='word_1_1079' title='bbox 2918 4784 3082 4837; x_wconf 86' lang='lat' dir='ltr'><strong>nostri</strong></span> <span class='ocrx_word' id='word_1_1080' title='bbox 3116 4782 3239 4839; x_wconf 74' lang='grc' dir='ltr'>ιιθεὺ</span> <span class='ocrx_word' id='word_1_1081' title='bbox 3278 4782 3475 4841; x_wconf 88' lang='lat' dir='ltr'><strong>Christi</strong></span> <span class='ocrx_word' id='word_1_1082' title='bbox 3510 4796 3594 4841; x_wconf 80' lang='lat' dir='ltr'><strong>to-</strong></span> 
     </span>
    </p>
   </div>
   <div class='ocr_carea' id='block_1_140' title="bbox 2019 4853 3588 4925">
    <p class='ocr_par' dir='ltr' id='par_1_140' title="bbox 2019 4853 3588 4925">
     <span class='ocr_line' id='line_1_147' title="bbox 2019 4853 3588 4925; baseline 0.002 -18"><span class='ocrx_word' id='word_1_1083' title='bbox 2019 4854 2409 4925; x_wconf 8' lang='lat' dir='ltr'><strong>tumimundum</strong></span> <span class='ocrx_word' id='word_1_1084' title='bbox 2441 4868 2573 4925; x_wconf 81' lang='lat' dir='ltr'><strong>nova</strong></span> <span class='ocrx_word' id='word_1_1085' title='bbox 2603 4854 2863 4925; x_wconf 86' lang='lat' dir='ltr'><strong>adventus</strong></span> <span class='ocrx_word' id='word_1_1086' title='bbox 2887 4854 2975 4925; x_wconf 82' lang='lat' dir='ltr'><strong>sui</strong></span> <span class='ocrx_word' id='word_1_1087' title='bbox 3002 4853 3161 4925; x_wconf 87' lang='lat' dir='ltr'><strong>hodie</strong></span> <span class='ocrx_word' id='word_1_1088' title='bbox 3196 4854 3312 4911; x_wconf 92' lang='lat' dir='ltr'><strong>luce</strong></span> <span class='ocrx_word' id='word_1_1089' title='bbox 3338 4857 3588 4925; x_wconf 86' lang='lat' dir='ltr'><strong>perfudit.</strong></span> 
     </span>
    </p>
   </div>
   <div class='ocr_carea' id='block_1_141' title="bbox 2016 4922 3594 4991">
    <p class='ocr_par' dir='ltr' id='par_1_141' title="bbox 2016 4922 3594 4991">
     <span class='ocr_line' id='line_1_148' title="bbox 2016 4922 3594 4991; baseline 0.002 -12"><span class='ocrx_word' id='word_1_1090' title='bbox 2016 4923 2184 4980; x_wconf 84' lang='lat' dir='ltr'><strong>llodie</strong></span> <span class='ocrx_word' id='word_1_1091' title='bbox 2204 4922 2274 4978; x_wconf 90' lang='lat' dir='ltr'><strong>de</strong></span> <span class='ocrx_word' id='word_1_1092' title='bbox 2298 4924 2436 4978; x_wconf 75' lang='lat' dir='ltr'><strong>cmlo</strong></span> <span class='ocrx_word' id='word_1_1093' title='bbox 2464 4923 2600 4976; x_wconf 89' lang='lat' dir='ltr'><strong>Deus</strong></span> <span class='ocrx_word' id='word_1_1094' title='bbox 2619 4923 2892 4978; x_wconf 80' lang='lat' dir='ltr'><strong>descendit</strong></span> <span class='ocrx_word' id='word_1_1095' title='bbox 2910 4922 2979 4977; x_wconf 89' lang='lat' dir='ltr'><strong>ad</strong></span> <span class='ocrx_word' id='word_1_1096' title='bbox 3007 4924 3296 4991; x_wconf 87' lang='lat' dir='ltr'><strong>hominem;</strong></span> <span class='ocrx_word' id='word_1_1097' title='bbox 3326 4922 3385 4980; x_wconf 77' lang='lat' dir='ltr'><strong>ut</strong></span> <span class='ocrx_word' id='word_1_1098' title='bbox 3405 4927 3456 4981; x_wconf 91' lang='lat' dir='ltr'><strong>in</strong></span> <span class='ocrx_word' id='word_1_1099' title='bbox 3484 4942 3594 4982; x_wconf 72' lang='lat' dir='ltr'><strong>ca:—</strong></span> 
     </span>
    </p>
   </div>
   <div class='ocr_carea' id='block_1_142' title="bbox 2018 4993 3597 5066">
    <p class='ocr_par' dir='ltr' id='par_1_142' title="bbox 2018 4993 3597 5066">
     <span class='ocr_line' id='line_1_149' title="bbox 2018 4993 3597 5066; baseline 0.001 -17"><span class='ocrx_word' id='word_1_1100' title='bbox 2018 4995 2082 5049; x_wconf 90' lang='lat' dir='ltr'><strong>lis</strong></span> <span class='ocrx_word' id='word_1_1101' title='bbox 2124 4993 2323 5066; x_wconf 81' lang='lat' dir='ltr'><strong>homini</strong></span> <span class='ocrx_word' id='word_1_1102' title='bbox 2370 5002 2697 5066; x_wconf 64' lang='lat' dir='ltr'><strong>pricpararet</strong></span> <span class='ocrx_word' id='word_1_1103' title='bbox 2731 5007 3033 5066; x_wconf 85' lang='lat' dir='ltr'><strong>ascensum.</strong></span> <span class='ocrx_word' id='word_1_1104' title='bbox 3074 4993 3242 5066; x_wconf 88' lang='lat' dir='ltr'><strong>Hodie</strong></span> <span class='ocrx_word' id='word_1_1105' title='bbox 3293 5000 3597 5066; x_wconf 73' lang='lat' dir='ltr'><strong>accepimus</strong></span> 
     </span>
    </p>
   </div>
   <div class='ocr_carea' id='block_1_143' title="bbox 2018 5063 3593 5132">
    <p class='ocr_par' dir='ltr' id='par_1_143' title="bbox 2018 5063 3593 5132">
     <span class='ocr_line' id='line_1_150' title="bbox 2018 5063 3593 5132; baseline 0.001 -13"><span class='ocrx_word' id='word_1_1106' title='bbox 2018 5072 2199 5119; x_wconf 90' lang='lat' dir='ltr'><strong>natum</strong></span> <span class='ocrx_word' id='word_1_1107' title='bbox 2223 5063 2318 5119; x_wconf 87' lang='lat' dir='ltr'><strong>Dei</strong></span> <span class='ocrx_word' id='word_1_1108' title='bbox 2338 5106 2353 5129; x_wconf 89' lang='lat'><strong>,</strong></span> <span class='ocrx_word' id='word_1_1109' title='bbox 2380 5063 2593 5132; x_wconf 87' lang='lat' dir='ltr'><strong>virginis</strong></span> <span class='ocrx_word' id='word_1_1110' title='bbox 2629 5063 2822 5127; x_wconf 89' lang='lat' dir='ltr'><strong>tilium,</strong></span> <span class='ocrx_word' id='word_1_1111' title='bbox 2855 5064 3091 5118; x_wconf 91' lang='lat' dir='ltr'><strong>omnium</strong></span> <span class='ocrx_word' id='word_1_1112' title='bbox 3116 5063 3445 5120; x_wconf 82' lang='lat' dir='ltr'><strong>credentium</strong></span> <span class='ocrx_word' id='word_1_1113' title='bbox 3477 5067 3593 5122; x_wconf 84' lang='lat' dir='ltr'><strong>Sal-</strong></span> 
     </span>
    </p>
   </div>
   <div class='ocr_carea' id='block_1_144' title="bbox 2016 5132 3595 5202">
    <p class='ocr_par' dir='ltr' id='par_1_144' title="bbox 2016 5132 3595 5202">
     <span class='ocr_line' id='line_1_151' title="bbox 2016 5132 3595 5202; baseline 0.001 -14"><span class='ocrx_word' id='word_1_1114' title='bbox 2016 5143 2253 5189; x_wconf 89' lang='lat' dir='ltr'><strong>vatorem</strong></span> <span class='ocrx_word' id='word_1_1115' title='bbox 2276 5176 2293 5202; x_wconf 94' lang='lat'><strong>,</strong></span> <span class='ocrx_word' id='word_1_1116' title='bbox 2335 5134 2497 5187; x_wconf 88' lang='lat' dir='ltr'><strong>Deum</strong></span> <span class='ocrx_word' id='word_1_1117' title='bbox 2524 5133 2591 5188; x_wconf 90' lang='lat' dir='ltr'><strong>dc</strong></span> <span class='ocrx_word' id='word_1_1118' title='bbox 2616 5132 2788 5197; x_wconf 87' lang='lat' dir='ltr'><strong>Patre,</strong></span> <span class='ocrx_word' id='word_1_1119' title='bbox 2820 5133 3088 5188; x_wconf 89' lang='lat' dir='ltr'><strong>hominem</strong></span> <span class='ocrx_word' id='word_1_1120' title='bbox 3118 5135 3185 5190; x_wconf 90' lang='lat' dir='ltr'><strong>de</strong></span> <span class='ocrx_word' id='word_1_1121' title='bbox 3211 5146 3398 5201; x_wconf 90' lang='lat' dir='ltr'><strong>matre,</strong></span> <span class='ocrx_word' id='word_1_1122' title='bbox 3424 5137 3595 5191; x_wconf 85' lang='lat' dir='ltr'><strong>Deum</strong></span> 
     </span>
    </p>
   </div>
   <div class='ocr_carea' id='block_1_145' title="bbox 2017 5203 3595 5275">
    <p class='ocr_par' dir='ltr' id='par_1_145' title="bbox 2017 5203 3595 5275">
     <span class='ocr_line' id='line_1_152' title="bbox 2017 5203 3595 5275; baseline -0.001 -16"><span class='ocrx_word' id='word_1_1123' title='bbox 2017 5204 2315 5270; x_wconf 92' lang='lat' dir='ltr'><strong>occultum,</strong></span> <span class='ocrx_word' id='word_1_1124' title='bbox 2347 5203 2612 5275; x_wconf 87' lang='lat' dir='ltr'><strong>hominem</strong></span> <span class='ocrx_word' id='word_1_1125' title='bbox 2656 5204 3014 5275; x_wconf 80' lang='lat' dir='ltr'><strong>manifestum.</strong></span> <span class='ocrx_word' id='word_1_1126' title='bbox 3044 5205 3109 5258; x_wconf 86' lang='lat' dir='ltr'><strong>Et</strong></span> <span class='ocrx_word' id='word_1_1127' title='bbox 3129 5206 3378 5275; x_wconf 89' lang='lat' dir='ltr'><strong>quoniam</strong></span> <span class='ocrx_word' id='word_1_1128' title='bbox 3404 5206 3595 5261; x_wconf 56' lang='lat' dir='ltr'><strong>diabnc</strong></span> 
     </span>
    </p>
   </div>
   <div class='ocr_carea' id='block_1_146' title="bbox 2017 5273 3599 5346">
    <p class='ocr_par' dir='ltr' id='par_1_146' title="bbox 2017 5273 3599 5346">
     <span class='ocr_line' id='line_1_153' title="bbox 2017 5273 3599 5346; baseline 0.001 -16"><span class='ocrx_word' id='word_1_1129' title='bbox 2017 5276 2099 5330; x_wconf 88' lang='lat' dir='ltr'><strong>lus</strong></span> <span class='ocrx_word' id='word_1_1130' title='bbox 2124 5290 2221 5345; x_wconf 91' lang='lat' dir='ltr'><strong>per</strong></span> <span class='ocrx_word' id='word_1_1131' title='bbox 2245 5282 2548 5344; x_wconf 88' lang='lat' dir='ltr'><strong>serpentem</strong></span> <span class='ocrx_word' id='word_1_1132' title='bbox 2566 5274 2689 5328; x_wconf 80' lang='lat' dir='ltr'><strong>Eva:</strong></span> <span class='ocrx_word' id='word_1_1133' title='bbox 2709 5273 2938 5343; x_wconf 91' lang='lat' dir='ltr'><strong>locutus,</strong></span> <span class='ocrx_word' id='word_1_1134' title='bbox 2962 5290 3055 5346; x_wconf 88' lang='lat' dir='ltr'><strong>per</strong></span> <span class='ocrx_word' id='word_1_1135' title='bbox 3071 5273 3195 5330; x_wconf 67' lang='lat' dir='ltr'><strong>Eva:</strong></span> <span class='ocrx_word' id='word_1_1136' title='bbox 3214 5291 3369 5331; x_wconf 88' lang='lat' dir='ltr'><strong>aures</strong></span> <span class='ocrx_word' id='word_1_1137' title='bbox 3398 5276 3599 5331; x_wconf 85' lang='lat' dir='ltr'><strong>mundo</strong></span> 
     </span>
    </p>
   </div>
   <div class='ocr_carea' id='block_1_147' title="bbox 2102 5402 3461 5477">
    <p class='ocr_par' dir='ltr' id='par_1_147' title="bbox 2102 5402 3461 5477">
     <span class='ocr_line' id='line_1_154' title="bbox 2102 5402 3461 5477; baseline 0.007 -26"><span class='ocrx_word' id='word_1_1138' title='bbox 2102 5405 2154 5477; x_wconf 75' lang='grc' dir='ltr'><strong>ᾳ)</strong></span> <span class='ocrx_word' id='word_1_1139' title='bbox 2172 5402 2310 5477; x_wconf 73' lang='lat' dir='ltr'><strong>olim,</strong></span> <span class='ocrx_word' id='word_1_1140' title='bbox 2321 5407 2400 5477; x_wconf 67' lang='lat' dir='ltr'><strong>de</strong></span> <span class='ocrx_word' id='word_1_1141' title='bbox 2419 5411 2656 5477; x_wconf 81' lang='lat' dir='ltr'><strong>Tempore</strong></span> <span class='ocrx_word' id='word_1_1142' title='bbox 2680 5406 2772 5467; x_wconf 71' lang='lat'><strong>15;</strong></span> <span class='ocrx_word' id='word_1_1143' title='bbox 2797 5413 2849 5456; x_wconf 89' lang='lat' dir='ltr'><strong>et</strong></span> <span class='ocrx_word' id='word_1_1144' title='bbox 2866 5414 2991 5477; x_wconf 73' lang='lat' dir='ltr'><strong>post,</strong></span> <span class='ocrx_word' id='word_1_1145' title='bbox 3015 5408 3065 5458; x_wconf 90' lang='lat' dir='ltr'><strong>in</strong></span> <span class='ocrx_word' id='word_1_1146' title='bbox 3089 5410 3361 5477; x_wconf 78' lang='lat' dir='ltr'><strong>Appendice</strong></span> <span class='ocrx_word' id='word_1_1147' title='bbox 3384 5408 3461 5459; x_wconf 66' lang='lat'><strong>24.</strong></span> 
     </span>
    </p>
   </div>
   <div class='ocr_carea' id='block_1_148' title="bbox 2105 5466 3599 5533">
    <p class='ocr_par' dir='ltr' id='par_1_148' title="bbox 2105 5466 3599 5533">
     <span class='ocr_line' id='line_1_155' title="bbox 2105 5466 3599 5533; baseline 0.004 -19"><span class='ocrx_word' id='word_1_1148' title='bbox 2105 5466 2154 5529; x_wconf 90' lang='lat' dir='ltr'><strong>b)</strong></span> <span class='ocrx_word' id='word_1_1149' title='bbox 2178 5473 2304 5516; x_wconf 88' lang='lat' dir='ltr'><strong>Inter</strong></span> <span class='ocrx_word' id='word_1_1150' title='bbox 2320 5466 2558 5533; x_wconf 77' lang='lat' dir='ltr'><strong>Fulgentii</strong></span> <span class='ocrx_word' id='word_1_1151' title='bbox 2579 5466 2839 5533; x_wconf 82' lang='lat' dir='ltr'><strong>Sermones</strong></span> <span class='ocrx_word' id='word_1_1152' title='bbox 2860 5466 3083 5533; x_wconf 78' lang='lat' dir='ltr'><strong>vulgatus</strong></span> <span class='ocrx_word' id='word_1_1153' title='bbox 3102 5466 3288 5532; x_wconf 75' lang='lat' dir='ltr'><strong>pridem</strong></span> <span class='ocrx_word' id='word_1_1154' title='bbox 3311 5473 3485 5533; x_wconf 78' lang='lat' dir='ltr'><strong>fuerat.</strong></span> <span class='ocrx_word' id='word_1_1155' title='bbox 3505 5478 3599 5519; x_wconf 78' lang='lat' dir='ltr'><strong>Mo-</strong></span> 
     </span>
    </p>
   </div>
   <div class='ocr_carea' id='block_1_149' title="bbox 2020 5530 3605 5594">
    <p class='ocr_par' dir='ltr' id='par_1_149' title="bbox 2020 5530 3605 5594">
     <span class='ocr_line' id='line_1_156' title="bbox 2020 5530 3605 5594; baseline 0.003 -17"><span class='ocrx_word' id='word_1_1156' title='bbox 2020 5535 2141 5594; x_wconf 81' lang='lat' dir='ltr'><strong>nent</strong></span> <span class='ocrx_word' id='word_1_1157' title='bbox 2177 5532 2499 5579; x_wconf 85' lang='lat' dir='ltr'><strong>Lovanienses</strong></span> <span class='ocrx_word' id='word_1_1158' title='bbox 2536 5530 2744 5594; x_wconf 85' lang='lat' dir='ltr'><strong>reperiri</strong></span> <span class='ocrx_word' id='word_1_1159' title='bbox 2781 5533 2831 5581; x_wconf 90' lang='lat' dir='ltr'><strong>in</strong></span> <span class='ocrx_word' id='word_1_1160' title='bbox 2868 5530 3319 5594; x_wconf 79' lang='lat' dir='ltr'><strong>manuscriptisaut</strong></span> <span class='ocrx_word' id='word_1_1161' title='bbox 3349 5532 3605 5594; x_wconf 77' lang='lat' dir='ltr'><strong>Fulgentio</strong></span> 
     </span>
    </p>
   </div>
   <div class='ocr_carea' id='block_1_150' title="bbox 2020 5590 3601 5656">
    <p class='ocr_par' dir='ltr' id='par_1_150' title="bbox 2020 5590 3601 5656">
     <span class='ocr_line' id='line_1_157' title="bbox 2020 5590 3601 5656; baseline 0.001 -16"><span class='ocrx_word' id='word_1_1162' title='bbox 2020 5590 2274 5656; x_wconf 82' lang='lat' dir='ltr'><strong>tributum,</strong></span> <span class='ocrx_word' id='word_1_1163' title='bbox 2315 5598 2397 5639; x_wconf 85' lang='lat' dir='ltr'><strong>aut</strong></span> <span class='ocrx_word' id='word_1_1164' title='bbox 2430 5590 2709 5656; x_wconf 75' lang='lat' dir='ltr'><strong>Severiano.</strong></span> <span class='ocrx_word' id='word_1_1165' title='bbox 2752 5599 2814 5656; x_wconf 88' lang='lat' dir='ltr'><strong>ln_</strong></span> <span class='ocrx_word' id='word_1_1166' title='bbox 2838 5594 3013 5656; x_wconf 86' lang='lat' dir='ltr'><strong>nostris</strong></span> <span class='ocrx_word' id='word_1_1167' title='bbox 3047 5590 3142 5641; x_wconf 81' lang='lat' dir='ltr'><strong>nuit</strong></span> <span class='ocrx_word' id='word_1_1168' title='bbox 3181 5593 3301 5642; x_wconf 87' lang='lat' dir='ltr'><strong>alius</strong></span> <span class='ocrx_word' id='word_1_1169' title='bbox 3331 5590 3475 5656; x_wconf 79' lang='lat' dir='ltr'><strong>quam</strong></span> <span class='ocrx_word' id='word_1_1170' title='bbox 3512 5602 3601 5642; x_wconf 77' lang='lat' dir='ltr'><strong>An-</strong></span> 
     </span>
    </p>
   </div>
   <div class='ocr_carea' id='block_1_151' title="bbox 2020 5653 3601 5722">
    <p class='ocr_par' dir='ltr' id='par_1_151' title="bbox 2020 5653 3601 5722">
     <span class='ocr_line' id='line_1_158' title="bbox 2020 5653 3601 5722; baseline 0.003 -23"><span class='ocrx_word' id='word_1_1171' title='bbox 2020 5653 2203 5722; x_wconf 68' lang='lat' dir='ltr'><strong>gusiini</strong></span> <span class='ocrx_word' id='word_1_1172' title='bbox 2234 5662 2409 5722; x_wconf 78' lang='lat' dir='ltr'><strong>nomen</strong></span> <span class='ocrx_word' id='word_1_1173' title='bbox 2446 5653 2644 5722; x_wconf 70' lang='lat' dir='ltr'><strong>praefert</strong></span> <span class='ocrx_word' id='word_1_1174' title='bbox 2670 5667 2690 5722; x_wconf 93' lang='lat'><strong>_:</strong></span> <span class='ocrx_word' id='word_1_1175' title='bbox 2730 5654 2818 5703; x_wconf 89' lang='lat' dir='ltr'><strong>sed</strong></span> <span class='ocrx_word' id='word_1_1176' title='bbox 2843 5654 2978 5703; x_wconf 83' lang='lat' dir='ltr'><strong>falso.</strong></span> <span class='ocrx_word' id='word_1_1177' title='bbox 3018 5661 3085 5722; x_wconf 71' lang='lat' dir='ltr'><strong>pe</strong></span> <span class='ocrx_word' id='word_1_1178' title='bbox 3121 5667 3253 5703; x_wconf 89' lang='lat' dir='ltr'><strong>num.</strong></span> <span class='ocrx_word' id='word_1_1179' title='bbox 3282 5656 3307 5722; x_wconf 80' lang='lat' dir='ltr'><strong>t_</strong></span> <span class='ocrx_word' id='word_1_1180' title='bbox 3342 5653 3450 5703; x_wconf 82' lang='lat' dir='ltr'><strong>vide</strong></span> <span class='ocrx_word' id='word_1_1181' title='bbox 3486 5667 3601 5703; x_wconf 79' lang='lat' dir='ltr'><strong>ver-</strong></span> 
     </span>
    </p>
   </div>
   <div class='ocr_carea' id='block_1_152' title="bbox 2021 5715 3600 5766">
    <p class='ocr_par' dir='ltr' id='par_1_152' title="bbox 2021 5715 3600 5766">
     <span class='ocr_line' id='line_1_159' title="bbox 2021 5715 3600 5766; baseline 0.003 -5"><span class='ocrx_word' id='word_1_1182' title='bbox 2021 5715 2081 5761; x_wconf 81' lang='lat' dir='ltr'><strong>ha</strong></span> <span class='ocrx_word' id='word_1_1183' title='bbox 2114 5715 2289 5763; x_wconf 79' lang='lat' dir='ltr'><strong>Yvonis</strong></span> <span class='ocrx_word' id='word_1_1184' title='bbox 2327 5716 2634 5765; x_wconf 70' lang='lat' dir='ltr'><strong>cat-nutensis</strong></span> <span class='ocrx_word' id='word_1_1185' title='bbox 2668 5717 2717 5765; x_wconf 88' lang='lat' dir='ltr'><strong>in</strong></span> <span class='ocrx_word' id='word_1_1186' title='bbox 2754 5728 2979 5765; x_wconf 84' lang='lat' dir='ltr'><strong>sermone</strong></span> <span class='ocrx_word' id='word_1_1187' title='bbox 3011 5715 3074 5764; x_wconf 86' lang='lat' dir='ltr'><strong>de</strong></span> <span class='ocrx_word' id='word_1_1188' title='bbox 3108 5718 3378 5765; x_wconf 79' lang='lat' dir='ltr'><strong>Annuntiat.</strong></span> <span class='ocrx_word' id='word_1_1189' title='bbox 3429 5723 3477 5765; x_wconf 86' lang='grc' dir='ltr'><strong>Β.</strong></span> <span class='ocrx_word' id='word_1_1190' title='bbox 3512 5723 3600 5766; x_wconf 50' lang='lat' dir='ltr'><strong>ita:</strong></span> 
     </span>
    </p>
   </div>
   <div class='ocr_carea' id='block_1_153' title="bbox 2021 5777 2863 5845">
    <p class='ocr_par' dir='ltr' id='par_1_153' title="bbox 2021 5777 2863 5845">
     <span class='ocr_line' id='line_1_160' title="bbox 2021 5777 2863 5845; baseline -0.002 -20"><span class='ocrx_word' id='word_1_1191' title='bbox 2021 5777 2123 5825; x_wconf 62' lang='lat' dir='ltr'><strong>ria.</strong></span> <span class='ocrx_word' id='word_1_1192' title='bbox 2837 5819 2863 5845; x_wconf 65' lang='grc'>,</span> 
     </span>
    </p>
   </div>
  </div>
