4156 6374
381 395 514 450 i993

883 509 1107 565 δεηΜο
1144 507 1331 566 cxxv
1358 508 1457 580 (a).

838 629 888 672 In
908 621 1054 673 Natali
1077 623 1290 682 Domini,
1315 634 1365 671 ιχ
1397 619 1490 685 (b).

445 732 496 786 l.
524 728 629 786 Cur
655 728 795 783 Deus
832 730 1083 783 hominem
1120 732 1339 798 suscepit
1373 744 1438 784 at
1488 724 1713 797 Virgine.
1755 725 1954 780 Nativi-

372 811 532 858 tatem
572 800 782 855 Domini
821 800 989 855 nostri
1027 800 1153 856 Jesu
1190 799 1382 855 Christi
1409 798 1700 854 secundum
1736 812 1949 851 carnem

371 873 444 928 ita
471 871 844 942 Evangelista_
863 871 1199 942 apertissime
1225 868 1645 942 demonstravit,
1680 875 1739 921 ut
1766 876 1949 923 osten-

371 943 520 999 deret
556 939 678 998 eum
709 958 775 996 ex
810 939 1011 1011 Spiritu
1036 951 1223 997 sancto
1251 949 1305 995 et
1330 940 1489 995 Maria
1516 940 1720 1011 virgine
1746 947 1948 1011 natum,

372 1023 590 1084 propter
613 1008 981 1084 haereticorum
1009 1012 1255 1084 astutiam
1277 1052 1311 1084 ,Α
1328 1012 1432 1084 qui
1448 1008 1640 1079 negant
1660 1009 1830 1084 Deum
1850 1008 1947 1084 ho-

372 1079 567 1139 minem
614 1083 933 1152 suscepisse.
980 1082 1084 1136 Sed
1125 1082 1243 1137 ideo
1284 1079 1541 1152 Dominus
1569 1089 1748 1152 noster
1781 1079 1948 1152 virgi-

372 1171 529 1210 neum
560 1154 661 1207 sibi
691 1149 966 1224 requisivit
1004 1154 1287 1220 hOSpitiom
1310 1192 1335 1224 ,_
1379 1161 1437 1224 ut
1462 1150 1614 1224 nobis
1635 1149 1948 1224 ostenderet

370 1225 421 1279 in
453 1235 601 1280 casto
626 1219 851 1293 corpore
879 1225 1040 1278 Deum
1070 1219 1267 1292 pertari
1306 1222 1521 1278 debere.
1572 1222 1649 1293 ᾼά
1679 1219 1779 1274 hoc
1803 1220 1945 1293 enim

366 1296 510 1351 Deus
536 1290 805 1350 hominem
833 1290 1145 1365 suscepit'in
1172 1308 1229 1365 se
1247 1335 1275 1365 ,ν
1294 1301 1352 1347 ut
1372 1304 1424 1365 ei
1459 1307 1556 1345 nos
1579 1292 1743 1365 Deum
1774 1290 1944 1345 susci-

368 1368 578 1435 piamus
601 1368 650 1419 in
670 1365 853 1435 nobis,
882 1362 1017 1419 sicut
1044 1367 1155 1435 ipse
1181 1364 1339 1431 dicit,
1369 1362 1649 1435 Manetein
1670 1378 1765 1423 me,
1791 1370 1835 1414 et
1855 1377 1945 1432 ego

367 1433 422 1489 in
451 1437 588 1491 vobis
633 1434 810 1507 (Jonn.
838 1452 905 1489 xv
924 1477 939 1500 ,
969 1433 1136 1507 4).ςο
1170 1450 1377 1490 sacrum
1409 1442 1464 1507 et
1499 1433 1716 1507 caeleste
1743 1442 1942 1502 myste-

366 1509 504 1563 rium
535 1511 584 1560 in
606 1504 876 1561 nativitate
908 1504 1108 1560 Domini
1134 1507 1148 1560 !
1198 1504 1447 1573 Concepit
1474 1504 1620 1573 virgo
1663 1511 1942 1571 antequam

369 1594 623 1649 sponsum
652 1577 901 1649 haberet,
930 1576 1071 1649 parii
1096 1585 1375 1649 antequam
1404 1574 1563 1629 nubat
1587 1590 1601 1638 ;
1630 1582 1684 1628 et
1711 1573 1849 1649 quod
1876 1573 1944 1626 ad

366 1644 574 1704 laudem
610 1647 839 1718 pertinet
875 1644 1389 1718 neminisdDomini,
1439 1654 1493 1699 et
1531 1653 1699 1718 mater
1724 1652 1777 1699 et
1797 1644 1942 1718 virgo

365 1715 675 1799 carpit-esse
704 1726 821 1787 post
851 1726 1075 1799 partum.
1109 1716 1433 1799 Virgonenim
1463 1716 1741 1799 concepit,
1777 1715 1942 1799 [virgo

366 1785 590 1861 peperit,
624 1785 770 1870 virgo
803 1785 923 1870 post
953 1797 1160 1870 partum
1205 1785 1402 1870 illibata
1424 1786 1731 1870 permansit.
1773 1785 1940 1852 Quem

364 1856 487 1916 cuin
521 1856 783 1930 portaret,
805 1856 1022 1930 ’Iimuit;
1050 1873 1170 1913 cum
1198 1866 1440 1927 pareret,
1468 1856 1707 1930 adoravit
1738 1873 1751 1908 :
1781 1870 1940 1925 quem

364 1946 484 1987 cum
510 1927 824 2001 peperisset,
856 1929 1030 1983 minor
1053 1939 1166 2001 erat
1192 1940 1361 2001 mater
1381 1943 1537 2001 quam
1570 1927 1724 1980 ﬁlius.

380 2032 385 2035 -
434 1994 711 2055 2.’61ἱνὶδιί
749 2000 1002 2071 generatio
1045 2000 1099 2052 in
1140 1999 1304 2071 Adam
1338 1994 1685 2071 prirﬁgurnta.
1729 1994 1940 2052 Grande

365 2074 517 2127 nobis
547 2066 858 2142 mysterium
894 2070 1068 2142 divina
1099 2066 1349 2139 majestas
1376 2070 1427 2122 in
1447 2066 1585 2142 Adae
1618 2066 1942 2142 ﬁguraprae-

364 2144 527 2198 misit.
573 2136 723 2196 Sicut
762 2142 903 2197 enim
948 2141 1087 2194 Deus
1133 2136 1314 2194 noster
1350 2153 1469 2193 cum
1502 2136 1724 2206 primum
1769 2136 1938 2191 Adam

366 2214 538 2269 facere
571 2213 771 2278 vellet,
816 2226 921 2265 non
947 2226 1009 2265 ex
1036 2211 1409 2280 conjunctione
1442 2209 1539 2262 viri
1576 2219 1667 2262 aut
1703 2207 1939 2280 mulieris

366 2284 632 2338 hominem
664 2292 720 2337 ut
742 2277 884 2337 esset
908 2281 1116 2347 effecit;
1138 2277 1240 2335 sed
1262 2280 1526 2350 accipiens
1549 2287 1771 2350 terram,
1798 2277 1939 2350 unde

365 2354 634 2409 hominem
684 2354 842 2419 facit,
888 2352 1064 2406 divina
1110 2351 1336 2421 quadam
1380 2348 1496 2404 arte
1540 2348 1783 2421 formavit
1820 2348 1938 2404 :ita

363 2424 477 2480 sine
506 2426 607 2478 viri
644 2423 1015 2492 conjunctione
1047 2420 1211 2476 Deum
1250 2423 1303 2475 in
1335 2420 1574 2492 virginali
1610 2420 1731 2492 alvo
1756 2420 1937 2492 incor-

362 2496 537 2619 Βοητί
577 2490 921 2564 dispensavit.
965 2492 1108 2562 Ergo
1132 2494 1174 2547 si
1204 2502 1326 2546 tunc
1347 2493 1495 2546 licuit
1519 2490 1793 2545 hominem
1822 2490 1939 2546 sine

400 2566 579 2619 omine
622 2566 806 2619 nasci.
846 2578 942 2619 cur
976 2579 1081 2617 non
1117 2564 1261 2617 licuit
1290 2562 1556 2616 hominem
1586 2563 1699 2615 sine
1725 2561 1939 2616 homine

400 2566 579 2620 omine
622 2561 806 2630 nasci,
846 2578 942 2619 cur
976 2561 1081 2617 non
1117 2564 1261 2617 licuit
1290 2562 1556 2616 hominem
1586 2563 1699 2615 sine
1725 2561 1939 2616 homine

364 2652 457 2706 per
477 2636 693 2690 Mariam
718 2636 975 2705 virginem
1005 2633 1312 2706 procreari?
1335 2632 1594 2706 Quoniam
1612 2632 1749 2686 sicut
1768 2631 1937 2706 Adam

362 2701 423 2763 ex
454 2715 599 2762 terra
636 2701 841 2775 virgine
867 2701 1133 2777 ﬁguratus
1147 2712 1256 2767 est,
1293 2705 1439 2777 itaet
1463 2701 1798 2777 Christusex
1826 2703 1936 2756 vir—

361 2778 480 2848 gine
530 2786 686 2831 natus
724 2772 1046 2846 agnoscitur.
1098 2775 1337 2848 l_hi_tun_c
1368 2774 1523 2848 flatus
1694 2772 1759 2826 de
1798 2781 1935 2848 terra

361 2842 535 2902 vivum
565 2842 832 2902 hominem
858 2861 1074 2902 surgere
1104 2844 1228 2901 fecit
1260 2844 1325 2898 ad
1351 2845 1513 2898 vitam
1547 2860 1559 2895 :
1589 2842 1676 2899 hic
1697 2842 1897 2897 mundo
1919 2844 1935 2874 ί

361 2918 591 2987 Spiritus
616 2928 831 2973 sanctus
855 2917 922 2972 de
948 2913 1119 2987 Maria
1136 2916 1335 2985 virgine
1373 2913 1641 2987 Christum
1666 2914 1936 2987 hominem

363 2983 608 3060 ﬁguravit
633 3030 646 3051 ,
679 2990 731 3060 in
758 3003 862 3058 quo
894 2986 1126 3060 Deusad
1161 2983 1556 3060 reparationem
1583 2984 1819 3060 hominis
1840 2983 1937 3038 ha-

363 3055 583 3115 bitaret.
612 3055 789 3114 Adam'
816 3060 956 3113 enim
986 3058 1057 3111 ibi
1096 3055 1510 3121 tunc'nascitur;
1544 3055 1629 3108 hic
1652 3063 1939 3109 renovatur

362 3139 413 3185 et
434 3131 783 3185 resuscitator
813 3130 864 3183 in
904 3129 1135 3183 Christo.
1168 3128 1428 3196 Fuitergo
1444 3125 1629 3180 similis
1649 3124 1934 3192 reparatio,

361 3200 628 3271 quomodo
654 3202 750 3255 fuit
782 3210 855 3271 et
880 3198 1119 3271 hominis
1138 3200 1369 3271 creatio._
1386 3198 1620 3265 Denique
1653 3197 1792 3271 sicut
1814 3204 1938 3271 tunc

363 3267 413 3325 in
439 3272 563 3326 alvo
593 3281 748 3325 terrae
773 3269 1017 3325 Salvator
1045 3268 1171 3322 Adae
1216 3268 1451 3323 membra
1491 3267 1823 3337 composuit;
1862 3267 1939 3322 sic

362 3343 518 3396 etiam
563 3356 703 3396 nunc
749 3342 800 3394 in
851 3340 1067 3409 virginis
1106 3340 1226 3394 alvo
1265 3339 1507 3393 Christus
1551 3353 1647 3393 sua
1696 3338 1934 3392 membra

363 3414 681 3481 composuit.
707 3410 985 3483 Ograudis
1023 3409 1627 3483 patientiaSalvatoris;
1663 3417 1938 3483 exspectat

364 3479 504 3538 nasci
554 3498 649 3537 sua
697 3479 930 3537 meinbra
980 3479 1097 3550 qua:
1139 3480 1296 3534 fecit!
1352 3480 1455 3535 Sed
1506 3480 1623 3534 ideo
1661 3480 1747 3533 ille
1775 3479 1938 3533 voluit

365 3554 531 3620 nasci,
560 3562 618 3608 ut
644 3568 741 3607 nos
771 3554 963 3607 iterum
986 3553 1305 3606 viveremus.
1354 3551 1494 3604 Deus
1518 3551 1717 3605 latebat
1746 3551 1794 3602 in
1842 3550 1940 3603 ho-

363 3625 505 3678 mine
538 3643 551 3677 :
581 3625 851 3677 humiliata
889 3631 972 3678 est
997 3623 1189 3685 virtus,
1244 3632 1299 3674 ut
1340 3621 1508 3691 pietas
1537 3626 1855 3691 augeretur;
1886 3630 1940 3674 et

363 3694 499 3763 quod
541 3695 604 3749 ad
647 3693 855 3748 laudem
889 3693 1118 3748 nominis
1147 3692 1261 3763 ejus
1288 3694 1561 3763 pertinet,
1591 3693 1698 3744 visa
1729 3698 1812 3763 est
1840 3705 1936 3760 po-

364 3760 525 3820 testas
548 3766 724 3820 minus
748 3765 881 3818 velle
901 3780 1058 3833 quam
1081 3762 1267 3833 possit.
1289 3760 1591 3816 ilumiliavit
1603 3777 1659 3815 se
1672 3770 1728 3815 ut
1748 3760 1936 3833 homo:

365 3852 462 3891 nec
492 3836 699 3890 horruit
743 3836 886 3891 Deus
914 3832 1183 3889 hominem
1212 3834 1431 3888 induere
1454 3874 1469 3900 ,
1511 3847 1670 3903 quem
1697 3832 1760 3886 ad
1776 3848 1937 3903 suam

364 3906 643 3976 Patrisque
667 3908 948 3976 imaginem
980 3906 1223 3975 ﬁguravit
1244 3946 1263 3976 ,
1281 3903 1427 3976 unde
1462 3902 1633 3976 libens
1654 3903 1751 3958 Dei
1774 3902 1940 3956 Filius

364 3979 527 4032 voluit
570 3978 673 4031 hoc
698 3975 817 4031 esse
863 3979 1000 4044 quod
1043 3977 1183 4030 fecit.
1247 3975 1378 4029 Nam
1426 3975 1543 4028 ideo
1589 3975 1723 4029 Deus
1762 3984 1942 4028 noster

364 4047 553 4103 Filium
582 4063 735 4103 suum
779 4048 921 4101 misit
953 4047 1017 4100 ad
1058 4046 1325 4100 hominem
1366 4045 1728 4109 liberandum,
1775 4054 1832 4097 ut
1854 4044 1938 4099 cui

364 4118 597 4184 dixerat,
636 4117 907 4171 Faciamus
934 4118 1184 4171 hominem
1209 4115 1358 4185 (Gen.
1388 4132 1403 4169 ι
1429 4157 1444 4181 ,
1472 4114 1562 4186 26)
1583 4156 1597 4181 ,
1642 4115 1753 4183 ipse
1782 4114 1940 4168 etiam

365 4187 615 4258 liberator
639 4198 800 4255 esset,
828 4189 915 4258 qui
944 4187 1112 4241 fuerat
1138 4197 1189 4240 et
1216 4196 1442 4258 creator.

434 4259 486 4313 5.
516 4257 619 4314 Cur
641 4255 869 4313 Christus
894 4275 957 4313 ex
984 4257 1209 4311 muliere.
1256 4256 1359 4310 Cur
1396 4272 1484 4324 per
1510 4255 1742 4309 mulieros
1774 4271 1943 4309 resur-

365 4330 550 4383 rexisse
569 4331 847 4383 nuntiatur.
877 4329 980 4384 Sed
1012 4344 1174 4397 quare
1206 4328 1343 4381 Deus
1364 4336 1543 4380 noster
1561 4325 1826 4397 nascendo
1848 4342 1943 4397 per

369 4399 635 4470 Virginem
661 4442 677 4467 ,
724 4415 821 4455 nos
862 4402 939 4454 sic
981 4395 1147 4454 voluit
1193 4397 1485 4470 reformare
1522 4396 1586 4449 ad
1630 4395 1832 4470 vitam?
1875 4396 1943 4470 Ut

367 4467 485 4540 quia
524 4486 621 4541 per
662 4471 935 4525 mulierem
964 4471 1015 4524 in
1058 4470 1196 4523 hunc
1236 4469 1491 4541 mundum
1531 4482 1677 4522 mors
1707 4467 1940 4541 intravit,

368 4539 509 4612 salus
525 4539 632 4612 per
670 4541 937 4610 Virginem
978 4541 1310 4612 redderetur.
1363 4539 1599 4612 Denique
1637 4547 1693 4612 et
1733 4539 1943 4607 quando

367 4610 610 4666 Christus
636 4613 791 4667 tertia
821 4612 908 4666 die
936 4613 1003 4665 ab
1022 4611 1205 4665 inferis
1225 4611 1535 4669 resurrexit,
1570 4610 1794 4678 primum
1825 4625 1941 4661 mu~

368 4680 527 4753 iieres
556 4699 650 4752 per
666 4684 908 4753 angelum
939 4682 1221 4736 adorantes
1249 4688 1536 4753 occurrunt
1567 4699 1579 4731 ;
1612 4679 1803 4753 quibus
1824 4678 1943 4753 ideo

364 4750 578 4820 iubetur
602 4750 1047 4808 resurrectionem
1074 4752 1343 4820 Apostolis
1375 4752 1653 4815 nuntiare,
1686 4760 1745 4803 ut
1776 4750 1944 4803 homi-

368 4824 522 4878 nibus
544 4824 935 4887 ostenderetur,
968 4826 1101 4878 licce
1132 4839 1225 4890 per
1243 4837 1400 4891 quam
1423 4820 1690 4875 cecidistis
1721 4821 1769 4873 in
1795 4836 1941 4873 mor-

369 4901 471 4947 tem
489 4935 505 4961 ,
540 4910 633 4960 per
660 4896 824 4963 ipsam
854 4895 1001 4948 vobis
1026 4894 1345 4948 resurrectio
1373 4900 1699 4945 mortuorum
1731 4892 1940 4944 nuntia-

369 4971 470 5018 tur.
520 4965 707 5020 Mulier
734 4966 874 5019 enim
906 4965 1027 5035 quia
1060 4966 1203 5034 prior
1228 4971 1571 5033 gustaverat,
1614 4963 1760 5032 prior
1783 4963 1942 5035 etiam

370 5040 813 5091 resurrectionem
865 5032 1071 5090 vidisse
1106 5032 1428 5089 monStratur
1448 5074 1460 5095 ,
1490 5041 1547 5086 ut
1573 5048 1677 5085 non
1706 5032 1944 5101 perpetui

369 5117 547 5176 reatus
596 5107 735 5176 apud
782 5107 926 5161 viros
972 5106 1312 5175 opprobrium
1358 5105 1681 5176 sustineret;
1712 5114 1781 5176 et
1825 5118 1943 5173 quas

370 5175 577 5244 culpam
610 5173 761 5231 nobis
783 5173 1166 5240 transfuderat,
1204 5173 1482 5229 transfudit
1510 5184 1562 5227 et
1588 5174 1832 5243 gratiam.

438 5247 492 5301 4.
518 5246 775 5302 Caslitatis
797 5249 1060 5303 necessitas
1082 5246 1411 5299 christianum
1430 5261 1535 5299 esse
1562 5245 1798 5315 cupienti.
1843 5244 1945 5298 De-

431 5403 447 5434 ί
473 5404 632 5465 κλει),
655 5410 731 5454 Ms.
754 5410 811 5453 At
830 5403 964 5465 editi,
984 5403 1231 5465 minutum.
1260 5411 1339 5465 Ms.
1356 5409 1520 5465 autem
1544 5416 1614 5465 ῃ..
1638 5399 1716 5451 hic
1739 5401 1945 5465 numdus

368 5462 961 5589 pﬁgrwslpiaitiiimﬁmctum
983 5467 1043 5515 de
1068 5464 1223 5524 Met-ia
1245 5462 1429 5530 virgine
1446 5463 1687 5515 Christum
1707 5463 1945 5515 hominem

524 5542 567 5578 ri
610 5542 639 5577 a
847 5566 857 5577 .

467 5535 586 5578 ram
610 5535 674 5577 ad
696 5535 857 5578 vitam.

448 5591 499 5653 ᾳ)
526 5590 664 5649 Alias,
690 5591 752 5640 de
776 5599 1012 5653 Tempore
1032 5591 1108 5639 17.

448 5647 499 5715 b)
516 5658 573 5715 tn
615 5647 885 5715 Appendice
896 5647 908 5653 ’
924 5665 1071 5715 nunc;
1089 5651 1293 5714 primum
1317 5647 1623 5715 collocatur,
1642 5650 1946 5715 hovaniensi-

368 5709 459 5777 bus
481 5709 699 5769 'duhiu's',
736 5716 931 5777 spurius
966 5709 1157 5762 \‘erliiio
1192 5720 1243 5762 et
1280 5713 1511 5777 \‘indingo
1549 5712 1820 5777 videbatur.
1848 5718 1946 5761 non

366 5775 483 5835 sapit
508 5773 852 5840 Augustinum:
879 5776 1027 5826 habet
1056 5788 1175 5825 vero
1196 5774 1409 5825 nonnihil
1433 5789 1496 5824 ex
1519 5773 1761 5824 Ambrosio
1784 5773 1833 5821 in
1855 5778 1944 5822 Lu-

365 5846 464 5885 cam
472 5874 483 5886 .

639 5921 867 5985 Sacr.
901 5921 1180 5985 Anaus'r.
1224 5922 1297 5986 V.

1747 388 1974 446 SlﬂliMO
2012 386 2243 442 CXXVI.

3493 398 3633 457 1995

2063 504 2221 577 nique
2245 501 2500 577 Dominus
2528 507 2709 557 noster
2724 500 2842 557 ideo
2860 515 2957 577 per
2979 512 3138 577 casta:
3155 505 3375 577 virginis
3394 512 3633 571 membra

2060 573 2208 628 venit
2232 573 2296 627 ad
2342 583 2509 628 terras
2532 614 2548 637 ,
2593 582 2651 627 ut
2686 573 2994 628 ostenderet
3023 576 3185 629 Deum
3231 573 3487 635 castitatis
3513 598 3634 641 esse

2058 653 2348 699 auctorem.
2378 644 2518 718 Ergo
2543 644 2692 718 sicuti
2716 644 2853 718 Deus
2882 654 3064 718 noster
3088 661 3182 718 nos
3208 651 3443 718 suscepit
3471 652 3522 707 in
3551 670 3630 717 se,

2058 723 2113 768 et
2138 729 2237 793 nos
2258 715 2608 793 suscipiamus
2635 715 2797 769 Deum
2828 715 2879 769 in
2912 716 3080 770 nobis.
3118 715 3406 793 Portemus
3423 737 3548 793 ergo
3578 715 3631 780 ei

2058 800 2157 841 nos
2202 786 2370 860 Deum
2426 786 2475 838 in
2523 795 2670 840 casto
2715 800 2968 860 corpore,
3020 804 3176 860 quem
3223 790 3442 860 virginis
3484 786 3631 850 casta

2057 856 2292 929 membra
2322 864 2684 929 portaverunt.
2729 854 2974 929 Christus
2994 854 3133 912 enim
3162 854 3411 929 magister
3436 874 3520 919 est
3543 882 3631 919 ca-

2056 926 2293 1002 stitatis:
2328 935 2381 981 et
2410 926 2529 982 ideo
2572 927 2658 996 qni
2701 928 2995 1002 castitatem
3044 943 3147 982 non
3177 926 3374 1002 habet,
3417 944 3629 1002 portare

2054 994 2332 1075 Christuni
2353 1012 2458 1051 non
2503 994 2695 1066 potest.
2749 996 3104 1075 Scdmethos,
3142 994 3492 1075 ‘charissinii,
3538 1008 3627 1075 qui

2056 1066 2166 1122 Deo
2189 1065 2457 1123 credimus
2480 1065 2587 1134 {ut
2612 1082 2823 1135 semper
2843 1067 3108 1123 Christum
3141 1069 3191 1122 in
3233 1072 3395 1128 corde
3422 1065 3606 1132 nostro

2056 1146 2266 1207 portare
2308 1138 2573 1207 possimus
2596 1180 2611 1206 ,
2657 1146 2833 1193 castos
2871 1154 2932 1193 ac
2966 1154 3127 1207 puros
3163 1156 3257 1195 nos
3281 1144 3628 1202 exhibeamus

2052 1208 2120 1281 ab
2158 1208 2302 1281 omni
2344 1215 2561 1281 pech
2584 1226 2611 1281 ;_
2643 1218 2699 1262 ut
2723 1207 2964 1281 Christus
2992 1210 3231 1281 habitare
3262 1215 3425 1281 possit
3452 1217 3505 1271 in
3533 1234 3628 1273 no-

2052 1276 2154 1332 bis.
2194 1279 2291 1346 Qui
2319 1276 2460 1332 enim
2491 1277 2756 1334 Christum
2788 1294 2892 1333 non
2923 1279 3079 1334 habet
3112 1281 3163 1333 in
3191 1276 3278 1347 se,
3310 1283 3627 1344 Christianus

2052 1364 2155 1403 non
2201 1358 2375 1418 potest
2419 1349 2542 1405 dici.
2601 1350 2709 1405 Nec
2760 1351 2899 1404 enim
2948 1351 3016 1404 ita
3065 1366 3122 1406 se
3166 1355 3421 1412 extollere
3469 1357 3629 1415 debet

2052 1423 2512 1497 unusquisque,_ut
2537 1420 2879 1497 christianum
2897 1436 2960 1497 se
2989 1424 3201 1497 nomine
3220 1425 3362 1479 dicat
3400 1435 3621 1497 tantum,

2050 1496 2104 1543 et
2126 1489 2278 1563 facitis
2306 1489 2571 1563 inimicum
2586 1491 2853 1563 ostendat.
2887 1491 3163 1559 Quomodo
3186 1497 3504 1554 christianos
3522 1489 3625 1563 est;

2049 1561 2137 1629 qui
2177 1569 2358 1616 contra
2400 1561 2594 1616 Christi
2636 1571 2900 1632 prmcepta
2942 1563 3119 1617 vivere
3162 1567 3471 1623 contendit?
3517 1561 3625 1626 Sed

2049 1646 2142 1711 vos
2166 1633 2254 1701 qui
2282 1632 2645 1711 Deoservitis,
2677 1640 2732 1711 et
2755 1634 2889 1711 ejus_
2910 1644 3168 1702 praecepta
3198 1639 3491 1704 custoditis,
3523 1658 3624 1711 po-

2052 1708 2166 1779 Lens
2208 1712 2289 1757 est
2310 1703 2467 1779 vobis
2508 1703 2800 1779 concedere
2837 1704 3001 1779 vitam
3039 1714 3290 1779 arternam
3316 1748 3330 1772 ,
3370 1703 3627 1779 quicum

2048 1770 2204 1845 Patre
2229 1786 2283 1827 et
2307 1772 2507 1845 Spiritu
2532 1785 2716 1829 sancto
2743 1774 2874 1828 vivit
2904 1784 2957 1828 et
2996 1785 3181 1845 regnat
3207 1776 3257 1830 in
3289 1770 3479 1835 saec-uin
3512 1797 3616 1837 sa:—

2048 1790 2204 1826 ratre
2229 1790 2283 1827 et
2307 1790 2344 1828 δ
2384 1790 2507 1827 tritu

2047 1842 2307 1898 culorum.
2340 1790 2529 1899 Rmen.

2516 1933 2742 1990 SERMO
2779 1933 2989 1989 cxxvr
3023 1935 3118 2009 (α).

2525 2049 2579 2093 ιιι
2599 2042 2747 2093 Natali
2768 2044 2970 2105 Domini,
2994 2058 3025 2093 x
3052 2042 3141 2109 (b).

2117 2148 2167 2201 1.
2213 2145 2659 2224 UtgaqueChristi
2696 2149 2948 2224 generatio
2995 2150 3122 2203 inter
3171 2166 3224 2204 se
3278 2165 3618 2224 comparatur.

2045 2216 2216 2296 {later
2269 2216 2459 2296 Christi
2520 2216 2716 2296 semper
2770 2219 2908 2291 virgo
2935 2236 3120 2296 ,“tlttw
3148 2237 3347 2296 semper
3391 2216 3617 2296 'sponsa.

2047 2286 2345 2372 Generatim
2383 2301 2594 2372 utraque
2628 2286 3079 2372 incomparabilis.
3148 2286 3456 2349 Veneranda
3526 2314 3621 2352 na-

2044 2359 2220 2431 _tivitas
2262 2359 2548 2415 Salvatoris
2577 2402 2592 2426 ,
2637 2361 2725 2430 qui
2768 2369 2923 2415 natus
2984 2361 3036 2415 in
3088 2376 3247 2417 carne
3289 2373 3403 2431 est,
3446 2366 3621 2421 humi-

2043 2428 2206 2483 litatis
2272 2438 2354 2487 est
2409 2428 2839 2504 instrumentum,
2903 2431 3112 2504 pietatis
3171 2428 3499 2504 mysterium,
3568 2449 3623 2493 et

2044 2509 2258 2554 aeternae
2320 2501 2429 2571 spei
2496 2500 2789 2555 remedium
2834 2500 3189 2557 manifestum.
3228 2500 3356 2559 'Hac
3401 2500 3497 2562 die
3540 2518 3623 2563 est

2044 2580 2201 2625 natus
2263 2586 2325 2625 ex
2384 2572 2587 2641 virgine
2638 2580 2841 2637 matre,
2890 2572 2981 2641 qui
3032 2582 3155 2627 ante
3210 2575 3400 2630 smcula
3467 2586 3622 2633 teter-

2046 2656 2145 2722 nus
2166 2642 2481 2722 estngenitus
2506 2658 2569 2722 ex
2615 2641 2725 2722 Deo
2764 2642 2942 2722 Patre.
2975 2643 3185 2722 _ln.illa
3235 2646 3507 2722 nativitate
3551 2664 3617 2702 ex

2044 2711 2353 2780 impassibili
2387 2712 2927 2788 nasciturﬁeuitore;
2973 2714 3047 2788 in_
3071 2713 3169 2767 ista
3212 2730 3282 2788 ex
3312 2716 3619 2788 incorrupta

2043 2793 2199 2858 natus
2242 2793 2325 2858 est
2369 2784 2591 2858 virgine.
2633 2782 2801 2858 Iliam”
2827 2784 2973 2839 solus
3011 2783 3359 2858 Pater_scivit
3389 2787 3504 2857 ipse
3528 2782 3619 2858 qui

2043 2854 2254 2921 genuit;
2290 2854 2423 2907 hanc
2452 2855 2504 2907 in
2533 2868 2592 2909 se
2614 2854 2725 2907 sola
2744 2853 2900 2923 Virgo
2919 2863 2972 2909 et
2996 2863 3163 2908 mater
3182 2853 3488 2911 intemerata
3520 2853 3614 2915 co-

2043 2924 2239 2991 gnovit,
2265 2939 2383 2993 quze
2409 2925 2575 2978 virum
2600 2924 2651 2977 in
2680 2924 3025 2992 concipiendo
3044 2940 3148 2977 non
3176 2928 3410 2993 pertulit.
3432 2928 3489 2982 In
3512 2929 3617 2983 Pa-

2043 3000 2123 3047 tre
2147 2994 2564 3062 impassibilitas,
2596 2996 2646 3048 in
2671 3004 2839 3049 matre
2864 2994 3361 3063 incorruptibilitas;
3391 2998 3442 3051 in
3461 2999 3620 3055 Patre

2042 3074 2297 3134 perpetua
2342 3064 2610 3133 divinitas,
2662 3066 2713 3118 in
2756 3072 2927 3119 matre
2964 3073 3163 3119 aeterna
3196 3066 3490 3135 virginitas.
3530 3069 3620 3126 Sic

2043 3136 2184 3206 enim
2211 3135 2275 3189 ad
2317 3150 2433 3189 eam
2482 3135 2737 3190 Dominus
2778 3135 3010 3204 loquitur
3051 3152 3141 3203 per
3183 3139 3517 3206 prophetam,
3550 3140 3617 3194 Et

2043 3204 2355 3288 desponsabo
2382 3215 2429 3261 te
2445 3207 2576 3288 mihi
2617 3206 2668 3258 in
2702 3216 2943 3260 (utentum
2971 3205 3141 3278 (Osee.
3166 3204 3223 3288 ii,
3255 3204 3368 3279 {9).
3395 3208 3619 3280 Semper

2042 3291 2170 3349 ergo
2199 3286 2347 3346 virgo
2376 3286 2476 3338 est,
2504 3292 2622 3346 qum
2648 3291 2859 3349 semper
2878 3291 3072 3346 sponsa
3101 3287 3218 3349 est:
3242 3288 3295 3332 et
3320 3294 3436 3349 qua:
3458 3296 3617 3335 voea-

2044 3345 2169 3418 bulo
2198 3345 2406 3416 sponsae
2430 3345 2534 3400 non
2561 3348 2748 3411 caruit,
2780 3348 2829 3401 in
2852 3345 3108 3402 internum
3137 3348 3282 3417 virgo
3304 3345 3612 3418 permansit.

2045 3416 2113 3470 Et
2152 3418 2465 3486 desponsabo
2494 3427 2574 3491 te,
2607 3418 2790 3491 inquit,
2824 3418 2947 3470 mihi
2974 3419 3025 3471 in
3045 3416 3318 3491 emeritum}
3349 3421 3469 3489 quia
3499 3438 3618 3491 qua:

2045 3502 2237 3559 sponsa
2282 3497 2478 3559 teterna
2521 3488 2732 3547 dicitur,
2777 3496 2973 3559 aeterna
3022 3489 3167 3559 virgo
3209 3488 3482 3559 probatur.
3516 3488 3614 3547 Ἐκ

2045 3558 2203 3612 Patre
2230 3558 2581 3620 invisibiliter,
2616 3575 2678 3611 ex
2719 3567 2886 3611 matre
2916 3557 3227 3622 visibiliter;
3269 3559 3364 3614 sed
3408 3560 3617 3617 incom-

2048 3628 2350 3697 parabiliter
2378 3644 2442 3681 ex
2474 3629 2652 3687 Patre,
2683 3636 2839 3697 atque
2878 3628 3361 3697 incomparabiliter
3401 3648 3465 3685 ex
3516 3649 3619 3688 ma-

2048 3699 2303 3768 trezquia
2348 3698 2814 3765 incorruptibilitcr
2862 3698 2911 3751 in
2961 3699 3046 3752 illa
3091 3702 3362 3755 nativitate
3406 3702 3618 3758 Patrem

2047 3770 2212 3823 Deum
2245 3769 2400 3823 habet
2428 3769 2542 3823 sine
2574 3769 2785 3822 homine
2813 3777 3011 3833 matre;
3046 3771 3095 3831 in
3137 3769 3234 3824 ista
3275 3783 3495 3827 matrem
3524 3774 3620 3829 ha-

2046 3840 2133 3893 bet
2162 3840 2440 3910 virginem,
2465 3840 2555 3893 sed
2586 3839 2849 3894 hominem
2882 3854 2985 3894 noo
3017 3841 3172 3894 habet
3202 3853 3425 3910 patrem.
3450 3844 3502 3897 ln
3528 3845 3613 3899 illa

2046 3922 2341 3965 coaeternus
2380 3920 2461 3965 est
2508 3911 2696 3976 Patris,
2723 3920 2776 3963 et
2822 3922 3119 3965 coaeternus
3145 3915 3413 3967 auctoris:
3441 3916 3490 3968 in
3520 3916 3617 3968 ista

2049 3982 2185 4035 ﬁlius
2209 3992 2291 4035 est
2317 3982 2550 4050 virginis,
2585 3992 2638 4035 et
2665 3992 2848 4035 auctor
2875 3991 2957 4036 est
2982 3983 3183 4035 matris.
3213 3983 3330 4049 Ipse
3355 3987 3494 4037 enim
3521 3985 3619 4039 For-

2046 4052 2207 4105 mavit
2230 4061 2435 4106 uterum
2465 4052 2550 4117 qui
2577 4051 2850 4105 descendit
2874 4052 2925 4103 in
2956 4060 3159 4105 uterum
3184 4069 3197 4115 ;
3226 4054 3385 4107 exivit
3414 4055 3481 4109 de
3502 4064 3618 4109 ute-

2046 4136 2124 4185 ro,
2153 4133 2207 4175 et
2235 4140 2336 4175 non
2364 4126 2597 4189 corrupit
2623 4130 2830 4174 uterum
2860 4140 2871 4173 :
2903 4131 2959 4173 ut
2987 4124 3073 4190 qui
3109 4123 3267 4175 Deum
3296 4124 3504 4178 Patrem
3534 4125 3620 4179 ha-

2048 4193 2138 4246 het
2170 4194 2220 4245 in
2250 4193 2419 4257 etelis,
2452 4192 2708 4260 virginem
2749 4199 2973 4244 matrem
3017 4192 3233 4246 haberet
3268 4193 3317 4246 in
3352 4195 3526 4249 terris.
3558 4194 3615 4249 In

2049 4262 2141 4316 illo
2183 4263 2298 4317 sine
2334 4274 2575 4335 itempore
2612 4261 2924 4335 genitus,_in
2964 4261 3070 4335 ista
3103 4263 3153 4315 in
3186 4263 3290 4317 line
3319 4274 3614 4335 temporum

2051 4343 2222 4386 natus.
2241 4334 2403 4404 lnillo
2432 4333 2664 4385 nascitur
2692 4332 2804 4385 sine
2833 4332 2956 4396 ﬁne,
2979 4333 3028 4385 in
3062 4333 3158 4404 ista
3184 4332 3478 4404 concipitur
3502 4337 3617 4391 sine

2050 4403 2270 4458 semine.
2302 4403 2357 4457 In
2398 4404 2490 4457 illo
2517 4404 2631 4457 sine
2681 4404 2829 4457 initio
2869 4403 3245 4472 generationis,
3280 4403 3350 4458 in?
3377 4408 3473 4459 ista
3519 4408 3617 4462 sub

2048 4473 2351 4529 conditione
2378 4475 2529 4544 Legis
2556 4483 2611 4528 et
2634 4475 2829 4527 carnis.
2860 4473 2912 4527 In
2946 4474 3035 4528 illo
3064 4475 3339 4544 invisibilis
3372 4478 3527 4541 Deus,
3563 4479 3617 4532 in

2050 4546 2149 4599 ista
2178 4546 2397 4600 visibilis
2430 4543 2588 4617 homo
2616 4560 2711 4617 per
2739 4558 2932 4617 corpus
2947 4562 2967 4617 _:
2994 4545 3112 4613 quia
3151 4543 3359 4598 Verbum
3390 4564 3507 4601 caro
3533 4552 3618 4617 fa-

2050 4627 2183 4669 ctum
2207 4627 2299 4679 est,
2334 4627 2377 4670 et
2406 4613 2643 4669 habitauit
2668 4618 2717 4668 in
2746 4616 2887 4669 nobis
2908 4613 3085 4683 (loan.
3108 4632 3144 4681 I,
3172 4618 3277 4683 Η).
3313 4617 3367 4670 In
3396 4620 3482 4671 illo
3514 4613 3617 4672 iin~

2049 4687 2333 4754 passibilis,
2362 4688 2414 4741 in
2443 4688 2539 4741 ista
2581 4688 2834 4740 mortalis.
2881 4684 2936 4738 1n
2985 4685 3075 4738 illo
3118 4687 3530 4752 excelsissimus,
3565 4690 3615 4743 in

2051 4760 2148 4811 ista
2176 4759 2766 4828 subjectuszsuhjectus
2815 4755 3318 4828 siqnideniiujuriis
3360 4760 3619 4827 passionis

2049 4838 2102 4884 et
2132 4824 2351 4900 mortis;
2384 4830 2567 4881 mortis
2604 4824 2783 4900 autem
2824 4827 2996 4900 crucis
3027 4824 3281 4900 (Philipp.
3315 4824 3371 4891 n,
3404 4832 3482 4900 8).
3515 4830 3619 4885 Sed

2053 4915 2144 4968 per
2183 4899 2294 4952 hzec
2328 4900 2502 4951 omnia
2533 4908 2611 4952 est
2638 4899 2899 4967 gloriosus
2936 4897 2987 4950 in
3026 4897 3195 4965 enatis,
3227 4901 3315 4968 qui
3356 4897 3528 4955 victor
3565 4902 3619 4956 in

2050 4971 2293 5024 omnibus
2325 4970 2588 5023 invenitur
2608 4970 2659 5021 in
2685 4968 2854 5021 terris.

2119 5040 2173 5121 Ξῖ
2202 5039 2563 5121 DieiHNatniis
2612 5037 2796 5119 Christi
2831 5041 3177 5121 prterogatiua.
3208 5039 3622 5121 gestirreciionis

2052 5111 2237 5165 Christi
2294 5111 2398 5163 dies
2462 5110 2593 5181 idem
2652 5110 2739 5179 qui
2792 5110 3146 5181 conceptionis.
3207 5110 3377 5181 Elegit
3422 5112 3523 5166 sibi
3568 5114 3619 5166 in

2050 5197 2152 5250 qua
2193 5190 2497 5236 nasceretur
2536 5179 2696 5241 diem,
2746 5181 2830 5245 qui
2891 5180 3003 5234 fecit
3060 5196 3269 5235 omnem
3314 5179 3504 5249 diem,
3570 5193 3624 5237 et

2052 5249 2155 5307 non
2223 5253 2337 5305 sine
2399 5251 2562 5319 gratia
2628 5249 2948 5318 prailatiouis
3011 5253 3219 5305 caeteris
3291 5263 3371 5306 est
3437 5253 3621 5307 diebus

2054 5322 2329 5379 habendus
2396 5322 2479 5375 hic
2535 5320 2680 5385 dies,
2750 5320 2803 5374 in
2868 5337 2973 5391 quo
3038 5323 3175 5377 Deus
3240 5324 3293 5376 in
3354 5322 3620 5377 hominem

2114 5460 2185 5517 (τί)
2221 5458 2350 5517 διῇξε,
2375 5457 2438 5506 de
2461 5464 2698 5518 Tempore
2720 5454 2799 5506 22.

2113 5522 2183 5586 (ὁ)
2209 5527 2259 5570 In
2291 5518 2563 5586 Appendice
2583 5517 2714 5568 nunc
2747 5520 2949 5586 primum
2978 5517 3252 5570 collocatur.
3278 5525 3345 5586 Ex
3360 5523 3626 5586 vaanien-

2049 5580 2175 5636 sium
2190 5580 2396 5633 censura
2411 5580 2603 5639 dubius,
2628 5582 2961 5643 supposititius
2992 5595 3108 5631 vero
3123 5590 3198 5631 est
3221 5580 3399 5630 Verlini
3422 5591 3625 5634 senten-

2049 5594 2174 5636 sium
2190 5594 2396 5633 censura
2411 5594 2603 5639 oumus,
2628 5594 2961 5692 quJposmuus
2992 5595 3108 5631 vero
3123 5594 3198 5631 εει
3222 5594 3399 5630 verum
3422 5594 3625 5634 senten-

2049 5649 2193 5717 tiaac
2210 5644 2459 5717 vindingi,
2473 5643 2553 5717 qui
2578 5643 2669 5692 istu
2705 5644 2930 5717 .maxime
2954 5645 3179 5716 observat
3189 5643 3266 5717 ‘ah.
3283 5644 3627 5717 Augustiniano

2022 5710 2161 5761 .stilo
2200 5704 2411 5756 alienum
2446 5704 2584 5755 initio
2618 5718 2666 5753 n.
2692 5704 2760 5753 εις
2794 5723 2816 5751 ι
2837 5707 2997 5755 Omnis
3032 5718 3152 5767 ergo
3189 5705 3332 5767 hujus
3358 5704 3627 5757 nativitatis

2059 5792 2080 5818 «
2102 5770 2282 5843 schola,
2306 5767 2591 5818 humilitatis
2614 5776 2691 5817 est
2728 5768 2931 5828 oﬂicina,
2969 5768 3213 5831 patientiae
3236 5779 3409 5831 massa,
3437 5769 3629 5820 virtutis

2060 5852 2082 5881 ι
2104 5844 2293 5897 agonia.
2312 5846 2336 5877 ἱ

2738 5913 3321 5995 (Soixante-trois.)
