4156 6374
434 530 628 586 fratres
654 518 975 584 cbarisslmi,
997 516 1283 573 adventum
1310 512 1409 571 Dei
1433 519 1493 586 et_
1515 509 1748 586 hominis
1770 506 2013 586 ceiebre-

434 579 678 663 inﬁgit
698 579 797 649 nes
822 593 886 648 ad
912 579 1077 664 Deum
1102 598 1453 664 revertamur.
1476 584 1641 664 igitur
1660 579 2019 664 diemfestnm

436 651 791 730 ~celebremus,
825 678 929 719 non
962 663 1205 715 humanae
1233 651 1529 713 devotionis
1547 653 1685 730 ,_sed
1713 651 2017 730 divinaedi-

434 720 704 812 gna‘tionis
728 752 743 803 ;
771 720 877 812 non
906 730 1248 812 ipﬁrtnltatis,
1276 730 1368 812 sed
1397 725 1706 812 teternitatis
1718 740 1744 812 ἑ
1775 720 2018 812 norinfor-

434 792 707 872 i'nationis,
730 792 829 862 sed
859 792 1252 872 reformationis
1280 798 1490 854 Domini
1521 795 1687 852 nostri
1712 794 1840 850 Jesu
1861 792 2021 849 Chri-

436 883 503 938 sti
531 897 545 936 :
573 880 663 952 qui
692 871 815 935 eum
841 878 999 931 Patre
1021 883 1074 929 et
1093 871 1294 944 Spiritu
1320 877 1524 935 sancto,
1552 878 1655 923 etc.

923 982 1155 1042 SERMO
1189 980 1407 1039 cxxrx
1435 978 1532 1054 (a).

870 1108 940 1151 De
953 1098 1173 1149 Calendis
1192 1097 1445 1159 Januariis,
1462 1112 1480 1148 ι
1499 1094 1588 1159 (b).

513 1209 565 1263 i.
605 1207 774 1261 Janus
817 1206 926 1268 quis
974 1204 1139 1272 fuerit.
1171 1200 1490 1256 Idololatria:
1518 1202 1677 1271 origo.
1716 1200 1863 1257 Unde
1886 1200 2024 1257 lano

443 1282 560 1334 duce
597 1278 772 1348 facies.
808 1275 1113 1348 Superstitiq
1144 1271 1468 1348 colendarum
1498 1273 1877 1348 janurtriaruni.
1903 1273 2024 1328 Dies

443 1342 784 1405 calendarum
815 1342 1054 1409 istarum,
1090 1342 1280 1399 fratres
1310 1342 1608 1397 charisSimi
1628 1386 1641 1403 .
1669 1359 1802 1413 quas
1827 1343 2025 1398 Janua-

445 1422 552 1475 rias
577 1427 788 1484 vocant,
820 1433 849 1471 a
877 1416 1105 1486 quodam
1134 1414 1269 1469 Jano
1297 1414 1511 1486 homine
1537 1414 1743 1484 perdito
1767 1429 1832 1471 ac
1856 1414 2024 1471 sacri-

447 1492 564 1560 lego
594 1504 789 1543 nomen
824 1485 1231 1560 accepit._.lanus
1256 1495 1450 1560 autent
1473 1485 1573 1560 iste
1597 1485 1703 1539 dux
1732 1486 1945 1560 quidam
1972 1495 2028 1560 et

446 1554 691 1632 princeps
734 1554 1375 1632 hominuinPaganorum
1425 1554 1565 1609 fuit:
1598 1571 1755 1625 quem
1796 1556 2026 1632 imperiti

448 1628 690 1686 homines
713 1642 767 1685 et
792 1630 972 1685 rustici
1003 1628 1130 1683 dum
1157 1631 1306 1696 quasi
1345 1642 1525 1695 regem
1553 1637 1825 1691 metuunt,
1853 1629 2029 1683 colere

445 1703 591 1757 velut
620 1703 782 1756 Deum
810 1709 1123 1770 cmperunt;
1153 1698 1456 1753 detulerunt
1502 1698 1643 1751 enim
1690 1699 1737 1752 ei
1789 1699 2028 1753 illicitum

448 1774 728 1839 honorem,
751 1772 876 1827 dum
906 1773 956 1824 in
983 1787 1048 1824 eo
1073 1778 1434 1838 expavescunt
1459 1770 1658 1836 regiam
1690 1778 2028 1837 potestatem.

450 1844 704 1899 Homines
729 1845 923 1914 quippe
949 1840 1176 1914 stultiiet
1209 1841 1513 1914 ignorantes
1543 1840 1734 1914 Deum,
1761 1840 1878 1894 illos
1905 1849 2032 1914 tunc

449 1916 679 1969 maxime
699 1910 839 1969 deos'
856 1910 1249 1975 existimabmit,
1279 1914 1413 1980 quos
1437 1912 1572 1963 inter
1603 1912 1842 1965 homines
1868 1910 2035 1965 subli-

449 1987 647 2039 miores
667 2001 787 2041 esse
805 1985 1115 2039 cernebant.
1142 1985 1219 2037 Ac
1242 1983 1317 2035 sic
1349 1982 1541 2036 factum
1564 1994 1644 2035 est
1667 1992 1723 2036 ut
1742 1982 1899 2035 unius
1922 1982 2032 2037 veri

451 2057 541 2110 Dei
582 2058 754 2109 cultus
785 2056 850 2108 ad
893 2055 1054 2107 multa
1083 2053 1303 2106 deorum
1334 2053 1416 2104 vel
1449 2055 1623 2121 potius
1648 2052 2033 2107 daemoniorum

453 2127 665 2181 nomina
699 2125 1093 2180 transferretur.
1123 2124 1273 2178 Diem
1304 2138 1431 2191 ergo
1456 2123 1794 2177 calendarum
1824 2124 2037 2177 hodier-

454 2214 639 2252 narum
667 2198 733 2252 de
761 2198 974 2251 nomine
997 2195 1138 2260 Jani,
1166 2195 1303 2247 sicut
1326 2193 1438 2261 jam
1468 2193 1663 2247 dictum
1696 2202 1797 2260 est,
1830 2210 2038 2249 nuncu-

453 2278 647 2339 parunt
668 2286 683 2322 :
702 2274 945 2339 atqneut
970 2267 1017 2320 ei
1049 2265 1248 2339 homini
1280 2264 1509 2339 divinos
1525 2266 1754 2339 honores
1769 2268 2037 2339 conferre

450 2335 754 2408 cupiebant,
776 2335 831 2393 et
858 2338 1014 2391 ﬁnem
1048 2336 1209 2408 unius
1223 2335 1355 2408 anni
1382 2343 1435 2390 et
1463 2335 1687 2408 alterius
1710 2335 1916 2408 initium
1938 2335 2035 2391 de-

453 2404 823 2479 putarunt.'Et
850 2409 971 2478 quia
1000 2407 1142 2476 apud
1181 2406 1301 2479 illos
1324 2405 1580 2479 januariie
1608 2404 1847 2479 calendae
1875 2422 2037 2479 unum

452 2476 652 2535 annum
680 2476 923 2550 implere,
944 2487 999 2533 et
1019 2479 1243 2550 alterum
1266 2476 1500 2545 incipere
1521 2477 1852 2550 dicebantur,
1877 2477 2038 2534 istum

410 2582 413 2585 ι
453 2549 645 2606 Ianum
676 2547 828 2620 quasi
873 2551 926 2604 in
970 2547 1229 2620 principio
1276 2561 1339 2600 ac
1383 2548 1613 2620 termino
1642 2557 1952 2620 posuerunt,
1982 2556 2042 2620 ut

459 2638 618 2676 unum
648 2618 843 2676 annum
877 2620 1119 2686 implere,
1144 2619 1366 2672 alterum
1396 2618 1630 2686 incipere
1658 2618 1948 2673 diceretur.
1972 2619 2043 2675 Et

458 2692 582 2747 hinc
610 2701 711 2755 est,
744 2692 885 2762 quod
918 2688 1183 2745 ldolorum
1213 2688 1449 2762 cultores
1478 2689 1579 2759 ipsi
1606 2688 1741 2745 Jano
1783 2692 1916 2745 duas
1964 2690 2045 2745 fa-

456 2764 567 2819 cies
620 2760 951 2833 ﬁguraruut;
1000 2776 1161 2816 unam
1215 2768 1338 2833 ante
1392 2760 1605 2827 ipsum,
1643 2762 1873 2833 alteram
1925 2769 2045 2832 post

457 2834 632 2904 ipsum
653 2831 677 2899 ;“
702 2848 858 2887 unam
882 2848 1001 2904 qua:
1028 2831 1353 2904 praeteritum
1380 2845 1577 2904 annum
1602 2831 1874 2904 videretur
1898 2831 2043 2902 aSpi-

457 2902 601 2969 cere,
629 2902 994 2975 alteramque:
1021 2902 1256 2975 futurum
1285 2918 1301 2975 _:
1329 2917 1391 2955 ac
1403 2902 1496 2975 _sic
1523 2903 1765 2975 homines
1793 2904 2045 2975 insipien-

461 2984 541 3031 tes
577 2976 710 3030 duas
746 2975 797 3031 ei
835 2972 997 3029 facies
1031 2972 1356 3042 deputanda,
1385 2972 1509 3027 dum
1538 2989 1658 3026 eum
1684 2973 1842 3027 deum
1871 2972 2046 3030 facere

459 3048 697 3118 cupiunt,
726 3057 1020 3101 monstrum
1063 3059 1184 3118 esse
1230 3042 1485 3118 fecerunt.
1518 3042 1812 3118 Voluerunt
1850 3046 1903 3099 in
1943 3046 2045 3101 deo

460 3113 559 3173 suo
584 3134 703 3173 esse
736 3119 1055 3188 praecipuum
1081 3113 1279 3184 Pagaui
1311 3114 1574 3188 hemines,
1608 3114 1750 3188 quod
1775 3124 1858 3172 est
1885 3118 2045 3172 etiam

462 3190 513 3243 in
561 3189 848 3258 pecudibus
894 3185 1311 3258 monstruosum.
1344 3186 1414 3258 Et
1447 3185 1570 3241 ideo
1608 3186 1808 3256 optima
1848 3189 2048 3244 erroris

462 3261 543 3314 sui
561 3256 928 3315 'declaratione
955 3269 1114 3327 atque
1140 3256 1357 3327 indicio,
1385 3256 1512 3312 dum
1541 3272 1663 3312 eum
1691 3257 1935 3327 religiosa
1955 3274 2048 3314 va-

463 3333 626 3456 giiate
670 3345 914 3401 magnum
958 3326 1117 3383 deum
1158 3326 1327 3381 videri
1362 3328 1564 3390 volunt,
1603 3326 1923 3384 daemonium
1950 3344 2049 3402 pu-

517 3411 739 3456 Icarum.

517 3411 739 3456 Icarum.

530 3471 586 3527 2.
627 3471 895 3528 Carnulum
933 3469 1188 3537 facientes.
1231 3467 1334 3540 νίζε
1366 3467 1582 3540 feminas
1609 3471 1890 3526 induentes.
1917 3471 2050 3528 Hinc

466 3544 643 3615 itaque
667 3552 750 3598 est
773 3540 917 3612 quod
947 3542 1062 3615 iStis
1082 3540 1276 3615 diebus
1300 3538 1502 3615 Pagani
1526 3542 1769 3615 homines
1796 3558 2050 3615 perverso

464 3611 701 3669 omnium
729 3611 907 3667 rerum
936 3612 1123 3666 ordine
1145 3611 1391 3684 obscenis
1412 3611 1836 3667 deformitatibus
1864 3623 2051 3684 tegun-

469 3694 586 3749 tur;
617 3692 675 3739 ut
713 3684 849 3739 tales
888 3683 1071 3753 utique
1108 3697 1169 3753 se
1210 3682 1403 3753 faciant
1427 3683 1513 3751 qui
1541 3684 1739 3747 colunt,
1769 3682 1941 3753 qualis
1969 3696 2051 3739 est

469 3755 568 3811 iste
591 3758 681 3826 qui
706 3754 918 3826 colitur.
945 3751 1003 3808 lu
1035 3751 1150 3826 istis
1175 3755 1317 3826 enim
1350 3751 1538 3826 diebus
1574 3754 1752 3808 miseri
1787 3751 2047 3826 homines,

410 3886 413 3887 ν
467 3836 553 3891 et,
586 3822 728 3896 quod
767 3826 920 3896 pejus
940 3832 1042 3891 est,
1083 3822 1244 3893 aliqui
1286 3822 1553 3896 baptizati,
1592 3833 1811 3878 sumunt
1852 3824 2053 3881 formas

469 3895 1006 3966 adulteras,’species
1052 3903 1447 3958 monstruosas,
1496 3895 1550 3950 in
1598 3896 1790 3965 quibus
1838 3898 2052 3966 quidem

471 3976 593 4023 sunt
624 3984 743 4037 quae
772 3965 1001 4037 primum
1038 3965 1305 4036 pudenda,
1334 3974 1424 4037 aut
1450 3968 1626 4035 potius
1649 3965 1876 4021 dolenda
1905 3979 2050 4023 sunt.

470 4038 597 4109 Quis
626 4036 787 4094 enim’
811 4041 1025 4110 sapiens
1066 4037 1260 4110 poterit
1303 4036 1540 4110 eredere,
1577 4037 1800 4110 inveniri
1845 4040 2055 4110 aliquos

471 4105 613 4164 sanae
644 4110 837 4163 mentis
870 4105 959 4179 qui
988 4108 1262 4162 cervulum
1293 4105 1583 4179 iacientes.
1624 4108 1677 4162 in
1720 4105 1952 4164 ferarum
1996 4125 2056 4167 se

472 4182 633 4235 velint
672 4177 905 4235 habitum
945 4177 1308 4234 commutare?
1346 4178 1787 4233 Alii’vestiuntur
1829 4181 2056 4249 pellibus

474 4251 768 4321 pecudum;
797 4252 886 4304 alii
915 4258 1193 4305 assumunt
1221 4249 1392 4321 capita
1424 4249 1734 4321 bestiarum,
1762 4252 2057 4321 gaudentes

474 4319 527 4378 et
551 4323 896 4388 exsultantes,
918 4321 965 4375 si
992 4321 1167 4393 taliter
1186 4336 1245 4374 se
1274 4323 1327 4373 in
1356 4319 1553 4393 ferinas
1572 4319 1784 4393 species
1802 4324 2060 4393 transfor-

475 4394 755 4465 maverint,
790 4402 847 4446 ut
878 4392 1118 4465 homines
1144 4407 1247 4445 non
1274 4406 1392 4446 esse
1423 4390 1700 4465 videantur
1725 4390 1816 4465 (c).
1836 4392 1928 4465 Ex
1951 4409 2058 4464 quo

476 4462 711 4520 indicant
734 4479 798 4519 ac
827 4462 1080 4534 probant,
1119 4478 1227 4517 non
1260 4472 1366 4517 tam
1404 4478 1464 4519 se
1494 4462 1744 4519 habitum
1764 4462 2056 4521 belluinum

558 4623 610 4688 ᾳ)
634 4620 776 4678 Alias,
792 4620 1259 4688 interviguerianos
1277 4619 1353 4688 14,
1379 4622 1430 4669 in
1455 4623 1604 4688 prima
1628 4630 1768 4685 parte
1789 4625 2033 4688 Supplem.

554 4681 697 4761 ille.
723 4681 1746 4761 Acraeameumdeiemeelleséea
1778 4681 2060 4761 nasum

725 4744 868 4818 vetus
888 4745 1099 4818 quidam,
1123 4744 1233 4818 quo
1258 4744 1514 4818 viguerius
1533 4758 1652 4818 usus
1671 4744 1823 4818 fuisse
1846 4744 2057 4818 videtur,

477 4807 786 4874 bibliotheca
820 4805 1236 4874 jani_Ct_)lb_ertinm
1269 4805 1465 4874 cedes;
1491 4808 1580 4874 sed
1612 4810 1871 4871 quominus
1908 4805 2061 4874 ipsius

481 4881 593 4933 eme
616 4867 870 4933 metiatur,
902 4869 1091 4919 obsistit
1124 4881 1236 4918 cum
1274 4867 1465 4933 dicendi
1489 4867 1647 4933 ratio,
1660 4883 1771 4933 qua:
1804 4867 2060 4933 Caesarium

481 4930 641 4992 potius
660 4930 846 4994 refert,
880 4936 983 4981 tum
1012 4943 1121 4994 quae
1161 4930 1559 4994 posteriorisaavi
1582 4930 1694 4991 est;
1724 4946 1780 4981 ac
1800 4932 2060 4987 difﬁculter

480 4991 596 5055 ante
616 4991 806 5055 Caesar-ii
829 4991 1212 5055 tempus'reponi
1232 4994 1383 5054 possit
1407 4992 1694 5055 observatio
1718 4995 1796 5045 hic
1814 5007 1863 5044 n.
1886 4996 1917 5044 3
1940 4997 2060 5049 facta

480 5053 546 5103 de
569 5054 761 5119 pubiico
775 5052 963 5119 jejunio
998 5052 1554 5119 perjomnesDEcclesias
1582 5054 1798 5119 calendis
1827 5057 2061 5119 januariis

485 5066 546 5103 ne
569 5066 761 5117 publico
775 5066 963 5128 jejunio
998 5066 1087 5117 per
1117 5066 1554 5163 omnesucctelyas
1582 5066 1798 5128 calenqis
1827 5066 2061 5119 januariis

485 5127 515 5165 ι
534 5116 714 5180 sanctis
731 5116 944 5180 antiquis
964 5116 1181 5179 patribus
1213 5116 1406 5165 indicto.
1466 5123 1486 5165 t
1506 5115 1633 5180 alter
1667 5118 1867 5180 quidem
1891 5132 1952 5169 ex
1975 5130 2062 5172 Ne-

1190 5189 1469 5254 §§i919999
1489 5178 1553 5254 ddi
1567 5178 2062 5254 Ρξῗοίξωοίδίοέιθνριὲί

482 5239 581 5289 iste
603 5242 824 5307 proxime
844 5237 1170 5307 subjungitur,
1193 5237 1487 5307 absolutum,
1504 5238 1655 5307 habet
1674 5243 1745 5290 sic
1768 5256 1780 5291 :
1814 5259 1838 5288 ι
1860 5237 2063 5307 Explicit

492 5301 701 5351 «sermo
733 5302 799 5351 de
834 5301 1203 5364 circumcisione
1253 5301 1455 5364 Domini.
1488 5304 1669 5364 incipit
1703 5316 1868 5354 sermo
1909 5301 2062 5358 sancti

493 5379 518 5410 ι
537 5364 761 5413 Maxentii
777 5364 842 5414 de
862 5361 1012 5414 Natali
1032 5364 1232 5414 Domini.
1255 5370 1305 5413 tn
1328 5360 1546 5414 calendis
1566 5360 1820 5416 Januariis.
1837 5383 1861 5412 ι
1882 5374 1937 5419 Et
1948 5381 2061 5420 mox

484 5427 1002 5490 subsequiturisermo,
1033 5442 1057 5472 ι
1079 5423 1544 5490 οἱβεᾼωῑθηόεηιω,
1571 5442 1595 5472 ι
1625 5434 1719 5478 etc.
1760 5429 1854 5478 sed
1883 5430 1936 5479 in
1970 5430 2063 5481 hoc

485 5486 715 5538 sermone
739 5486 921 5537 nullum
942 5487 1007 5537 de
1036 5487 1275 5538 Dominica
1309 5486 1560 5539 nativitate
1593 5490 1798 5539 verbum
1834 5495 2056 5543 occurrit.

485 5550 583 5599 sub
603 5551 798 5600 nomine
821 5550 1025 5612 Faustini
1049 5550 1261 5612 episcopi
1286 5563 1375 5611 per
1409 5550 1684 5600 Bollandum
1716 5554 1767 5601 in
1789 5553 1913 5603 Actis
1949 5562 2062 5604 San-

485 5619 849 5676 ctorum,me
869 5611 1104 5676 ‘l,_editus
1126 5611 1291 5676 estad
1324 5618 1468 5662 vetus
1503 5615 1755 5673 exemplar
1795 5615 2060 5676 Aceiense,

488 5685 577 5738 esu
590 5674 802 5738 immoti,
823 5673 949 5737 apud
984 5674 1346 5738 Burgundiones
1378 5676 1674 5725 monasterii.
1693 5684 1952 5728 sermones
1974 5673 2063 5731 l29

490 5743 542 5786 et
562 5736 650 5799 150
664 5738 712 5785 in
733 5736 920 5787 Cesarii
941 5738 1041 5788 vita
1056 5736 1384 5799 reperiuntur.

552 5798 763 5871 (cunne
778 5799 1048 5871 illustratur
1080 5798 1506 5871 Autissiedorensis
1704 5800 2062 5871 578__celebra_ti

492 5860 1042 5926 conciliicanoni,quo
1070 5870 1214 5914 «Non
1247 5861 1363 5914 licet
1389 5862 1605 5915 calendis
1899 5864 2063 5917 vetula

1848 385 2074 446 SERMO
2112 384 2348 440 CXXIX.

3560 377 3702 438 2002

2127 502 2325 557 habere
2344 542 2358 566 ,
2399 515 2558 570 quam
2586 513 2821 557 sensum.
2845 498 2976 554 Nam
3001 497 3241 570 quamvis
3267 496 3599 570 diversorum
3626 500 3701 552 si-

2125 569 2478 630 militudinem
2507 571 2816 653 animalium
2843 570 3140 653 exprimere
3178 570 3231 624 in
3249 583 3324 653 ise
3349 569 3548 633 velint;
3581 583 3701 623 cer-

2128 653 2237 700 tum
2268 654 2351 699 est
2376 652 2574 710 tamen,
2600 644 2651 696 in
2679 642 2762 697 his
2790 638 2956 711 magis
2980 656 3076 696 cor
3101 638 3360 710 pecudum
3387 653 3528 707 esse,
3545 654 3703 711 quam

2127 716 2370 770 formam.
2393 714 2641 770 Jamvero
2665 712 2793 767 illud
2822 709 2976 783 quale
2999 720 3052 767 et
3079 709 3237 781 quam
3262 719 3415 780 turpe
3440 717 3540 774 est,
3563 709 3706 783 quod

2127 786 2226 859 viri
2273 786 2404 859 nati,
2437 784 2629 859 tunicis
2669 781 3754 859 muiiebribus__vestiuniur,_et.turpis-Q

2128 857 2263 913 sima
2288 857 2500 912 demum
2522 854 2878 909 demutatione
2900 852 3221 924 puellaribus
3238 851 3427 924 figuris
3449 850 3710 924 virilem-

2127 928 2229 982 bur
2248 926 2575 995 effeminant,
2602 941 2708 995 non
2737 920 3111 995 erubescentes
3139 920 3330 995 tunicis
3355 920 3710 995 muliebribus

2130 998 2366 1053 inserere
2388 992 2645 1052 militares
2663 994 2890 1050 lacertos
2910 1012 2925 1050 :
2943 993 3193 1051 barbatas
3213 993 3374 1048 facies
3398 992 3707 1061 praeferunt,

2130 1077 2185 1123 et
2208 1068 2375 1123 videri
2406 1067 2613 1123 feminae
2642 1067 2847 1123 volunt.
2867 1064 2938 1121 Et
2964 1066 3157 1121 merito
3186 1065 3387 1118 virilem
3414 1065 3527 1134 jam
3552 1061 3707 1119 forti-

2132 1139 2367 1218 tudinem
2395 1153 2500 1193 non
2530 1137 2749 1218 habent,
2768 1135 3197 1218 qui_in_muiie_ris
3220 1134 3712 1218 habit_um_transie-

2130 1220 2275 1265 runt.
2298 1209 2449 1265 Justo
2474 1208 2615 1264 enim
2639 1204 2837 1279 judicio
2862 1207 2954 1279 Dei
2979 1206 3224 1262 evenisse
3241 1204 3574 1279 credendum
3601 1213 3709 1271 est,

2132 1292 2190 1335 ut
2219 1281 2499 1335 militarem
2526 1276 2773 1333 virtutem
2802 1278 3129 1345 amitterent,
3165 1277 3253 1346 qui
3295 1276 3608 1331 feminarum
3650 1288 3713 1332 so

2133 1354 2312 1422 specie
2332 1351 2737 1405 deformasscnt.

2206 1424 2255 1478 5.
2292 1421 2684 1491 Superstitiones
2698 1419 2833 1491 alim.
2860 1418 3076 1473 Strenw.
3102 1417 3173 1474 Et
3208 1418 3330 1488 quia
3354 1419 3498 1472 Deus
3517 1417 3706 1491 placa-

2135 1503 2219 1548 tus
2247 1487 2394 1548 vobis
2422 1493 2680 1561 inspirare
2708 1489 2954 1561 dignatus
2984 1499 3083 1561 est,
3115 1496 3177 1561 ut
3227 1487 3538 1561 pro-amore
3563 1487 3706 1561 ﬁdei,

2134 1564 2234 1619 ista
2294 1558 2610 1617 miserabilis
2647 1558 2976 1616 consuetudo
3003 1560 3071 1615 de
3114 1559 3211 1613 hac
3248 1558 3462 1613 civitate
3496 1559 3549 1613 in
3579 1559 3716 1614 inte-

2171 1650 2285 1689 rum
2316 1634 2625 1698 tolleretur;
2658 1647 2788 1699 rogo
2814 1648 2929 1697 ves,
2960 1630 3154 1685 fratres
3180 1630 3499 1694 charissimi,
3534 1640 3588 1683 ut
3616 1643 3713 1683 vo-

2174 1708 2218 1761 is
2248 1721 2353 1758 non
2381 1704 2611 1759 sufﬁciat
2638 1702 2781 1773 quod
2808 1703 2905 1772 ipsi
2938 1702 3040 1756 hoc
3066 1701 3426 1773 malum,Deo
3457 1700 3713 1773 donante,

2137 1792 2240 1831 non
2272 1775 2441 1830 facitis
2470 1792 2484 1827 :
2518 1775 2610 1829 sed
2658 1771 2982 1843 ubicumque
3025 1773 3148 1826 alibi
3200 1772 3319 1843 ﬁeri
3339 1771 3597 1843 videritis,
3627 1786 3716 1843 ar-

2137 1848 2299 1931 guite,
2323 1847 2596 1931 castigate,
2627 1840 2979 1931 corripite,'et
2994 1853 3169 1931 vestre
3192 1842 3388 1931 salubri
3403 1841 3631 1931 consilio
3644 1840 3719 1931 de

2139 1912 2241 1973 isto
2296 1912 2577 1971 miserabili
2632 1912 2908 1985 sacrilegio
2935 1914 3126 1967 stultos
3153 1912 3715 1985 hominesremovete.

2140 1989 2208 2043 Et
2229 1997 2283 2041 ut
2307 1988 2373 2041 ad
2421 1989 2682 2055 integrum
2729 1982 3058 2039 vos'diviuze
3106 1982 3488 2055 misericordiae
3529 1998 3719 2055 cense:

2140 2059 2319 2124 cretis,
2354 2059 2513 2113 etiam
2535 2050 2674 2110 "illas
2724 2057 2854 2112 alias
2897 2053 3321 2119 observationes,
3351 2055 3494 2108 velut
3519 2050 3720 2107 diaboli

2142 2144 2343 2184 venena
2367 2128 2622 2196 reSpuite,
2648 2141 2802 2197 quas,
2830 2126 2970 2197 quod
3013 2126 3163 2195 pejus
3193 2133 3295 2191 est,
3327 2126 3506 2197 plures
3533 2125 3586 2178 in
3617 2138 3719 2197 po-

2143 2201 2267 2270 pulo
2293 2194 2580 2270 christiano
2609 2194 2891 2270 observare
2919 2194 3025 2270 non
3056 2197 3399 2270 erubescunt.
3428 2196 3567 2270 Sunt
3577 2194 3723 2249 enim

2143 2265 2157 2270 ’
2182 2270 2234 2324 ui
2272 2269 2506 2324 calendis
2529 2267 2785 2337 januariis
2837 2268 3056 2339 auguria
3107 2267 3411 2327 observant.
3445 2275 3503 2320 ut
3543 2265 3723 2320 focum

2143 2286 2211 2395 ﬂe
2226 2339 2389 2394 domo
2418 2354 2533 2395 sua.
2560 2338 2647 2393 vel
2670 2337 2811 2392 aliud
2840 2338 3210 2395 quodcumque
3248 2336 3582 2395 beneﬁcium.
3613 2334 3723 2391 cui-

2180 2339 2389 2396 edomo
2418 2334 2543 2403 sua,
2560 2338 2647 2393 vel
2670 2337 2811 2392 aliud
2840 2334 3210 2408 quodcumque
3248 2336 3582 2402 beneﬁcium,
3613 2334 3727 2391 cui-

2144 2425 2373 2479 cumque
2428 2410 2621 2478 petenti
2655 2424 2760 2464 non
2787 2407 3039 2464 tribuant.
3073 2407 3370 2479 Diabolieas
3394 2408 3554 2461 etiam
3584 2415 3725 2479 stre:

2146 2496 2266 2547 nas,
2290 2476 2346 2535 et
2371 2476 2439 2535 ab
2464 2481 2581 2536 aliis
2609 2479 2895 2549 accipiunt,
2928 2489 2982 2534 et
3017 2480 3117 2547 ipsi
3139 2478 3258 2532 aliis
3284 2478 3519 2533 tradunt.
3543 2476 3721 2549 Aliqui

2146 2554 2307 2609 etiam
2330 2552 2535 2619 rustici,
2563 2548 2835 2606 mensulas
2883 2553 2933 2604 in
2977 2551 3075 2605 ista
3106 2557 3259 2603 nocte
3285 2566 3403 2619 qum
3455 2548 3725 2619 praeteriit,

2148 2624 2331 2694 plenas
2360 2624 2542 2677 multis
2562 2621 2743 2687 rebus,
2763 2638 2882 2690 quae
2926 2621 2995 2675 ad
3022 2620 3604 2694 manducandumosunt
3629 2634 3728 2694 ne-

2147 2690 2415 2755 cessariae.
2458 2702 2876 2760 componentes,
2919 2699 3028 2746 tota
3084 2699 3240 2746 nocte
3283 2692 3361 2745 sic
3408 2690 3731 2759 compositas

2148 2780 2269 2820 esse
2290 2764 2494 2829 volunt,
2548 2762 2828 2817 credentes
2856 2761 3132 2832 quodhoc
3158 2761 3259 2814 illis
3284 2760 3522 2816 calendas
3542 2763 3732 2832 janﬁua-

2149 2836 2243 2890 rite
2266 2844 2519 2904 praestare
2565 2832 2786 2904 possint,
2814 2831 2886 2887 ut
2904 2848 2997 2902 per
3039 2838 3207 2887 tottim
3247 2846 3444 2904 annium
3488 2831 3729 2904 convivia

2152 2901 2361 2960 illorum
2390 2904 2440 2957 iu
2470 2901 2917 2958 tali'abundantia
2940 2913 3305 2973 perseverent.
3329 2903 3398 2957 Et
3423 2902 3566 2972 quia,
3590 2901 3731 2956 sicut

2150 2976 2407 3046 scriptum
2430 2985 2532 3046 est,
2561 2974 2819 3046 Modicum
2848 2974 3148 3041 fermentum
3192 2984 3347 3046 totam
3376 2989 3596 3046 massam
3614 2988 3730 3046 eor—

2151 3043 2342 3117 runipit
2374 3044 2393 3117 (
2420 3044 2592 3100 Galat.
2634 3061 2687 3117 vi,
2725 3044 2822 3117 9),
2855 3046 3013 3099 etiam
3045 3046 3166 3109 ista,
3190 3054 3245 3099 et
3272 3045 3375 3117 alia
3409 3044 3490 3100 his
3516 3043 3731 3110 similia,

2153 3114 2279 3187 qusi
2300 3114 2516 3187 longum
2541 3125 2623 3170 est
2649 3114 2847 3179 dicere,
2877 3132 2997 3186 quae
3035 3117 3102 3170 ab
3148 3116 3411 3187 imperitis,
3432 3126 3526 3171 aut
3546 3131 3733 3187 parva.

2152 3185 2245 3243 aut
2270 3185 2415 3243 nulla
2440 3195 2656 3258 peccata
2680 3185 3005 3253 creduntur;
3034 3202 3064 3241 a
3092 3189 3285 3242 vestris
3320 3185 3562 3258 ordinate
3587 3185 3737 3258 fami-

2154 3260 2238 3314 liis
2268 3256 2531 3315 removeri
2556 3275 2569 3312 :
2597 3269 2652 3314 et
2682 3259 2783 3313 hoc
2808 3259 3104 3329 praecipite,
3131 3258 3292 3313 utsic
3333 3256 3582 3329 calendas
3607 3256 3738 3329 istas

2153 3330 2352 3399 colant,
2380 3328 2651 3401 quomodo
2675 3325 2900 3385 aliorum
2924 3325 3186 3384 mensium
3212 3330 3389 3401 colere
3414 3328 3608 3401 solent.
3635 3325 3739 3401 Qui

2155 3401 2295 3456 enim
2313 3397 2510 3471 aliquid
2538 3400 2604 3455 de
2631 3400 2960 3471 Paganorum
2980 3400 3366 3455 consuetudine
3396 3399 3595 3471 iniistis
3617 3397 3736 3453 die—

2157 3471 2257 3527 bus
2277 3470 2563 3526 obse’rvare
2592 3470 2877 3536 voluerint,
2908 3471 3199 3525 timendum
3222 3480 3306 3527 est
3333 3485 3401 3526 ne
3426 3470 3506 3525 eis
3529 3484 3734 3527 nomen

2155 3540 2499 3597 christianum
2522 3542 2771 3611 prodesse
2791 3556 2896 3595 non
2922 3541 3108 3612 possit.

2227 3614 2282 3667 4.
2303 3612 2564 3684 Jejunium
2584 3612 2707 3665 olim
2724 3611 2971 3665 indictum
2990 3613 3045 3684 in
3064 3611 3287 3684 eiciendis
3301 3613 3577 3684 januariis.
3606 3611 3736 3667 Per-

2157 3684 2322 3737 sanati
2348 3682 2571 3737 homines
2592 3699 2692 3735 non
2732 3683 3037 3754 aspiciendi.
3084 3682 3152 3737 Et
3181 3682 3313 3738 ideo
3333 3685 3501 3738 sancti
3532 3684 3740 3754 antiqui

2160 3761 2339 3824 patres
2365 3754 2534 3824 nostri
2561 3753 2962 3808 considerantes
3004 3755 3290 3808 maximam
3331 3763 3533 3824 partem
3564 3753 3740 3810 homi-

2161 3840 2287 3878 num
2311 3823 2499 3878 diebus
2518 3823 2634 3878 istis
2662 3824 2798 3893 gula:
2815 3824 2899 3880 vel
2922 3825 3141 3879 luxuriae
3163 3823 3454 3893 deservire,
3484 3834 3538 3881 et
3564 3825 3742 3882 ebrie-

2161 3894 2356 3950 tatibus
2383 3903 2438 3949 et
2477 3894 2748 3964 sacrilegis
2774 3895 3139 3951 saltationibus
3166 3896 3416 3959 insanire,
3444 3907 3741 3952 statuerunt

2161 3965 2215 4019 in
2246 3968 2550 4020 universum
2574 3966 2852 4032 mundum,
2878 3975 2934 4020 ut
2958 3982 3053 4035 per
3072 3982 3257 4021 omnes
3286 3967 3550 4022 Ecclesias
3573 3968 3742 4035 publi-

2161 3982 2215 4019 m
2246 3982 2550 4020 universum
2574 3982 2852 4032 mundum,
2878 3982 2934 4020 ut
3026 3983 3053 4021 r
3072 3982 3257 4021 omnes
3286 3982 3550 4022 ecclesias
3573 3982 3742 4035 punn-

2160 4050 2282 4090 cum
2310 4036 2631 4089 indiceretur
2668 4036 2925 4106 jejunium
2957 3982 3054 4161 tae).
3075 4035 3144 4093 Ut
3182 4046 3532 4105 agnoscerent
3558 4038 3743 4093 miseri

2162 4106 2408 4161 homines
2428 4107 2478 4159 in
2505 4116 2707 4160 tantum
2732 4122 2791 4161 se
2811 4107 2948 4161 male
2984 4122 3159 4161 acere.
3189 4118 3246 4160 ut
3272 4107 3590 4161 nroillorum
3616 4124 3743 4161 nec-

2162 4106 2408 4161 homines
2428 4107 2478 4159 in
2505 4116 2707 4160 tantum
2732 4122 2791 4161 se
2811 4107 2948 4161 male
2964 4106 3159 4173 facere,
3189 4118 3246 4160 ut
3272 4123 3367 4177 pro
3383 4107 3590 4162 illorum
3616 4124 3744 4177 pec-

2161 4177 2293 4231 catis
2320 4191 2539 4231 necesse
2566 4186 2705 4249 esset
2733 4178 2979 4249 omnibus
3012 4177 3268 4232 Ecclesiis
3291 4178 3554 4246 jejunare.
3582 4179 3732 4249 Jeju-

2162 4262 2351 4302 nemns
2385 4262 2534 4316 ergo,
2564 4247 2752 4301 fratres
2803 4246 3123 4315 charissimi,
3180 4249 3231 4302 in
3282 4250 3398 4303 istis
3434 4246 3660 4313 diebus;
3688 4258 3745 4306 et

2162 4332 2285 4372 cum
2312 4332 2434 4372 vera
2460 4326 2513 4372 et
2568 4317 2796 4387 perfecta
2841 4319 3096 4374 cbaritate
3126 4318 3396 4374 stultitiam
3425 4320 3743 4376 miserorum

2165 4387 2440 4460 hominum
2498 4389 2809 4460 lugeamus,
2835 4399 2892 4444 ut
2941 4390 3025 4443 vel
3067 4391 3145 4445 sic
3200 4390 3494 4460 intelligant
3546 4391 3742 4446 malum

2164 4474 2341 4533 suum,
2356 4459 2489 4533 dum
2517 4458 2615 4530 pro
2635 4474 2693 4533 se
2727 4458 2959 4533 viderint
2990 4460 3256 4533 publicum
3308 4458 3579 4533 observari
3596 4462 3733 4533 jejnc

2164 4530 2332 4604 nium.
2356 4530 2543 4599 Neque
2564 4531 2707 4604 enim
2730 4530 3125 4604 desperandum
3148 4539 3249 4604 est,
3279 4532 3422 4604 quod
3450 4532 3572 4604 illos
3598 4530 3742 4589 Deus

2164 4601 2335 4671 possit
2361 4610 2541 4674 nostra
2577 4602 2817 4674 oratione
2846 4601 3315 4674 velcasﬁgatione
3326 4603 3617 4674 corrigere,
3645 4605 3739 4674 qui

2167 4687 2265 4744 per
2278 4672 2576 4744 apostolum
2593 4688 2746 4727 suum
2778 4671 3029 4727 ineffabili
3058 4673 3251 4743 pietate
3279 4671 3741 4744 promisitdicens,

2168 4741 2268 4814 Qui
2296 4743 2514 4796 converti
2539 4741 2710 4814 fecerit
2755 4741 3068 4813 peccatorem’
3089 4747 3152 4797 ab
3176 4741 3344 4797 errore
3369 4745 3465 4799 via:
3483 4761 3604 4811 sum,
3642 4741 3746 4802 sal-'-

2164 4812 2298 4867 vabit
2325 4812 2549 4886 animum
2563 4815 2672 4886 eius
2700 4830 2733 4867 a
2752 4812 2926 4886 morte,
2944 4815 3216 4886 Aetioperiet
3237 4815 3605 4871 multitudinem
3630 4834 3747 4886 pec-

2163 4881 2431 4957 cateruni(
2458 4882 2655 4957 Jacobi.
2684 4900 2737 4957 v,
2765 4883 2836 4939 ΞΟ
2929 4884 3039 4957 Qui
3063 4881 3243 4957 etiam
3287 4886 3341 4939 in
3371 4887 3485 4941 istis
3510 4881 3747 4944 Calendis

2165 4953 2342 5027 stultis
2372 4953 2674 5027 hominibus
2699 4953 2973 5027 iuxuriose
3024 4954 3332 5027 ludentibus
3380 4957 3610 5027 aliquam
3641 4958 3745 5014 hn-

2164 5024 2476 5098 tnanitatem
2506 5025 2841 5098 impenderit,
2888 5025 3093 5098 peccati
3131 5040 3317 5098 eorum
3347 5024 3658 5098 participem
3685 5045 3749 5086 se

2164 5109 2285 5150 esse
2314 5110 2418 5149 non
2445 5094 2668 5150 dubitet.
2691 5094 2822 5151 Nam
2858 5094 2949 5166 qui
2990 5096 3056 5151 de
3075 5097 3248 5153 salute
3272 5094 3464 5154 animm
3484 5094 3595 5155 sua:
3627 5101 3747 5157 feli-

2172 5265 2195 5296 ι
2214 5254 2300 5312 aut
2320 5247 2519 5299 cervolo
2535 5247 2717 5312 facere,
2736 5250 2819 5301 vel
2837 5258 3030 5304 strenas
3044 5252 3304 5306 diabolicas
3316 5256 3601 5309 observare.
3622 5276 3646 5305 ι
3661 5266 3754 5311 Le-

2165 5310 2381 5385 gendus
2417 5327 2449 5385 ει.
2465 5309 2682 5385 vetulae!
2704 5309 2798 5363 ’θυι
2816 5312 3068 5385 servulum
3108 5316 3291 5385 apere.
3315 5334 3338 5365 ι
3358 5325 3421 5385 ,ιιι
3441 5320 3491 5385 in
3523 5327 3567 5369 ει
3608 5309 3750 5385 Eligit

2165 5371 2285 5449 se
2301 5371 2596 5449 μιξτῖτρρς
2624 5374 2702 5447 is.
2724 5387 2816 5449 sse
2837 5375 3118 5449 mmmam
3138 5379 3204 5449 9e
3242 5371 3542 5449 κέοςίιιιαίιιθ
3579 5371 3748 5449 ams:

2166 5432 2705 5507 iicre‘conyersatippis',
2727 5437 2842 5507 vide
2877 5437 3105 5507 Halitgar:
3141 5440 3192 5507 in
3228 5442 3482 5507 Pmnitent.
3530 5432 3649 5506 cap.
3678 5432 3746 5506 ti;

2458 5494 2644 5570 lip._lQ,
2798 5500 2856 5563 5;
2881 5494 3191 5570 et‘BBnifacii
3231 5505 3443 5566 episcOpi
3488 5494 3749 5570 Mogimtini

2169 5557 2509 5636 eversas!
2529 5557 3138 5636 βερειιξινρειρο
3162 5563 3209 5636 ϐπ

2230 5620 2303 5683 (a)
2325 5626 2394 5669 De
2416 5619 2511 5687 hoc
2524 5620 2730 5687 solemni
2739 5619 2929 5687 jejunio
2942 5619 3053 5675 facit
3072 5619 3372 5687 mentionem
3391 5627 3642 5679 concilium
3660 5637 3749 5683 To-

2166 5680 2385 5755 letannm
2425 5682 2615 5755 Lean.
2651 5680 2820 5755 il,:e't
2868 5694 3152 5755 Turonense
3190 5686 3239 5755 2,
3274 5699 3384 5755 can.
3432 5691 3507 5755 i7_.
3547 5680 3748 5755 Jamque

2168 5722 2728 5816 biﬁliigdéu'd'iéﬁié’
2741 5722 3529 5816 i5'seix3'oir'é”?§§,_‘tie"c'iigti&is
3547 5722 3745 5805 ’ῖὲὗῖ

2290 5806 2533 5919 3:39:11“!!!
2557 5808 2903 5862 exhortabatur
2932 5824 2947 5861 :
2990 5827 3015 5859 ι
3035 5806 3336 5865 Inebriantnr
3376 5813 3469 5877 illi,
3492 5828 3579 5867 vos
3612 5816 3745 5882 jeju-

2180 5884 2409 5917 suate.)
