4046 6356
448 340 588 397 2007

445 463 560 508 ctor
575 451 848 508 ambarum
866 455 949 506 est
967 465 981 513 ;
1007 461 1162 504 unam
1179 462 1280 519 qua
1298 446 1349 501 in
1367 460 1527 502 carne
1553 443 1840 511 nascimur,
1869 445 2028 501 aliam

447 539 547 594 qua
586 524 636 578 in
669 522 771 577 fide
801 521 1148 594 renascimur.

518 596 570 649 5.
610 593 908 648 Iudaeorum
932 599 980 644 et
1009 587 1244 646 Gentium
1268 589 1530 642 adunatio.
1569 589 1908 644 Exsultemus
1945 604 2030 643 er-

445 682 542 736 go,
575 675 627 718 et
649 663 1000 736 jucundemur
1024 662 1176 736 in‘eo
1208 676 1365 728 quem
1399 661 1565 736 panni
1597 661 1946 736 involyerant,
1977 671 2032 715 et

447 731 634 805 Rngeli
649 731 987 788 nuntiabant:
1009 732 1098 801 qui
1117 732 1167 786 in
1190 731 1414 805 praisepi
1431 731 1877 805 jace_bat,etintra
1891 741 2030 784 astra

448 801 875 874 fulgebatzquem
901 819 1075 872 regem
1103 803 1501 874 sempiternum,
1528 803 1781 857 Gentibus
1803 801 2032 874 adoran-

448 871 702 938 dumnmn
721 871 1033 929 diadematis
1046 872 1371 944 gemma,Sed
1386 871 1506 927 ρωΙί
1520 873 1668 944 stella
1683 873 2029 927 monstrabat:

448 948 535 1017 qui
555 947 714 1002 ubera
731 946 969 1014 sugebat,
989 955 1041 998 et
1059 945 1318 1017 lactentes
1331 957 1589 1017 martyres
1602 943 1843 1017 faciebat.
1867 945 2036 1017 Agno-

448 1014 659 1072 scamus
674 1017 898 1086 lapidem
915 1015 1419 1086 angularem,inquo
1431 1015 1537 1086 duo
1549 1015 1778 1086 parietes
1791 1014 2035 1068 dediver-

448 1103 509 1141 so
528 1084 818 1151 venientes,
839 1102 973 1140 unus
984 1102 1048 1140 ex
1063 1084 1805 1153 circumcisioneJud;eorum,
1822 1086 1959 1140 alter
1969 1099 2034 1139 ex

451 1159 710 1228 praeputio
740 1159 1042 1223 natioiium,
1083 1155 1224 1210 fideli
1265 1157 1450 1228 osculo
1493 1157 1862 1228 copulantur_:
1914 1153 2038 1224 Ipse

450 1225 522 1282 est
549 1225 684 1284 enim
719 1246 821 1300 paa:
847 1236 1046 1300 nostra,
1076 1228 1162 1296 qui
1195 1227 1310 1298 fecit
1343 1236 1554 1300 utraque
1587 1243 1772 1300 unum:
1803 1225 1924 1300 Ipse
1949 1242 2034 1280 ve-

455 1301 618 1365 niens,
647 1297 782 1354 sicut
811 1298 1031 1352 audistis
1061 1313 1154 1366 per
1186 1297 1519 1366 Apostolum,
1551 1297 1904 1367 evangeligavit
1944 1315 2036 1367 pa-

450 1388 556 1424 cem
593 1372 670 1424 his
703 1372 786 1441 qui
816 1372 980 1440 longe,
1011 1379 1055 1420 et
1084 1385 1256 1438 pacem
1289 1367 1366 1422 his
1399 1369 1484 1441 qui
1515 1366 1690 1437 prope,
1715 1370 1730 1432 (
1754 1366 1944 1441 Ephes.
1974 1384 2031 1441 ιι,

452 1443 539 1507 14,
574 1438 914 1512 l7).'Prope‘
937 1449 1090 1494 erant
1137 1446 1408 1512 pastores;
1460 1440 1615 1508 longe
1659 1447 1809 1492 erant
1852 1438 2030 1512 Magi:

453 1508 666 1581 utrique
706 1508 1066 1582 agnoverunt,
1097 1510 1302 1582 utrique
1322 1519 1588 1582 venerunt
1607 1525 1635 1582 ;_
1653 1508 2032 1582 etsecundum

451 1579 638 1637 Isaiam
679 1579 1025 1652 prophetam,
1069 1581 1277 1652 utrique
1318 1581 1369 1634 in
1416 1579 1637 1652 prmsepi
1664 1579 1870 1652 Acibatja
1907 1595 2031 1652 sua,

457 1648 708 1723 tanquam
736 1648 832 1707 bos
875 1661 926 1705 et
955 1651 1155 1723 asinus,
1189 1648 1500 1723 invcuneruut
1525 1649 1693 1723 (ludi.
1731 1664 1772 1712 ι,
1802 1648 1892 1723 5))
1927 1650 2035 1723 Hos

452 1719 594 1778 enim
637 1725 857 1793 populos
879 1738 940 1777 ex
972 1721 1168 1776 .ludaeis
1198 1731 1251 1775 et
1289 1721 1544 1776 Gentibus
1570 1719 1814 1793 Christus
1835 1719 2036 1788 glorifi-

453 1805 604 1848 catus
625 1790 926 1859 assumpsit,
965 1793 1221 1862 primitias
1248 1802 1399 1846 natus
1423 1792 1646 1858 accepit.
1677 1790 1756 1844 Ad
1783 1805 1887 1862 nos
1907 1806 2034 1859 ergo

361 1853 373 1911 ἕ
453 1865 682 1919 maxime
714 1853 869 1934 hujus
895 1853 997 1919 diei
1030 1864 1256 1932 pertinet
1284 1853 1596 1934 gratulatio,
1636 1862 1724 1931 qui
1755 1877 1818 1916 ex
1851 1853 2034 1917 Genti-

452 1935 552 1989 bus
575 1937 833 1989 venimus.

525 2005 578 2061 6.
633 2007 845 2060 Munera
892 2004 1159 2075 Magorum
1210 2003 1439 2074 mystica.
1485 2002 1825 2057 Protulerunt
1863 2002 2032 2072 Magi,

453 2077 664 2144 quando
692 2077 956 2130 Christum
989 2075 1360 2139 adoraverunt,
1395 2089 1602 2137 aurum,
1635 2075 1774 2137 thus,
1798 2083 1851 2144 et
1888 2089 2033 2143 myr-

451 2143 603 2220 rham
631 2146 840 2220 (Matth.
868 2163 924 2210 ιι,
951 2147 1044 2220 η)
1075 2161 1303 2220 :__aurum
1327 2185 1340 2207 ,
1373 2145 1492 2220 quia
1529 2159 1704 2213 regem
1745 2143 1990 2198 viderunt
2018 2159 2033 2208 ;

454 2217 594 2282 thus,
624 2213 744 2288 quia
777 2218 944 2272 Deum
986 2217 1382 2288 intellexerunt.
1423 2213 1802 2288 Cognoverunt
1836 2223 1889 2268 et
1909 2229 2035 2288 car-

455 2305 574 2342 nem
607 2284 916 2357 passuram;
947 2303 1067 2340 nam
1106 2296 1161 2340 et
1196 2286 1464 2356 myrrham
1505 2286 1834 2357 protulerunt
1859 2284 1924 2338 ad
1947 2299 2036 2339 se-

451 2356 734 2426 pulturam.
773 2359 896 2411 H:ec
935 2357 1008 2411 illi
1039 2357 1328 2411 secundmu
1357 2356 1833 2410 considerationem
1863 2371 2032 2426 suam.

454 2425 497 2482 Ᾱ
525 2429 675 2483 nobis
701 2439 876 2482 autem
905 2443 1090 2481 aurum
1131 2427 1319 2495 accipit
1345 2469 1359 2492 ,
1396 2425 1440 2479 si
1474 2427 1840 2497 eleernosynas
1870 2425 2034 2480 facia-

455 2516 604 2562 mus;
630 2503 770 2565 thus,
805 2501 848 2552 si
877 2500 1143 2552 orationes
1171 2497 1484 2561 fundamus;
1516 2497 1821 2568 myrrham,
1849 2498 1892 2549 si
1943 2511 2037 2564 pro

453 2569 542 2622 illo
582 2571 888 2624 moriamur.
920 2569 1147 2623 Proinde
1182 2569 1302 2638 quia
1333 2567 1618 2636 Epiphania
1655 2567 2038 2638 manifestatio-

453 2656 581 2718 ne_m_
616 2641 794 2718 vei-Im
818 2655 994 2718 grzecu
1038 2637 1232 2718 indicat
1262 2640 1456 2718 (latens
1505 2639 1700 2718 quippe
1728 2638 1889 2718 Magis
1935 2637 2035 2718 do-

454 2711 581 2764 mini
615 2712 827 2765 infantia
859 2711 1196 2778 rupientibus
1224 2711 1447 2764 adorare
1475 2710 1838 2764 manifestatur
1866 2709 2037 2763 indice

455 2783 655 2851 stella),
691 2797 786 2836 nos
826 2783 965 2836 viam
1012 2782 1259 2851 fulgentis
1304 2780 1574 2849 Evangelii
1619 2795 1940 2850 sequamur,
1982 2790 2036 2851 et

452 2850 634 2908 sancte
686 2854 967 2907 adoremus
1015 2850 1102 2908 cui
1158 2851 1419 2905 manifesti
1464 2866 1679 2916 sumus;
1721 2858 1778 2905 ut
1823 2850 2035 2918 quando

453 2923 592 2977 Deus
637 2925 911 2979 manifeste
945 2924 1164 2987 veniet,
1213 2939 1310 2977 nec
1355 2921 1528 2976 infans
1571 2923 1708 2986 erit,
1754 2922 1879 2992 quia
1928 2936 2033 2975 non

449 2994 627 3049 silebit
649 2993 821 3068 (Psal.
852 3011 993 3060 xux,
1022 2995 1077 3064 5)
1103 3035 1118 3060 ,
1162 2994 1212 3046 ἱιι
1243 2993 1464 3047 dextera
1493 2992 1606 3063 ejus
1634 3007 1893 3062 apparere
1922 3007 2035 3046 me-

450 3080 684 3119 reamur.

919 3155 1146 3211 SERMO
1185 3153 1421 3210 cxxxu
1449 3152 1544 3226 (ιι).

883 3255 931 3296 ιιι
954 3248 1212 3311 Epiphania
1234 3247 1436 3306 Domini,
1461 3261 1494 3295 ιι
1510 3245 1602 3309 (b).

524 3353 575 3406 l.
613 3351 778 3406 Hodie
807 3353 1030 3421 copulati
1071 3368 1183 3421 cum
1223 3349 1465 3404 Gentibus
1493 3348 1684 3404 Judaei.
1729 3349 1939 3404 Domini
1981 3358 2037 3405 et

447 3423 737 3479 Salvatoris
763 3419 1275 3478 nostriJesuChristi
1301 3422 1560 3475 adventus
1581 3423 1634 3474 in
1654 3435 1824 3491 carne
1845 3422 1894 3474 in
1919 3423 2034 3491 ipso

451 3495 518 3548 de
545 3494 757 3565 Virgine
784 3494 898 3547 rudi
931 3496 1046 3564 ejus
1073 3503 1258 3565 exortu
1288 3491 1612 3565 manifestari
1638 3489 1897 3565 Gentibus
1920 3489 2031 3548 cm-

447 3567 559 3638 pit,
585 3561 706 3638 cu'm
739 3566 812 3638 ad
833 3561 972 3618 eum
995 3564 1320 3638 adorandum
1353 3563 1487 3638 Magi
1515 3561 1590 3638 ab
1629 3562 1845 3638 Oriente
1871 3579 2032 3618 vene-

449 3633 590 3690 runt.
640 3637 733 3688 llic
785 3636 898 3688 dies
943 3635 1361 3689 solemnissimus
1405 3634 1581 3687 debita
1626 3633 1904 3687 sanctitate
1951 3644 2034 3689 est

449 3708 616 3761 factus
660 3707 930 3773 I'chlesim,
961 3707 1190 3760 maxime
1220 3722 1337 3775 qua:
1371 3706 1538 3758 crevit
1575 3719 1638 3757 ex
1670 3703 1948 3770 Gentibus,
1977 3715 2032 3760 et

449 3777 690 3848 angulari
731 3775 904 3845 lapide
947 3777 1172 3833 alterum
1212 3776 1462 3848 parietem
1495 3785 1758 3830 structura
1785 3775 2031 3830 uberiore

450 3845 718 3918 compegit
755 3865 766 3899 :
803 3856 861 3901 ut
901 3848 986 3902 ille
1023 3863 1120 3918 pax
1159 3856 1337 3918 nostra
1380 3845 1577 3900 faceret
1605 3855 1824 3916 utraque
1867 3861 2027 3918 unum

452 3916 669 3990 (Ep/tes.
696 3933 752 3984 tt,
784 3918 988 3990 lii),ex
1017 3916 1414 3990 circumcisione
1435 3928 1487 3990 et
1516 3918 1771 3990 praeputio
1796 3916 2030 3971 condens

454 3987 765 4044 EcClesiam.
797 3988 948 4044 Unde
979 3998 1032 4044 et
1062 3988 1192 4056 lapis
1234 3987 1500 4055 angnlaris
1540 3988 1708 4040 dictus
1748 3998 1862 4051 est,
1916 3997 2031 4042 tan-

451 4075 608 4130 quam
638 4061 688 4114 in
709 4074 767 4114 se
793 4060 1049 4129 copulans
1067 4074 1130 4114 ex
1158 4058 1461 4111 diversitate
1480 4059 1777 4130 uenientes,
1807 4065 1864 4110 ut
1884 4072 2031 4130 com-

449 4127 682 4186 mutaret
710 4127 962 4199 utrosque
989 4131 1040 4184 in
1079 4145 1186 4184 uno
1223 4143 1445 4196 corpore.
1479 4128 1608 4199 Deo,
1637 4128 1771 4181 sicut
1799 4127 2029 4199 prophe-

449 4203 549 4256 tica
575 4211 630 4256 et
653 4197 953 4272 evangelica
977 4199 1340 4272 etapostolica
1371 4198 1610 4272 doctrina
1633 4206 1869 4254 testatur.
1895 4197 2030 4272 Nato

446 4272 624 4341 itaque
663 4269 886 4326 Domino
918 4288 984 4326 ex
1017 4271 1230 4340 Virgine
1259 4311 1275 4336 ,
1325 4287 1482 4337 quem
1534 4269 1685 4341 diem
1724 4270 2029 4341 nuperrime

447 4338 846 4402 celebravimus,
867 4338 1384 4411 pastores'adnmniti
1414 4341 1480 4411 ab
1509 4339 1720 4409 Angelis
1737 4338 2027 4394 secundum

447 4411 646 4468 Lucam
675 4408 1054 4482 evangelistam
1080 4412 1142 4463 ad
1172 4408 1384 4464 infantis
1407 4409 1564 4464 Verbi
1596 4408 1833 4482 praesepe
1865 4425 2027 4482 vene-

445 4495 571 4538 runt
618 4482 774 4554 (Luc.
807 4480 862 4547 ιί,
898 4481 990 4554 9);
1025 4491 1262 4552 pastores
1298 4489 1472 4533 autem
1516 4482 1586 4554 illi
1625 4480 1876 4554 Israelita;
1914 4480 2028 4534 fue-

445 4563 572 4609 runt
595 4571 608 4607 :
629 4550 758 4609 ecce
774 4550 1122 4624 praesignatus
1149 4561 1232 4606 est
1259 4567 1396 4606 unus
1417 4553 1608 4619 paries,
1617 4550 1694 4624 ad
1721 4550 2027 4624 angularem

444 4625 676 4695 lapidem
706 4621 1201 4695 de—circu'mcisione
1232 4637 1564 4695 percttgrens.
1615 4622 1800 4695 Paucis
1839 4621 2030 4677 diebus

445 4691 572 4751 inde
615 4696 918 4760 transactis,
949 4693 1106 4749 hodie
1137 4693 1267 4761 Magi
1296 4693 1361 4744 ab
1390 4691 1603 4745 Oriente.
1645 4692 1856 4746 venisse
1911 4708 2029 4748 cre-

445 4766 662 4829 duntur,
707 4776 762 4822 et
806 4766 947 4820 illius
995 4764 1195 4835 parvuli
1235 4761 1648 4831 magnitudinem
1675 4764 2024 4835 cognovisse,

442 4853 580 4908 quos
623 4838 899 4892 Mattbaaus
938 4833 1257 4908 evangelista
1304 4842 1686 4908 commemorat
1723 4833 1932 4908 (Matth.
1966 4851 2022 4902 ιι,

445 4904 626 4980 {-12).
682 4908 820 4962 Ecce
863 4907 998 4961 alius
1038 4906 1230 4980 paries‘
1250 4920 1314 4958 ex
1362 4904 2027 4980 prmputii__despera_tioue

443 4974 771 5034 concurrens
808 4992 907 5032 nos
945 4974 1156 5047 proprie
1202 4974 1440 5047 figuravit
1462 5015 1476 5038 ,
1519 4983 1574 5029 et
1597 4974 1738 5030 diem
1766 4975 1918 5031 nobis
1952 4976 2028 5032 fe-

443 5059 584 5104 stum
615 5049 857 5104 familiari
887 5046 1066 5102 laetitia
1095 5046 1396 5116 geminavit.

513 5120 568 5174 2.
603 5120 764 5175 Stella
795 5130 914 5173 ante
962 5113 1214 5172 biennium
1251 5119 1508 5188 apparuit.
1556 5115 1688 5188 Quid
1737 5113 1916 5188 Mugos
1959 5117 2027 5171 ad

443 5193 763 5246 adorandum
809 5189 1082 5244 induxerit.
1129 5188 1182 5240 In
1211 5186 1348 5244 cmlo
1367 5189 1508 5243 enim
1535 5186 1776 5242 videntes
1802 5186 2024 5257 ignotis-

442 5264 633 5317 simam
654 5261 885 5327 stellam,
917 5274 1022 5315 non
1044 5268 1168 5315 ante
1193 5275 1387 5327 paucos
1412 5259 1547 5324 dies,
1579 5257 1672 5311 sed
1701 5267 1822 5311 ante
1858 5259 2026 5314 ferme

443 5333 737 5399 biennium,
760 5333 898 5388 sicut
931 5331 1214 5400 inquirenti
1249 5330 1439 5385 Herodi
1471 5330 1833 5400 patefecerunt
1860 5329 2024 5398 (unde

441 5419 476 5456 α
503 5402 693 5458 bimam
714 5415 760 5458 et
785 5405 925 5475 infra
952 5399 1134 5457 occidit
1170 5403 1390 5473 infantes
1419 5399 1695 5456 secundum
1721 5408 1935 5471 tempus,
1968 5408 2022 5456 ut

522 5559 575 5628 ᾳ)
600 5559 742 5628 Alias,
765 5557 830 5608 de
851 5565 1089 5628 Tempore
1111 5556 1188 5606 35.
1217 5619 1226 5628 .
1686 5620 1720 5628 _
1757 5613 1864 5628 UH
1920 5616 1932 5628 ο

527 5612 576 5682 ὸ)
602 5627 651 5670 ιιι
675 5612 949 5688 Appendice
969 5612 1116 5688 'nuuc
1142 5612 2023 5688 iprunuineollogatur39ubiusyide-

441 5674 582 5731 baiur
599 5674 974 5732 Iova'tiiensibus
997 5694 1010 5729 :
1037 5687 1085 5728 at
1116 5674 1306 5728 vérlino
1328 5685 1385 5740 et
1405 5675 1638 5740 vindingo
1661 5674 1825 5732 falsus,
1850 5677 2022 5727 iisdem

437 5742 624 5794 ocilicet
658 5744 844 5794 indiciis
865 5749 918 5792 et
939 5741 1254 5804 argumentis,
1294 5739 1472 5803 quibus
1507 5739 1724 5801 reiectus
1763 5746 1839 5788 est
1859 5751 2023 5791 sermo

438 5805 674 5866 superior.

1889 329 2248 387 APPENDIX.

3570 317 3710 375 2008

2138 445 2395 524 scriptum
2414 454 2521 524 est,
2539 445 2676 518 quod
2699 447 2992 524 iuquisierat
3021 465 3052 524 ᾳ
3083 449 3308 524 Magis);
3337 451 3475 510 hanc
3499 455 3714 513 stellam

2137 517 2274 571 sicut
2303 517 2634 590 intelligitur,
2673 517 2938 586 admirati,
2968 521 3120 590 cujus
3147 517 3306 577 etiam
3334 534 3496 590 esset,
3519 542 3715 582 conse-

2136 589 2316 664 quenti
2359 589 2681 644 revelatione
2725 606 2882 646 nosse
2915 589 3258 664 meruerunt,
3288 596 3429 664 regis
3471 589 3716 654 videlicet

2137 657 2481 737 ludzeorum:
2508 675 2679 730 eoque
2701 671 2827 737 uato
2855 678 2975 737 eum
3001 673 3054 737 et
3079 662 3178 737 hoc
3199 657 3313 733 ejus
3333 657 3499 735 g'ratia
3520 681 3718 737 cogno-

2138 729 2456 806 vissent_,_ad
2494 729 2614 806 eum
2655 731 2981 806 adorandum
3023 734 3179 790 hodie
3213 729 3493 791 occurrere
3535 729 3718 806 po'tne-

2139 811 2281 875 runt.
2335 801 2448 875 Non
2497 803 2677 872 utique
2723 804 2830 874 regi
2869 803 3210 870 Iudaeorum,
3251 806 3434 875 quales
3481 801 3568 862 alii
3599 823 3720 864 esse

2098 907 2100 909 ›
2139 871 2399 948 solebant,
2428 873 2566 948 hunc
2593 871 2699 948 tam
2729 871 2974 942 maguum
3011 871 3554 948 honorem'longinqui
3585 879 3720 934 alie-

2140 943 2360 1015 nigella.L
2384 945 2550 1015 etab
2595 944 2782 998 eodem
2839 961 3004 1015 regno
3051 960 3265 1015 prorsus
3310 943 3545 1002 extranei
3590 964 3620 1001 a
3660 965 3722 1006 se

2139 1011 2320 1068 deberi
2352 1014 2770 1079 arbitrabantur;
2804 1011 3091 1070 sed'talem
3137 1029 3315 1071 natum
3361 1034 3480 1073 esse
3522 1019 3726 1076 didice-

2141 1093 2299 1158 πέδω,
2350 1085 2400 1138 in
2447 1101 2552 1156 quo
2588 1087 2861 1141 adorando
2908 1103 2966 1141 se
3003 1087 3226 1142 salutem
3268 1105 3386 1158 qua:
3426 1091 3721 1146 secundum

2144 1153 2307 1229 Deum
2344 1153 2480 1222 est,'
2504 1167 2882 1229 consecuturos
2925 1158 3142 1229 minime
3184 1153 3504 1214 dubitarent.
3537 1161 3725 1229 Neque

2142 1225 2282 1278 enim
2311 1235 2439 1297 tetas
2473 1234 2588 1280 erat
2615 1228 2802 1282 saltem
2829 1229 2912 1282 cui
2934 1227 3166 1282 adulatio
3198 1229 3425 1284 humana
3465 1225 3724 1297 serviret;

2141 1309 2247 1349 non
2287 1296 2386 1350 sub
2416 1298 2614 1372 poplite
2653 1299 2782 1372 sella
2808 1299 3034 1372 regalis,
3062 1314 3166 1372 non
3204 1300 3270 1355 de
3313 1302 3566 1356 membris
3603 1296 3727 1372 puré

2143 1380 2308 1442 pura,
2341 1383 2446 1442 non
2476 1369 2545 1422 de
2575 1370 2746 1436 capite
2791 1369 3030 1422 diadema
3070 1369 3307 1442 fulgebat
3343 1391 3354 1423 :
3387 1387 3492 1426 non
3527 1369 3723 1442 pompa

2143 1435 2506 1511 famulantium
2529 1478 2544 1503 ,
2575 1435 2679 1511 nou
2711 1449 2880 1511 terror
2904 1435 3179 1495 exercitus
3190 1483 3206 1507 ,
3238 1457 3342 1495 non
3370 1435 3726 1511 gloriosormu

2142 1506 2278 1559 fama
2310 1509 2610 1576 praeliorum
2641 1507 2740 1563 hos
2767 1509 2832 1563 ad
2863 1525 2983 1563 eum
3010 1511 3154 1565 viros
3192 1506 3258 1565 ex
3303 1506 3522 1567 remotis
3566 1516 3727 1568 terris

2141 1592 2260 1630 cum
2301 1587 2444 1632 tanto
2473 1589 2597 1632 voto
2626 1580 3025 1649 supplicationis
3068 1591 3377 1636 attraxerat.
3417 1583 3636 1639 Jacebat
3674 1587 3724 1638 in

2141 1650 2362 1721 praesagii
2393 1666 2522 1717 puer
2550 1659 2700 1704 ortus
2729 1665 2934 1710 recens.
2966 1651 3187 1721 exiguus
3211 1668 3457 1721 corpore,
3484 1666 3727 1709 contem-

2143 1719 2340 1786 ptibilis
2371 1730 2721 1793 paupertate:
2755 1721 2846 1793 sed
2887 1719 3130 1789 magnum
3179 1719 3377 1793 aliquid
3427 1719 3626 1779 latebat
3673 1728 3726 1780 in

2143 1804 2322 1856 parvo,
2354 1791 2492 1858 quod
2525 1791 2596 1843 illi
2627 1791 2867 1847 homines
2901 1794 3141 1858 prnnitim
3171 1791 3417 1849 Gentium
3446 1811 3550 1850 non
3585 1804 3725 1851 terra

2142 1869 2405 1936 portante,
2438 1861 2528 1915 sed
2557 1863 2693 1917 cmlo
2723 1874 2970 1936 narrante
3005 1864 3320 1936 didicerant,
3353 1865 3419 1920 ad
3445 1866 3584 1936 quod
3616 1878 3724 1922 tam

2141 1945 2206 1984 ex
2235 1930 2518 2005 longinquo
2541 1941 2645 1985 tam
2671 1934 2936 2001 supplices
2959 1935 3261 2000 veniebant,
3292 1937 3432 2005 quod
3464 1930 3725 1992 intuendo

2141 2015 2249 2073 non
2277 2001 2544 2073 videbant,
2576 2012 2630 2057 et
2660 2006 2948 2070 promereri
2981 2005 3250 2058 adoranda
3273 2001 3577 2073 cupiebant.
3611 2008 3727 2064 Rc-

2141 2071 2259 2140 gina
2305 2071 2514 2140 quidem
2563 2073 2739 2127 Austri
2781 2084 2998 2127 venerat
3041 2092 3069 2128 a
3099 2075 3292 2130 finibus
3339 2071 3495 2131 terrae
3536 2080 3727 2136 audire

2141 2142 2451 2216 sapientiam
2474 2140 2806 2216 Salomonis:
2829 2162 2923 2197 nec
2947 2146 3034 2199 illa
3060 2147 3208 2216 regni
3231 2147 3347 2216 ejus
3371 2148 3720 2216 sublimitate,

2141 2211 2234 2265 sed
2267 2214 2458 2298 ruentis
2485 2215 2599 2268 luce
2627 2225 2890 2296 commota
2921 2229 3001 2298 est
3034 2211 3287 2298 (lliLlleg'.
3321 2234 3375 2283 χ,
3410 2220 3472 2298 l;
3526 2211 3718 2298 Mutth;

2141 2297 2234 2345 xu,
2262 2282 2391 2356 42).;
2412 2285 2780 2356 Verumtamen
2823 2287 2992 2341 inerat
3040 2282 3091 2341 in
3129 2282 3414 2343 Salomone
3441 2282 3679 2344 doctrina
3708 2334 3725 2356 ,

2139 2367 2258 2476 qua:
2286 2355 2460 2408 verbis
2492 2354 2605 2424 ejus
2643 2356 2946 2426 longissime
2971 2373 3032 2412 ac
3060 2358 3314 2413 latissime
3342 2359 3626 2416 diffamatis
3654 2354 3723 2417 ad

2182 2423 2446 2476 iscendum
2483 2427 2648 2476 notuit
2674 2427 2936 2476 studiosos
2955 2429 3159 2476 animos
3185 2430 3420 2476 excitam
3451 2447 3465 2476 ε
3496 2433 3723 2476 nrnindn

2182 2423 2446 2502 iscenduui
2483 2423 2648 2492 putuit
2674 2423 2936 2502 studiosos
2955 2429 3159 2502 animos
3185 2430 3420 2502 excitare
3451 2447 3465 2483 :
3496 2433 3727 2502 proinde

2142 2492 2228 2546 illa
2261 2511 2362 2573 nou
2412 2495 2662 2550 latentem
2691 2497 2856 2551 Deum
2877 2499 3016 2573 ,_sed
3040 2500 3359 2573 loquentem
3405 2492 3673 2557 hominem
3707 2545 3729 2573 ,

2143 2579 2247 2617 non
2291 2564 2514 2641 adorare
2548 2577 2798 2641 venerat,
2827 2570 2919 2641 sed
2951 2564 3152 2641 audire.
3187 2570 3281 2625 Hic
3309 2580 3484 2625 autem
3509 2575 3597 2641 qui
3630 2564 3729 2627 do:

2141 2644 2360 2688 naverat
2389 2637 2531 2691 illam
2562 2639 2873 2706 sapientiam
2899 2640 3167 2694 Salomoni
3191 2682 3206 2706 ,
3247 2649 3301 2695 et
3325 2653 3437 2696 erat
3467 2637 3634 2699 virtus
3660 2662 3728 2702 ac

2144 2706 2400 2786 sapientia
2435 2709 2563 2775 Dei,
2596 2709 2900 2786 infirmitate
2924 2710 3102 2786 carnis
3131 2711 3376 2786 indutus,
3414 2713 3586 2769 adhuc
3632 2732 3730 2786 per

2138 2777 2382 2846 pusillam
2399 2787 2622 2856 _aetatem
2653 2781 2861 2856 tacebat
2891 2781 2940 2856 in
2972 2781 3177 2856 terris,“
3185 2783 3292 2851 jam
3321 2777 3416 2854 per
3444 2777 3720 2856 amplissi-

2140 2860 2280 2901 mam
2308 2849 2636 2916 majestatem
2663 2850 2896 2905 clarebat
2928 2852 2943 2882 ⁸
2981 2853 3032 2904 in
3061 2849 3233 2906 caelis.

2295 2917 2602 2993 Detestanda
2627 2918 2848 2993 Herodis
2872 2921 3161 2985 crudelitas,
3190 2924 3280 2976 sed
3300 2926 3458 2993 magis
3480 2928 3717 2983 miranda

2138 2988 2350 3064 stultitia
2375 2989 2693 3064 Judworum.
2723 2992 2858 3064 Quid
2904 2993 3060 3046 times
3085 3035 3098 3058 ,
3134 2988 3410 3049 Herodes“?
3439 2998 3563 3064 quid
3605 3015 3727 3053 ma-

2139 3057 2280 3129 ligna
2314 3071 2488 3115 mente
2517 3057 2785 3116 turbaris?
2817 3064 2869 3118 Si
2912 3057 3134 3137 salutem
3179 3074 3324 3137 tuam
3373 3057 3548 3137 sapias
3574 3111 3587 3133 ,
3637 3070 3730 3126 ille

2138 3141 2292 3184 natus
2322 3142 2404 3186 est
2430 3148 2522 3199 per
2545 3149 2701 3202 quem
2734 3149 2954 3203 regnum
3001 3135 3096 3188 Dei
3140 3135 3338 3200 videas,
3389 3135 3495 3191 non
3524 3141 3608 3193 cui
3637 3156 3728 3196 re-

2136 3214 2298 3281 gnum
2331 3203 2602 3281 hominum
2634 3204 2886 3281 invideas.
2937 3203 3074 3281 Quid
3119 3207 3311 3281 saevis?
3358 3209 3480 3281 quid
3514 3211 3724 3281 occidis

2138 3271 2534 3352 infantes?qui_d
2557 3281 2768 3352 mtatem
2785 3276 3050 3352 innoxiam
3078 3277 3271 3330 noxius
3299 3271 3456 3352 noiio
3477 3280 3653 3352 gladio
3677 3284 3720 3352 ’,

2137 3340 2448 3418 insectaris?
2475 3345 2516 3397 A
2545 3343 2720 3414 gladio
2739 3346 2878 3418 regis
2905 3347 3063 3418 hujus
3081 3363 3240 3402 nemo
3260 3350 3361 3402 erit
3379 3340 3719 3418 crudelitate:

2136 3411 2230 3488 sed
2263 3414 2454 3488 pietate
2497 3411 2735 3488 securus.
2780 3411 3100 3488 Detestanda
3142 3433 3269 3488 ergo
3316 3421 3454 3486 regis
3495 3411 3725 3478 Herodis

2137 3481 2339 3537 insania
2391 3499 2405 3538 :
2454 3484 2553 3559 sed
2598 3487 2779 3559 magis
2808 3486 3064 3559 miranda;
3095 3481 3313 3542 stultitia
3363 3481 3670 3547 Iudaeorum
3705 3537 3720 3559 ,

2138 3564 2509 3626 propterquos
2532 3553 2847 3626 iudicandos
2870 3557 3218 3626 diSpositione
3246 3559 3422 3615 divina
3451 3576 3512 3616 se
3532 3579 3562 3617 a
3583 3553 3718 3618 con-5

2136 3635 2316 3702 speetu
2351 3625 2619 3702 Magorum
2645 3625 2915 3702 Christum
2934 3625 3285 3698 qumrentium
3314 3647 3602 3702 parumper
3626 3636 3715 3689 illa

2133 3694 2597 3774 stella_subtra:5it.
2631 3698 2885 3766 Apparuit
2931 3694 3180 3774 ﬁamque,
3226 3710 3281 3774 ut
3311 3694 3483 3774 locum
3509 3694 3579 3758 'iu
3611 3720 3722 3774 quo

2135 3779 2266 3840 puer
2291 3764 2476 3840 fuerat,
2498 3764 2909 3840 demonstraret.
2931 3764 3144 3824 Poterat
3169 3771 3350 3840 utique
3376 3772 3530 3828 index
3559 3764 3724 3831 etiam

2133 3835 2358 3890 civitatis
2375 3837 2624 3908 existere;
2644 3839 2736 3892 sed
2754 3839 2893 3908 quod
2911 3841 2960 3892 in
2977 3835 3283 3896 Bethlehem
3305 3842 3456 3896 ludas
3475 3843 3726 3901 Christus

2134 3918 2461 3987 uasceretur,
2494 3908 2562 3962 de
2591 3907 2764 3963 Libris
2793 3915 2991 3987 sanctis
3037 3911 3342 3987 interrogati
3371 3913 3539 3987 Judaei
3588 3932 3723 3987 pro-

2133 3975 2273 4052 ferre
2293 3978 2822 4052 _debuerunt,_parati
2848 3981 2913 4035 ad
2944 3975 3266 4052 legendum:
3304 3985 3429 4039 caeci
3460 3986 3523 4039 ad
3557 3975 3724 4044 intel-

2135 4045 2420 4116 ligendnm,
2442 4050 2563 4124 duri
2585 4045 3023 4124 ad'credendum:
3048 4053 3156 4108 Hos
3182 4045 3310 4124 ergo
3335 4057 3497 4110 etiam
3530 4074 3630 4112 nos
3669 4061 3726 4115 in

2131 4126 2393 4198 vetustate
2441 4121 2629 4198 littera:
2678 4122 3042 4198 dimittamus,
3094 4133 3150 4179 et
3198 4121 3266 4180 ei
3314 4141 3499 4180 eorum
3548 4128 3726 4198 adjuti

2132 4187 2406 4244 codicibus
2426 4232 2438 4253 ,
2468 4191 2792 4247 adorandum
2835 4187 3106 4250 Christum
3126 4210 3244 4249 cum
3268 4199 3382 4251 istis
3402 4187 3726 4269 alienigenis

2131 4273 2504 4330 agnoscamus.

2597 4373 2825 4431 senno
2861 4374 3125 4431 cxxxm
3157 4377 3256 4448 (a).

2553 4472 2604 4516 tn
2626 4467 2880 4530 Epiphania
2902 4470 3104 4525 Domini,
3128 4485 3176 4519 ιιι
3203 4469 3291 4533 (b).

2209 4547 2256 4623 ς.
2281 4549 2626 4604 Solemnitatis
2641 4567 2793 4623 causa
2805 4562 2850 4604 et
2864 4555 3014 4623 ratio.
3027 4551 3274 4621 Causam,
3289 4555 3646 4623 dilectissimi,
3667 4573 3725 4618 et

2131 4619 2393 4701 rationem
2424 4622 2772 4701 sulemnitatis
2785 4621 3074 4701 hodiernae,
3095 4638 3236 4695 smpe
3253 4619 3401 4701 vobis
3413 4639 3465 4684 et
3481 4619 3721 4701 evange-

2133 4689 2234 4744 lica
2273 4691 2526 4758 narratio,
2558 4700 2629 4768 et_
2651 4693 3003 4748 observantia:
3044 4689 3375 4768 consuetudo
3425 4689 3720 4768 patefecit:

2134 4775 2231 4832 nec
2260 4776 2480 4817 necesse
2505 4771 2587 4817 est
2616 4763 2684 4817 ita
2719 4779 2856 4817 nunc
2884 4780 3001 4832 quae
3041 4766 3182 4821 inter
3221 4763 3508 4824 Salvatoris
3545 4775 3719 4828 nostri

2131 4829 2358 4910 humana
2392 4833 2677 4910 primordia
2693 4845 2827 4910 sunt
2855 4829 3009 4910 gesta
3026 4877 3040 4897 ,
3084 4839 3326 4906 replicari
3354 4848 3412 4894 ut
3435 4840 3503 4894 de
3527 4843 3719 4910 splen-

2129 4901 2261 4980 dore
2289 4901 2412 4980 nuvi
2438 4902 2658 4980 sideris,
2673 4904 2739 4958 de
2760 4901 2942 4980 Magis,
2966 4901 3343 4980 Magonemque
3378 4901 3714 4980 muneribus,

2128 4973 2197 5026 de
2224 4973 2425 5027 suavitia
2466 4973 2710 5039 Herodis,
2737 4984 2791 5029 et
2815 4975 2881 5030 de
2907 4973 3273 5033 interfectione
3293 4980 3570 5036 infantium
3597 4973 3717 5040 dis;

2129 5056 2401 5122 seramus;
2429 5046 2952 5122 cum,_sicut_nostis,
2988 5057 3045 5122 et
3082 5048 3329 5122 inAstellaa
3375 5052 3580 5122 fulgore
3620 5056 3718 5111 Dei

2129 5115 2320 5196 gratia,
2353 5125 2407 5170 et
2434 5116 2686 5196 inntribus
2713 5116 2840 5172 viris
2878 5118 3084 5172 vocatio
3121 5118 3398 5196 Gentium,
3427 5115 3480 5177 εἶ
3507 5125 3558 5178 in
3588 5141 3719 5196 rege

2129 5184 2294 5258 impio
2320 5184 2606 5240 crudelitas
2634 5187 2965 5258 Paganornm
2990 5229 3005 5254 ,
3049 5199 3103 5244 et
3143 5190 3194 5244 in
3234 5184 3502 5250 occisione
3535 5184 3716 5252 infau-

2131 5255 2281 5332 tium,
2298 5268 2619 5332 cunctorum
2646 5255 2949 5332 martyrum
2995 5259 3163 5332 forma
3209 5266 3566 5332 praecesserit.
3598 5267 3710 5322 Sed

2128 5326 2248 5395 quia
2298 5327 2349 5380 in
2394 5328 2763 5403 sacratissimo
2798 5326 2890 5384 die
2943 5326 3268 5403 reddendo-ni
3318 5338 3713 5403 exspectationi

2129 5405 2319 5452 vestrae
2347 5408 2428 5452 est
2453 5398 2797 5454 sacerdotalis
2827 5403 3087 5457 sermonis
3113 5402 3371 5473 ofﬁcium,
3390 5398 3626 5463 nitamur
3651 5419 3712 5464 ut

2191 5553 2208 5585 ί
2233 5558 2300 5602 tta
2320 5558 2429 5602 Iss.
2452 5565 2644 5616 omnes.
2668 5561 2726 5604 At
2748 5553 2890 5616 editi,
2911 5555 3168 5608 clanabat.

2191 5616 2210 5682 ξ
2235 5620 2286 5682 tu
2307 5623 2410 5682 tuss.
2435 5615 2616 5682 desunt
2640 5615 2970 5682 vocestuo'xio
2984 5617 3164 5682 gladio.

2191 5677 2263 5758 tu?
2286 5676 2423 5758 uluu,
2447 5677 2775 5758 de_'remp3t;e
2915 5688 2965 5758 et
2984 5676 3116 5758 post,
3140 5682 3189 5731 in
3203 5684 3487 5758 .Appeudice
3502 5686 3580 5758 ξε.

2192 5737 2272 5814 (ἐν),
2287 5740 2554 5814 Fames
2577 5737 2711 5814 ραιίῑε
2722 5739 2787 5814 ste
2812 5737 3064 5814 βιςίριξξιίιίε
3085 5737 3266 5797 Domini
3279 5737 3500 5812 betam.
3514 5750 3708 5814 ipsique

2131 5799 2180 5848 in
2202 5802 2425 5850 omnibus
2447 5799 2782 5864 omnemi-imis
2814 5799 3054 5853 tribuitur.
