4156 6374
365 412 508 472 ιιοοθ

369 549 652 607 possumus
672 533 953 607 adiuvante
980 530 1181 603 Spiritu
1211 529 1324 595 Dei,
1356 537 1410 586 et
1449 542 1546 598 per
1573 528 1934 598 intelligentia;

365 603 586 662 semitas
633 603 908 675 pervenire
936 645 951 668 ,
1007 611 1066 675 ut
1111 614 1495 675 cognoscamus
1550 609 1938 675 sacramentum

369 672 648 747 praesentis
679 676 796 730 festi
825 675 890 747 ad
911 674 1144 747 omnium
1170 673 1400 747 ﬁdelium
1433 681 1669 747 tempora
1704 672 1940 747 pertine-

366 741 459 812 re;
485 763 582 802 nec
603 747 706 802 ullo
729 746 886 800 modo
913 745 1166 798 habeatur
1185 744 1473 806 insolitum,
1496 741 1633 811 quod
1657 742 1706 795 in
1727 741 1940 810 dispen-

364 819 627 872 sationutn
654 817 840 872 ordine
868 816 1118 869 aduratur
1140 816 1432 883 antiquum.

451 889 506 942 2.
556 888 930 941 Incarnationis
972 887 1256 940 necessitas.
1302 884 1552 952 Quamvis
1590 897 1716 952 ergo
1764 883 1939 937 omnis

364 960 538 1013 anima
565 959 853 1014 christiana
880 957 1010 1011 nihil
1038 957 1305 1026 indignttm
1344 955 1533 1026 debeat
1563 954 1666 1008 1de
1696 953 1810 1026 Filii
1846 953 1937 1008 Dei

365 1030 642 1100 majestate
668 1030 863 1084 sentire
884 1071 899 1092 ,
930 1037 986 1083 et
1013 1024 1335 1081 transcensis
1359 1024 1810 1100 incipientis-fidei
1844 1039 1935 1076 ru-

362 1095 634 1165 dimentis,
667 1107 904 1169 Oporteat
937 1112 1364 1167 unumquemque
1383 1096 1448 1169 ad
1477 1095 1783 1169 sublimiora
1817 1109 1936 1169 pro-

364 1173 561 1236 ﬁcere;
605 1165 822 1224 necesse
861 1180 944 1224 est
990 1165 1160 1221 tamen
1209 1165 1563 1221 inﬁrmitatem
1618 1167 1809 1220 mentis
1839 1165 1936 1219 hu-

363 1235 570 1306 manae,
615 1244 739 1296 dum
785 1257 965 1294 verum
997 1239 1266 1293 hominem
1311 1238 1500 1304 accipit
1545 1237 1832 1300 Christum,
1866 1235 1933 1291 de

363 1313 473 1380 ipsa
508 1324 706 1366 natura:
747 1322 940 1364 nosl.r;e
984 1307 1690 1380 communionetrepidare,
1747 1315 1800 1360 et
1842 1322 1935 1380 per

361 1378 508 1435 initia
551 1383 632 1436 vel
679 1383 1003 1435 incrementa
1045 1395 1296 1448 corporea
1325 1379 1389 1432 ad
1416 1379 1734 1448 agnitiooem
1779 1378 1932 1448 unius

358 1467 480 1506 cum
538 1453 690 1506 Patre
749 1452 960 1506 deitatis
1019 1446 1302 1504 difficulter
1364 1446 1635 1503 accedere.
1691 1446 1793 1501 Sed
1845 1447 1931 1502 ubi

359 1525 500 1576 inter
527 1524 814 1592 caligantes
838 1523 1183 1591 cogitationes
1208 1520 1384 1574 radius
1415 1535 1657 1592 supernae
1687 1519 1817 1592 lucis
1842 1533 1932 1592 re-

361 1594 604 1658 fulsi-rit,
635 1588 948 1647 'cunctantis
1002 1592 1122 1645 fidei
1167 1607 1342 1645 moras
1393 1590 1642 1658 splendor
1697 1588 1930 1644 veritatis

358 1664 640 1732 abrumpat
668 1681 679 1714 :
714 1677 770 1716 ut
799 1679 890 1717 cor
919 1663 1139 1716 liberum
1163 1672 1215 1716 et
1234 1678 1262 1715 a
1289 1660 1582 1732 visibilibus
1608 1659 1927 1724 absolutum,

361 1731 559 1787 lumen
585 1733 945 1803 intelligentim
977 1744 1222 1801 tanquam
1254 1733 1442 1803 ducem
1485 1731 1692 1803 stellam
1720 1744 1928 1803 sequa-

357 1814 477 1868 tur;
508 1806 650 1874 quia,
681 1799 812 1857 sicut
844 1799 1124 1866 Apostolus
1151 1805 1244 1874 ait,
1267 1801 1510 1854 Dominus
1533 1799 1686 1874 Jesus
1707 1799 1929 1853 Christus

357 1876 410 1928 in
452 1870 616 1944 gloria
663 1875 756 1928 Dei
809 1874 975 1927 Patris
1024 1883 1096 1926 est
1146 1870 1403 1941 (Philipp.
1434 1889 1489 1936 ιι,
1524 1872 1614 1940 11)
1651 1889 1662 1924 :
1694 1880 1747 1923 ut
1772 1887 1928 1944 quem

358 1942 710 2000 venerabatur
737 1947 786 1998 in
814 1947 962 2000 cunis
991 1945 1258 1998 humiliter
1277 1945 1540 2013 jacentem
1564 1983 1581 2010 ,
1621 1943 1789 2008 ipsum
1816 1942 1930 1996 sine

356 2016 654 2070 differentia
685 2016 870 2070 adoret
895 2031 1014 2070 cum
1051 2016 1200 2068 Patre
1241 2023 1566 2084 regnantem.
1603 2013 1722 2065 Haec
1751 2018 1928 2084 autem

358 2087 734 2150 manifestatio,
769 2085 1096 2142 dilectissimi
1121 2127 1135 2151 ,
1176 2082 1688 2155 quie'hiesitantium
1713 2082 1930 2155 nebulas

356 2157 601 2212 dissolvit
616 2158 930 2220 animarum,
952 2166 1003 2210 et
1023 2157 1090 2209 ita
1113 2152 1233 2209 facit
1254 2156 1582 2210 innotescere
1606 2154 1694 2206 Dei
1715 2152 1924 2216 Filium,

360 2237 415 2281 ut
443 2229 511 2283 de
542 2229 642 2281 hoc
670 2227 809 2297 quod
842 2228 978 2282 idem
1011 2234 1092 2297 est
1120 2227 1278 2280 etiam
1332 2225 1560 2297 hominis
1606 2224 1785 2297 filius,_
1796 2222 1930 2297 nihil

358 2301 623 2367 patiantur
643 2293 900 2352 obstaculi
922 2341 937 2363 ,
963 2296 1026 2350 ad
1057 2297 1333 2366 praesentis
1365 2295 1484 2350 festi
1509 2293 1927 2367 pertinetdigni-

358 2363 516 2424 iatem
548 2383 562 2422 .'
592 2379 640 2422 et
676 2385 795 2422 vera
826 2378 908 2422 est
933 2363 1146 2421 infantia
1185 2368 1469 2422 Salvatoris
1498 2365 1784 2419 declaratio
1820 2363 1933 2418 dei-

355 2444 495 2505 tatis,
511 2441 723 2511 quando
734 2441 906 2494 carnis
930 2454 1116 2492 sensus
1135 2438 1201 2492 ab
1223 2437 1464 2511 humanis
1477 2435 1737 2511 adldi‘vina
1762 2443 1933 2488 trans-

357 2505 554 2574 fertur;
604 2522 659 2564 ut
683 2527 814 2580 quos
841 2511 1140 2578 deprimunt
1165 2510 1520 2578 experimenta
1545 2505 1928 2580 inﬁrmitatum,

354 2582 562 2650 erigant
614 2577 758 2650 signa
803 2577 1053 2634 virtutum
1103 2597 1114 2630 :
1161 2577 1280 2648 quia
1321 2580 1407 2632 tali
1438 2578 1633 2632 auxilio
1658 2585 1712 2630 et
1740 2577 1930 2629 naiura

357 2664 536 2706 nostra
570 2653 836 2722 indigebat
861 2660 914 2705 et
941 2664 1119 2716 causa,
1155 2659 1210 2702 ut
1249 2664 1496 2722 reparare
1528 2650 1813 2722 humanum
1835 2662 1929 2722 ge-

358 2739 457 2777 nus
481 2739 579 2778 nec
609 2719 725 2776 sine
755 2723 1029 2790 majestate
1055 2729 1230 2790 posset
1250 2720 1539 2785 humilitas,
1570 2734 1668 2772 nec
1696 2719 1812 2772 sine
1838 2719 1933 2770 ltu-

356 2795 577 2847 militate
604 2793 868 2862 majestas.

427 2865 479 2917 5.
516 2864 611 2916 llic
643 2858 786 2916 nemo
807 2865 870 2917 sit
896 2879 1118 2917 securus.
1144 2861 1258 2915 Jam
1289 2875 1418 2914 vero
1441 2874 1562 2914 cum
1601 2858 1929 2928 singulorum

359 2933 588 2988 fidelium
614 2934 928 3003 profectibus
948 2975 962 3000 ,
993 2933 1290 3003 divinorum
1317 2932 1486 2985 elucet
1516 2930 1750 3003 custodia
1777 2944 1931 3003 man-

356 2999 636 3068 datorum,
687 2999 1038 3073 inipleturque
1067 3002 1206 3071 quod
1236 3003 1433 3073 dictum
1477 3009 1592 3066 est,
1636 2999 1724 3054 Sic
1768 2999 1932 3052 luceat

359 3075 446 3128 luas
476 3086 638 3128 vestra
675 3071 846 3127 coram
877 3071 1158 3128 hominibus
1184 3114 1196 3136 ,
1247 3083 1302 3125 ut
1350 3071 1547 3125 videant
1581 3087 1735 3140 opera
1770 3080 1933 3124 uestra

357 3145 506 3209 bona,
539 3156 584 3198 et
611 3145 929 3215 magni/iectu
973 3144 1178 3197 Patrem
1219 3155 1436 3196 vestrum
1483 3143 1566 3211 qui
1615 3143 1667 3194 in
1683 3141 1841 3215 caelis
1861 3150 1932 3194 est

359 3215 569 3281 (Matth.
602 3232 653 3280 v,
694 3211 819 3284 '16);
861 3217 978 3284 quis
1023 3215 1129 3268 illic
1173 3229 1276 3268 non
1309 3223 1620 3282 praesentem
1678 3211 1934 3284 intelligat

357 3287 629 3351 deitatem,
670 3283 974 3340 ubi'veram
1019 3285 1161 3339 videt
1203 3297 1458 3352 apparere
1489 3283 1775 3336 virtutem?
1816 3297 1932 3350 qua:

361 3359 542 3426 utique
566 3359 679 3411 sine
715 3358 822 3410 Deo
859 3357 999 3410 nulla
1044 3365 1144 3419 est,
1196 3370 1294 3408 nec
1321 3355 1695 3423 proprietatem
1722 3353 1935 3426 obtinet

357 3423 568 3481 deitatis
589 3468 604 3493 ,
649 3428 748 3482 nisi
789 3427 986 3496 Spiritu
1016 3427 1096 3480 sui
1125 3434 1395 3496 vegetetur
1421 3425 1682 3496 auctoris.
1717 3423 1933 3496 Dicente

357 3499 499 3552 cnim
532 3499 803 3566 discipulis
831 3493 952 3551 suis
999 3493 1243 3558 Domino,
1278 3495 1402 3549 Siue
1441 3512 1520 3566 me
1558 3495 1684 3548 nihil
1731 3493 1934 3566 potestis

361 3573 526 3638 facere
557 3565 735 3639 (Joan.
767 3584 856 3633 xv,
885 3569 972 3637 5),
997 3568 1214 3621 dubimn
1246 3583 1347 3639 non
1379 3575 1460 3620 est
1501 3565 1765 3639 hominem
1797 3565 1933 3639 bona

359 3635 624 3708 agentem,
667 3655 730 3694 ex
777 3640 884 3692 Deo
926 3635 1119 3692 habere
1159 3647 1210 3691 et
1249 3636 1492 3690 effectum
1522 3637 1719 3708 operis,
1748 3643 1802 3688 et
1830 3635 1933 3708 ini-

363 3705 491 3763 tium
523 3709 826 3764 voluntatis.
859 3709 1008 3764 Unde
1037 3718 1090 3764 et
1123 3708 1405 3774 Apostolus
1446 3705 1844 3775 c0piosissiuius
1871 3705 1934 3757 fi-

359 3781 553 3834 delium
595 3782 932 3845 cohortatur,
966 3778 1093 3833 Cum
1145 3779 1352 3843 timore,
1393 3777 1593 3846 inquit,
1629 3787 1674 3830 et
1725 3785 1938 3828 tremore

361 3861 575 3905 vestram
615 3851 826 3905 salutem
869 3849 1146 3919 aperamini
1175 3865 1194 3902 :
1224 3848 1359 3901 Deus
1395 3859 1466 3901 est
1495 3849 1626 3919 enim
1652 3847 1736 3916 qui
1758 3861 1939 3919 apera-

363 3933 446 3975 tur
471 3923 525 3974 in
555 3923 688 3975 vobis
712 3932 758 3974 et
783 3913 911 3975 velle
929 3931 972 3974 et
1003 3921 1220 3988 aperari,
1247 3935 1336 3989 pro
1362 3919 1490 3971 bona
1505 3913 1758 3971 uoluntate
1785 3913 1937 3989 (Phi:

363 3993 489 4061 lipp.
530 4009 586 4058 ιι,
614 3992 700 4056 12,
743 3994 848 4063 15).
881 3993 944 4046 Et
989 3987 1100 4044 haec
1134 3987 1330 4063 sanctis
1368 4004 1525 4063 causa
1566 3997 1648 4063 est
1671 3987 1936 4063 tremendi

362 4058 521 4132 atque
549 4058 845 4123 metuendi,
877 4079 941 4116 ne
971 4063 1098 4130 ipsis
1127 4061 1372 4129 operibus
1401 4059 1608 4132 pietatis
1637 4059 1756 4132 elati
1786 4058 1940 4112 dese-

364 4129 546 4188 rantur
573 4149 674 4203 ope
700 4135 908 4202 gratiae,
955 4129 1008 4186 et
1050 4138 1358 4185 remaneant
1402 4131 1453 4183 in
1501 4129 1806 4182 inﬁrmitate
1843 4143 1938 4182 na-

367 4214 417 4257 ιιι
423 4221 495 4259 fit!
504 4246 514 4256 .

435 4277 488 4329 4.
520 4275 680 4345 Signo
697 4275 1071 4328 inhabitationis
1100 4272 1190 4325 Dei
1217 4273 1268 4325 in
1285 4271 1444 4345 nobis.
1463 4269 1693 4345 Charitas
1719 4269 1940 4345 omnium

366 4341 601 4398 uirtutum
639 4357 814 4398 mater.
857 4345 957 4410 Qui
997 4352 1169 4397 autem
1207 4341 1432 4407 experiri
1457 4341 1621 4410 cupit,
1649 4355 1716 4394 an
1743 4341 1794 4394 in
1826 4341 1939 4408 ipso

370 4416 508 4471 Deus
535 4415 755 4479 habitet,
781 4416 850 4470 de
873 4431 976 4483 quo
1001 4415 1213 4480 dicitur,
1238 4412 1486 4467 Mirabilis
1510 4411 1644 4464 Deus
1663 4412 1723 4483 in
1753 4411 1939 4483 sanctis

367 4488 470 4540 suis
501 4485 670 4556 (Psal.
717 4481 1028 4555 unm—56);
1057 4486 1265 4538 sincero
1289 4485 1532 4538 examine
1551 4481 1726 4556 cordis
1755 4482 1834 4556 sui
1861 4482 1941 4534 in-

373 4552 566 4610 teriora
610 4556 875 4620 discutiat,
910 4552 1257 4624 et'sagaciter
1286 4563 1489 4623 qumrat
1514 4569 1612 4620 qua
1643 4552 1940 4624 humilitate

369 4636 628 4697 repugnet
664 4625 950 4696 superbiae,
976 4623 1079 4696 qua
1089 4625 1470 4697 benevolentia
1492 4624 1785 4697 obluctetur
1808 4623 1941 4676 invi-

369 4695 679 4767 dian'quam
707 4714 810 4751 non
838 4695 1074 4766 eapiatur
1095 4695 1416 4750 adulantium
1447 4695 1654 4763 linguis,
1679 4709 1941 4767 quamque

371 4769 525 4822 bouis
539 4764 844 4823 delectetur
873 4764 1090 4832 alienis;
1121 4782 1186 4820 an
1219 4781 1314 4835 pro
1339 4767 1478 4818 malo
1501 4780 1605 4818 non
1625 4764 1803 4831 cupiat
1831 4779 1941 4817 ma-

371 4839 474 4892 lum
496 4838 740 4902 reddere,
760 4839 1218 4906 malitqueinultas
1245 4836 1480 4890 oblivisci
1512 4835 1752 4906 injurias,
1781 4852 1810 4902 q
1824 4850 1940 4887 nam

371 4910 650 4979 imaginem
681 4919 734 4962 et
763 4905 1156 4964 similitudinem
1191 4907 1270 4961 sui
1313 4906 1614 4979 Conditoris
1655 4905 1900 4979 amittere
1923 4946 1936 4967 ,

370 4982 455 5050 qui
483 4976 682 5034 omnes
711 4979 774 5033 ad
819 4981 1169 5048 cognitionem
1217 4979 1298 5032 sui
1343 4977 1676 5050 generalibus
1719 4976 1943 5050 incitans

371 5045 541 5115 donis,
574 5050 701 5121 pluit
727 5045 1057 5119 superﬁtstos
1083 5059 1128 5121 et
1155 5045 1388 5121 injustas,
1407 5057 1452 5102 et
1481 5049 1634 5121 solem
1652 5063 1797 5121 suum
1822 5045 1944 5121 oriri

371 5123 491 5193 facit
523 5115 673 5193 super
700 5115 941 5193 bonoset
987 5120 1142 5193 malos
1178 5115 1385 5193 (Matth.
1417 5134 1470 5193 γ,
1507 5119 1635 5193 45).ν
1666 5119 1743 5193 Ac
1775 5133 1853 5193 _ne
1889 5115 1943 5170 in

371 5187 550 5247 multis
575 5187 773 5246 laboret
802 5191 1040 5245 sollicita:
1061 5187 1394 5244 discretionis
1417 5187 1676 5258 inSpeCIio
1705 5189 1746 5250 ⁸,
1773 5187 1940 5257 ipsam

371 5274 592 5316 matrem
624 5263 870 5315 virtutum
899 5263 1134 5316 omnium
1163 5261 1474 5315 charitatem
1505 5260 1558 5313 in
1587 5259 1806 5314 secretis
1835 5272 1944 5312 sua:

372 5335 562 5387 mentis
599 5333 832 5401 inquirat
864 5350 874 5385 :
905 5343 956 5386 et
985 5334 1026 5385 si
1071 5347 1188 5386 eam
1219 5331 1485 5385 dilectioni
1519 5331 1610 5384 Dei
1641 5338 1694 5385 et
1716 5327 1943 5401 proximi

374 5413 482 5458 toto
522 5399 775 5457 inteniam
811 5403 970 5456 corde
1010 5403 1298 5472 repererit,
1329 5403 1399 5455 ita
1432 5410 1489 5455 ut
1519 5402 1676 5455 etiam
1718 5399 1944 5472 inimicis

373 5475 481 5528 suis
525 5475 710 5528 eadem
752 5474 889 5526 'velit
936 5470 1112 5537 tribui,
1165 5488 1282 5540 quae
1326 5473 1424 5526 sibi
1474 5481 1620 5540 optat
1663 5470 1942 5539 impendi;

373 5545 608 5613 quisquis
648 5543 802 5612 hujus
844 5543 984 5597 modi
1025 5552 1125 5605 est,
1158 5543 1321 5596 Deum
1348 5552 1401 5596 et
1430 5553 1688 5596 rectorem
1717 5551 1770 5593 et
1797 5540 1946 5613 habi-

374 5610 598 5669 tatorem
629 5610 858 5669 sui—esse
895 5629 1001 5668 non
1040 5613 1243 5668 dubitet
1277 5632 1286 5665 :
1317 5628 1474 5683 quem
1521 5621 1665 5666 tanto
1703 5610 1946 5681 magniﬁ-

435 5753 450 5783 θ
480 5757 587 5799 Post
603 5749 823 5807 verbum,
845 5748 1028 5808 debeat,
1051 5749 1240 5802 additur
1255 5750 1305 5813 in
1326 5755 1455 5813 Mss,
1477 5746 1593 5813 ﬁde.

433 5817 454 5846 ⁸
478 5821 586 5864 Mss.
627 5816 705 5865 cb.
754 5824 805 5866 et
827 5826 875 5865 ιι.
895 5828 910 5864 :
932 5823 997 5862 μισ
1016 5807 1076 5865 ne
1096 5814 1149 5866 in
1169 5811 1329 5864 inultis
1365 5810 1418 5863 in
1439 5807 1610 5863 bonum
1631 5807 1826 5875 laboret,
1850 5810 1946 5863 sol-

374 5876 500 5929 licite
522 5877 856 5932 discretionem

1701 402 1928 465 SERMO
1962 397 2243 461 CXXXIV.

3479 416 3617 473 2010

2048 531 2253 612 centius
2281 531 2518 612 recipit,_
2550 541 2753 612 quanto
2785 533 3035 612 magism
3061 549 3153 612 se,_
3181 533 3274 590 sed
3314 535 3622 612 inpomino

2044 600 2331 676 gloriatur;
2364 600 2616 676 quoniam
2648 605 2837 676 quibus
2866 600 3076 668 dicitur,
3110 606 3342 676 Regnum
3372 606 3467 660 Dei
3487 609 3622 662 intra

2044 687 2130 754 vos
2155 681 2224 725 est
2250 671 2399 741 (Luc.
2436 690 2561 754 xvii,
2591 671 2710 754 21);
2742 676 2949 754 nonnisi
2981 671 3206 754 aguntur"
3238 678 3377 754 illius
3407 677 3616 754 spiritu,

2043 745 2194 817 cujus
2221 753 2484 817 reguntur
2496 745 2735 813 imperio.
2766 747 3002 801 Scieutes
3039 747 3198 817 igitur
3220 789 3235 814 ,
3265 748 3614 814 dilectissimi,

2042 813 2182 886 quod
2207 814 2434 886 eliaritas
2463 815 2598 886 Deus
2629 826 2740 879 est,
2772 818 2858 886 qui
2887 813 3135 885 operatur
3164 820 3338 872 omnia
3367 820 3414 872 in
3445 813 3616 872 omni?»

2043 883 2172 947 bus;
2198 885 2471 938 sectamini
2496 883 2826 952 charitateni,
2853 883 3008 941 itaut
3037 890 3086 941 in
3117 905 3274 942 unum
3302 900 3460 943 casta:
3481 889 3614 944 dile-

2041 955 2231 1009 ctionis
2259 956 2501 1010 affectum
2527 958 2890 1012 universorum
2937 959 3168 1012 ﬁdelium
3201 960 3358 1014 corda
3396 975 3619 1014 concur-

2041 1034 2176 1078 rant.
2228 1026 2520 1099 Transcant
2552 1042 2579 1079 a
2618 1028 2768 1082 nobis
2805 1045 2954 1094 vana,
2985 1039 3056 1092 et,
3090 1045 3154 1082 ne
3189 1045 3286 1084 nos
3311 1040 3574 1099 occupent
3597 1071 3613 1098 ,

2039 1098 2302 1150 constanti
2328 1097 2590 1151 desiderio
2617 1099 2681 1151 ad
2708 1114 2767 1152 ea
2797 1115 2911 1164 quae
2940 1114 3150 1166 semper
3177 1111 3302 1154 sunt
3342 1097 3608 1166 mansura,

2041 1167 2337 1238 tendamus.
2362 1167 2764 1222 Sacramentum
2788 1170 2927 1222 enim
2955 1172 3227 1237 przesentis
3261 1171 3376 1223 festi
3403 1180 3614 1238 Oportet

2038 1237 2090 1308 in
2123 1238 2276 1292 nobis
2302 1254 2418 1292 esse
2449 1251 2756 1308 perpetuum
2789 1258 2801 1294 :
2835 1240 2972 1308 quod
3003 1241 3178 1307 utique
3204 1242 3318 1296 sine
3348 1237 3449 1293 ﬁne
3473 1241 3614 1294 cele-

2036 1307 2295 1372 brabitur,
2325 1311 2367 1363 si
2400 1310 2451 1362 in
2478 1307 2724 1363 omnibus
2744 1307 2948 1362 actibus
2973 1313 3164 1364 nostris
3187 1312 3438 1364 Dominus
3457 1309 3613 1364 Chri-

2037 1387 2150 1432 stus
2175 1390 2441 1447 appareat,
2467 1381 2554 1448 qui
2578 1381 2704 1433 vivit
2730 1389 2782 1434 et
2809 1391 2988 1450 regnat
3011 1397 3128 1434 eum
3157 1382 3312 1437 Patre
3336 1390 3388 1437 et
3413 1381 3614 1451 Spiritu

2036 1459 2217 1504 sancto
2243 1451 2294 1504 iu
2323 1451 2514 1505 saecula
2542 1451 2877 1505 seculorum.
2909 1454 3098 1506 Amen.

2496 1584 2723 1640 SERMO
2755 1584 3016 1641 CXXXIV
3045 1585 3144 1655 (a).

2455 1701 2504 1746 In
2525 1696 2778 1759 Epiphania
2800 1697 2998 1756 Domini,
3021 1711 3067 1748 tv
3093 1694 3181 1759 (ὑ).

2106 1821 2156 1875 1.
2201 1819 2276 1874 De
2313 1819 2619 1892 Epiphania:
2645 1822 2925 1876 celebritate
2960 1823 3154 1876 diversa
3188 1825 3408 1878 traditio.
3442 1823 3609 1892 Licet,

2033 1890 2221 1964 fratres
2243 1890 2587 1964 dilectissimi,
2612 1893 2677 1945 de
2695 1893 3028 1947 solemnitate
3057 1894 3160 1947 diei
3191 1894 3345 1964 hujus
3370 1890 3610 1950 veterum

2033 1963 2102 2015 sit
2154 1963 2365 2016 diversa
2417 1963 2656 2026 traditio;
2706 1979 2804 2015 una
2849 1973 3022 2016 tamen
3073 1963 3270 2017 saneta:
3313 1965 3610 2021 devotionis

2034 2043 2114 2086 est
2143 2033 2288 2104 fides.
2325 2034 2388 2085 lit
2416 2049 2713 2104 quanquam
2744 2035 2979 2087 nonnulli
3012 2033 3168 2088 hodie
3203 2036 3479 2088 Dominum
3506 2051 3607 2089 no-

2036 2115 2200 2157 strum
2245 2103 2425 2156 Jesum
2471 2103 2737 2157 Christum
2783 2105 2934 2159 stella
2979 2105 3114 2158 duce
3164 2106 3492 2159 venientibus
3543 2107 3610 2161 ab

2034 2175 2249 2230 Oriente
2287 2173 2446 2242 Magis
2497 2176 2759 2228 aestiment
2803 2175 3108 2236 adoratum;
3159 2177 3248 2230 alii
3295 2187 3469 2231 autem
3519 2192 3609 2230 as-

2035 2254 2213 2299 serant
2238 2259 2357 2296 eum
2384 2259 2545 2314 aquas
2576 2245 2628 2298 in
2659 2245 2777 2298 vina
2810 2255 3072 2308 mutasse;
3113 2246 3320 2314 quidam
3353 2262 3479 2301 vero
3519 2246 3612 2304 ba-

2037 2316 2284 2383 ptizatum
2317 2315 2460 2367 illum
2492 2330 2520 2367 a
2550 2315 2752 2370 Joanne
2781 2319 3131 2370 confirment:
3165 2318 3216 2370 in
3243 2317 3486 2370 omnibus
3514 2317 3611 2371 Dei

2035 2385 2199 2440 Filius
2221 2385 2472 2449 creditur,
2491 2386 2539 2438 in
2556 2386 2802 2440 omnibus
2825 2396 2905 2440 est
2929 2398 3105 2440 nostra
3130 2387 3144 2416 ¹
3179 2388 3451 2441 festivitas.
3478 2387 3609 2441 Nam

2035 2455 2174 2526 quod
2201 2455 2385 2526 Magis,
2413 2457 2600 2526 utique
2633 2457 2936 2526 gentilibus,
2961 2465 3014 2510 et
3046 2457 3267 2511 adorare
3305 2459 3606 2522 Dominum,

2034 2525 2087 2582 et
2114 2525 2333 2580 munera
2364 2525 2554 2580 offerre
2598 2525 2907 2580 cunceditur
2928 2569 2941 2588 ,
2987 2527 3232 2582 Gentium
3263 2537 3346 2583 est
3375 2529 3613 2597 prmﬁgu—

2037 2608 2151 2652 rata
2180 2598 2383 2652 vocatio
2415 2615 2426 2650 :
2456 2596 2594 2665 quod
2640 2613 2790 2666 aqua:
2837 2597 3277 2653 transformamur
3319 2598 3374 2652 in
3405 2596 3606 2666 vinum,

2037 2668 2306 2736 religionis
2358 2667 2901 2738 nostrmidesignatur
2941 2683 3240 2722 arcanum:
3285 2669 3423 2738 quod
3482 2683 3610 2724 vero

2036 2740 2245 2794 fluentis
2281 2737 2526 2792 Jordanis
2563 2737 2856 2805 baptizatur
2883 2737 3034 2792 Jesus
3059 2781 3072 2802 ,
3107 2755 3256 2806 aqua:
3293 2737 3474 2793 nostro
3511 2739 3612 2792 Ba-

2034 2810 2266 2880 ptismati
2297 2817 2698 2880 consecrantur.
2721 2808 2942 2880 Oportet
2971 2809 3165 2880 itaque,
3198 2809 3514 2871 charissitni,
3554 2818 3611 2864 ut

2035 2879 2206 2949 aliqua
2253 2895 2391 2934 nunc
2435 2879 2500 2933 de
2545 2879 2660 2947 ipso
2690 2879 3005 2949 baptismate
3057 2879 3333 2933 Sauctitati
3379 2890 3606 2940 vestrm,

2072 2948 2192 3005 root
2222 2951 2473 3004 Dominus
2513 2949 2822 3011 donaverit,
2855 2948 3219 3018 proferamus;
3265 2959 3322 3002 ut
3363 2950 3517 3003 simul
3555 2959 3610 3004 et

2055 3022 2380 3103 inutilitatem
2411 3019 2697 3075 Salvatoris
2718 3019 2904 3084 nostri,
2924 3028 2980 3075 et
2996 3019 3366 3092 mysteriorum
3384 3020 3606 3090 gloriam

2037 3103 2386 3159 cognoscatis.

2106 3158 2161 3216 2.
2199 3161 2416 3216 Joannis
2466 3162 2740 3231 baptismus
2781 3161 2992 3214 erimina
3040 3177 3140 3215 non
3181 3160 3394 3215 delebat.
3424 3158 3610 3216 Christi

2038 3234 2311 3288 humilitas.
2346 3231 2670 3286 Prmdieabat
2712 3232 2764 3284 in
2794 3231 3004 3286 deserto
3031 3231 3263 3286 Joannes
3294 3232 3610 3300 baptismum

2041 3305 2361 3374 poenitentiae
2387 3303 2578 3374 popqu
2604 3303 2865 3372 peccaturi
2887 3304 2929 3374 ",
2955 3317 3058 3356 non
3089 3319 3192 3371 quo
3219 3303 3439 3356 crimina
3464 3319 3611 3358 eom-

2037 3371 2196 3430 inissa
2225 3371 2570 3440 deleret,’sed
2600 3371 2704 3442 quo
2731 3371 3037 3427 emendaret
3069 3383 3338 3438 errantes;
3371 3389 3490 3427 nam
3522 3389 3610 3428 re.

2038 3447 2222 3500 missio
2266 3454 2600 3514 peccatorum
2632 3442 2825 3497 Christi
2853 3445 3048 3514 gratiae
3089 3443 3420 3514 servabatur.
3467 3443 3609 3498 Con-

2038 3517 2234 3574 fluebat
2254 3513 2379 3583 ergo
2403 3515 2468 3568 ad
2497 3514 2802 3580 Iordanem,
2834 3513 3098 3567 desiderio
3122 3514 3335 3579 lavacri,
3367 3513 3609 3570 diverso-

2038 3603 2155 3643 rum
2209 3586 2572 3654 copiosissima
2628 3583 2950 3648 multitudo,
3005 3599 3229 3653 quorum
3274 3593 3452 3638 essent
3502 3594 3609 3651 tam

2037 3658 2279 3712 scelerati
2319 3667 2484 3719 actus,
2529 3656 2630 3708 vita
2671 3665 2774 3708 tam
2807 3654 3031 3723 perdita,
3080 3663 3134 3706 ut
3176 3669 3270 3708 eos
3295 3655 3612 3712 venerabilis

2039 3728 2273 3796 Baptista
2302 3729 2515 3795 vipereo
2538 3727 2728 3779 semini
2757 3734 3109 3792 compararet.
3136 3725 3278 3779 Inter
3307 3725 3610 3795 hujusmodi

2038 3795 2282 3852 homines
2331 3797 2418 3851 ille
2466 3797 2716 3868 virtutum
2755 3795 3048 3851 caelestium
3091 3796 3362 3868 Dominus,
3408 3797 3496 3851 ille
3526 3799 3612 3868 qui

2039 3870 2240 3939 respicit
2287 3878 2489 3939 terram,
2531 3876 2575 3920 et
2615 3867 2889 3939 facitueam
2925 3863 3328 3939 tre_mere_(Psal.
3357 3882 3468 3939 Clll,
3496 3863 3607 3939 59),

2041 3937 2282 3995 Christus
2306 3938 2491 4000 Jesus,
2522 3953 2626 3992 non
2653 3937 2964 4007 dedignatur
2993 3937 3204 3990 humilis
3233 3946 3286 3990 et
3309 3938 3517 4005 quietus
3545 3937 3612 3996 ad

2041 4011 2234 4064 servuli
2276 4010 2356 4063 sui
2393 4009 2710 4076 baptismum
2756 4023 3058 4077 properare.
3109 4007 3210 4061 Sed
3251 4008 3374 4077 quid
3417 4008 3610 4064 mirum
3661 4008 3664 4012 ’

2037 4082 2106 4136 de
2143 4079 2545 4134 mansuetudine
2582 4079 2888 4144 Salvatoris,
2927 4078 3049 4131 sise
3071 4077 3346 4143 Pmpheta:
3371 4079 3612 4133 manibus

2042 4151 2330 4215 inclinavit,
2349 4150 2516 4218 quise
2540 4149 2606 4203 ab
2636 4149 2860 4202 inimicis
2889 4148 2996 4202 suis
3025 4161 3207 4218 passus
3233 4158 3313 4201 est
3339 4148 3611 4218 crueiﬁgi?

2113 4223 2165 4276 5.
2204 4216 2421 4274 Joannis
2449 4220 2510 4272 de
2536 4219 2734 4273 Christo
2760 4217 3112 4272 testimonium.
3153 4216 3268 4283 Quo
3296 4216 3611 4287 properante

2043 4292 2108 4347 ad
2156 4292 2394 4356 fluvium,
2448 4290 2604 4343 talem
2651 4289 2882 4344 Joannes
2933 4289 3396 4342 circumstantibus
3445 4289 3612 4344 turbis

2042 4364 2215 4433 erupit
2241 4364 2291 4417 in
2321 4375 2504 4433 vocem
2527 4377 2539 4412 :
2566 4358 2697 4433 Ecce
2714 4361 2894 4433 Agnus
2921 4357 3015 4412 Dei
3035 4375 3066 4433 ί
3092 4375 3202 4411 ecce
3229 4359 3312 4433 qui
3338 4357 3466 4412 tollit
3486 4376 3612 4433 pec.

2042 4429 2155 4487 cata
2174 4433 2350 4486 mundi
2371 4431 2547 4500 (Joan.
2577 4447 2612 4496 ι,
2636 4430 2730 4500 29)
2758 4429 2778 4483 ἑ
2793 4429 2894 4484 hoc
2916 4437 2998 4485 est
3019 4429 3218 4495 dicere,
3240 4429 3457 4484 Cessate
3479 4430 3610 4499 jam,

2043 4514 2246 4559 cessate
2271 4520 2300 4557 a
2334 4503 2598 4570 baptismo
2625 4517 2743 4555 meo
2772 4516 2877 4570 quo
2925 4501 3231 4568 pmnitentia
3263 4502 3546 4570 suscipitur
3566 4501 3610 4556 ³.

2044 4576 2180 4630 Ecce
2205 4575 2434 4646 Baptista
2465 4588 2556 4641 per
2583 4587 2737 4642 quem
2763 4572 2981 4646 crimina
2998 4571 3335 4646 dimittuntur
3353 4571 3616 4646 :_desinite

2045 4641 2320 4700 ulterius'a
2347 4641 2610 4698 conservo
2647 4652 2824 4698 vestro
2871 4643 3120 4710 baptizari
3173 4642 3325 4695 velle.
3373 4641 3617 4697 Praesens

2043 4729 2122 4772 est
2153 4717 2404 4770 Dominus
2427 4715 2662 4768 omnium
2685 4723 2943 4778 nostrum,
2967 4715 3052 4782 qui
3076 4712 3302 4780 baptizat
3330 4711 3396 4765 ad
3423 4713 3614 4778 vitam;

2047 4789 2194 4842 illum
2221 4785 2535 4856 sequimini,
2570 4785 2644 4838 illi
2674 4783 2904 4856 credite,
2934 4784 2997 4836 ab
3021 4783 3111 4836 illo
3143 4785 3405 4836 lavacrum
3433 4783 3618 4856 salutis

2047 4869 2155 4912 tota
2205 4855 2382 4911 mente
2426 4856 2690 4925 supplices
2741 4855 3017 4925 postulate,
3053 4869 3091 4925 la
3129 4869 3233 4922 quo
3279 4864 3331 4907 ct
3367 4870 3464 4924 ego
3507 4855 3620 4923 ipse

2046 4929 2271 4998 baptista
2311 4923 2506 4982 vester
2529 4923 2686 4995 cupio
2721 4924 3002 4998 baptizari.
3049 4923 3162 4998 Non
3204 4928 3378 4998 renuit
3405 4923 3617 4998 quidem

2045 4993 2200 5054 Jesus
2233 4993 2763 5053 testimonium'vocis
2803 4994 2990 5062 hujus;
3019 4993 3111 5048 sed
3142 4995 3230 5062 qui
3260 5011 3354 5064 per
3378 4993 3618 5052 ordinem

2046 5071 2205 5124 vellet
2256 5069 2498 5122 universa
2546 5066 2839 5133 complere,
2891 5064 3234 5135 nihilominus
3272 5066 3522 5135 baptizari
3562 5081 3620 5121 se

2046 5141 2246 5209 expetit
2279 5153 2308 5192 a
2335 5137 2556 5209 Joanne.
2588 5135 2654 5190 Et
2682 5135 2912 5209 Baptista
2949 5134 3172 5209 devotus
3211 5134 3510 5209 baptizandi
3538 5136 3619 5190 sui

2047 5205 2280 5282 potentia
2314 5207 2658 5282 tremefactus
2683 5207 2755 5259 ait
2774 5248 2787 5270 ,
2822 5205 2929 5282 Ego
2952 5221 2984 5258 a
3011 5215 3057 5259 te
3083 5206 3234 5260 debeo
3269 5205 3512 5276 baptizari
3531 5247 3546 5272 ,
3576 5216 3622 5259 et

2049 5276 2102 5334 iu
2130 5282 2263 5334 venis
2289 5279 2356 5332 ad
2381 5280 2499 5332 me?
2526 5276 2574 5330 id
2603 5286 2704 5342 est,
2736 5278 2982 5345 quoniam
3008 5292 3106 5346 ego
3132 5287 3370 5331 creatura
3399 5291 3536 5339 sum,
3568 5287 3620 5330 tu

2048 5351 2298 5416 Creator;
2332 5364 2430 5418 ego
2460 5364 2666 5412 servus,
2702 5357 2753 5401 tu
2789 5347 3072 5412 Dominus;
3100 5362 3198 5418 ego
3227 5349 3409 5418 figura,
3442 5356 3492 5400 tu
3525 5348 3624 5400 γε-

2051 5425 2199 5478 ritas.
2229 5423 2296 5476 At
2337 5417 2492 5476 Jesus
2519 5420 2626 5485 ait,
2662 5418 2786 5473 Sine
2829 5419 3016 5484 modo;
3060 5417 3298 5472 sic’enim
3350 5418 3487 5469 decet
3533 5434 3623 5471 nos

2113 5561 2130 5592 ι
2149 5557 2220 5606 sic
2238 5562 2346 5606 Mss.
2371 5554 2504 5613 Editi,
2531 5567 2660 5604 vera.

2112 5624 2132 5654 ί
2154 5627 2204 5668 ιιι
2229 5619 2387 5677 editis,
2414 5617 2587 5681 populo
2607 5615 2658 5666 in
2680 5612 3006 5665 remissionem
3027 5616 3345 5675 peccatorum.
3369 5613 3620 5661 Manuscri-

2049 5695 2158 5751 ptos
2177 5683 2334 5751 secuti
2357 5693 2548 5751 sumus.
2559 5739 2570 5750 θ
2629 5738 2640 5749 ⁹
2769 5738 2779 5748 .

2114 5748 2135 5779 ³
2159 5745 2304 5798 Editi.
2325 5739 2599 5803 paenitentia
2621 5739 2814 5803 incepit.

2200 5793 2356 5864 iolim,
2379 5805 2444 5852 de
2467 5811 2704 5874 Tempore
2725 5793 2812 5862 37;
2834 5807 2892 5871 et.
2907 5793 3504 5874 [ιρῆιηίιι-Αιιρςιιὰᾒ

2137 5859 2190 5926 ὠ
2219 5874 2271 5918 ιιι
2296 5859 2632 5926 manuscrist
2657 5870 2707 5914 et
2730 5859 2924 5914 excusis
2947 5859 3083 5912 libris
3103 5859 3302 5913 Maximo
3320 5860 3565 5912 tribuitur.
