4046 6356
485 303 629 364 20H

486 423 696 494 implere
719 435 914 494 amttam
932 417 1186 494 justitiam
1206 431 1225 470 :
1256 413 1309 470 id
1339 422 1439 479 est,
1462 412 1602 494 Quid
1627 413 1885 494 nuncista
1912 425 2030 494 com
2047 437 2069 451 ο

486 483 790 549 memoras?
815 483 1150 558 Propositum
1177 496 1437 556 suscepta:
1462 486 1478 516 ι
1507 483 1819 558 humilitatis
1845 483 2069 558 implen-

487 566 610 620 dum
649 571 749 617 est.
779 554 935 615 Tunc
955 560 1044 613 ille
1072 559 1160 628 qui
1192 554 1513 627 prmsumere
1551 554 1891 618 formidabat,
1925 554 2070 608 velo-

489 637 620 689 citer
648 634 819 700 paruit
852 630 1206 700 praecipientis
1237 629 1479 700 imperio.

555 707 608 760 4.
648 696 913 758 Trinitaiis
943 696 1525 771 nztinifestatio,’Christi
1555 697 1796 771 potentia.
1828 696 2071 765 Baptiza-

485 785 572 830 tur
612 790 740 844 ergo
767 775 922 829 Jcsus
954 787 1059 825 non
1082 769 1179 826 Sibi
1204 813 1221 844 ,
1255 771 1347 824 sed
1381 770 1532 824 nobis
1557 769 1927 844 :Ahaptizatur,
1964 784 2068 821 non

487 856 545 901 ut
577 838 882 917 puriﬁcetur
909 844 1080 917 aquis,
1123 843 1216 896 sed
1265 853 1322 897 ut
1367 856 1532 917 aquas
1575 841 1686 917 ipse
1728 838 2065 917 sanctilicet':

488 910 785 986 baptizatur
810 910 983 969 novus
1012 913 1200 976 homo,
1237 923 1306 986 Διιι
1347 912 1470 986 novi
1497 910 2068 986 Bt’tplisntatis‘Coltsli-

486 980 600 1043 tuat
629 996 1041 1042 sacramentum.
1073 983 1246 1054 Aperli
1274 993 1388 1036 sunt
1411 1025 1424 1046 ,
1461 983 1648 1050 inquit,
1681 982 1729 1054 ei
1755 981 1901 1054 arti:
1923 980 2068 1033 atsti-

487 1075 576 1113 mo
621 1068 677 1112 ut
721 1060 772 1112 in
813 1049 1126 1111 etelestibus
1162 1065 1300 1109 esset
1347 1049 1657 1108 miraculum
1701 1049 1765 1105 de
1827 1053 1906 1104 his
1955 1066 2072 1120 qua:

485 1129 882 1200 gerebanturin
913 1128 1090 1200 terris,
1113 1126 1249 1200 sicut
1271 1124 1667 1200 :Il_l_S(_"_l‘lplltl‘3,_
1691 1121 1761 1200 in
1785 1138 2071 1200 quemcon-

487 1193 749 1269 Eupt‘scunt
787 1198 963 1268 Ληρειὶ
1005 1195 1359 1269 prospicere“
1411 1193 1549 1246 I’etr.
1581 1193 1757 1269 t,_l‘:2).
1795 1193 2072 1269 Quomodo

489 1263 634 1326 enim
663 1263 908 1340 poterant
934 1263 1035 1322 non
1067 1263 1244 1340 mirari
1273 1263 1507 1340 Virtutes
1533 1266 1790 1340 etelorum
1817 1276 1870 1318 et
1895 1263 2073 1340 horni-

488 1335 730 1397 nationes
750 1384 762 1406 ,
794 1340 1078 1395 Cherubim
1110 1348 1162 1392 et
1186 1337 1496 1406 Scraphim,
1529 1351 1650 1390 cum
1695 1335 1936 1390 viderent
1967 1335 2073 1406 Do.

488 1414 689 1467 miuum
739 1403 958 1465 Sabaoth
1002 1411 1052 1463 in
1096 1407 1255 1463 ﬂuvio
1299 1403 1364 1461 ab
1410 1408 1625 1461 homine
1665 1406 1962 1476 baptizari?
2008 1403 2075 1460 Ut

488 1493 663 1537 autem
720 1483 940 1538 Joannis
984 1481 1254 1534 attestatio
1305 1481 1468 1533 etiam
1509 1478 1720 1534 '(‘tBlCSll
1771 1477 2074 1530 testimonio

489 1555 856 1617 conﬁrmetur,
877 1549 1014 1606 videt
1035 1551 1288 1620 Spiritum
1317 1558 1556 1605 sanctum
1579 1549 1839 1619 corporali
1868 1549 2070 1618 specie,

489 1626 639 1694 quasi
669 1625 968 1678 columbam
997 1623 1411 1694 descendentem
1438 1662 1450 1682 ,
1497 1631 1551 1675 et
1580 1629 1882 1694 manentem
1914 1634 2074 1694 super

489 1689 670 1749 Iesum
701 1714 712 1748 :
743 1695 886 1748 audit
923 1703 976 1747 et
1028 1695 1241 1748 Patrem
1293 1693 1589 1755 dicentem,
1649 1689 1745 1743 Hic
1793 1701 1864 1742 est
1911 1689 2076 1744 Filius

487 1781 628 1819 mens
655 1767 894 1829 dilectus,
921 1764 972 1817 in
1001 1781 1100 1834 quo
1132 1765 1252 1816 mihi
1282 1763 1402 1816 bene
1430 1762 1710 1831 complucui
1742 1759 1963 1832 (Matth.
1998 1778 2072 1834 in,

490 1835 704 1909 lilii).
738 1832 1039 1909 Advortite,
1071 1835 1430 1909 dilectissimi
1455 1834 1895 1909 fratres,_qi_ianta
1926 1832 2076 1909 nobis

486 1903 886 1976 iubaptismatc
935 1906 1140 1960 Domini
1189 1906 1355 1958 nostri
1407 1904 1532 1957 Jesu
1575 1903 1769 1976 Christi
1817 1904 2076 1976 patefacta

489 1979 559 2032 sit
587 1974 750 2046 gratia
778 2021 791 2042 ,
821 1992 976 2046 quam
1016 1978 1195 2030 subtili
1235 1977 1581 2028 Sacrat'nento
1625 1975 1856 2028 Trinitas
1889 1990 1946 2028 se
1978 1974 2075 2046 ho—

489 2049 575 2102 die
594 2045 798 2102 homini
830 2045 1103 2101 revelavit.
1136 2049 1289 2100 l’ater
1318 2047 1458 2100 enim
1486 2047 1696 2100 auditur
1723 2047 1774 2098 in
1799 2062 1950 2110 voce,
1982 2045 2073 2098 Fi-

491 2120 592 2173 lius
621 2119 991 2173 manifestatur
1013 2120 1063 2172 in
1091 2117 1327 2183 homine,
1373 2117 1601 2185 Spiritus
1644 2125 1859 2170 sanctus
1887 2117 2078 2184 digno-

489 2191 656 2244 scitur
699 2191 748 2243 in
799 2190 1066 2242 columba.
1117 2189 1287 2256 Quam
1341 2189 1565 2241 mirilico
1605 2198 1780 2239 autem
1826 2189 2079 2258 mysterio

489 2261 746 2314 Dominus
774 2268 954 2314 noster
979 2261 1133 2313 Jesus
1159 2260 1398 2311 Christus
1426 2261 1507 2311 vel
1539 2267 1677 2312 tactu
1706 2261 1946 2326 corporis
1974 2260 2076 2321 sui,

490 2333 573 2385 vel
597 2333 820 2384 transitu
848 2331 1029 2394 gloria:
1052 2348 1158 2382 sua:
1181 2343 1393 2381 munem
1416 2328 1481 2381 ad
1509 2338 1840 2382 momentum
1871 2339 2080 2382 creatu-

491 2415 607 2454 ram
647 2402 976 2464 sanctiﬁcat,
1027 2402 1256 2454 vivilicat
1299 2411 1350 2453 et
1396 2400 1665 2455 illustrat?
1718 2400 1895 2466 Aquas
1937 2402 2079 2452 enim

491 2480 788 2535 consecrat,
829 2471 953 2525 dum
996 2473 1320 2540 baptizatur;
1356 2482 1548 2524 terram
1582 2470 1875 2524 sanctiﬁcat
1900 2513 1912 2532 ,
1953 2471 2077 2523 dum

493 2543 787 2612 srpelitnr;
822 2552 1059 2596 mortuos
1086 2545 1343 2606 suscitat,
1387 2542 1509 2595 dum
1548 2543 1809 2609 resurgit;
1843 2542 2081 2596 ('(elcstia

491 2614 771 2680 glorificat.
796 2612 922 2667 dum
949 2612 1191 2668 ascendit
1219 2612 1273 2667 in
1303 2614 1520 2680 eteltnn,
1550 2613 1766 2668 etscdet
1798 2612 1865 2666 ad
1893 2613 2080 2668 dexte-

492 2699 608 2739 ram
637 2685 830 2740 l’att'is.

956 2798 1186 2855 SERMO
1222 2797 1465 2854 cxxxv
1505 2798 1607 2871 (a).

925 2918 974 2962 ln
995 2913 1250 2976 Epiphania
1272 2913 1472 2976 Domini,
1496 2928 1524 2965 ν
1549 2911 1643 2978 (b).

566 3018 618 3071 1.
665 3016 817 3070 Unda
867 3019 1087 3086 amplius
1138 3019 1298 3071 ditata
1345 3036 1496 3088 quam
1549 3019 1736 3071 Maria.
1785 3018 2086 3088 Intelligere

493 3087 799 3158 possumus,
829 3089 1022 3143 fratres
1049 3089 1368 3154 charissimi,
1399 3097 1649 3157 quantam
1673 3091 1894 3157 gratiam
1925 3091 2082 3145 Citri—

495 3167 579 3212 sto
629 3159 855 3212 Domino
901 3159 1211 3224 debeamus,
1264 3160 1352 3228 qui
1411 3167 1525 3213 vota
1576 3161 1715 3213 votis
1765 3161 2082 3227 acciimulat,

495 3229 684 3300 gaudia
711 3231 918 3300 gaudiis
949 3230 1278 3298 multiplicat.
1314 3231 1449 3285 Ecce
1479 3232 1618 3284 enim
1647 3231 1821 3285 adhuc
1851 3233 2086 3286 exsulta-

496 3316 614 3354 mus
637 3299 908 3356 Christum
935 3301 1216 3356 Dominum
1246 3312 1425 3356 natum
1447 3317 1462 3366 ;
1488 3312 1539 3355 et
1560 3302 1668 3372 jam
1693 3317 1816 3354 eum
1845 3303 2087 3358 hetamur

495 3386 596 3441 pro
623 3374 791 3427 salute
821 3374 1033 3426 humani
1057 3374 1264 3442 generis
1288 3373 1628 3442 baptizatum.
1679 3373 1912 3427 Necdum
1937 3386 2086 3430 ortus

501 3443 617 3511 ejus
645 3452 726 3496 est
752 3445 959 3513 expleta
1007 3444 1298 3509 festivitas;
1342 3451 1398 3498 et
1439 3445 1547 3513 jam
1597 3445 1929 3512 baptismatis
1972 3446 2086 3512 ejus

499 3523 581 3567 est
603 3516 921 3568 celebranda
954 3515 1284 3568 solemnitas.
1313 3514 1407 3568 V'ix
1433 3523 1586 3568 natus
1621 3524 1702 3568 est
1737 3515 2083 3583 hominibus;

497 3591 553 3638 et
577 3585 686 3653 jam
709 3587 1010 3639 namscitur
1029 3587 1397 3639 sacramentis.
1431 3585 1596 3640 llodie
1623 3587 1784 3648 enim,
1819 3587 1941 3641 licet
1968 3598 2087 3656 post

499 3656 666 3709 multa
686 3669 944 3708 annorum
973 3657 1254 3716 curricula,
1278 3669 1617 3710 consecratus
1645 3667 1724 3710 est
1747 3659 1798 3710 in
1830 3658 2081 3712 Jot‘tlatt‘c.

499 3725 577 3798 ιω
600 3741 727 3794 ergo
749 3726 1009 3795 disposuit
1036 3727 1312 3798 latominus,
1339 3737 1394 3780 ut
1413 3728 1550 3780 votis
1572 3737 1691 3781 vota
1718 3729 2082 3798 subjungeret,

500 3796 602 3869 l_t_oc
639 3806 729 3869 est
753 3839 768 3864 ,
798 3808 854 3850 ut
884 3811 989 3849 uno
1019 3797 1314 3866 eodemque
1357 3807 1594 3864 tempore
1623 3808 1678 3853 et
1719 3796 1966 3853 ederetur
1995 3796 2088 3869 per

501 3866 812 3937 Virginem,
861 3877 912 3921 et
948 3882 1046 3934 per
1094 3869 1404 3937 mysterium
1447 3871 1782 3937 gigneretur;
1836 3866 2086 3939 essetque

499 3939 803 3993 continuata
833 3939 1124 4006 festivitas,
1157 3939 1333 3992 carnis
1380 3941 1670 3993 nativitatis
1715 3951 1876 4010 atque
1917 3941 2087 4010 bapti-

563 4099 579 4130 ι
606 4105 655 4164 tn
681 4097 840 4164 editis,
857 4099 1158 4164 Proposittmt
1179 4097 1383 4163 suscepi.
1408 4111 1498 4149 rm.
1523 4103 1627 4160 Ms,
1656 4099 1953 4164 Propositum
1974 4115 2086 4152 san-

498 4165 589 4211 cta:
611 4159 908 4210 humilitatis.

560 4242 632 4304 (η)
666 4243 804 4302 Alias,
829 4244 892 4292 de
913 4249 1150 4304 Tempore
1171 4243 1250 4292 56.

559 4303 633 4368 (φ)
669 4309 715 4368 In
743 4303 1020 4368 Appendice
1036 4303 1179 4353 nunc
1205 4306 1407 4367 primum
1430 4305 1707 4358 collocatur.
1741 4308 1922 4358 Dubius
1953 4319 1980 4358 a
1999 4315 2085 4359 Lo-

496 4366 838 4432 vaniensibus',
862 4366 1106 4432 agvcrlino
1137 4375 1302 4432 autem
1323 4376 1375 4432 et
1396 4369 1630 4431 Vindingo
1655 4371 1986 4432 supposititius
2005 4369 2087 4421 ha-

497 4428 659 4476 betur.
687 4435 788 4496 Non
805 4430 956 4496 verba
973 4428 1204 4477 duntaxat
1224 4430 1447 4496 inusitata
1472 4428 1758 4496 Augustino,
1771 4434 1929 4496 qualia
1952 4443 2081 4495 sunt,

506 4506 528 4534 ι
554 4501 670 4554 pura
695 4491 820 4554 unda
843 4491 1148 4540 submersum
1169 4523 1182 4547 ,
1221 4492 1372 4554 uariae
1391 4495 1666 4542 castificatio
1684 4530 1698 4554 ,
1723 4491 1868 4544 maria
1889 4491 2089 4550 calculis

507 4549 780 4623 aalligayit,
808 4562 1050 4623 atagorunt
1069 4552 1417 4623 beatalegatio
1435 4568 1448 4612 ;
1465 4572 1486 4597 ν)
1517 4556 1604 4623 sed
1628 4549 1862 4623 contraria
1889 4549 2088 4623 quoque

500 4612 651 4720 ipsius
673 4612 902 4664 doctriuzé
925 4616 1155 4676 continet,
1184 4612 1331 4678 atque
1355 4628 1445 4663 usu
1470 4617 1742 4678 periculosa
1758 4653 1773 4677 ,
1795 4627 1849 4669 ut
1881 4612 1991 4669 cit'm
2006 4612 2086 4674 'de

500 4680 530 4720 C
565 4675 682 4720 risto
714 4675 904 4720 dicitur.
937 4694 957 4720 (ι
980 4677 1074 4720 inn
1112 4680 1379 4720 ranam-itur
1413 4683 1750 4720 sacramentis-
1777 4692 2086 4720 mncpnmmc

498 4675 682 4740 Christo
714 4675 904 4740 dicitur,
937 4694 957 4721 ι(
977 4677 1074 4739 jnn
1112 4675 1379 4727 renascitur
1413 4675 2088 4740 sacramentis,conseeratus

507 4743 627 4804 gest
656 4736 927 4804 inAJordane
946 4736 1088 4804 ,_:p_er
1104 4741 1382 4804 mysterium
1415 4736 1762 4802 gignereturﬁo
1795 4752 1888 4792 etc.
1932 4763 1953 4790 ιι
1975 4736 2087 4804 Quae

499 4797 675 4868 hatresi
699 4798 863 4868 faverit
896 4797 1063 4868 Italicis
1086 4797 1370 4868 t‘rgialitani,
1395 4797 1558 4868 contra
1572 4797 1720 4868 quem
1745 4803 1966 4855 Alcuinus
1990 4797 2089 4858 ‘dis-

500 4859 831 4932 putanslib?
856 4893 878 4932 ,_
895 4878 916 4906 ι
939 4859 1305 4932 lnbaptisinatc,
1339 4859 1466 4921 «ait,
1499 4881 1521 4910 ιι
1542 4859 1752 4932 Joannis,
1777 4867 1825 4932 in
1849 4879 1945 4930 quo
1961 4871 2089 4920 Chri-

507 4938 530 4966 ¢
551 4922 947 4988 stusbaptizatus
970 4922 1077 4978 est.‘
1089 4938 1184 4973 non
1221 4922 1311 4976 fuit
1330 4929 1663 4988 regeneratio.
1688 4945 1710 4973 ι)
1741 4922 1896 4978 Habes
1922 4933 2008 4981 hac
2025 4934 2088 4983 de

499 4983 829 5061 re‘in‘sig‘nem‘
863 4988 1127 5061 Augustini
1147 4983 1512 5061 sententiam‘m
1547 4990 1749 5061 epistola
1775 4993 1859 5061 187
1878 5028 1891 5052 ,
1916 5006 1965 5040 ιι.
1986 4995 2040 5042 51
2071 5010 2084 5044 :

508 5061 529 5089 ι
547 5044 865 5118 ιη’ρῐῡρωξιιρ
883 5044 1194 5118 singulariter
1218 5058 1368 5118 natus
1388 5057 1463 5098 est
1481 5085 1494 5108 ,
1519 5044 1601 5101 cui
1623 5055 1810 5102 renasci
1843 5044 1942 5118 non
1967 5069 2089 5118 opus

508 5124 529 5151 α
546 5105 674 5172 fuit.»
698 5113 745 5155 tn
769 5105 1044 5172 Remigiauo
1058 5110 1223 5159 codice
1247 5114 1442 5172 praefert
1452 5105 1630 5162 nomen
1649 5116 1895 5164 Amlmsii.
1911 5118 1954 5165 Id
1970 5105 2090 5169 falso

500 5169 726 5237 quidem,
753 5169 842 5237 sed
882 5169 1040 5237 editus
1060 5173 1187 5237 terte
1221 5169 1379 5222 estex
1414 5177 1676 5237 snppositis
1709 5179 1858 5223 Λιιιέωιη
1874 5180 1952 5225 sio
1985 5195 2088 5228 ser-

500 5232 739 5302 n‘ionibus,
765 5233 874 5302 sive
893 5233 954 5302 ab
980 5235 1152 5302 eodem
1178 5244 1372 5302 auctore
1397 5249 1429 5302 a_
1446 5232 1543 5302 quo
1575 5239 1747 5298 prodiit
1781 5252 1941 5288 sermo
1964 5244 2090 5302 apud

503 5294 798 5364 ambrosiam
819 5295 893 5353 l7,
921 5293 984 5342 de
1007 5298 1242 5357 Baptismo
1265 5299 1431 5347 Christi
1449 5293 1693 5360 {ubi'ipse
1719 5303 1942 5350 Dominus
1968 5293 2090 5364 pari-

501 5361 588 5426 ter.
613 5356 786 5405 dicitur
804 5374 852 5426 ια
872 5356 1183 5426 consecratus
1201 5393 1215 5416 ,
1242 5367 1380 5426 natus
1405 5367 1455 5426 et
1473 5356 1756 5426 generatus
1787 5371 1875 5424 per
1907 5356 2089 5426 injuste-

509 5433 530 5459 ‹ι
553 5417 677 5465 rium
693 5431 710 5488 ἐ
732 5434 754 5462 ιο
803 5418 866 5488 ita
911 5425 965 5468 ut
995 5419 1107 5488 hinc
1145 5422 1246 5482 ipsa
1276 5421 1384 5470 dies
1420 5417 1690 5488 ibi—natalis
1723 5417 1830 5486 ejus
1862 5417 2087 5488 vocEtur;

499 5479 900 5548 quemadmodum
925 5481 1040 5529 etin
1067 5479 1400 5548 boc'sermone
1426 5483 1598 5548 legere
1619 5491 1710 5544 est,
1744 5479 1953 5536 (Natalis
1973 5479 2090 5548 ergo

509 5540 696 5614 etimne
714 5541 837 5614 alter
869 5549 943 5592 est
970 5545 1181 5605 quodam
1208 5545 1351 5593 modo
1374 5540 1639 5614 salvatoris.
1657 5540 1956 5614 Διβἰνιιίιιιιδιόιι
1980 5540 2090 5614 qua:

501 5601 577 5649 hic
619 5606 784 5674 toseph
825 5601 1034 5674 intepet
1068 5614 1216 5674 Deum
1254 5614 1438 5674 Patrem
1489 5608 1750 5674 instituitur
1781 5601 2088 5674 comparatio,

502 5675 596 5732 non
616 5664 723 5711 aliis
746 5671 850 5714 tere
871 5668 1033 5733 verbis
1053 5669 1319 5733 explicatur
1345 5669 1392 5716 in
1409 5683 1644 5733 sermone
1671 5671 1726 5720 lO
1748 5675 1871 5733 apud
1891 5664 2089 5723 hinbrol

503 5727 649 5802 siun.
663 5735 785 5802 sunt
799 5737 860 5802 et
882 5727 971 5779 alia
995 5727 1345 5802 qua-damento
1377 5731 1483 5784 aliis
1501 5727 1789 5797 quibusdam
1823 5738 2091 5791 mulir-051a-

502 5791 581 5837 nis
601 5791 910 5844 ser-unitas
928 5791 1283 5862 convenientia.

1942 289 2305 350 APPENDIX.

3617 291 3758 350 2013

2181 407 2365 463 smatis
2395 424 2406 460 :
2441 414 2499 461 ut
2522 405 2970 475 quemadmodum
2996 413 3124 461 tunc
3149 417 3270 462 eum
3299 405 3556 464 miramur
3578 409 3755 464 incor-

2179 489 2331 548 rupta
2374 487 2542 532 matre
2584 478 2952 546 progenitum;
3000 478 3070 530 ita
3121 486 3174 531 et
3219 493 3360 531 nunc
3401 480 3758 546 suscipiamus

2178 551 2324 603 illum
2352 566 2477 619 pura
2508 549 2643 600 tlnda
2672 550 3008 602 submersum
3034 567 3045 600 :
3070 556 3124 602 et
3148 548 3437 617 gloriemur
3461 551 3512 603 in
3535 559 3760 619 utr-etme

2178 622 2338 687 facto,
2370 622 2492 690 quia
2525 621 2688 691 filium
2715 621 2899 691 genuit
2928 628 3128 685 mater,
3155 628 3210 672 et
3234 629 3378 691 casta
3405 629 3520 686 est;
3555 630 3608 676 et
3635 623 3757 691 quia

2177 689 2443 747 Christum
2491 690 2627 744 unda
2675 689 2910 762 lavit,_et
2953 699 3133 762 sancta
3174 699 3273 762 est.
3309 689 3446 762 ,Nam
3478 693 3614 746 sicut
3642 689 3762 762 post

2180 772 2384 831 partum
2411 763 2704 831 glorilicata
2734 770 2815 814 est
2841 759 3015 814 Mariie
3044 760 3390 826 castiﬁcatio;
3419 763 3487 816 ita
3520 759 3761 831 post'ba-

2181 835 2429 903 ptismum
2459 848 2608 902 aqutc
2637 840 2718 886 est
2749 832 3043 900 puriﬁcatio
3070 832 3414 900 comprobata
3447 851 3461 887 :
3492 835 3594 888 nisi
3619 835 3764 903 quod

2181 922 2312 974 pene
2333 904 2516 972 majori
2544 918 2784 968 immere,
2805 918 2963 972 quam
2990 903 3171 974 Maria,
3197 903 3334 955 unda
3356 903 3517 957 ditata
3548 915 3650 959 est.
3677 905 3762 958 Illa

2178 972 2318 1029 enim
2343 975 2442 1029 sibi
2462 984 2661 1027 tantum
2684 975 2878 1028 meruit
2905 972 3236 1037 castitatem;
3265 975 3365 1028 ista
3396 976 3546 1028 nobis
3571 986 3762 1028 contu-

2181 1046 2238 1100 lit
2268 1045 2758 1100 sanctilicatiouem.
2789 1044 2883 1099 llla
2915 1043 3108 1098 meruit
3138 1060 3205 1096 ne
3236 1056 3478 1114 peccaret
3506 1064 3518 1110 ;
3553 1048 3675 1109 ista,
3708 1062 3758 1100 ut

2181 1127 2397 1188 peccata
2433 1127 2700 1188 purgaret.
2723 1185 2733 1188 Α
2755 1115 2843 1168 Illa
2887 1116 3098 1188 propria
3130 1115 3321 1169 delicta
3348 1132 3389 1188 a7
3405 1131 3463 1171 se
3491 1117 3763 1188 repudiat,

2181 1185 2276 1242 ista
2319 1189 2369 1242 in
2414 1204 2472 1242 se
2505 1203 2600 1255 per
2645 1185 2738 1240 Dei
2780 1186 3005 1256 gratiam
3051 1187 3219 1238 aliena
3257 1187 3543 1241 condonat.
3578 1186 3656 1241 llli
3683 1197 3769 1242 est

2180 1261 2369 1315 collata
2401 1257 2708 1327 virginitas;
2752 1258 2836 1311 isti
2882 1257 3074 1311 donata
3121 1256 3436 1312 fecunditas.
3483 1259 3572 1311 llla
3603 1276 3766 1312 unum

2183 1331 2512 1399 procreavit,
2537 1338 2589 1382 et
2615 1329 2764 1397 virgo
2789 1337 2903 1391 est;
2936 1327 3046 1380 ista
3064 1337 3284 1397 generat
3309 1329 3518 1395 plures,
3553 1339 3606 1382 et
3634 1345 3768 1398 pura

2182 1411 2282 1454 est.
2335 1400 2428 1456 Illa
2476 1409 2670 1468 prteter
2709 1399 2976 1453 Christum
3020 1399 3189 1453 nescit
3227 1399 3384 1452 alium
3425 1400 3624 1461 lilium;
3671 1402 3771 1454 ista

2181 1488 2300 1526 cum
2331 1471 2544 1525 Christo
2571 1481 2740 1523 mater
2766 1479 2849 1522 est
2878 1471 3212 1538 populorum.

2252 1542 2306 1596 ἓ.
2353 1542 2605 1596 Nativitas
2629 1539 2817 1595 Christi
2843 1541 3082 1593 secunda.
3115 1540 3314 1593 Natalis
3351 1556 3480 1607 ergo
3509 1540 3671 1595 hodie
3696 1543 3768 1595 al-

2186 1623 2265 1667 ter
2292 1623 2376 1668 est
2402 1612 2633 1683 quodam
2678 1612 2838 1666 modo
2876 1611 3185 1667 Salvatoris.
3232 1611 3362 1665 Nam
3399 1613 3601 1666 eisdem
3646 1628 3774 1667 eum

2184 1686 2368 1752 signis,
2415 1682 2617 1738 eisdem
2663 1682 2934 1736 miraculis
2979 1683 3348 1750 cognoscimus
3374 1684 3646 1751 genitum,
3677 1684 3774 1738 sed

2184 1773 2325 1810 ntme
2355 1757 2557 1822 majore
2600 1755 2854 1823 mysterio
2882 1753 3226 1820 baptizatum.
3275 1754 3509 1823 Denique
3537 1754 3772 1822 Spiritus

2185 1837 2419 1889 sanctus,
2448 1827 2534 1893 qui
2567 1822 2689 1878 tunc
2716 1824 2788 1878 illi
2817 1825 2866 1876 in
2896 1834 3046 1896 utero
3072 1824 3240 1876 adfuit
3271 1822 3418 1896 (Luc.
3445 1840 3482 1885 ι.
3515 1825 3626 1891 55),
3659 1841 3775 1878 mo-

2183 1897 2254 1951 do
2298 1913 2419 1951 eum
2465 1898 2518 1951 in
2555 1897 2762 1966 gurgite
2804 1894 3156 1949 circutnl‘ulsit
3199 1914 3210 1946 :
3253 1894 3342 1963 qui
3383 1905 3508 1949 tunc
3552 1896 3775 1950 Mariam

2185 1969 2498 2038 castigavit,
2550 1983 2692 2020 nuttc
2737 1967 2933 2019 ﬂuenta
2978 1967 3290 2038 sanctiﬁcat.
3339 1966 3495 2020 Pater
3523 1968 3615 2036 qui
3649 1976 3777 2022 tunc

2186 2037 2523 2094 obumbravit
2553 2039 2604 2091 in
2632 2038 2845 2103 virtute,
2873 2051 3013 2090 mine
3036 2037 3230 2092 clamat
3261 2037 3312 2091 in
3342 2051 3472 2090 voce
3498 2054 3511 2090 :
3543 2047 3597 2092 et
3621 2037 3776 2106 quasi

2187 2111 2475 2164 maturiore
2487 2109 2732 2170 consilio,
2748 2109 2834 2174 qui
2851 2115 2975 2162 tunc
2993 2109 3230 2160 umbram
3249 2108 3492 2176 prarstitit
3522 2111 3776 2163 nativita-

2189 2184 2246 2244 ti,
2264 2181 2420 2234 modo
2442 2180 2801 2234 testimonium
2827 2179 3066 2246 [Mn‘ltibet
3089 2179 3316 2232 veritati.
3341 2179 3577 2232 Aitenim
3603 2181 3773 2234 Deus:

2191 2252 2291 2305 llic
2333 2263 2405 2306 est
2441 2251 2608 2304 Filius
2640 2266 2777 2304 meus
2809 2250 3035 2312 dilectus.
3082 2250 3134 2302 iu
3183 2266 3278 2317 quo
3330 2250 3451 2301 mihi
3494 2253 3779 2319 comptacui

2189 2322 2400 2395 (Matth.
2417 2323 2744 2390 m,l7).ll;rc
2765 2322 2930 2395 prima
2949 2321 3274 2395 prarelarior.
3296 2320 3606 2395 Prieclarioi-
3625 2322 3781 2390 plane

2189 2391 2522 2447 estsecunila
2549 2409 2703 2460 quam
2721 2392 2887 2460 prima
2913 2392 3175 2446 nativitas.
3201 2391 3290 2445 Illa
3322 2393 3462 2444 enim
3484 2394 3780 2458 sineteste,

2190 2465 2400 2518 silentio
2428 2464 2696 2518 Christum
2738 2463 2950 2530 genuit;
2984 2462 3081 2516 ista
3112 2479 3232 2515 eum
3258 2462 3551 2518 divinitatis
3574 2464 3784 2531 profes-

2190 2537 2339 2589 sione
2370 2536 2651 2588 Dominmn
2685 2534 2986 2601 baptizavit.
3018 2533 3099 2586 Ab
3127 2534 3210 2586 illa
3239 2548 3297 2586 se
3321 2533 3540 2604 Joseph,
3569 2535 3658 2603 qui
3687 2549 3783 2603 pa-

2191 2615 2272 2660 ter
2301 2607 2600 2676 putabatur,
2622 2613 2874 2676 excusat:
2907 2605 2958 2657 in
2991 2605 3088 2658 hac
3110 2619 3170 2658 se
3199 2613 3369 2676 pater,
3401 2607 3492 2672 qui
3525 2620 3631 2658 non
3661 2620 3785 2659 cre-

2191 2674 2432 2738 debatur,
2477 2678 2726 2730 insinuat.
2783 2674 2854 2728 lbi
2899 2675 3104 2729 laborat
3150 2675 3542 2743 suspicionibus
3585 2685 3779 2743 mater,

2190 2750 2312 2818 quia
2337 2748 2651 2815 professioni
2675 2746 2855 2800 deerat
2880 2758 3058 2813 pater;
3092 2745 3181 2818 hic
3205 2747 3495 2818 honoratur
3520 2747 3779 2816 genitrix,

2191 2817 2310 2887 quia
2338 2819 2587 2872 divinitas
2609 2819 2770 2870 ﬁliuni
2801 2825 3144 2885 protestatur.
3174 2817 3512 2881 Houoratior,
3537 2819 3780 2888 inquam,

2193 2890 2445 2952 secunda,
2488 2905 2644 2958 quam
2677 2888 2843 2956 prima
2875 2889 3119 2941 nativitas
3153 2888 3453 2958 :siquidem
3493 2899 3645 2958 pater
3693 2890 3783 2945 hic

2197 2961 2334 3013 Deus
2365 2959 2656 3026 majestatis
2689 2959 3021 3023 inscribitur;
3053 2959 3158 3013 illic
3182 2958 3379 3027 Joseph
3411 2961 3605 3014 artifex
3628 2961 3782 3014 ξιξειὶ-

2195 3042 2387 3083 niatur.
2421 3030 2487 3083 Et
2511 3031 2630 3085 licet
2651 3032 2700 3084 in
2725 3040 2946 3099 utraque
2970 3032 3224 3084 Dominus
3251 3046 3347 3099 per
3374 3030 3631 3099 Spiritum
3659 3045 3783 3084 san-

2193 3110 2335 3155 ctum
2358 3111 2410 3155 et
2435 3111 2587 3155 natus
2617 3105 2704 3167 sit,
2735 3111 2788 3155 et
2811 3102 3132 3169 baptizatus;
3162 3110 3339 3155 tamen
3364 3101 3678 3156 honoratior
3699 3109 3785 3157 est

2193 3172 2280 3241 qui
2303 3173 2369 3226 de
2397 3174 2548 3226 caelis
2574 3173 2786 3235 clamat,
2818 3187 2974 3240 quam
3005 3173 3094 3241 qui
3119 3173 3168 3225 in
3195 3173 3352 3226 terris
3380 3173 3605 3227 laborat.

2266 3243 2318 3297 5.
2359 3242 2496 3296 Deus
2537 3242 2712 3309 Pater,
2745 3243 2904 3314 faber.
2944 3243 3138 3312 Joseph
3170 3258 3299 3312 ergo
3333 3242 3481 3297 faber
3527 3246 3578 3298 in
3621 3244 3782 3301 terris

2197 3323 2344 3381 pater
2398 3314 2678 3382 putabatur
2717 3327 2837 3367 esse
2893 3314 3098 3367 Domini
3161 3315 3449 3368 Salvator-is
3479 3314 3497 3382 (
3525 3314 3615 3368 Id.
3658 3331 3780 3382 xm,

2193 3385 2308 3453 55),
2341 3399 2442 3439 nec
2482 3386 2548 3438 ab
2579 3385 2680 3439 hoc
2718 3399 2881 3452 Opere
2923 3385 3061 3438 Deus
3097 3386 3188 3454 qui
3217 3401 3341 3438 vere
3380 3394 3461 3440 est
3487 3386 3648 3440 Pater
3673 3385 3783 3441 Do-

2193 3456 2321 3527 mitii
2361 3457 2525 3510 nostri
2553 3455 2677 3510 Jesu
2703 3455 2898 3509 Christi
2929 3457 3263 3527 excluditur:
3297 3471 3417 3509 nam
3452 3466 3536 3510 est
3575 3465 3633 3511 et
3669 3457 3782 3527 ipse

2193 3524 2361 3580 faber.
2399 3527 2515 3595 [pse
2541 3529 2683 3581 enim
2712 3537 2792 3581 est
2831 3526 3043 3586 artifex,
3072 3528 3159 3593 qui
3193 3527 3347 3594 hujus
3370 3529 3548 3581 mundi
3576 3524 3782 3583 machi-

2195 3613 2315 3651 naiu
2340 3613 2445 3651 non
2477 3597 2647 3652 solum
2677 3597 2922 3662 mirabili,
2951 3598 3042 3651 scd
3069 3599 3227 3650 etiam
3263 3598 3513 3652 ineffabili
3541 3601 3779 3669 potentia

2191 3669 2481 3723 fabricatus
2525 3676 2638 3733 est;
2683 3678 2930 3737 tanquam
2979 3670 3190 3738 sapiens
3229 3669 3550 3724 architectus
3583 3671 3780 3726 celum

2191 3739 2486 3794 subtilitate
2529 3739 2820 3807 suspendit,
2871 3747 3067 3793 terram
3121 3739 3260 3793 mole
3306 3740 3561 3803 fundavit,
3611 3743 3783 3796 maria

2195 3810 2410 3881 calculis
2447 3810 2697 3879 alligavit.
2733 3809 2850 3881 ipse
2889 3821 2970 3864 est
3011 3810 3221 3871 artifex,
3249 3812 3335 3880 qui
3364 3812 3429 3864 ad
3475 3827 3782 3867 mensuram

2193 3879 2477 3948 quamdam
2521 3879 2786 3950 superbia:
2829 3881 3045 3948 deponit
3077 3879 3301 3950 fastigia,
3348 3881 3663 3936 humilitatis
3687 3899 3784 3937 ex-

2195 3961 2362 4004 trema
2393 3951 2662 4005 sublimat.
2694 3952 2810 4020 Ipse
2840 3962 2923 4004 cst
2949 3952 3156 4017 artifex,
3184 3953 3273 4020 qui
3301 3953 3351 4005 in
3380 3955 3576 4008 nostris
3613 3955 3782 4007 mori-

2195 4021 2293 4075 bus
2322 4023 2559 4091 prtecidit
2602 4022 2869 4090 superflua
2894 4038 3079 4090 Opera,
3115 4025 3258 4077 utilia
3300 4039 3522 4093 qumque
3561 4035 3784 4079 conser-

2193 4103 2300 4146 vat.
2341 4093 2454 4160 lpse
2492 4103 2574 4146 est
2615 4093 2824 4157 artifex,
2857 4094 3008 4161 cujus
3043 4093 3268 4148 securim
3315 4095 3378 4148 ad
3409 4095 3644 4153 radicem
3685 4111 3784 4150 no-

2191 4173 2355 4217 stram
2377 4165 2605 4232 positam
2623 4164 2853 4218 Joannes
2873 4164 3104 4232 Baptista
3121 4166 3473 4220 comminatur
3494 4184 3508 4219 :
3532 4176 3591 4219 ut
3606 4167 3784 4221 omnis

2193 4234 2353 4288 arbor
2382 4251 2499 4303 qua:
2527 4251 2768 4289 normam
2795 4234 2956 4304 justas
2985 4236 3319 4290 discretionis
3344 4239 3656 4301 excesserit,
3684 4253 3782 4292 ex-

2191 4306 2303 4359 cisa
2329 4306 2582 4360 radicitus
2603 4307 2840 4380 tradatur
2861 4307 3105 4380 incendio
3135 4306 3241 4380 (Id.
3272 4323 3349 4373 ιιι,
3384 4307 3468 4380 10)
3493 4325 3506 4373 ;
3536 4325 3658 4380 quas
3688 4324 3786 4364 au-

2196 4385 2301 4430 tem
2355 4392 2660 4431 mensuram
2714 4378 2957 4433 veritatis
2996 4378 3263 4444 habuerit,
3309 4378 3513 4435 caelesti
3553 4378 3779 4438 fabrica

2191 4448 2493 4516 deputetur.

2264 4520 2312 4573 4.
2357 4517 2587 4573 Christus
2626 4520 2746 4572 dum
2794 4518 3094 4590 baptizatur,
3135 4537 3293 4591 aquas
3343 4523 3572 4576 mundat.
3606 4522 3780 4579 Hodie

2195 4605 2322 4661 ergo
2368 4590 2661 4658 baptizatur
2706 4591 2958 4646 Dominus
2995 4591 3045 4644 in
3086 4590 3338 4647 Iordane.
3363 4593 3529 4661 Quale
3558 4604 3643 4647 est
3684 4594 3790 4650 hoc

2197 4659 2538 4730 baptismum,
2581 4662 2669 4716 ubi
2699 4663 2884 4731 purior
2924 4670 3004 4716 est
3044 4663 3191 4717 fonte
3245 4664 3332 4716 ille
3365 4659 3454 4732 qui
3499 4666 3784 4732 mergitur,

2196 4732 2282 4785 ubi
2311 4733 2435 4785 dum
2475 4741 2777 4801 susceptum
2805 4749 2938 4802 aqua
2970 4733 3140 4800 diluit,
3181 4748 3284 4787 non
3323 4735 3572 4788 sordibus
3612 4736 3792 4790 inﬁci-

2199 4812 2300 4875 l_ur,
2333 4803 2425 4856 sed
2475 4803 2930 4858 benedictionibus
2962 4804 3290 4859 honoratur?
3315 4805 3505 4874 Quale,
3537 4806 3784 4875 inquam,

2195 4873 2486 4948 §alvatoris
2527 4884 2610 4929 est
2654 4875 2997 4948 baptismum,
3033 4877 3084 4928 in
3131 4889 3237 4945 quo
3271 4873 3560 4947 pingantur
3603 4873 3788 4948 potius

2195 4944 2392 4997 fluenta
2439 4961 2596 5013 quam
2648 4944 2906 5016 purgant?
2958 4944 3105 4999 Novo
3149 4944 3289 5001 enim
3348 4944 3790 5002 sanctiﬁcationis

2194 5030 2389 5088 genere
2424 5017 2693 5088 (Zhristmn
2725 5033 2828 5070 non
2861 5026 2964 5071 tam
3005 5017 3130 5071 lavit
3161 5018 3319 5082 unda,
3361 5033 3518 5088 quam
3547 5020 3654 5073 lota
3683 5029 3789 5074 est.

2197 5085 2417 5158 Nanth
2445 5104 2548 5156 quo
2568 5087 2811 5142 Salvator
2834 5090 2883 5142 in
2904 5104 3036 5158 aqua
3059 5104 3118 5143 se
3139 5092 3342 5152 mersit,
3367 5085 3429 5143 ex
3454 5105 3520 5145 eo
3545 5095 3788 5144 omnium

2195 5157 2459 5234 gurgitmu
2488 5168 2684 5234 tractus
2713 5169 3128 5234 cunetorunique
3153 5160 3376 5234 fontium
3396 5178 3557 5216 venas
3582 5172 3789 5234 myste-

2197 5228 2278 5300 rio
2321 5228 2654 5296 baptismatis
2705 5228 3078 5285 consecravit“:
3105 5242 3163 5286 ut
3205 5233 3290 5285 ubi
3323 5234 3547 5300 quiSque
3594 5228 3656 5287 in
3693 5248 3791 5287 no-

2197 5299 2341 5351 mine
2372 5300 2576 5352 ltomini
2610 5301 2860 5369 baptizari
2885 5303 3129 5368 voluerit,
3156 5318 3259 5356 non
3285 5312 3390 5355 tam
3422 5304 3570 5356 illum
3601 5305 3787 5359 mundi

2199 5383 2331 5436 aqua
2351 5369 2540 5441 diluat,
2563 5386 2719 5439 quam
2747 5372 2947 5426 Christi
2975 5374 3113 5426 unda
3141 5373 3398 5441 purificet.
3425 5375 3672 5429 Salvator
3695 5392 3790 5430 au-

2201 5449 2304 5492 tem
2348 5439 2464 5493 ideo
2493 5441 2744 5509 baptizari
2777 5444 2958 5506 voluit,
2988 5459 3090 5496 non
3124 5439 3181 5498 nt
3209 5445 3307 5497 sibi
3339 5445 3655 5500 munditiam
3697 5461 3786 5502 ac

2198 5513 2451 5580 quireret.
2483 5512 2577 5566 sed
2604 5523 2661 5566 ut
2689 5513 2840 5568 nobis
2871 5513 3066 5568 ﬂuenta
3093 5515 3390 5570 mandaret.

2369 5582 2583 5660 Munera
2622 5585 2850 5654 mystica.
2883 5585 3084 5660 Interea
3115 5586 3383 5660 Magorum
3409 5588 3564 5643 beata
3595 5588 3790 5660 legatio

2205 5652 2455 5720 perducta
2495 5654 2561 5708 ad
2599 5652 2746 5709 saera
2776 5657 3035 5710 cunabula
3063 5652 3268 5711 radium
3310 5660 3539 5725 desuper
3565 5652 3790 5716 curren-

2201 5732 2309 5778 tem
2353 5727 2590 5803 miratur.
2643 5726 3185 5803 .ludtcam_pr:_e_cedit
3233 5730 3522 5803 .‘Etllltipin,
3579 5733 3788 5803 peccati

2201 5796 2444 5856 cauenda
2481 5799 2756 5872 nigredine
2775 5839 2792 5870 ,
2815 5810 2870 5858 et
2893 5796 3016 5860 ﬁdei
3037 5800 3304 5860 induenda
3340 5796 3602 5864 candore:
3615 5807 3789 5875 Quam
