4156 6374
338 393 482 449 20⁵29

340 512 481 567 Audi
515 511 691 582 igitur.
716 508 827 565 Noe
857 508 953 582 etsi
974 507 1191 582 tacebat
1213 522 1363 582 voce,
1386 520 1547 582 opere
1567 504 1919 582 loquebatur;

339 575 560 638 silebat'
586 582 761 651 lingua
788 624 803 646 ,
852 579 1198 634 fabricatione
1238 577 1535 651 clamabat;
1566 577 1711 651 Nam
1742 575 1922 643 utique

339 669 463 708 eum
496 646 807 722 operai‘etur
834 665 967 722 Opus
994 665 1209 713 novum,
1245 659 1298 704 et
1318 647 1446 722 nulli
1468 646 1751 722 aliquando
1775 661 1923 700 com-

340 716 597 797 pertum,
641 716 960 797 admonebat
984 729 1260 797 cunctos,
1306 719 1459 773 novis
1500 716 1748 787 periculis
1788 730 1922 797 nova

344 785 686 848 iabernaeula
716 790 1018 862 prarparari.
1048 791 1385 862 Loquebatur
1407 785 1533 858 ergo
1558 803 1741 862 opere,
1756 796 1817 862 et
1844 785 1927 840 di-

342 866 503 919 ccbat
534 863 660 917 illud
692 857 1055 933 evangelicum
1086 857 1291 933 Domini
1322 857 1540 933 dictum,
1585 859 1648 913 Si
1676 857 1798 933 mihi
1826 873 1925 933 non

343 934 553 987 creditis
572 975 587 996 ,
617 926 856 1001 operime
877 932 1059 985 credite
1090 930 1265 999 (Joan.
1289 947 1322 984 ι
1348 971 1363 994 ,
1389 930 1513 998 58);
1545 938 1595 1001 et
1624 926 1887 1001 credendo
1907 968 1922 992 ,

346 999 905 1074 periculumlevaderc
936 1002 1178 1074 poteritis
1204 1019 1216 1053 :
1242 1010 1528 1072 praestante
1572 999 1795 1074 Domino
1834 1013 1927 1051 no-

344 1068 462 1127 stro
486 1074 610 1128 Jesu
640 1073 875 1141 Christo,
917 1068 1005 1143 qui
1054 1071 1177 1125 vivit
1208 1068 1263 1143 ei
1302 1080 1483 1140 regnat
1516 1084 1639 1124 cum
1676 1068 1835 1124 Patre
1873 1076 1926 1122 et

345 1144 547 1215 Spiritu
572 1154 754 1199 sancto
782 1146 833 1199 in
861 1142 1050 1197 smcnla
1082 1142 1417 1196 swculorum.
1446 1143 1635 1195 Amen.

838 1234 1065 1290 SERMO
1100 1232 1305 1288 CXLvI
1337 1231 1433 1302 (a).

835 1332 889 1375 In
909 1324 1290 1386 Quadrasesimn,
1301 1337 1348 1373 νι
1371 1322 1459 1385 (ι).

424 1412 481 1465 1.
506 1410 771 1481 Jejumum
804 1408 1087 1481 inutilem:
1125 1407 1387 1481 iniquitate
1425 1420 1525 1459 non
1562 1403 1921 1481 recedentibus.

344 1474 637 1551 Superiora
668 1477 937 1551 Dominiea
966 1474 1258 1551 diximus,
1282 1476 1383 1551 hoc
1408 1474 1692 1551 esse__fidei
1729 1482 1925 1551 nostra:

344 1544 489 1621 opus
509 1552 776 1622 primum,
807 1558 864 1604 ut
893 1549 1081 1622 horum
1124 1546 1465 1622 quadraginta
1509 1544 1713 1600 dierum
1758 1544 1926 1598 curri-

348 1618 473 1676 culo
510 1618 854 1677 devotissime
896 1619 1231 1687 jejuuemus,
1273 1626 1327 1671 et
1370 1618 1523 1670 istam
1551 1629 1670 1670 esse
1711 1629 1922 1668 causam

345 1692 539 1746 salutis
564 1699 761 1746 nostra:
785 1733 800 1757 ,
842 1691 885 1744 si
930 1689 1032 1743 hoc
1062 1698 1299 1757 tempore
1340 1688 1672 1742 abstinentia:
1705 1698 1922 1757 operam

346 1756 970 1830 eommodemus.'Atque
997 1759 1137 1830 ideo,
1168 1756 1355 1830 fratres
1384 1758 1733 1830 dilectissimi,
1762 1756 1924 1830 inspi-

344 1847 476 1887 cere
512 1832 771 1887 debemus
797 1826 916 1901 quti:
944 1831 1014 1901 sit
1042 1829 1198 1901 hujus
1222 1827 1390 1901 form_a
1420 1827 1603 1901 jejunii
1623 1841 1639 1891 ;
1657 1836 1724 1901 Διιι
1752 1826 1923 1901 respi-

341 1904 555 1957 ciamus
598 1910 793 1973 quanta
816 1896 908 1973 fsit
932 1899 1046 1969 ejus
1084 1896 1303 1973 utilitas.
1334 1896 1433 1952 Est
1470 1896 1611 1953 enim
1657 1896 1920 1973 interdum

349 1973 536 2026 inutile
555 1968 789 2026 et‘inane
804 1968 1083 2040 jejunium,
1107 1970 1247 2039 quod
1271 1969 1389 2023 licet
1413 1976 1651 2023 ventrem
1672 1976 1724 2021 et
1744 1968 1921 2021 omnia

346 2044 556 2097 viscera
581 2057 740 2096 succo
762 2042 1053 2095 saturitatis
1079 2040 1389 2104 exhauriat,
1432 2054 1536 2093 non
1565 2049 1740 2092 tamen
1770 2052 1922 2092 accc-

349 2121 499 2183 ptum
530 2122 613 2166 est
644 2113 783 2175 Deo;
827 2111 950 2183 quia
974 2119 1223 2183 mentem
1263 2122 1317 2164 et
1351 2110 1564 2183 intimos
1601 2122 1789 2183 sensus
1825 2108 1921 2183 mi-

352 2178 496 2249 nime
523 2197 553 2235 a
584 2184 792 2236 vinculo
823 2178 1113 2249 iniquitatis
1154 2189 1392 2234 evacuat.
1412 2179 1549 2247 Quid
1588 2180 1727 2232 enim
1754 2178 1916 2249 prod-

342 2264 435 2307 est
456 2253 699 2321 jejunare
725 2248 1032 2312 visceribus,
1068 2259 1122 2304 et
1154 2251 1419 2306 luxuriare
1444 2250 1751 2311 venatibus;
1782 2248 1917 2303 abs-

350 2320 523 2377 tinere
565 2338 594 2375 a
632 2323 763 2377 cibis
785 2364 799 2386 ,
841 2332 895 2377 et
942 2336 1122 2375 errare
1148 2321 1409 2389 peccatis;
1445 2320 1703 2389 castigare
1728 2334 1921 2388 corpus

348 2393 522 2447 inedia
546 2434 564 2459 ,
600 2403 830 2447 mentem
857 2406 1106 2447 exercere
1136 2392 1399 2460 nequitia;
1430 2393 1609 2444 vinum
1641 2389 1776 2445 forte
1815 2406 1917 2444 non

346 2462 531 2518 bibere
555 2504 570 2529 ,
613 2471 667 2517 et
699 2462 903 2516 ebrium
930 2462 1245 2532 cogitatione
1275 2461 1611 2532 malignitatis
1636 2460 1920 2532 incedere?

347 2532 458 2587 Nisi
487 2534 627 2602 quod
672 2533 873 2587 facilior
918 2530 1016 2587 est'
1046 2546 1201 2586 causa
1240 2530 1421 2586 saturi
1450 2533 1561 2585 sive
1604 2530 1873 2602 temulenti
1901 2570 1917 2597 ,

347 2601 518 2671 quam
551 2604 712 2672 iniqui
753 2603 948 2670 pariter
982 2612 1036 2656 et
1057 2602 1243 2670 jejuni.
1279 2602 1368 2655 Ille
1393 2603 1531 2656 enim
1572 2616 1792 2672 peccare
1822 2601 1919 2672 ali-

347 2670 560 2741 quando
588 2670 782 2729 desinit
804 2715 819 2739 ,
860 2673 948 2742 qui
976 2674 1156 2727 ebrius
1180 2673 1461 2742 aliquando
1492 2671 1757 2725 obdormit
1789 2688 1803 2724 :
1837 2670 1919 2742 hic

347 2754 525 2797 autem
551 2759 730 2798 errare
760 2759 864 2797 non
882 2741 1079 2806 cessat,
1107 2743 1195 2810 qui
1226 2741 1545 2798 exercitatus
1572 2744 1729 2806 malo,
1761 2751 1813 2795 et
1837 2741 1919 2810 je-

345 2815 509 2883 juniis
538 2829 750 2883 semper
777 2815 1029 2882 invigilat.
1064 2814 1249 2868 Inutile
1274 2823 1333 2868 et
1358 2814 1513 2867 inane
1536 2820 1621 2867 est
1650 2814 1750 2866 tale
1773 2811 1917 2881 jeju-

346 2887 529 2947 nium,
569 2885 709 2955 quod
748 2884 919 2938 inedia
951 2885 1184 2938 membra
1214 2884 1488 2949 debilitat,
1528 2884 1845 2955 etpanimam
1888 2896 1917 2935 a

347 2953 643 3022 perditione
684 2971 788 3008 non
820 2955 1027 3009 liberat.
1062 2956 1134 3007 De
1175 2970 1281 3024 quo
1316 2955 1518 3023 jejunio
1551 2953 1677 3009 dicit
1704 2962 1917 3007 sanctus

348 3027 605 3095 propheta
648 3040 710 3077 ex
751 3040 973 3093 persona
1001 3025 1247 3095 Domini;
1282 3025 1470 3094 L’tquid
1493 3025 1615 3095 mihi
1635 3024 1920 3095 jejunatis?

348 3092 473 3149 Non
500 3098 599 3148 tale
614 3092 866 3166 jejunium
891 3096 1037 3164 elegi,
1066 3096 1185 3147 dicit
1216 3092 1460 3148 Dominus
1486 3092 1645 3163 (IsaiI
1664 3092 1807 3159 ιργιιι,
1839 3092 1915 3166 5).

416 3166 473 3220 2.
508 3165 624 3219 Pits
638 3168 785 3219 etiam
812 3166 1057 3219 exercitiis
1087 3182 1185 3217 non
1218 3165 1522 3230 vacantibus,
1536 3166 1622 3218 sed
1648 3165 1914 3235 venationi.

347 3238 429 3290 An
456 3238 655 3305 putatis
683 3236 827 3289 illum
851 3237 1110 3303 jejunare,
1136 3237 1346 3298 fratres,
1377 3237 1464 3304 qui
1495 3237 1664 3304 primo
1689 3234 1918 3288 diluculo

345 3309 411 3359 ad
451 3308 728 3361 ecclesiam
762 3321 866 3360 non
906 3307 1115 3377 vigilat,
1164 3320 1267 3358 non
1312 3305 1587 3360 beatorum
1626 3312 1915 3377 martyrum

346 3378 461 3430 loca
489 3385 669 3430 sancta
692 3377 974 3446 perquirit;
999 3376 1092 3430 sed
1113 3390 1337 3446 surgens
1352 3384 1637 3445 congregat
1656 3375 1914 3440 servulos,

342 3446 582 3515 disponit
610 3447 759 3508 retia,
784 3462 949 3500 canes
980 3446 1239 3514 producit,
1267 3445 1433 3499 saltus
1453 3448 1715 3516 silvasque
1741 3446 1918 3514 perlu-

345 3526 483 3570 strat
514 3535 528 3571 :
559 3517 797 3570 servulos
820 3558 833 3578 ,
864 3517 1077 3585 inquam
1098 3556 1116 3581 ,
1148 3530 1328 3570 secum
1357 3517 1613 3585 pertrahit
1638 3557 1652 3580 ,
1695 3516 1918 3571 fortasse

346 3590 517 3655 magis
540 3588 606 3640 ad
633 3587 907 3641 ecclesiam
940 3587 1119 3641 venire
1141 3587 1450 3655 cupientes;
1477 3597 1532 3641 ct
1560 3587 1917 3655 voluptatibus

344 3660 458 3711 suis
481 3668 692 3726 peccata
718 3658 1014 3712 accumulat
1035 3657 1229 3722 aliena,
1253 3659 1497 3712 nesciens
1520 3672 1671 3711 reum
1696 3671 1756 3711 se
1781 3656 1921 3710 futu-

346 3742 466 3780 rum
488 3737 601 3809 tam
624 3728 705 3809 de.
726 3742 823 3809 suo
853 3728 1046 3809 delicto
1065 3767 1082 3792 ,
1123 3727 1372 3809 quamde
1411 3727 1706 3809 perditione
1730 3741 1916 3809 servo-

344 3812 464 3850 rum
488 3798 512 3851 ?
537 3798 667 3851 Tota
695 3799 849 3867 igitur
874 3797 961 3852 die
986 3797 1260 3851 venatibus
1290 3798 1614 3859 immoratur,
1639 3812 1780 3851 nunc
1806 3798 1916 3851 cla-

347 3884 551 3921 morem
580 3868 983 3929 immoderatum
1014 3867 1264 3932 efferens,
1295 3884 1431 3922 nunc
1452 3867 1719 3922 silentium
1752 3868 1919 3921 laten-

346 3947 432 3990 ter
473 3939 747 4001 indicens;
788 3939 938 3991 hctus
965 3939 1007 3991 si
1036 3937 1232 4007 aliquid
1257 3940 1511 4007 repererit
1533 3978 1547 4003 ,
1591 3940 1754 3992 iratus
1793 3939 1836 3992 si
1866 3937 1917 3992 id

345 4010 487 4075 quod
520 4023 624 4062 non
667 4009 919 4073 habebat,
950 4009 1184 4062 amiserit
1217 4026 1228 4060 :
1262 4019 1317 4077 et
1357 4018 1502 4061 tanto
1542 4009 1716 4062 studio
1740 4010 1914 4077 gerit,

346 4079 498 4147 quasi
528 4080 646 4131 ideo
677 4079 927 4131 indictum
964 4079 1220 4147 jejunium
1248 4076 1439 4141 fuerit,
1488 4087 1543 4132 nt
1579 4076 1819 4133 venetur.
1860 4077 1915 4132 lu

348 4145 434 4200 his
459 4163 588 4218 ergo
613 4149 831 4201 luxuriis
852 4190 865 4211 ,
901 4145 1090 4203 fratres
1114 4187 1129 4214 ,
1162 4147 1322 4202 dicite
1351 4150 1469 4214 quis
1492 4150 1664 4202 cultus
1690 4150 1757 4201 sit
1786 4150 1876 4202 Dei
1900 4189 1915 4214 ,

346 4232 467 4284 qtae
494 4219 687 4272 mentis
708 4220 872 4287 possit
892 4234 1013 4273 esse
1033 4218 1273 4283 devotio;
1294 4221 1380 4286 qui
1400 4230 1674 4287 propterea
1694 4219 1915 4287 jejunat,

347 4302 453 4341 non
500 4299 560 4341 ut
602 4291 710 4343 Deo
745 4300 831 4343 aut
870 4288 1197 4342 orationibus
1221 4299 1405 4355 vacet,
1447 4288 1541 4342 sed
1586 4299 1641 4341 ut
1683 4299 1789 4342 tota
1831 4290 1919 4343 die

348 4359 550 4411 otiosus
570 4369 623 4412 et
653 4360 785 4412 liber
810 4360 1049 4427 proprias
1077 4369 1324 4413 exerceat
1351 4359 1689 4427 voluptates?
1718 4360 1916 4426 Quam-

346 4430 426 4482 vis
458 4431 617 4497 igitur
645 4431 731 4497 qui
767 4430 1069 4497 hujusmodi
1105 4444 1164 4483 es
1187 4472 1201 4493 ,
1246 4430 1437 4491 frater,
1467 4445 1687 4498 vespere
1714 4430 1779 4483 ad
1817 4430 1917 4483 do-

347 4514 491 4551 mum
521 4500 725 4563 redeas,
752 4502 993 4568 quamvis
1016 4500 1313 4554 declinante
1337 4501 1446 4569 jam
1469 4500 1580 4553 sole
1602 4499 1915 4565 mendaces;

349 4576 500 4634 potes
530 4570 694 4623 videri
729 4571 927 4624 tardius
954 4570 1222 4634 refecisse,
1253 4587 1355 4624 non
1385 4582 1559 4624 tamen
1588 4570 1811 4623 Domino
1833 4572 1917 4638 je-

342 4638 582 4705 junasse.
627 4640 734 4694 Nec
782 4642 922 4694 enim
978 4649 1128 4710 potes
1175 4642 1341 4695 videri
1393 4641 1721 4695 voluntatem
1777 4650 1917 4694 tuam

343 4724 602 4763 exercens
622 4752 636 4774 ,
671 4711 859 4765 fecisse
887 4711 1096 4765 Domini
1122 4712 1467 4765 voluntatem.
1502 4712 1625 4764 H:ec
1651 4711 1790 4763 enim
1823 4727 1917 4763 vo-

346 4778 518 4832 luntas
542 4792 622 4833 est
657 4782 881 4846 Domini,
911 4793 962 4834 ut
985 4783 1286 4849 jejunetnus
1304 4798 1332 4833 ιι
1354 4782 1487 4835 cibis
1509 4782 1703 4848 pariter
1723 4791 1773 4833 et
1799 4796 1919 4849 pec-

342 4852 494 4903 catis.
526 4852 908 4905 Abstinentiam
937 4854 1225 4905 indicamus
1250 4853 1479 4921 corpori,
1505 4862 1560 4904 ut
1585 4867 1612 4904 a
1641 4852 1779 4904 vitiis
1809 4868 1919 4904 ma-

342 5066 345 5075 ι
401 5046 472 5109 (If)
510 5045 646 5104 Alias,
676 5059 737 5095 ex
766 5047 1064 5109 vignerianis
1087 5047 1162 5095 15.

405 5106 476 5168 (ὑ)
510 5113 560 5153 ιιι
586 5106 857 5169 Αριιριιιιὶοὲ
892 5121 1019 5156 nunc
1042 5110 1241 5169 primum
1265 5106 1538 5156 collocatur.
1566 5108 1809 5156 Ambrosio
1832 5108 1917 5156 ad-

340 5170 563 5239 scribitur
589 5170 635 5216 in
676 5170 1018 5239 veteri__codice
1054 5170 1343 5239 Itemigiano,
1370 5171 1691 5239 estquejnter
1728 5172 1917 5239 ambro—

339 5230 501 5276 sianos
527 5232 572 5277 in
590 5232 938 5301 posterioribus
958 5232 1152 5301 excusis
1173 5232 1340 5279 ordine
1364 5230 1442 5301 ιιι,
1468 5230 1717 5301 incipiens,
1751 5248 1771 5274 ιι
1790 5233 1917 5301 ριχί-

346 5306 366 5329 α
392 5303 500 5338 mus
520 5293 774 5351 superiore
789 5292 1044 5339 Dominica.
1070 5308 1091 5335 ιι
1120 5301 1219 5348 quo
1255 5292 1455 5339 exordio
1480 5291 1760 5353 designatur
1795 5294 1917 5341 forte

341 5362 503 5419 sermo
524 5353 651 5413 apud
674 5352 1066 5419 Ambrosiumgt),
1089 5355 1171 5415 qui
1196 5355 1375 5415 incipit,
1409 5370 1431 5397 ι
1450 5352 1790 5419 Testimonium
1809 5367 1918 5414 per-

350 5412 602 5461 shibet.)
642 5422 749 5462 time
785 5417 914 5462 enim
953 5416 1016 5462 ibi
1052 5412 1314 5475 leguntur}
1357 5416 1519 5463 «Istud
1547 5423 1711 5464 autem
1734 5412 1916 5475 prmeri-

348 5490 369 5517 ι
394 5480 527 5539 ptum
550 5476 655 5539 ejus
674 5482 749 5523 est
762 5478 982 5539 primum,
1006 5484 1059 5525 ut
1073 5478 1147 5525 his
1163 5477 1474 5539 quadraginta
1488 5477 1677 5533 diebus,
1698 5477 1914 5539 jejuniis,

348 5551 370 5577 ι
394 5535 716 5608 orationibus,
743 5535 923 5608 vigiliis
946 5552 1150 5608 cperam
1174 5535 1606 5608 commotionum.)
1629 5535 1819 5608 videtur
1842 5551 1918 5608 sa-

341 5608 462 5655 pere
499 5599 751 5659 Caesarium
770 5632 783 5655 ,
808 5600 887 5659 qui
914 5599 959 5645 id
989 5598 1035 5646 in
1057 5600 1149 5646 fine
1174 5598 1380 5648 homilite
1405 5612 1466 5647 ex
1494 5599 1637 5647 editis
1673 5612 1700 5648 ει
1734 5598 1915 5649 Baluzio

342 5659 499 5721 tertia}
535 5657 766 5707 delihavit
796 5657 921 5721 quod
947 5660 1021 5708 hic
1043 5661 1088 5708 iu
1116 5667 1371 5709 venatores
1395 5660 1534 5709 latius
1550 5661 1721 5709 dicitur
1755 5673 1810 5707 ac
1835 5675 1915 5709 γρ-

340 5716 632 5784 hementius.
660 5727 728 5784 De
751 5716 882 5784 num.
916 5721 944 5767 Δ
984 5722 1091 5784 vide
1123 5735 1266 5784 supra
1300 5735 1447 5770 serm.
1489 5723 1768 5784 Appendicis
1806 5722 1912 5777 Hi,

341 5791 388 5826 η.
414 5780 463 5842 ’5,
488 5786 558 5844 et_
579 5780 749 5844 homil.
783 5782 815 5827 5
847 5796 908 5830 ex
953 5783 1095 5830 editis
1129 5796 1156 5831 a
1186 5780 1402 5841 'Baluzio;
1440 5784 1500 5831 de
1523 5780 1655 5831 imm.
1681 5785 1741 5842 3,
1768 5796 1840 5844 sui
1860 5796 1911 5831 ra

340 5854 485 5889 serm.
508 5842 613 5899 Nl,
639 5854 688 5889 n.
713 5843 763 5901 4,
788 5850 845 5891 et
864 5844 967 5903 14:2,
992 5858 1039 5891 ιι.
1066 5846 1108 5892 :‘i.

1718 382 1944 439 SERMO
1984 383 2198 445 CXLVI.

3457 405 3603 463 20Βῆ

2028 508 2109 585 gis
2134 511 2363 585 animam
2388 512 2653 585 abstinere
2676 512 2959 585 possimus.
2996 510 3226 567 Frcnum
3260 530 3401 572 enim
3430 521 3599 585 quod-

2030 580 2150 658 dam
2182 592 2263 658 est
2303 581 2612 658 luxuriantis
2635 580 2824 636 anima:
2850 598 3043 658 corpus
3071 585 3405 643 exhaustum.
3434 580 3595 658 Quis-

2026 654 2148 720 quis
2176 654 2315 707 enim
2349 654 2550 722 jejunat
2572 662 2624 705 ct
2650 663 2858 721 peccat,
2904 653 3105 707 lucrum
3134 671 3373 712 escarum
3406 653 3597 718 fecisse

2032 723 2260 797 videtur,
2289 739 2393 777 non
2421 723 2634 779 salutis:
2667 734 2720 778 et
2750 724 3012 797 parcendo
3038 727 3202 797 copiis
3222 730 3455 797 replesse
3482 735 3598 788 cel-

2026 789 2238 852 larium.
2264 809 2365 849 non
2388 805 2617 849 mentem
2644 789 2910 863 saginasse
2940 789 3239 849 virtutibus.

2101 865 2161 942 3_._
2184 865 2514 919 Dominarum
2536 865 2587 942 in
2615 880 2778 942 servos
2800 864 3248 942 iieguitia.__Servus
3267 870 3373 942 lteri
3404 875 3563 942 frater
3581 916 3597 934 ,

2024 936 2234 989 canibus
2264 946 2427 989 tamen
2456 934 2783 1004 posthabitus.
2826 934 3072 989 Nonnulli
3098 948 3272 992 autem
3297 934 3596 998 divinorum

2028 1005 2369 1061 immemores
2394 1014 2777 1075 prteccptorum
2804 1044 2818 1067 ,
2859 1007 2927 1058 ita
2971 1006 3111 1060 circa
3151 1022 3333 1063 servos
3377 1027 3502 1066 suos
3545 1025 3601 1068 et

2028 1076 2268 1147 subditos
2295 1077 2392 1130 sibi
2422 1076 3131 1147 potestatemdominationis
3152 1090 3426 1147 exercent,
3458 1092 3516 1138 ut
3546 1084 3597 1138 in

2032 1145 2113 1219 his
2139 1147 2322 1200 diebus
2345 1145 2457 1219 non
2474 1146 2715 1219 dubitent
2740 1145 2915 1219 flagris
2937 1162 3028 1200 eos
3050 1148 3280 1219 ccedere,
3312 1145 3485 1219 pmuis
3514 1156 3571 1207 af
3576 1183 3597 1194 -

2030 1215 2209 1287 ficere,
2242 1218 2582 1287 compedibus
2605 1217 2932 1287 prmpedire;
2959 1227 3007 1269 et
3038 1219 3082 1270 si
3110 1217 3244 1274 forte
3269 1215 3389 1276 cum
3419 1224 3484 1276 ad
3514 1240 3595 1279 rc-

2028 1286 2310 1342 ﬁciendum
2350 1286 2583 1351 venitur,
2613 1286 2813 1341 tardius
2840 1288 3078 1340 minister
3109 1288 3336 1345 adfuerit
3360 1334 3377 1358 ,
3418 1296 3594 1348 statim

2023 1371 2148 1411 eum
2172 1359 2481 1414 verberibus
2508 1358 2704 1412 laniare
2727 1398 2742 1421 ,
2776 1367 2827 1410 et
2879 1359 3023 1425 prius
3066 1372 3125 1411 se
3164 1363 3360 1416 satiare
3401 1366 3594 1418 servuli

2028 1429 2302 1503 sanguine,
2340 1428 2749 1503 quamconvivii
2779 1428 3061 1497 voluptate.
3097 1428 3293 1484 florum
3329 1434 3433 1487 tale
3458 1435 3597 1503 jeju-

2028 1498 2173 1553 nium
2200 1508 2299 1563 est,
2323 1500 2471 1566 quasi
2505 1499 2623 1552 ideo
2643 1498 2932 1568 jejunatum
2960 1506 3062 1559 est,
3092 1515 3197 1553 non
3225 1510 3279 1554 ut
3307 1498 3597 1560 divinitatis

2029 1569 2442 1624 misericordiam
2483 1578 2817 1638 provocaret,
2848 1568 2942 1622 sed
2972 1578 3029 1621 ut
3055 1570 3340 1626 clamorem
3382 1573 3594 1630 familia:

2028 1639 2421 1709 ingemiscentis
2460 1639 2769 1695 effunderet.
2814 1639 3063 1708 Quisquis
3098 1648 3273 1695 autem
3302 1642 3402 1698 Dei
3436 1645 3597 1699 mise-

2029 1711 2305 1765 ricordiam
2338 1711 2626 1779 promereri
2657 1710 2803 1779 cupit
2820 1751 2833 1773 ,
2864 1710 2974 1780 ipse
2998 1710 3155 1764 debet
3177 1712 3320 1780 prior
3343 1729 3463 1769 esse
3490 1717 3594 1769 mi-

2027 1781 2273 1853 sericors.
2302 1781 2565 1852 Scriptum
2587 1789 2669 1834 est
2696 1781 2857 1853 enim,
2887 1779 3005 1845 Qua
3023 1779 3267 1853 mensura
3293 1786 3449 1837 mensi
3480 1790 3596 1853 fuc-

2026 1851 2163 1925 ritis,
2180 1851 2353 1925 eadem
2376 1850 2610 1925 mensura
2642 1850 3086 1925 remetictur_vobis
3112 1850 3262 1925 (an.
3290 1870 3366 1925 vI,
3390 1850 3499 1925 38).
3528 1857 3595 1910 Et

2026 1921 2166 1990 quod
2195 1922 2361 1991 magis
2388 1921 2668 1975 dolendum
2694 1931 2808 1985 est,
2835 1921 3155 1976 Christianus
3178 1922 3424 1979 dominus
3452 1921 3594 1981 chri-

2024 1992 2196 2067 stiano
2222 1992 2272 2046 in
2302 1991 2383 2067 his
2409 1992 2594 2067 diebus
2623 2006 2779 2045 servo
2802 2006 2907 2046 non
2948 1994 3116 2067 parcit
3134 2034 3149 2054 .
3176 1994 3394 2067 minime
3421 1997 3595 2067 respi-

2025 2062 2171 2133 ciens
2213 2063 2351 2133 quod
2381 2063 2481 2117 etsi
2518 2078 2701 2117 servus
2730 2071 2810 2133 est
2837 2062 3171 2124 conditione,
3216 2066 3379 2133 gratia
3414 2062 3592 2123 tamen

2026 2132 2189 2187 frater
2221 2132 2320 2187 est.
2364 2134 2566 2187 Etenim
2605 2132 2846 2186 similiter
2870 2132 3135 2187 Christum
3167 2132 3369 2201 induit,
3401 2137 3586 2192 iisdem

2026 2205 2299 2273 participat
2328 2205 2672 2257 sacramentis
2693 2242 2711 2267 ,
2738 2202 2923 2257 eodem
2954 2218 3059 2271 quo
3085 2214 3137 2257 et
3183 2215 3255 2270 tu,
3295 2208 3457 2261 utitur
3484 2209 3592 2263 Deo

2028 2272 2223 2337 Patre;
2251 2290 2353 2345 cur,
2373 2283 2422 2327 te
2453 2291 2555 2327 non
2584 2282 2759 2345 utatur
2789 2282 2845 2326 ut
2870 2272 3071 2345 fratre?
3098 2275 3232 2329 Sunt
3259 2278 3400 2331 enim
3430 2278 3593 2345 pleri-

2023 2358 2127 2413 que
2152 2385 2166 2409 ,
2196 2346 2282 2412 qui
2325 2344 2391 2397 de
2434 2344 2797 2398 venationibus
2843 2344 3158 2409 redeuntes,
3199 2348 3364 2415 magis
3401 2344 3594 2403 canunt

2023 2430 2179 2484 quam
2208 2429 2481 2469 servorum
2506 2421 2702 2485 gerunt
2726 2428 2907 2469 curam
2932 2454 2949 2480 ,
2980 2415 3066 2483 qui
3109 2415 3305 2470 faciunt
3328 2432 3423 2472 eos
3445 2419 3595 2485 juxta

2022 2499 2082 2539 se
2103 2486 2185 2539 vel
2213 2484 2531 2540 accumbere
2554 2485 2637 2539 vel
2666 2484 2901 2539 dormire
2925 2526 2939 2546 ,
2969 2486 3330 2553 quotidianum
3368 2484 3475 2542 illis
3516 2491 3593 2545 ci-

2022 2555 2145 2610 bum
2173 2571 2264 2609 sua
2292 2556 2571 2625 pnesentia
2602 2556 2958 2610 ministrantes
2977 2596 2991 2618 ,
3020 2556 3109 2624 qui
3138 2566 3313 2611 utrum
3337 2560 3474 2614 servi
3500 2575 3598 2616 eo-

2024 2626 2305 2698 rumfame
2329 2627 2640 2698 moriantur,
2673 2627 2918 2695 ignorant
2949 2644 2961 2680 :
2995 2637 3066 2698 et,
3091 2628 3230 2695 quod
3257 2638 3337 2682 est
3356 2632 3592 2698 gravius,

2022 2697 2066 2750 si
2087 2697 2365 2765 diligenter
2386 2696 2467 2750 his
2494 2708 2843 2765 prteparatum
2867 2712 2968 2749 non
2997 2696 3173 2764 fuerit,
3201 2713 3295 2765 pro
3321 2696 3451 2755 cane
3478 2717 3593 2757 ser-

2025 2782 2124 2820 vus
2152 2766 2395 2821 afficitur.
2433 2767 2589 2822 Vides
2625 2766 2782 2821 etiam
2830 2768 2884 2821 in
2928 2767 3301 2821 nonnullorum
3345 2769 3594 2827 domibus

2022 2837 2215 2891 nitidos
2242 2849 2293 2892 et
2322 2853 2531 2891 crassos
2570 2852 2728 2890 canes
2756 2838 3085 2899 discurrere;
3131 2839 3372 2895 homines
3413 2853 3591 2896 autem

2025 2909 2310 2962 titubantes
2335 2918 2387 2962 et
2416 2908 2673 2977 pallentes
2705 2908 2969 2963 incedere.
3000 2906 3084 2960 Isti
3112 2924 3238 2976 ergo
3269 2912 3595 2967 misereban-

2023 2987 2109 3031 tur
2129 2979 2448 3047 pauperibus
2472 2978 2771 3047 aliquando,
2804 2979 2891 3047 qui
2921 2979 3137 3033 minimc
3162 2980 3328 3034 servis
3355 2982 3466 3037 suis
3486 2985 3589 3037 mi-

2022 3059 2265 3104 serentur
2284 3048 2310 3102 ν

2090 3121 2145 3174 4.
2171 3118 2434 3190 Jejunium
2468 3118 2569 3173 Deo
2599 3129 2888 3190 acceptum._
2916 3117 3065 3190 Scire
3108 3119 3263 3189 igitur
3298 3120 3554 3179 debemus
3577 3166 3592 3188 ,

2024 3188 2243 3255 fratres,
2286 3200 2557 3258 acceptum
2588 3188 2846 3244 esse‘Deo
2869 3188 3148 3259 jejunium,
3184 3206 3287 3245 non
3319 3193 3490 3247 solum
3538 3208 3595 3249 ιιι

2022 3261 2339 3317 abstinentia
2362 3276 2588 3330 corpora
2618 3262 2955 3329 castigemus,
2983 3259 3074 3314 sed
3107 3261 3263 3313 etiam
3298 3261 3595 3319 humilitate

2022 3332 2224 3386 animas
2263 3331 2562 3387 induamus.
2605 3330 2785 3387 Simus
2810 3330 2876 3384 ad
2911 3330 3149 3385 servulos
3176 3333 3331 3386 mites
3354 3373 3369 3396 ,
3414 3334 3591 3390 blandi

2021 3403 2087 3457 ad
2128 3413 2442 3463 extraneos,
2487 3401 2555 3456 ad
2602 3415 2798 3471 egenos
2841 3401 3249 3465 misericordes,
3281 3404 3481 3471 pacifici
3524 3407 3593 3462 ad

2020 3488 2226 3528 omnes.
2258 3474 2543 3542 Surgentes
2574 3476 2744 3541 primo
2776 3472 3008 3526 diluculo
3045 3471 3111 3525 ad
3136 3473 3418 3528 ecclesiam
3448 3475 3593 3531 festi-

2022 3558 2207 3600 nemus
2230 3585 2244 3606 ,
2274 3543 2566 3598 referamus
2591 3543 2701 3598 Deo
2728 3542 2923 3615 gratias
2944 3581 2962 3615 ,
2999 3543 3469 3615 peccatisveniam
3499 3560 3593 3615 po-

2021 3616 2276 3669 stulemus
2294 3656 2309 3679 ,
2340 3620 2587 3683 rogantes
2612 3613 2894 3682 praeteritis
2927 3611 3548 3683 delictisindulgentiam
3570 3658 3585 3681 ,

2023 3684 2209 3738 futuris
2227 3681 2506 3738 cautelam.
2529 3681 2661 3738 Tota
2686 3683 2771 3738 die
2794 3684 2863 3736 sit
2882 3682 3034 3737 nobis
3052 3681 3263 3737 assidua
3291 3681 3373 3739 vel
3397 3688 3587 3751 oratio,

2022 3757 2103 3810 vel
2152 3756 2326 3809 lectio.
2370 3754 2468 3821 Qui
2507 3755 2710 3808 litteras
2748 3754 2949 3816 nescit,
2994 3761 3234 3807 sanctum
3281 3756 3590 3823 magistrum

2023 3827 2353 3896 perquirens,
2384 3823 2952 3896 ejusrconfabulatione
2979 3834 3242 3896 pascatur.
3269 3824 3409 3880 Nulli
3438 3836 3590 3883 actus

2022 3894 2222 3961 smeuli,
2248 3906 2397 3950 actus
2421 3895 2708 3949 divinitatis
2735 3894 3021 3964 impediant
3050 3911 3064 3948 :
3095 3910 3198 3948 non
3226 3895 3378 3951 ludus
3401 3898 3592 3953 fabula!

2022 3976 2251 4022 mentem
2278 3975 2480 4028 avocet,
2512 3981 2615 4020 non
2645 3967 2889 4034 voluptas
2913 3980 3100 4018 canum
3128 3980 3316 4019 sensus
3342 3967 3587 4033 abducat,

2024 4054 2127 4092 non
2158 4037 2349 4105 negotii
2378 4036 2747 4105 compendium
2772 4036 3003 4088 animum
3028 4035 3277 4088 aviditate
3303 4048 3587 4103 pervertat.

2022 4108 2284 4176 Quidquid
2323 4108 2464 4160 enim
2497 4107 2637 4160 aliud
2671 4115 2862 4174 praeter
2902 4106 3206 4176 mandatum
3240 4106 3327 4157 Dei
3358 4105 3586 4173 feceris,
3656 4134 3667 4143 ε

2023 4175 2261 4247 quamvis
2287 4178 2549 4230 abstineas
2570 4218 2586 4241 ,
2615 4193 2720 4230 non
2746 4176 2975 4247 jejunas.
3017 4175 3127 4229 lloc
3170 4184 3247 4230 est
3277 4176 3418 4229 enim
3446 4177 3588 4245 jeju-

2023 4246 2167 4302 nium
2195 4248 2441 4308 salutare.
2475 4254 2531 4301 ut
2573 4248 2711 4301 sicut
2738 4246 3033 4317 abstinetur
3071 4260 3263 4315 corpus
3286 4246 3352 4300 ab
3379 4248 3585 4317 epulis,

2022 4321 2090 4373 ita
2114 4329 2168 4373 et
2189 4319 2363 4372 anima
2392 4317 2689 4372 refrenetur
2711 4331 2740 4369 a
2762 4316 2921 4370 vitiis.

2091 4390 2145 4445 5.
2206 4388 2433 4442 Prandia
2488 4388 2791 4455 pauperibus
2845 4384 3120 4457 eroganda.
3168 4384 3431 4457 Jejunium
3482 4388 3590 4443 sine

2021 4460 2350 4529 eleemosgna,
2393 4459 2739 4529 negotiationis
2764 4456 3109 4529 genusnlllud
3151 4458 3327 4520 etiam,
3372 4457 3585 4520 fratres,

2022 4532 2087 4584 ad
2140 4526 2508 4598 perfectionem
2545 4527 2732 4597 jejunii
2767 4526 3065 4583 tacendum
3112 4542 3215 4599 non
3262 4538 3361 4591 est,
3415 4532 3586 4599 utqui

2023 4597 2381 4665 abstinemus,
2426 4608 2479 4653 et
2536 4599 2753 4653 minime
2790 4600 3145 4666 prandemus,
3204 4597 3302 4651 hoc
3353 4597 3588 4667 tempore

2026 4671 2239 4739 prandia
2302 4677 2479 4724 nOstra
2527 4670 2844 4738 pauperibus
2898 4683 3247 4739 erogemus.”
3275 4668 3397 4722 flare
3445 4671 3585 4724 enim

2023 4738 2105 4796 est
2134 4756 2253 4796 vera
2273 4740 2491 4810 justitia,
2523 4741 2567 4794 si
2593 4749 2645 4793 te
2665 4740 2948 4803 esuriente,
2980 4739 3046 4810 de
3072 4746 3160 4810 tuo
3186 4738 3305 4793 cibo
3335 4740 3469 4793 alius
3495 4756 3585 4794 sa-

2025 4822 2228 4867 turetur
2257 4809 2355 4865 :ct
2388 4820 2442 4864 tu
2484 4826 2578 4879 pro
2606 4810 2811 4864 delictis
2852 4810 2955 4863 tuis
3003 4809 3280 4862 Dominum
3312 4826 3485 4877 roges,
3534 4820 3588 4865 et

2023 4885 2110 4937 ille
2139 4900 2232 4951 pro
2263 4891 2313 4935 te
2338 4884 2553 4935 satiatus
2596 4890 2795 4934 exoret.
2841 4879 3135 4951 Utrumque
3176 4880 3265 4951 tibi
3313 4882 3585 4948 proficiet.

2022 4965 2073 5007 et
2100 4949 2181 5007 tua
2211 4954 2394 5017 fames,
2426 4961 2483 5006 et
2524 4952 2770 5003 saturitas
2797 4950 3173 5003 mendicorum.
3207 4949 3463 5002 Ca‘ternm
3496 4952 3585 5019 qui

2022 5028 2097 5078 sic
2124 5024 2370 5086 abstinet,
2404 5031 2460 5074 ut
2488 5021 2610 5073 nihil
2636 5020 2947 5090 pauperibus
2976 5018 3041 5073 de
3068 5020 3176 5073 suis
3201 5021 3367 5085 epulis
3393 5018 3586 5090 largia-

2024 5104 2125 5153 tur,
2156 5094 2361 5145 videtur
2386 5101 2640 5160 quiestum
2684 5092 2783 5144 sibi
2832 5089 3016 5144 fecisse
3045 5105 3196 5143 suum
3221 5089 3499 5160 jejunium,
3533 5103 3588 5144 et

2024 5159 2429 5235 negotiationem
2477 5162 2777 5235 exercuisse
2807 5160 3116 5235 ‘pareendo.
3168 5161 3247 5213 Ad
3294 5159 3395 5235 hoc
3442 5162 3586 5216 enim

2022 5231 2289 5294 abstinuit,
2321 5248 2425 5287 non
2453 5240 2509 5285 ut
2550 5232 2778 5299 placeret
2807 5232 2933 5295 Deo,
2974 5231 3066 5284 sed
3096 5246 3161 5285 ne
3197 5232 3421 5298 amplius
3461 5245 3585 5285 ero-

2021 5314 2207 5375 garet;
2250 5312 2301 5357 et
2348 5303 2465 5356 ideo
2492 5302 2647 5375 bona
2693 5312 2775 5356 est
2819 5303 3151 5375 eleemosyna
3198 5316 3318 5356 eum
3362 5301 3582 5370 jejunio.

2021 5372 2180 5442 Quasi
2202 5376 2341 5427 enim
2369 5372 2629 5441 quoddam
2665 5374 3033 5441 negotiationis
3057 5388 3221 5442 genus
3250 5379 3352 5435 cst,
3392 5379 3445 5423 ut
3476 5380 3581 5423 tam

2020 5441 2177 5517 parce
2204 5447 2454 5517 vivatLut
2487 5444 2800 5517 abstinentia
2827 5459 2919 5497 sua
2947 5441 3232 5517 monachos
3258 5441 3585 5509 clericosque

2022 5513 2301 5586 prince-dat.
2348 5514 2459 5569 Nisi
2502 5515 2602 5568 hoc
2649 5513 3055 5586 interest,__quod
3094 5513 3178 5586 illi
3212 5514 3312 5566 hoc
3353 5518 3587 5586 qumstus

2020 5581 2177 5641 causa
2227 5588 2447 5650 faciunt,
2494 5599 2591 5639 nos
2628 5585 2852 5640 salutis:
2879 5581 2950 5636 illi
2995 5583 3230 5653 pecunia:
3270 5581 3587 5648 compendio

2019 5660 2222 5711 animas
2247 5672 2367 5709 suas
2384 5662 2680 5719 maCerant;
2709 5670 2804 5707 nos
2828 5662 3041 5723 propter
3066 5653 3355 5706 animarum
3384 5653 3586 5705 lucrum

2020 5737 2195 5782 nostra
2228 5742 2447 5794 corpora
2478 5728 2807 5796 castigamus.
3635 5735 3644 5746 ι
