4046 6356
246 338 387 398 3033

250 454 521 517 materies.
570 453 648 510 sic
691 465 790 508 nos
815 449 1047 506 auctoris
1076 449 1239 504 nostri
1270 448 1495 503 exstruit
1540 463 1749 514 manus,
1782 457 1837 500 ut

249 542 369 585 cum
416 524 612 595 opifice
652 538 754 595 suo
797 522 962 595 etiam
1004 521 1178 595 is_qui
1222 529 1516 595 reparatur,
1566 529 1834 595 oreretur.

250 590 641 664 Gratim'igitur
687 594 780 649 Dei
810 592 1107 646 obedientia
1138 605 1196 644 se
1235 590 1462 644 humana
1499 604 1603 664 non
1631 590 1839 642 subtra-

253 670 361 731 hat,
393 661 591 721 nec'ab
617 666 708 720 illo
739 664 898 725 bono,
918 663 1034 717 sine
1057 676 1161 729 quo
1189 677 1292 715 non
1326 671 1498 729 potest
1530 661 1665 713 bona
1693 675 1834 723 csse,

250 738 597 800 deﬁciat;ac
636 738 681 790 si
725 734 851 803 quid
895 733 995 787 sibi
1034 732 1363 803 impossibile
1390 740 1492 803 aut
1537 731 1757 784 arduum
1787 732 1837 783 in

251 808 625 865 mandatorum
648 802 923 860 ellectibus
948 802 1233 871 experitur,
1261 817 1363 855 non
1388 802 1439 856 in
1463 817 1521 857 se
1546 808 1836 865 remaneat,

250 879 345 936 sed
391 878 460 933 ad
509 877 860 946 adjuvantem,
894 880 1173 946 recurrat:
1210 872 1298 942 qui
1347 872 1467 926 ideo
1517 878 1837 946 [mmemori]

250 951 361 1018 dat,
393 958 453 1004 ut
493 941 691 1002 excitet
716 943 1061 1018 desiderium,
1112 951 1169 1018 et
1194 941 1409 1011 przestet
1451 942 1725 1018 auxilium,
1755 941 1839 994 di-

249 1012 407 1078 een'te
436 1018 723 1088 propheta,
748 1015 899 1088 [σι-ιιι
924 1015 1282 1088 cogitationem
1298 1023 1436 1088 luant
1457 1014 1510 1066 in
1532 1012 1770 1088 Domino,
1794 1022 1840 1066 et

250 1094 358 1163 ipse
393 1083 453 1163 te
487 1083 697 1163 enutriet
724 1085 920 1163 (Psal._
950 1083 1057 1147 LlV,
1097 1083 1211 1163 25).
1386 1084 1523 1137 forte
1557 1083 1837 1163 quisquam

250 1153 358 1217 tam
391 1161 685 1215 insolenter
712 1153 968 1225 superbit,
1001 1164 1056 1210 et
1096 1153 1176 1209 ita
1196 1169 1255 1208 se
1283 1154 1529 1225 illazsum,
1556 1154 1626 1207 ita
1653 1153 1841 1225 imma-

248 1233 486 1286 culatum
514 1245 637 1286 esse
664 1224 958 1298 praeSumit,
1007 1234 1065 1279 ut
1095 1226 1294 1298 nullius
1326 1224 1437 1294 jam
1467 1224 1840 1298 renovationis

250 1301 526 1371 indigeat?
566 1295 789 1371 Fallitur
831 1312 1047 1371 prorsus
1092 1295 1193 1353 ista
1243 1295 1545 1371 persuasio,
1580 1303 1634 1349 et
1672 1295 1837 1371 nimia

252 1365 490 1428 vanitate
516 1368 819 1435 veterascit,
835 1365 931 1437 qui
957 1367 1094 1422 inter
1118 1365 1435 1423 tentationes
1462 1366 1617 1421 istius
1636 1365 1757 1420 vita:
1772 1365 1840 1421 ab

250 1443 395 1499 omni
426 1457 489 1496 se
518 1442 736 1496 vulnere
763 1438 932 1493 credit
959 1437 1271 1493 immunem.

318 1515 374 1568 2.
399 1511 518 1567 Vita
534 1512 641 1566 [nec
661 1510 811 1581 plena
835 1506 1091 1581 periculis.
1106 1506 1371 1581 Justorum
1396 1506 1623 1577 pericula
1640 1520 1658 1560 :
1675 1505 1841 1581 obtre-

249 1584 498 1639 ctantium
526 1576 732 1653 lingutz,
773 1576 1069 1653 scandalum
1096 1576 1460 1649 exiniquorum
1480 1576 1837 1653 prosperitate.

252 1656 537 1711 Stellarum
562 1647 779 1723 potestas
807 1650 968 1723 nulla.
991 1649 1156 1723 Plena
1197 1647 1320 1723 sunt
1349 1649 1534 1723 omnia
1566 1647 1835 1723 periculis,

250 1718 617 1807 plena_ornnia
645 1724 877 1807 laqneis;
903 1719 1460 1807 incitantjcupiditjates
1477 1760 1491 1782 ,
1521 1718 1840 1807 insidiantur

250 1789 521 1852 illecebras
535 1811 549 1859 ;
565 1789 905 1847 blandiuntur
924 1792 1089 1856 lucra,
1111 1789 1301 1844 damna
1318 1789 1620 1845 deterrent:
1643 1804 1838 1842 amara:

250 1877 374 1921 sunt
386 1867 547 1934 obloq
555 1866 792 1919 uentium
807 1863 1015 1934 lingtue,
1032 1876 1130 1934 nec
1140 1876 1350 1934 semper
1366 1861 1574 1934 veracia
1600 1870 1724 1914 sunt
1742 1874 1838 1934 ora

250 1930 607 1992 laudantium.
653 1934 781 1989 inde
804 1933 957 1987 szevit
1000 1930 1205 1997 odium,
1239 1932 1362 1986 hinc
1385 1931 1581 2001 decipit
1610 1930 1837 1985 mendax

250 2009 487 2063 ot‘ticium
517 2022 532 2071 ;
573 2014 630 2059 ut
654 2004 858 2059 facilius
884 2002 954 2057 sit
980 2003 1146 2057 vitare
1172 2000 1697 2072 discordem,’quam
1739 2000 1837 2057 de-

249 2080 447 2134 clinare
475 2077 738 2131 fallacem.
785 2074 839 2128 In
871 2073 999 2142 ipsis
1021 2083 1198 2128 autem
1227 2073 1509 2128 virtutibus
1535 2072 1839 2127 obtinendis

250 2160 354 2203 tam
384 2148 583 2205 dubius
608 2145 800 2201 modus
825 2153 880 2200 et
905 2151 1012 2198 tam
1039 2144 1241 2198 incerta
1283 2143 1536 2199 discretio
1564 2152 1665 2210 cst,
1708 2153 1767 2197 ut
1792 2143 1838 2196 si

249 2222 531 2290 quisquam
555 2218 694 2290 inter
707 2216 977 2290 bonorum
1022 2215 1388 2290 malorumque
1412 2214 1639 2268 confinia
1668 2212 1839 2290 subti-

249 2282 436 2367 lissimi
481 2287 821 2367 discriminis
846 2284 1079 2367 potuerit
1118 2282 1655 2367 servaremensuras,
1700 2282 1838 2337 diffl-

250 2361 353 2416 cile
390 2360 467 2414 sit
492 2370 550 2414 ut
577 2359 714 2413 bene
759 2354 863 2411 sibi
889 2355 1157 2409 consciam
1188 2354 1501 2423 probitatem
1529 2355 1836 2409 obtrectan-

248 2432 378 2486 tium
404 2432 587 2495 lingua
605 2444 710 2483 non
739 2426 999 2491 mordeat,
1026 2434 1080 2479 et
1104 2425 1402 2495 iniquorum
1430 2424 1620 2479 evadat
1645 2440 1835 2495 oppro-

246 2502 381 2569 bria,
423 2495 512 2556 cui
556 2508 641 2555 est
662 2498 830 2553 amica
858 2497 1082 2569 justitiam.
1110 2496 1372 2569 iamcum
1397 2495 1463 2549 ad
1492 2496 1633 2563 ipsas
1657 2510 1835 2569 rerum

248 2566 625 2642 temporalium
652 2569 934 2623 varietates
957 2567 1206 2642 cogitatio
1226 2566 1456 2642 humana
1484 2567 1835 2642 convertitur,

246 2636 461 2713 quantae
488 2657 550 2713 se
594 2649 869 2713 opponunt
898 2637 1171 2707 caligines,
1202 2636 1392 2713 q_uan_ti_
1413 2651 1690 2706 pravarum
1718 2637 1836 2713 opi-

246 2707 468 2769 nionum
501 2707 817 2765 oboriuntur
840 2723 1093 2771 errores;
1124 2716 1179 2761 ut
1217 2709 1283 2761 de
1308 2707 1518 2774 objecta
1539 2710 1837 2762 contrario-

246 2800 362 2838 rum
393 2792 644 2838 sumatur
664 2781 882 2835 materia
905 2779 1271 2848 querelarum!
1306 2777 1437 2831 Nam
1461 2778 1582 2832 licet
1601 2778 1837 2832 omnium

244 2855 489 2909 ﬁdelium
519 2852 681 2907 corda
704 2866 812 2905 non
843 2850 1105 2916 dubitent,
1133 2849 1293 2903 nullis
1318 2848 1500 2902 mundi
1531 2848 1686 2918 hujus
1715 2863 1836 2918 par-

246 2927 389 2981 tibus
418 2924 691 2993 nullisque
721 2921 1046 2993 temporibus
1074 2919 1458 2989 providentiam
1489 2919 1678 2993 abesse
1703 2919 1837 2973 divi-

245 3012 405 3059 nam,
457 3009 561 3050 nec
604 2989 672 3049 de
720 2989 994 3047 stellarum
1048 2998 1329 3060 potestate,
1379 3006 1496 3059 qure
1541 2989 1685 3043 nulla
1731 2998 1832 3060 est,

246 3066 588 3123 saecularium
653 3064 983 3132 negotiorum
1021 3059 1284 3132 pendere
1353 3069 1638 3132 proventus
1662 3101 1690 3132 ,_
1717 3059 1837 3132 (sed

246 3138 557 3206 aequissimo
604 3142 665 3206 et,
707 3130 1125 3206 clementissimo
1171 3134 1362 3206 summi
1413 3130 1553 3201 regis
1585 3130 1839 3206 “arbitrio

246 3199 438 3263 cuncta
456 3205 705 3276 disponi;
736 3204 985 3276 quoniam
1009 3203 1145 3257 sicut
1170 3202 1423 3276 scriptum
1452 3199 1552 3276 est,
1582 3199 1840 3276 Universae

246 3279 338 3333 vita
379 3270 597 3331 Domini
634 3270 981 3329 misericordia
1018 3284 1063 3327 et
1104 3270 1291 3326 veritas
1321 3270 1492 3343 (Ρεαιἴ
1521 3287 1666 3337 xxiv,
1700 3271 1791 3343 10)
1820 3290 1835 3326 :

248 3359 427 3404 tamen
455 3362 582 3402 cum
624 3345 866 3414 quzedam
892 3360 996 3399 non
1027 3343 1317 3414 secundum
1348 3342 1611 3414 desideria
1653 3351 1837 3414 nostra

247 3419 572 3491 procedunt,
598 3411 665 3491 et
687 3414 789 3491 sub
816 3414 1033 3469 humani
1057 3428 1242 3491 errore
1278 3413 1469 3491 judicii.
1488 3411 1733 3491 superior
1756 3420 1839 3491 est

246 3483 578 3562 plerumque
596 3487 763 3556 iniqui
806 3500 967 3540 causa
1013 3499 1170 3562 quam
1224 3484 1374 3551 justi,
1422 3483 1650 3562 vicinnm
1681 3483 1838 3562 nimis

248 3554 405 3631 atque
433 3554 747 3631 contiguum
790 3564 873 3631 est
916 3564 982 3631 ut_
1018 3554 1176 3631 etiam
1222 3568 1446 3631 magnos
1487 3554 1693 3631 animos
1738 3554 1836 3607 ista

250 3624 666 3693 concutiantfet
695 3628 745 3681 in
774 3624 985 3696 aliquod
1024 3624 1220 3680 illicita:
1249 3624 1570 3696 causationis
1601 3639 1838 3696 murmur

250 3701 532 3771 impellant
565 3717 581 3753 :
613 3694 877 3771 siquidem
920 3696 1055 3771 i_stis_
1076 3695 1418 3771 varietatibus
1462 3696 1621 3771 etiam
1644 3694 1836 3771 excel-

250 3764 582 3827 lectissimus
622 3764 882 3840 propheta
931 3766 1095 3840 David
1119 3780 1306 3840 nsque
1349 3764 1415 3819 ad
1459 3764 1750 3840 periculum
1779 3779 1838 3820 se

253 3843 525 3897 turbatum
552 3835 832 3910 profitetur
856 3846 912 3893 et
934 3837 1080 3901 dicit,
1112 3835 1215 3889 Mei
1234 3844 1403 3910 autem
1431 3851 1554 3910 pene
1574 3835 1695 3910 moti
1721 3847 1839 3889 sunt

254 3915 420 3984 pedes,
444 3906 576 3983 pene
595 3908 742 3975 effusi
778 3918 896 3963 sunt
923 3908 1244 3984 gressusniei
1262 3924 1280 3970 ;
1298 3906 1611 3984 _qnia_zelavi
1640 3906 1837 3984 inpec-

254 3923 420 3984 pedes,
444 3928 576 3983 pene
595 3923 742 3975 enus:
778 3923 896 3963 sunt
923 3924 1120 3977 gressus
1148 3923 1280 3970 met;
1309 3923 1427 4026 tgna
1455 3923 1611 3959 zetavt
1640 3923 1692 3959 in
1721 3923 1834 3975 pec-

252 3984 529 4045 catoribus,
560 3996 735 4051 pacem
757 3990 1072 4049 peccatorum
1098 3977 1268 4051 videns
1290 3978 1307 4048 (
1327 4048 1341 4051 _
1363 3977 1457 4051 sat.
1486 3992 1653 4051 Laxu,
1684 3976 1834 4051 1,

255 4047 570 4134 _Ur_tde.quia'
587 4047 980 4134 paucorum-cm
1007 4059 1111 4103 tam
1135 4048 1298 4134 solida
1321 4047 1671 4134 fortitudoz‘ut
1696 4048 1836 4134 nulla

256 4117 606 4194 iniquitatem
624 4120 1017 4191 perturbatione
1043 4120 1361 4194 quatiantur,
1406 4126 1459 4171 ct
1484 4118 1676 4194 multos
1704 4117 1836 4170 lide-

256 4186 381 4250 lium
409 4209 519 4249 non
545 4186 769 4247 adversa
788 4200 1020 4255 tantum,
1045 4186 1138 4244 sed
1165 4190 1322 4242 etiam
1345 4186 1576 4243 secunda
1599 4202 1838 4240 corrum-

260 4274 411 4334 pant;
443 4261 701 4319 sanandis
728 4260 1276 4334 vulneribus,_quibus
1303 4260 1530 4334 humana
1549 4257 1837 4334 infirmitas

257 4327 547 4400 sauciatur,
576 4334 801 4401 diligens
830 4340 912 4387 est
936 4327 1235 4384 adhibenda
1279 4330 1499 4383 curatio.
1547 4327 1671 4382 Ideo
1696 4328 1835 4401 enim

256 4406 327 4462 de
349 4398 601 4477 periculis
624 4398 815 4477 quibus
855 4402 1081 4477 mundus
1124 4401 1210 4477 hic
1249 4401 1435 4477 plenus
1459 4407 1562 4477 est,
1589 4398 1837 4477 quaedam

258 4468 491 4533 breviter
536 4468 773 4544 percurri
795 4489 812 4544 7;
846 4483 903 4526 ut
940 4472 1149 4526 dicente
1178 4468 1466 4544 Scriptura,
1501 4468 1627 4533 Quis
1651 4468 1839 4539 gloria-

257 4546 388 4603 bitur
412 4540 611 4600 castum
637 4560 690 4597 se
718 4543 897 4596 habere
919 4558 1026 4606 cor,
1072 4551 1157 4595 aut
1186 4540 1427 4593 nmndum
1454 4556 1508 4593 se
1534 4555 1638 4593 esse
1660 4556 1693 4592 α
1720 4555 1831 4609 pec.

258 4627 371 4671 cato
395 4616 581 4686 (Prov.
611 4630 705 4677 xx,
736 4612 838 4683 9)?
865 4611 1174 4686 omnes_sibi
1204 4612 1497 4686 intelligant
1526 4610 1835 4686 delictorum

258 4679 643 4759 indulgentiam
665 4694 721 4739 et
758 4679 1107 4754 reparationis
1136 4682 1487 4737 necessariam
1519 4694 1637 4735 esse
1667 4679 1837 4735 rnedi-

258 4774 451 4815 unam.

331 4831 384 4886 5.
424 4826 735 4883 Pmnitentia
761 4824 991 4879 omnibus
1030 4823 1330 4877 necessaria.
1371 4821 1507 4877 Deus
1544 4822 1832 4876 omniscius.

258 4899 483 4967 Quando
526 4909 725 4959 autem,
756 4894 1107 4960 dilectissimi,
1135 4894 1484 4967 opportunius
1508 4892 1573 4946 ad
1604 4891 1839 4946 remedia

258 4964 434 5025 divina
459 4968 816 5031 decurrimus,
843 4982 1001 5037 quam
1027 4981 1146 5019 cum
1178 4966 1287 5037 ipsa
1327 4964 1478 5037 nobis
1506 4972 1836 5037 sacramenta

258 5031 875 5110 redemptionisinostraa'
886 5046 1181 5110 temporum
1201 5031 1320 5110 lege
1345 5032 1686 5110 referuntur?
1710 5031 1839 5110 Qua:

260 5119 321 5183 ut
341 5103 555 5183 dignius
584 5108 936 5183 celebremus,
969 5103 1314 5183 saluberrime
1355 5119 1451 5183 nos
1492 5103 1838 5183 quadraginta

259 5173 464 5237 dieru'm
478 5179 684 5249 jejunio
696 5192 1069 5249 prmparemus.
1084 5176 1194 5231 Non
1208 5176 1345 5230 enim
1362 5175 1411 5227 lii
1430 5183 1628 5249 tantum
1641 5173 1728 5242 qui
1745 5188 1840 5241 per

263 5254 446 5307 mortis
476 5246 674 5306 Christi
697 5246 1204 5317 resurrectionisque
1233 5246 1542 5317 mysterium
1573 5246 1624 5298 in
1647 5258 1838 5297 novam

263 5323 421 5377 vitam
471 5321 745 5390 Baptismo
782 5326 905 5390 sunt
930 5315 1302 5390 regene'rantli,
1342 5316 1435 5370 sed
1464 5315 1623 5390 etiam
1653 5328 1840 5390 omnes

264 5393 441 5475 pepuli
468 5384 1114 5475 renatprumutiliter'sibi
1142 5396 1193 5475 et
1215 5387 1510 5475 necessarie
1531 5384 1837 5475 praesidium

266 5453 420 5530 hujus
445 5459 1184 5530 sanctiﬁcationisassumunt
1209 5475 1222 5511 :
1253 5457 1347 5523 illi,
1378 5453 1576 5530 ut‘quie
1606 5453 1837 5530 nondum

264 5524 461 5588 habent
485 5531 779 5598 accipiant;
814 5529 918 5593 isti,
947 5537 1003 5583 ut
1024 5538 1237 5596 accepta
1264 5524 1610 5598 custodiant;
1631 5524 1840 5598 dicente

265 5603 552 5670 Apostolo,‘
573 5594 673 5667 Qui
691 5610 806 5665 stat,
828 5600 991 5670 videat
1014 5616 1075 5651 ne
1089 5594 1238 5670 cadat,
1257 5596 1295 5667 (I
1320 5597 1514 5670 Cain},
1534 5596 1642 5665 {2).
1672 5594 1840 5670 Nemo

267 5664 410 5726 tanta
449 5664 539 5725 est
560 5664 808 5726 firmitate
832 5669 1098 5733 suﬂ'ultus,
1130 5678 1186 5722 ut
1213 5664 1279 5722 de
1322 5664 1609 5722 stabilitate
1631 5680 1722 5718 sua
1749 5664 1841 5718 de-

267 5743 390 5797 beat
429 5758 551 5797 esse
578 5756 816 5794 securus.
866 5740 1088 5793 Utamur
1114 5736 1668 5808 igitur,.dilcctissimi,
1701 5734 1841 5808 salu-

270 5812 489 5871 berrimi
519 5813 774 5882 temporis
818 5805 1205 5869 venerabilibits
1252 5808 1517 5876 institutis,
1550 5815 1603 5863 et
1641 5805 1837 5863 sollici-

1637 330 1865 387 SERMO
1902 328 2130 387 CXLIX.

3389 336 3455 390 ΞΟ
3462 334 3528 393 31

1957 447 2088 527 tinre
2106 461 2231 527 cura
2261 446 2439 503 cordis
2466 448 3183 527 nostrispeculatergamus.
3239 450 3528 527 Quantum.

1946 518 2081 592 libet
2100 518 2239 571 enim
2265 527 2409 573 caste
2434 526 2492 592 et
2516 518 2958 577 sobrie'mortalis
2987 518 3101 575 [nec
3127 523 3233 576 vita
3264 518 3489 578 ducatur
3510 566 3526 592 ,

1944 588 2173 669 «incidam
2202 596 2377 669 tamen
2410 589 2623 669 pulvere
2649 588 3525 669 terrena;conversationisasper;

1944 662 2125 739 gitur},
2153 669 2207 712 ct
2233 662 2372 739 nitor
2393 662 2647 739 mentium
2676 662 2757 739 ad
2775 662 2864 739 Dei
2889 663 3171 739 imaginem
3190 663 3525 717 conditarum

1945 743 2049 783 non
2094 729 2165 783 ita
2194 744 2223 782 a
2252 730 2413 799 fumo
2454 729 2613 787 totius
2644 734 2888 786 vanitatis
2931 729 3135 787 alienus
3162 745 3265 799 est,
3298 745 3354 788 ut
3383 736 3525 789 nulla

1944 799 2112 883 possit
2141 798 2299 883 sorde
2324 799 2551 883 fuscari,_
2569 813 2628 883 et_
2648 818 2752 883 non
2779 819 2991 883 semper
3020 798 3524 883 indigeatgexpoliri.

1944 870 2095 937 Quod
2124 871 2373 943 siuetiam
2414 874 2736 930 cautissimis
2776 870 2968 927 animis
3010 870 3370 929 necessarium
3402 886 3524 943 est,

1943 950 2142 1023 quanto
2172 941 2277 1022 illis
2318 944 2554 1023 amplius
2573 953 2656 999 est
2698 944 3072 1023 expetendum,
3102 945 3190 1015 qui
3236 953 3343 999 tota
3390 941 3528 1023 forte

1943 1015 2064 1093 anni
2090 1015 2255 1093 spatia
2270 1022 2366 1093 aut
2385 1017 2624 1093 securius
2647 1024 2740 1069 aut
2758 1015 3110 1084 negligentius
3131 1018 3525 1093 transegerunt?

1942 1084 2086 1150 Quos
2110 1082 2371 1139 charitate
2396 1083 2572 1141 debita
2592 1082 3014 1152 commonemus,
3033 1094 3092 1141 ut
3117 1102 3222 1143 non
3251 1082 3371 1143 ideo
3398 1090 3531 1144 sibi-

1945 1162 2054 1208 met
2080 1152 2440 1219 blandiantur,
2471 1159 2595 1227 quia
2642 1155 2796 1211 nobis
2830 1158 3172 1229 conscientia:
3198 1159 3523 1229 singulorum

1946 1233 2128 1292 patere
2155 1238 2261 1277 non
2299 1226 2524 1294 possunt
2553 1247 2566 1283 :
2593 1242 2713 1284 cum
2742 1228 2925 1281 oculos
2952 1226 3047 1282 Dei
3076 1228 3233 1282 simul
3274 1226 3525 1284 universa

1944 1294 2217 1369 cernentis
2256 1310 2361 1350 non
2409 1299 2589 1353 abdita
2632 1298 2892 1369 locorum,
2936 1313 3039 1352 non
3086 1300 3344 1367 parietum
3373 1310 3525 1369 septa

1942 1366 2253 1438 sccludant;
2295 1381 2395 1421 nec
2429 1369 2601 1423 solum
2628 1368 2678 1424 ei
2704 1378 2819 1422 acta
2859 1379 2914 1423 et
2952 1366 3200 1438 cogitata,
3242 1366 3527 1425 verum—et

1942 1435 2145 1517 agenda
2166 1438 2547 1517 'etncogitanda
2592 1440 2699 1494 sint
2726 1439 2954 1517 cognita.
3003 1435 3103 1493 Ista
3147 1454 3275 1509 ergo
3303 1440 3524 1517 scientia

1943 1508 2135 1587 summi
2158 1506 2371 1575 judicis,
2417 1510 2516 1587 iste
2535 1518 2623 1587 est
2652 1506 2961 1564 tremendus
2986 1506 3251 1579 aspectus,
3286 1512 3368 1564 cui
3396 1525 3522 1579 per-

1942 1580 2193 1649 viumest
2230 1593 2391 1633 omne
2414 1580 2665 1644 solidum,
2684 1588 2741 1635 et
2765 1588 3005 1649 apertum
3034 1596 3196 1635 omne
3218 1589 3521 1646 secretum;

1942 1648 2525 1731 eriiobscuraelarent,
2550 1658 2694 1705 muta
2720 1648 3047 1731 respondent
3057 1666 3077 1731 ξ
3109 1650 3375 1731 silentium
3396 1666 3526 1731 cou-

1943 1718 2161 1800 fitetnr,_
2180 1727 2258 1800 et“
2260 1720 2387 1800 sine
2404 1737 2536 1777 voce
2562 1735 2714 1776 mens
2743 1718 2993 1790 loduitnr.
3024 1721 3192 1800 Nemo
3219 1722 3526 1800 patientiam

1943 1786 2193 1843 bonitatis
2224 1790 2316 1844 Dei
2355 1791 2422 1847 de
2450 1802 2787 1861 peccatorum
2816 1786 3033 1846 suorum
3062 1786 3371 1859 impunitate
3396 1806 3526 1846 con-

1944 1866 2145 1931 temnat
2177 1878 2191 1915 :
2220 1875 2318 1915 nec
2347 1862 2465 1917 ideo
2509 1864 2653 1917 illum
2681 1862 2910 1917 aestimet
2948 1877 3053 1916 non
3085 1862 3369 1926 olfensum,
3400 1862 3523 1931 quia

1941 1930 2275 2010 necdumest
2294 1934 2780 2010 expertusiratum.
2804 1933 3260 2010 Non__sunt_long:c
3280 1930 3522 2010 mortalis

1942 2001 2063 2073 vita:
2102 2001 2345 2069 inducite,
2366 2001 2493 2059 ‘nec
2518 2004 2763 2059 diuturna
2809 2012 2891 2058 est
2920 2004 3129 2058 licentia
3158 2001 3521 2073 insipientium

1942 2070 2271 2153 voluptatum
2304 2073 2355 2153 in
2382 2083 2699 2153 mter-narum
2743 2073 2981 2153 dolorem
3022 2070 3308 2153 transitura
3339 2085 3523 2153 poena-

1942 2156 2079 2223 rnm,
2108 2143 2306 2223 si__dt_tm
2328 2145 2547 2213 justitize
2570 2146 2828 2223 sententia
2855 2145 3218 2214 suspenditur,
3258 2144 3522 2214 paeniten-

1944 2213 2029 2266 tias
2050 2213 2311 2269 medicina
2338 2229 2443 2269 non
2471 2216 2742 2284 qumritur.

2012 2284 2064 2339 4.
2110 2284 2274 2349 Quam
2301 2283 2579 2355 periculose
2602 2295 2710 2339 orat
2737 2284 2950 2355 cupidus
2976 2286 3200 2340 ultionis.
3234 2283 3430 2339 Pra’sto
3450 2295 3523 2339 est

1941 2354 2654 2410 miscricordia'misericordi.
2688 2354 3066 2426 Coufugiamus
3111 2372 3237 2425 ergo
3281 2356 3346 2410 ad
3384 2371 3524 2426 pra:-

1942 2434 2149 2496 scntem
2196 2426 2389 2496 ubique
2441 2426 2860 2481 misericordiam
2914 2427 3025 2483 Dei.
3080 2436 3134 2481 et
3178 2436 3236 2480 ut
3280 2435 3523 2480 sanctum

1942 2494 2145 2549 Pascha
2178 2494 2388 2551 Domini
2410 2497 2567 2561 digna
2593 2498 2929 2552 observantia
2954 2498 3272 2561 celebretur,
3298 2504 3521 2551 cuncto-

1942 2580 2059 2619 rum
2091 2566 2324 2621 lidelium
2364 2566 2523 2622 corda
2567 2568 2981 2623 sanctilicentur.
3013 2567 3250 2621 Mitcseat
3279 2567 3479 2620 saevitia
3500 2608 3517 2633 ,

1943 2648 2278 2717 mansuescat
2319 2638 2591 2693 iracundia
2623 2655 2636 2692 :
2667 2638 3078 2717 remittantnsibi
3125 2652 3321 2717 omnes.
3341 2637 3523 2706 culpas

1943 2708 2167 2762 invicem
2195 2723 2339 2771 suas,
2373 2723 2472 2763 nec
2495 2718 2713 2778 exactor
2739 2712 2809 2762 sit
2833 2708 3077 2763 vindictze
3101 2710 3190 2778 qui
3220 2708 3414 2777 petitor
3440 2716 3524 2763 est

1942 2778 2130 2832 veniae.
2157 2778 2400 2834 Dicentes
2428 2780 2588 2842 enim,
2614 2777 2823 2832 Dimitte
2843 2779 2982 2833 nobis
2997 2777 3159 2831 debita
3180 2788 3372 2843 nostra,
3396 2778 3525 2831 sicut

1942 2856 1987 2919 et
2026 2865 2117 2902 nos
2141 2850 2436 2907 dimittimus
2473 2850 2776 2904 debitoribus
2813 2850 2995 2904 nostris
3026 2848 3235 2919 (Matth.
3278 2864 3354 2914 vt,
3390 2847 3519 2919 i2);

1940 2918 2240 2973 durissimis
2280 2934 2377 2975 nos
2401 2920 2627 2975 vinculis
2651 2920 2946 2990 alligamus.
2992 2920 3092 2974 nisi
3121 2919 3260 2989 quod
3301 2918 3521 2990 profite-

1942 3004 2062 3043 mur
2091 2990 2427 3060 impleamus.
2462 2990 2634 3059 Unde,
2666 2992 2711 3045 si
2740 2988 2996 3045 orationis
3038 2988 3191 3060 hujus
3224 2988 3521 3044 sacratissi-

1942 3075 2087 3113 mum
2118 3069 2329 3130 pactum
2375 3077 2479 3116 non
2511 3071 2620 3117 tota
2652 3062 2731 3116 sui
2762 3061 3068 3117 conditione
3107 3069 3373 3115 servatum
3400 3067 3519 3125 est;

1942 3146 2083 3185 nunc
2111 3132 2297 3186 saltem
2323 3132 2703 3188 conscientiam
2744 3147 2895 3186 suam
2934 3132 3295 3201 unusquisque
3321 3144 3522 3199 cogno-

1942 3209 2076 3273 scat,
2090 3210 2144 3257 et
2163 3203 2350 3257 alienis
2369 3202 2689 3273 ignoscendo
2705 3202 2932 3268 delictis,
2948 3202 3285 3273 abolitionem
3300 3215 3523 3273 suorum

1941 3270 2582 3344 obtineatpeccatorum.
2626 3274 2845 3329 Dicente
2887 3288 3115 3344 namque
3159 3272 3412 3336 Domino,
3457 3270 3524 3344 _S_i

1942 3343 2229 3414 dimiseritis
2257 3344 2543 3399 hominibus
2576 3354 2778 3414 peccata
2815 3360 3007 3414 eorum,
3032 3342 3261 3397 'dimittet
3281 3351 3349 3414 _et
3387 3342 3524 3395 vobis

1943 3411 2103 3468 Pater
2126 3425 2283 3468 vester
2317 3415 2404 3484 qui
2433 3415 2487 3468 in
2512 3410 2648 3469 cretis
2676 3424 2747 3468 est
2787 3410 2999 3483 (Matth.
3030 3429 3101 3479 γι,
3135 3414 3201 3468 14
3226 3428 3240 3477 ;
3268 3410 3395 3484 Luc.
3427 3426 3477 3465 vt
3502 3452 3518 3477 ,

1943 3484 2037 3555 57)
2064 3501 2078 3535 :
2106 3500 2211 3539 non
2238 3483 2391 3555 longe
2420 3493 2503 3540 est
2524 3484 2592 3540 ab
2633 3500 2951 3554 unoquoque
2976 3484 3115 3555 quod
3161 3483 3366 3555 poscit;
3399 3496 3520 3555 cum

1942 3553 2356 3626 debenignitate
2382 3555 2635 3625 supplicis
2664 3553 2925 3610 sententia
2967 3554 3192 3625 pendeat
3212 3553 3519 3626 judicantis.

1942 3624 2040 3691 Qui
2061 3622 2411 3679 humanarum
2442 3622 2655 3695 precum
2686 3622 2988 3680 misericors
3014 3634 3069 3681 et
3089 3626 3264 3695 justus
3287 3622 3518 3689 auditor,

1941 3696 2173 3766 tequitati
2215 3703 2323 3751 Suae
2352 3694 2643 3750 de’nostra
2692 3696 2910 3751 lenitate
2955 3694 3272 3766 prtescribit,
3318 3700 3524 3766 utnon

1943 3764 2162 3821 haberet
2193 3767 2243 3821 in
2286 3780 2378 3821 eos
2418 3766 2504 3837 jus
2544 3766 2861 3832 severitatis,
2902 3764 3036 3837 quos
3076 3781 3183 3837 non
3230 3764 3525 3837 invenisset

1942 3837 2161 3908 cupidos
2205 3834 2438 3892 ultionis}
2486 3837 2786 3908 Clementes
2830 3834 3005 3891 autem
3036 3846 3088 3891 et
3117 3836 3273 3891 mites
3316 3834 3534 3891 animos

1941 3905 2101 3963 etiam
2128 3909 2343 3978 largitas
2369 3908 2542 3963 decet.
2575 3905 2712 3962 Nihil
2741 3908 2880 3962 enim
2907 3908 3117 3977 dignius
3146 3916 3248 3973 est,
3276 3921 3433 3978 quam
3465 3913 3524 3958 ut

1943 3978 2104 4033 homo
2133 3975 2472 4034 sui'auctoris
2510 3980 2579 4033 sit
2609 3980 2861 4042 imitator,
2893 3988 2945 4032 et
2972 3975 3264 4032 secundum
3301 3975 3520 4030 modum

1942 4050 2170 4119 propria:
2217 4048 2479 4103 facultatis
2521 4050 2681 4103 divini
2713 4050 2782 4103 sit
2820 4048 2996 4116 operis
3034 4056 3334 4119 exsecutor.
3387 4043 3519 4097 Nam

1942 4116 2061 4173 cum
2105 4119 2321 4174 aluntur
2363 4120 2678 4185 esurientes,
2727 4120 3026 4172 vestiuntur
3068 4117 3231 4180 nudi,
3278 4116 3522 4185 foveatur

1942 4189 2160 4257 infirmi,
2200 4204 2379 4244 nonne
2416 4184 2670 4243 auxilium
2699 4189 2904 4242 Domini
2951 4203 3137 4241 manus
3164 4186 3341 4257 explet
3362 4184 3523 4257 mmini-

1941 4261 2056 4325 stri,
2086 4256 2151 4314 et
2180 4259 2475 4329 benignitas
2500 4260 2638 4314 servi
2671 4274 2860 4313 munus
2890 4267 2972 4314 est
3002 4258 3247 4312 Domini?
3273 4256 3371 4321 Qui
3399 4268 3537 4329 cum.

1941 4331 2006 4384 ad
2032 4324 2250 4385 effectus
2293 4324 2672 4385 misericordia:
2697 4345 2807 4384 sua:
2832 4329 3072 4400 adjutore
3102 4344 3219 4400 non,
3247 4334 3419 4400 egeat,
3451 4324 3520 4400 ita

1942 4415 2091 4455 suam
2116 4400 2552 4471 omnipotentiam
2583 4396 2915 4470 temperavit,
2945 4409 3003 4455 ut
3038 4398 3307 4471 laboribus
3350 4396 3517 4471 homi-

1942 4488 2066 4525 num
2099 4487 2193 4540 per
2235 4466 2477 4541 homines
2506 4466 2835 4536 subveniret,
2881 4480 2935 4527 et
2962 4470 3149 4525 merito
3190 4466 3521 4541 Deogratias

1943 4538 2281 4597 referrentur
2306 4541 2375 4597 de
2418 4543 2628 4611 pietatis
2653 4542 2864 4602 ciliciis.
2906 4541 3056 4611 cujus
3083 4554 3247 4611 Opera
3280 4538 3524 4611 videntur

1944 4614 1995 4667 in
2025 4613 2251 4671 famulis.
2286 4608 2509 4684 Propter
2531 4614 2673 4683 quod
2702 4614 2812 4683 ipse
2842 4608 3095 4684 Dominus
3120 4608 3395 4684 discipulis
3423 4608 3514 4660 ait:

1943 4684 2032 4738 Sic
2057 4684 2218 4738 luceat
2245 4679 2414 4738 lumen
2441 4679 2657 4737 vestrum
2683 4679 2852 4737 coram
2887 4681 3189 4747 hominibus,
3220 4689 3272 4734 ut
3302 4679 3520 4732 videntes

1942 4771 2095 4823 opera
2118 4762 2279 4809 vestra
2312 4759 2461 4822 bona,
2501 4751 3066 4824 magniﬁcentﬂPatrem
3100 4762 3312 4824 uestrum
3346 4751 3431 4820 qui
3468 4748 3551 4801 in

1941 4822 2077 4879 ariis
2104 4835 2173 4879 est
2204 4824 2410 4895 (Matth.
2453 4840 2507 4891 v,
2538 4822 2646 4896 16),
2680 4839 2775 4894 per
2800 4822 3069 4878 Christum
3101 4822 3379 4878 Dominum
3422 4833 3495 4873 no
3524 4858 3529 4861 »

1942 4905 2132 4950 strutn.
2161 4895 2351 4951 Amen.

2425 4964 2657 5021 SERMO
2693 4962 2899 5019 CXLIX
2932 4963 3029 5038 (α).

2513 5060 2562 5103 tn
2584 5060 2724 5103 Omna
2747 5054 2946 5103 Domini.

1943 5116 2020 5171 De
2060 5134 2117 5172 eo
2146 5118 2279 5188 quod
2326 5116 2565 5188 scriptum
2595 5127 2666 5170 est
2708 5118 2760 5169 in
2806 5116 3077 5186 Evangelia
3106 5114 3345 5188 Joannis,
3395 5128 3513 5182 cap.

2014 5204 2125 5251 χιιι,
2158 5184 2212 5242 ’4
2244 5184 2540 5310 8;“Su'rgit
2586 5202 2614 5240 a
2672 5201 2861 5253 creua,
2911 5184 2964 5241 et
3020 5188 3164 5254 ponit
3210 5184 3521 5238 vestimenta

2014 5273 2105 5310 sua
2126 5300 2141 5310 .
2172 5269 2269 5310 6M.
2382 5295 2396 5310 ο

2012 5258 2441 5400 ῗῗθίοῧξὶιὲἓέιίη
2459 5327 2729 5398 peregrinis
2750 5328 2977 5396 exemplo
2995 5325 3198 5380 Domini
3218 5322 3519 5378 exhibenda.

2007 5443 2024 5472 ι
2049 5442 2120 5491 sic
2142 5441 2325 5491 habent
2342 5453 2456 5491 mss.
2475 5438 2596 5491 Editi
2621 5452 2757 5501 vero,
2780 5437 3068 5489 audivimus.

2027 5504 2077 5565 α)
2113 5502 2251 5563 Alias,
2274 5504 2338 5553 de
2355 5511 2591 5565 Tempore
2617 5501 2720 5565 127.
2912 5558 2943 5565 __
3313 5559 3323 5565 _
3426 5560 3427 5563 η

2029 5558 2077 5637 ιζ)
2114 5572 2161 5613 In
2184 5558 2455 5674 Appendice
2472 5558 2604 5612 "nunc
2625 5564 2829 5633 primum
2854 5558 3131 5611 collocatur.
3159 5558 3530 5632 povanienstbus

2029 5640 2135 5674 nus.
2161 5634 2251 5674 Ver
2275 5640 2353 5674 mo
2374 5634 2539 5674 autem
2562 5632 2614 5674 et
2640 5625 2876 5674 viutltntzo
2906 5624 3099 5674 snurins
3135 5622 3403 5670 videbatur.
3433 5628 3526 5667 Au-

1941 5622 2135 5685 dubius,
2161 5622 2353 5675 verlino
2374 5634 2539 5675 autem
2562 5632 2614 5674 et
2626 5622 2876 5686 'Viutlingo
2906 5624 3118 5686 spurius
3135 5622 3526 5686 videbatur._Au-

1979 5681 2189 5736 ustinum
2212 5696 2350 5737 certe
2373 5687 2488 5737 illud
2512 5689 2707 5736 minime
2723 5681 2847 5747 sapit
2867 5681 2995 5747 quod
3020 5683 3187 5747 intime
3209 5696 3257 5730 ιι.
3278 5682 3305 5747 Δ1
3333 5681 3525 5747 dicitur,

1962 5741 2125 5799 ctione
2151 5750 2325 5812 pedum
2343 5784 2357 5808 ,
2381 5763 2476 5798 non
2498 5748 2651 5812 solum
2680 5741 2860 5812 minuta
2878 5741 2898 5805 ξ
2908 5744 2994 5795 sed
3019 5745 3165 5793 etiam
3180 5741 3541 5812 catitaliapccs

1946 5818 2050 5863 cata
2082 5805 2294 5875 pui'gari.
2320 5805 2480 5874 Longe
2511 5811 2697 5862 cautius
2726 5808 2812 5861 ille
2846 5809 2898 5862 in
2927 5820 3154 5859 sermone
3176 5805 3323 5869 9,’dc
3347 5810 3533 5855 Decem
