4156 6374
415 355 552 411 ξὶιδῚ

416 473 601 527 hlicari
634 486 781 525 suam
815 466 1213 532 conscientiam,
1243 475 1299 521 ct
1325 466 1496 520 adhuc
1529 482 1743 519 manum
1775 466 1993 535 porrigit

418 544 487 598 ad
518 542 829 597 buccellam.
866 538 1128 608 Numquid
1155 555 1243 607 ego
1287 554 1415 598 sum,
1451 538 1645 608 Itabrbi?
1672 535 1714 591 0
1735 536 1887 599 Juda,
1910 537 1991 590 cui

411 614 584 674 dicis,
642 611 900 681 Numquid
953 607 1043 679 ego
1092 624 1236 681 sum,
1285 608 1494 681 Ιίαὸὺὶᾐῖ
1530 607 1654 681 jam
1709 607 1825 681 dic,
1886 608 1993 681 Ego

412 700 556 736 sum.
580 682 693 737 Non
722 678 800 735 est
820 678 1014 734 oblivio
1043 679 1345 735 nescientis.
1377 678 1469 731 sed
1493 679 1657 746 pietas
1672 678 1988 731 miserantis.

414 753 520 815 'I‘u,
554 753 707 817 Juda,
739 766 895 821 quem
916 750 1156 820 possedit
1179 748 1465 821 cupiditas,
1490 750 1744 821 omniain
1779 757 1829 801 te
1849 748 1993 821 novit

413 824 666 877 divinitas
698 840 710 874 :
744 817 837 875 sed
866 817 943 874 va}
976 821 1066 874 tibi
1096 821 1145 871 in
1176 834 1281 888 quo
1307 820 1471 872 semel
1495 819 1643 887 periit
1669 817 1986 871 humanitas.

417 894 629 959 Omnes,
681 893 866 961 inquit,
896 891 1201 961 scandalum
1218 890 1475 959 patiemini
1516 890 1567 961 in
1598 891 1693 961 hac
1733 896 1893 941 nocte.
1928 888 1991 941 Et

414 964 609 1019 Petrus
640 980 652 1016 :
682 959 766 1017 Et
780 963 821 1016 si
849 978 1019 1015 omnes
1046 959 1374 1014 scandalizati
1401 960 1587 1029 fuerint
1614 959 1666 1011 in
1694 970 1759 1023 te,
1792 974 1880 1029 ego
1907 967 1986 1010 ta-

411 1051 529 1088 men
555 1050 656 1087 non
694 1032 1099 1087 seandalizabor.
1144 1028 1433 1098 C(eperunt
1460 1029 1703 1084 altercari
1750 1028 1985 1082 medicus

410 1114 470 1157 et
496 1114 725 1173 azgrotus
755 1121 768 1157 :
800 1104 887 1157 ille
924 1102 1038 1156 sine
1063 1100 1375 1173 :egritudine
1400 1115 1457 1173 se
1482 1115 1599 1173 esse
1639 1098 1870 1173 putabat,
1898 1098 1988 1173 ille

411 1169 646 1228 futuram
700 1174 1061 1227 accessioaem
1114 1170 1347 1224 videbat.
1402 1170 1496 1225 Cui
1556 1169 1808 1223 Dominus
1861 1170 1983 1221 ait:

411 1244 694 1299 Paululum
739 1252 1155 1312 sequestremur,
1185 1241 1356 1295 donec
1398 1242 1475 1294 rei
1516 1240 1714 1312 exitum
1741 1253 1989 1312 compro.

411 1315 624 1369 bemus.
670 1314 738 1367 Et
770 1310 981 1368 Judas:
1027 1313 1184 1377 Quem
1216 1312 1473 1364 osculatus
1523 1310 1695 1378 fuero,
1743 1310 1851 1378 ipse
1894 1317 1983 1371 est,

409 1394 571 1438 tenete
596 1401 707 1437 eum
753 1383 963 1451 (Matth.
1016 1398 1158 1445 xxvr,
1203 1382 1291 1444 5|,
1318 1382 1408 1444 25,
1443 1382 1533 1444 9.5,
1566 1381 1652 1441 53.
1685 1380 1795 1450 48).
1909 1380 1985 1451 si-

409 1470 573 1523 gnum
630 1449 961 1522 sacrilegum,
1006 1466 1056 1523 ro
1095 1452 1341 1519 placitum
1398 1449 1867 1523 fugiendum,'ubi
1914 1449 1982 1523 ab

408 1519 597 1579 osculo
627 1519 870 1591 incipitur
913 1522 1129 1587 bellum,
1172 1530 1224 1575 et
1268 1536 1360 1589 per
1388 1522 1530 1589 pacis
1560 1520 1808 1573 indicium
1840 1519 1984 1591 pacis

409 1596 677 1663 rumpitur
726 1589 1146 1647 sacramentum!
1187 1592 1452 1645 Venerunt
1493 1591 1559 1644 ad
1612 1592 1843 1663 hortum,
1895 1589 1982 1663 qui

411 1660 719 1734 iam—antea
748 1663 1090 1732 perdiderant
1121 1663 1440 1734 paradisum,
1470 1671 1768 1730 quzerentcs
1805 1660 1979 1734 Domi:

408 1729 537 1788 itum
564 1729 1039 1788 Jesum'Christum
1085 1749 1097 1784 :
1123 1729 1501 1799 egrediuntur
1535 1741 1854 1800 qumrentes,
1885 1729 1975 1797 qui

409 1814 539 1860 ante
584 1810 952 1873 praevenerant
992 1803 1283 1856 venientes.
1317 1802 1433 1857 Stat
1479 1802 1653 1865 Jesus,
1698 1810 1751 1853 et
1778 1800 1979 1863 dicunt,

407 1874 587 1929 Iesum
611 1875 897 1943 qttterimus.
930 1873 1135 1943 Aspicit
1153 1886 1246 1926 eos
1269 1873 1379 1941 ipse
1408 1874 1667 1937 Salvator,
1695 1884 1827 1940 quos
1848 1884 1983 1943 pra:-

406 1942 635 2000 cedebat
667 1944 832 1999 Judas
863 1942 1178 1997 tenebrosus
1205 1943 1444 1997 ducatur.
1478 1943 1733 1996 Dncatum
1776 1942 1981 2009 prtebe-

405 2015 523 2081 hat,
552 2023 607 2069 et
626 2015 926 2083 Magistrum
950 2028 1053 2066 non
1086 2012 1314 2083 videbat,
1342 2030 1444 2067 non
1473 2014 1591 2077 quia
1624 2012 1777 2083 Jesus
1808 2019 1977 2064 muta-

409 2084 534 2139 bilis
564 2094 677 2139 erat
695 2082 850 2149 {erat
878 2083 1018 2152 quod
1063 2093 1196 2136 erat.
1230 2082 1438 2137 Lucem
1467 2088 1517 2136 in
1561 2082 1795 2152 tenebris
1832 2097 1979 2150 quam

406 2155 632 2219 rebant;
677 2154 769 2208 sed
814 2151 982 2207 lucem
1018 2153 1249 2207 tenebrae
1289 2169 1395 2207 non
1441 2151 1976 2221 comprehenderunt.

408 2223 517 2279 Sed
546 2226 820 2282 audiamus
847 2238 1031 2277 vocem
1060 2224 1211 2287 lucis,
1238 2224 1324 2291 qui
1356 2224 1481 2277 dicit
1512 2221 1742 2275 tenebris
1766 2221 1981 2291 venien-

409 2296 551 2350 tibus
578 2310 696 2348 curn
726 2294 962 2358 laternis,
999 2294 1157 2364 Quem
1184 2289 1450 2364 quaeritis?
1489 2294 1561 2346 Illi
1590 2292 1855 2364 dixerunt,
1883 2289 1976 2344 Je-

406 2381 541 2418 sum.
566 2364 859 2433 Respondit
877 2364 1050 2426 Jesus,
1082 2362 1319 2433 Ego'sum
1346 2382 1365 2416 :
1390 2365 1564 2418 audita
1588 2378 1715 2415 voce
1736 2362 1979 2433 abierunt

406 2435 662 2503 prostrati
679 2430 739 2488 in
776 2434 965 2489 faciem
991 2430 1245 2488 czecitatis
1266 2433 1443 2502 (Joan.
1478 2449 1627 2499 xvm,
1656 2434 1709 2494 4,
1740 2432 1793 2497 5,
1817 2433 1870 2494 7,
1890 2430 1975 2503 76).

560 2507 681 2574 quia
730 2506 887 2586 lucet.
920 2504 1013 2586 luis
1049 2504 1101 2557 in
1148 2504 1379 2586 tenebris
1418 2504 1613 2586 (ιιι.)
1663 2504 1755 2572 5),
1784 2502 1978 2586 excitat

403 2573 588 2629 elisos
621 2592 649 2628 a
697 2575 937 2628 mortuis.
978 2574 1169 2627 lterum
1219 2574 1347 2627 dicit
1396 2573 1495 2639 eis,
1531 2574 1689 2639 Quem
1718 2573 1979 2640 quwritis?

405 2643 605 2706 Iesum,
635 2646 889 2714 inquiunt.
918 2646 983 2698 Et
1004 2645 1076 2698 ait
1101 2646 1223 2708 illis,
1247 2644 1360 2713 Ego
1380 2662 1509 2697 sum.
1528 2644 1573 2697 0
1599 2643 1852 2714 insensati
1879 2641 1975 2714 Juf

410 2714 513 2768 dari
536 2718 549 2767 !
576 2712 958 2784 Interrogastis,
978 2724 1036 2768 et
1055 2712 1349 2777 cecidistis;
1372 2716 1523 2768 levati
1543 2714 1693 2779 estis,
1717 2712 1976 2784 etingrati

404 2786 560 2839 estis.
601 2786 714 2853 Qua
758 2783 850 2839 v05
878 2786 1255 2840 concutiemini
1295 2785 1707 2839 comminatione
1751 2783 1832 2836 vel
1872 2791 1977 2853 ter-

406 2870 551 2916 rore.
579 2856 669 2925 qui
706 2856 770 2909 ad
802 2856 968 2908 solam
1002 2855 1271 2909 cecidistis
1298 2856 1593 2925 simplicem
1636 2854 1856 2925 vocem?
1885 2852 1977 2907 Dic

409 2924 823 2990 lsrael,Venisti
852 2935 1030 2979 tenere
1059 2941 1172 2991 me;
1204 2925 1325 2993 quia
1349 2940 1448 2995 ego
1476 2924 1687 2979 defendi
1717 2932 1767 2977 te
1791 2938 1821 2975 a
1839 2937 1971 2995 per-

406 2996 752 3071 sequentibus
782 3004 831 3049 te
846 2996 875 3071 ?_
898 2995 1107 3071 Utinam
1136 2992 1470 3071 teneres__me,
1505 3004 1559 3050 et
1594 3009 1695 3071 non
1722 2992 1975 3071 perderes

408 3074 482 3120 te.
512 3065 565 3120 In
590 3068 738 3135 aquis
770 3066 993 3134 parietes
1017 3064 1309 3128 construxi,
1338 3066 1559 3120 faculam
1591 3064 1850 3118 columna:
1878 3066 1977 3116 tui-

404 3137 578 3190 cautis
621 3136 787 3201 erexi,
826 3135 1108 3214 ngyptios
1133 3136 1369 3191 caecitate
1395 3135 1652 3204 percussi,
1684 3142 1800 3214 tota.
1820 3142 1975 3214 nocte

450 3221 507 3259 ro
536 3215 586 3259 te
618 3207 840 3275 pugnavi
872 3204 1114 3260 :factum
1136 3214 1218 3261 cst
1255 3221 1441 3269 mane,
1470 3214 1525 3260 et
1569 3204 1804 3275 transisti
1830 3204 1976 3275 inco-

432 3276 571 3330 umis
600 3272 764 3331 mare.
787 3276 921 3330 Male
943 3292 1025 3329 me
1055 3277 1327 3343 quaeritis;
1360 3276 1477 3330 ideo
1509 3274 1798 3329 cecidistis.
1837 3272 1973 3327 Ecce

405 3346 636 3417 quality
662 3347 877 3411 cadunt,
899 3347 988 3417 qui
1018 3348 1154 3401 male
1174 3346 1455 3417 Dominum
1480 3354 1738 3417 quaerunt.

478 3415 532 3469 2.
558 3415 697 3470 Petri
721 3412 1180 3486 lapsus—Ejusdem
1196 3418 1362 3485 ﬂetus.
1386 3412 1617 3470 Tenetur
1633 3416 1845 3486 interea
1870 3412 1974 3467 Do-

410 3486 662 3541 minusad
686 3485 1017 3540 sacerdotum
1032 3488 1319 3556 principem
1347 3485 1712 3555 perducendus
1731 3493 1813 3539 :et
1849 3499 1971 3556 cum

406 3556 651 3626 discipuli
670 3558 987 3621 laberentur,
1008 3554 1511 3626 l’etrus‘promissor
1546 3555 1788 3624 egregius
1812 3554 1975 3626 carpit

404 3627 678 3682 ambulare
716 3627 939 3695 longius,
974 3625 1316 3695 pervenit’ad
1363 3626 1611 3695 principis
1640 3627 1875 3678 domum.
1909 3625 1972 3678 Et

406 3698 531 3766 quia
562 3697 775 3751 Petrum
808 3694 981 3767 frigus
1010 3696 1247 3765 urgebat,
1289 3695 1674 3767 calefaciendus
1716 3694 1972 3767 sollicitus

406 3763 710 3821 assistebat.
749 3763 898 3822 Ecce
924 3768 1011 3820 ille
1035 3763 1124 3836 qui
1160 3768 1287 3821 nihil
1317 3765 1635 3819 infirmitatis
1676 3779 1733 3817 se
1759 3763 1974 3836 putabat

407 3836 626 3901 habere,
676 3838 923 3905 paulatim
966 3835 1130 3905 erepit
1170 3838 1233 3892 ad
1264 3838 1420 3892 verba
1451 3836 1640 3889 medici
1670 3835 1967 3904 pervenire.

407 3906 575 3977 Negat
619 3904 832 3961 territus
857 3904 1144 3970 Christum,
1172 3909 1259 3977 qui
1301 3922 1360 3962 se
1402 3908 1712 3977 promiserat
1739 3904 1970 3977 animam

407 3975 506 4047 pro
538 3992 603 4031 eo
628 3978 940 4046 positurum.
973 3975 1262 4032 Prostraitit
1288 3975 1410 4033 eum
1446 3977 1651 4047 anicula
1679 3975 1967 4043 decrepita,

406 4046 557 4117 quasi
586 4047 762 4117 gravis
798 4048 1079 4125 febricula.
1128 4048 1489 4125 Pressit_eum
1522 4046 1840 4125 lethargicus
1878 4059 1969 4125 so:

410 4115 670 4179 mnus,'et
696 4118 835 4187 cepit
854 4133 974 4172 eum
1002 4133 1176 4187 prteco
1226 4119 1450 4187 impiger
1476 4117 1780 4187 matutinus.
1808 4115 1970 4187 Audit

407 4187 605 4256 gallum
647 4197 966 4252 cantantem,
996 4186 1052 4242 et
1095 4188 1223 4241 vidit
1265 4203 1324 4243 se
1370 4186 1660 4256 discipulus
1692 4186 1968 4256 Dominum

406 4254 712 4335 oﬂ‘endisse.
746 4258 856 4312 Sub
882 4258 1068 4335 ancilla
1092 4259 1253 4335 _C_(Bpit
1279 4254 1673 4335 pondere‘vergi
1702 4264 1864 4335 atque
1874 4254 1970 4335 _de-

410 4329 617 4395 mergi:
647 4344 749 4381 non
776 4338 889 4383 erat
917 4329 1005 4395 qui
1044 4325 1335 4397 adiuvaret,
1380 4328 1481 4382 nisi
1526 4327 1592 4380 de
1632 4325 1971 4380 interioribus

409 4399 642 4467 praetorii
674 4398 886 4453 Petrum
920 4399 1174 4452 Dominus
1198 4400 1535 4467 respexisset.
1559 4397 1690 4451 Cum
1714 4412 1824 4467 nox
1856 4411 1969 4449 tne-

409 4466 499 4522 dia
522 4469 841 4523 declinatum
872 4470 1046 4523 subito
1082 4466 1297 4523 teneret
1320 4470 1612 4532 incursum,
1642 4466 1810 4536 gallus
1838 4480 1970 4519 can-

412 4539 558 4608 tavit,
598 4548 650 4592 et
679 4549 834 4593 nocte
872 4538 1155 4608 naufragus
1186 4539 1479 4607 respiravit.
1508 4537 1733 4591 Contum
1775 4536 1971 4590 invenit

412 4606 533 4661 fidei
583 4609 873 4673 liberalem,
925 4606 1199 4677 quousque
1249 4606 1542 4677 impelleret
1580 4622 1788 4668 navem,
1824 4615 1880 4660 ut
1918 4608 1968 4660 in

410 4678 587 4748 medio
636 4679 969 4747 scopulorum
1024 4688 1231 4748 portum
1285 4687 1545 4747 quzereret
1597 4678 1966 4748 lacrymarum.

413 4747 555 4802 Vidit
583 4746 756 4802 navim
803 4749 978 4803 cordis
1016 4746 1094 4803 sui
1124 4750 1237 4802 sine
1277 4750 1539 4802 mercibus
1568 4746 1761 4800 nudam
1800 4764 1811 4798 :
1844 4746 1971 4802 flere

408 4819 573 4887 cmpit
618 4834 825 4881 amare;
874 4820 995 4887 quia
1050 4820 1324 4872 Dominum
1370 4833 1523 4872 suum
1568 4819 1728 4887 coepit
1768 4832 1967 4870 amare.

409 4886 562 4943 Jesus
592 4890 775 4958 pelago
804 4886 1159 4958 navigatorem
1184 4890 1432 4952 terrebat,
1468 4886 1968 4958 Petrus'deiguber-

409 4957 600 5013 natore
621 4957 955 5013 securitatem
984 4961 1247 5028 sperabat.
1292 4960 1531 5022 Domine,
1568 4958 1736 5027 inquit
1760 4957 1966 5022 Petrus,

412 5028 501 5082 ubi
528 5044 614 5083 me
639 5029 921 5082 dimisisti?
962 5027 1164 5084 Lumen
1188 5039 1332 5082 tuum
1357 5028 1531 5093 video,
1562 5037 1614 5082 te
1656 5027 1827 5081 adhuc
1862 5043 1966 5080 non

411 5098 584 5153 video.
610 5099 817 5153 Lavasti
846 5099 1005 5168 pedes
1032 5114 1198 5162 meos,
1217 5100 1410 5153 tersisti
1434 5100 1595 5152 linteo
1621 5107 1741 5161 tuo;
1774 5097 1970 5168 lumine

409 5176 499 5223 tuo
519 5170 663 5237 aperi
684 5167 867 5223 oculos
896 5184 1042 5223 meos
1069 5187 1080 5221 :
1106 5169 1315 5238 quando
1343 5183 1558 5240 possum
1578 5168 1755 5240 videre
1778 5177 1845 5230 te,
1870 5167 1969 5220 nisi

409 5240 707 5308 respexeris
724 5241 841 5293 me?
870 5240 938 5292 Ita
958 5242 1247 5308 permansit
1273 5241 1321 5293 in
1344 5238 1697 5293 amaritudine
1724 5238 1973 5308 lacryma-

409 5254 707 5308 respexeris
724 5254 841 5293 me!
870 5254 938 5292 Ita
958 5254 1247 5308 permansu
1273 5258 1321 5293 in
1351 5254 1697 5293 amaritudine
1724 5254 1969 5359 tacrpma-

406 5323 545 5374 rum,
575 5324 846 5379 quousque
875 5310 1128 5364 Dominus
1160 5311 1227 5364 de
1254 5312 1745 5379 portiserumperct
1773 5308 1829 5379 in
1850 5323 1969 5379 ero.

410 5392 545 5431 rum.
598 5377 785 5433 Petrus
838 5380 1097 5449 lacrytnas
1136 5377 1268 5435 fudit
1308 5378 1677 5444 confessionis,
1730 5377 1970 5433 etJudas

408 5449 646 5519 osculum
679 5449 895 5519 porrigit
921 5450 1177 5503 falsitatis.

477 5520 529 5570 5.
583 5517 889 5573 Venditionis
907 5521 1092 5574 Christi
1112 5520 1416 5587 pretium.—
1437 5517 1608 5583 Orate,
1627 5518 1794 5587 inquit
1809 5517 1968 5571 disci-

406 5589 563 5656 pulis,
594 5606 657 5642 ne
682 5591 874 5643 intretis
899 5592 949 5643 in
977 5592 1293 5643 tentationem
1325 5589 1534 5659 (Matth.
1566 5605 1708 5649 xxvu,
1738 5590 1852 5657 41).
1887 5590 1970 5640 ln-

406 5660 583 5727 quieta
612 5675 712 5713 nox
744 5661 793 5713 in
833 5659 1007 5728 fugam
1046 5660 1293 5729 compulit
1330 5662 1635 5727 piscatores.
1676 5660 1861 5711 Pastor
1892 5669 1967 5711 te-

406 5737 581 5795 netur,
628 5740 681 5784 et
727 5731 911 5785 Petrus
941 5731 1200 5784 turbatur.
1245 5730 1359 5798 Ipse
1398 5739 1575 5798 pastor
1619 5729 1783 5783 tristis
1831 5738 1964 5789 crat,

406 5800 579 5854 anima
630 5801 744 5870 ejus
778 5802 1033 5869 turbatur,
1085 5801 1329 5857 divinitas
1378 5803 1688 5856 ilicolicmsa
1738 5800 1963 5856 liL'lilllll'.

1858 345 2084 403 SERMO
2120 345 2247 402 CLI.

3534 359 3683 415 2033'

2114 463 2237 519 Orat
2267 465 2447 541 semel,
2481 474 2594 519 orat
2619 475 2673 541 et
2714 468 2920 541 iterum,
2952 478 3210 540 tertioque
3236 482 3497 541 precatur.
3529 476 3668 530 Tan-

2099 550 2256 602 quam
2289 536 2477 613 aquila
2498 537 2702 613 tegebat
2728 537 2906 593 nidum
2943 554 3095 594 suum
3128 536 3429 598 vela—mento
3465 560 3665 613 penna-

2100 620 2249 681 rum;
2280 614 2333 659 et
2362 606 2618 659 sollicitus
2645 623 2775 681 cum,
2812 620 3078 674 oraverat,
3116 613 3180 665 ad
3223 616 3392 681 pullos
3428 606 3663 671 reverte-

2098 674 2268 749 batur,
2303 687 2515 749 propter
2540 692 2672 746 quos
2716 680 2977 734 tristitiam
3006 674 3319 749 patiebaiur.
3351 684 3665 740 Obtulerunt

2096 743 2269 819 Judzei
2310 743 2521 819 triginta
2548 743 2843 817 argenteos.
2888 750 2979 803 llic
3008 743 3109 804 'tali
3141 755 3308 819 pretio
3335 755 3493 809 debet
3518 772 3664 809 com-

2096 816 2295 883 parari,
2328 818 2411 889 cui
2439 831 2548 889 non
2615 828 2787 885 potest
2818 821 3009 889 aliquid
3038 816 3305 877 :estimari.
3334 824 3491 888 Bene,
3532 827 3665 889 Syn-

2094 899 2257 960 δεθείη
2284 927 2297 952 ,
2333 888 2809 960 ιτῑεὶηιειμειηῐρνρς
2855 894 3055 958 argenti
3105 895 3355 960 pensasti,
3399 897 3521 949 dum
3569 888 3667 951 Dei

2095 954 2287 1009 Filium
2311 954 2670 1035 __susperi_disti.
2693 960 2846 1035 _Abiit
2894 954 3020 1035 ergo
3068 954 3251 1035 ludas,
3283 954 3353 1019 et.
3389 966 3577 1035 laqueo
3606 984 3663 1021 se

2094 1026 2388 1095 suspendit.
2436 1028 2583 1104 Vide,
2607 1028 2759 1104 inda,
2785 1026 3097 1104 sententiam
3124 1026 3318 1087 divinae
3344 1026 3657 1104 majestatis,

2093 1110 2211 1164 qua:
2244 1105 2296 1151 te
2330 1098 2502 1165 puniri
2542 1100 2710 1153 noluit
2750 1101 2992 1156 manibus
3034 1103 3239 1157 alienis.
3276 1098 3479 1159 Pendes
3507 1108 3556 1159 iu
3586 1098 3661 1161 la;

2091 1176 2330 1244 queouet
2358 1178 2631 1244 argentum
2660 1170 2799 1244 jacet
2830 1172 2879 1224 in
2914 1174 3127 1241 templo.
3162 1174 3345 1229 Nullus
3366 1178 3663 1244 gratulatur

2092 1238 2159 1315 de
2202 1238 2680 1315 talincommcrcio;
2710 1242 2832 1315 quia
2863 1238 3173 1315 sacrilegum
3205 1238 3505 1313 pronuntiat
3536 1262 3657 1315 prc-

2093 1306 2400 1385 ιίυιιιηΝοη
2429 1309 2543 1385 licet
2590 1306 2741 1385 mitti
2764 1313 2816 1385 in
2869 1306 3154 1385 corbonam.
3184 1306 3417 1383 quoniam
3449 1306 3660 1385 pretium

2092 1378 2351 1451 sanguinis
2378 1389 2467 1432 est.
2503 1379 2641 1435 Ecce
2679 1379 2979 1436 JlldJBOl‘Ulll
3012 1378 3316 1451 improbitas
3340 1378 3657 1441 condemnat

2090 1446 2402 1523 admissum,
2436 1457 2620 1523 etnon
2649 1451 2968 1505 condemnat
2993 1446 3347 1523 sacrilegium.
3376 1456 3429 1510 Si
3470 1458 3659 1512 tollere

2090 1530 2195 1590 non
2227 1518 2349 1572 licet
2371 1520 2617 1586 pretium,
2642 1536 2739 1575 cur
2777 1523 2994 1590 implere
3025 1518 3241 1578 festinas
3270 1526 3656 1580 homicidium?

2091 1588 2205 1662 Aut
2239 1591 2463 1662 pretium
2511 1590 2806 1645 innocentis
2851 1588 3121 1662 sanguinis
3149 1596 3199 1647 in
3226 1596 3510 1649 corbonam
3554 1613 3657 1651 non

2088 1654 2281 1729 licebat
2323 1661 2552 1723 mittere,
2589 1662 2757 1729 ipsum
2789 1654 3126 1718 innocéutcm
3160 1666 3349 1719 licebat
3375 1666 3658 1720 occidere?

2089 1726 2349 1805 finierunt,
2381 1730 2566 1805 inquit,
2598 1726 2776 1801 agrum
2813 1735 2865 1786 in
2908 1734 3223 1802 sepulturam
3252 1737 3653 1805 peregrinorum.

2087 1796 2295 1875 Invenit
2319 1796 2547 1875 tandem_
2585 1796 2736 1875 mens
2764 1818 2901 1875 czeca
2946 1796 3261 1858 remedium:
3293 1796 3388 1859 Adv
3417 1808 3655 1875 requiem

2090 1869 2489 1943 peregrinorum
2517 1870 2805 1943 salvatoris
2828 1873 3077 1943 deputant
3111 1877 3354 1943 pretium.
3380 1869 3528 1931 Licet
3549 1893 3653 1931 non

2086 1949 2394 2009 agnoscant,
2422 1940 2671 2009 impletur
2697 1952 2868 1997 tamen
2901 1940 3141 2009 mysterii
3173 1957 3581 2000 sacramentum.

2155 2010 2207 2062 4.
2248 2008 2509 2085 App_ttrettt
2521 2012 2663 2081 signa
2685 2014 2737 2085 in
2759 2028 2916 2085 morte
2932 2008 3075 2069 Iesu.
3094 2014 3436 2085 Interrogavit
3454 2016 3657 2071 Pilatus

2084 2077 2301 2153 {estin}.
2340 2079 2416 2153 Tu
2463 2097 2514 2134 es
2542 2077 2643 2153 rex
2668 2082 3005 2137 Judatorum?
3051 2087 3113 2138 Et
3145 2077 3323 2153 Iesus:
3354 2085 3430 2139 Tu
3459 2088 3651 2140 dixisti.

2085 2148 2283 2222 Qui_ait
2314 2150 2486 2222 vulgo,
2526 2151 2684 2215 Quem
2714 2154 2862 2207 uultis
2886 2156 3134 2207 dimittam
3159 2148 3315 2220 vobis,
3344 2155 3649 2222 Barabbam,

2083 2235 2149 2271 an
2176 2217 2350 2295 Iesum
2368 2217 2635 2295 f'yttlgus
2662 2222 2871 2295 clamat,
2891 2223 3267 2295 Cruciﬁgatur!
3292 2217 3334 2280 0
3358 2217 3651 2281 inordinata

2087 2290 2671 2365 nequitia_jn_dicantisl
2721 2290 3439 2365 Pronuntiat'innocentem;
3473 2305 3527 2351 et
3556 2298 3652 2351 cli-

2082 2360 2449 2435 geuditribuit
2479 2360 2803 2435 facultatem.
2853 2364 3017 2417 Multa
3062 2366 3194 2418 enim
3235 2382 3346 2420 sum
3376 2360 3526 2435 passa
3563 2384 3654 2435 pro

2070 2428 2215 2498 justo
2233 2430 2337 2500 isto
2366 2431 2460 2483 hac
2490 2442 2650 2498 nocte,
2674 2434 2790 2500 ejus
2817 2436 3008 2488 mulier
3029 2435 3262 2488 mandat.
3296 2435 3349 2489 In
3376 2428 3654 2493 'nativitate

2082 2499 2277 2576 mundi
2316 2515 2450 2555 uxor
2493 2502 2638 2556 ducit
2685 2499 2855 2576 virum
2909 2504 2972 2558 ad
3003 2514 3259 2569 mortem;
3311 2507 3360 2559 in
3406 2508 3667 2576 passione

2084 2568 2279 2645 Christi
2336 2586 2470 2625 uxor
2516 2583 2769 2645 provocat
2795 2575 2858 2627 ad
2901 2576 3125 2630 salutem
3176 2594 3187 2627 :
3230 2568 3338 2630 illic
3391 2568 3653 2645 serpentis

2082 2639 2347 2713 subtilitas
2377 2639 2697 2710 prmcipitat;
2724 2643 2809 2697 hic
2832 2655 3002 2700 terror
3021 2646 3289 2713 angelicas
3314 2639 3563 2700 revocat:
3596 2657 3651 2701 ut

2082 2708 2203 2764 inde
2232 2708 2489 2787 inciperet
2517 2708 2690 2787 venia,
2734 2714 2872 2787 unde
2912 2708 3158 2787 videntur
3183 2717 3489 2785 prorupisse
3530 2732 3653 2787 pec-

2079 2788 2215 2834 cata.
2245 2781 2392 2849 Aqua
2422 2796 2609 2835 manus
2638 2784 2793 2848 lavat,
2822 2785 3026 2850 dicens,
3058 2781 3309 2839 Iuno—cens
3333 2781 3444 2839 sum
3472 2803 3503 2839 a
3529 2781 3651 2842 san-

2078 2850 2229 2918 guine
2272 2850 2424 2920 hujus
2459 2922 2469 2927 _
2479 2854 2609 2927 justi
2664 2853 2870 2927 (Matth.
2924 2856 3511 2927 xxvu)._rllluminatur
3555 2873 3653 2927 per

2079 2922 2563 2999 aqum-mysterium
2588 2923 2779 2999 judicis
2803 2940 3012 2999 sensus,
3042 2936 3096 2979 et
3123 2924 3390 2999 Christum
3417 2922 3653 2999 pronun-

2083 2990 2179 3065 t_ia_t_
2229 2990 2450 3065 justum,
2482 3000 2538 3045 ut
2560 2990 2810 3062 populum
2852 2995 3048 3050 faceret
3081 3011 3250 3049 reum.
3286 2990 3525 3065 Magnum
3555 2998 3649 3052 tibi

2078 3058 2253 3113 delicti
2285 3061 2520 3116 vindicas
2550 3058 2920 3135 principatum.
2940 3067 3075 3120 Ecce
3091 3066 3251 3135 judex
3276 3058 3568 3122 Salsatoris
3590 3084 3649 3123 se

2076 3142 2259 3184 amore
2289 3140 2531 3206 excusat;
2584 3134 2899 3206 ct_traditor
2946 3150 3004 3189 se
3048 3134 3169 3190 cum
3205 3136 3403 3191 Judzeis
3440 3139 3649 3206 propria

2076 3213 2207 3275 voce
2250 3201 2615 3275 condemnat,
2646 3203 2833 3259 Omnia
2885 3214 3009 3260 sunt
3053 3207 3315 3261 elementa
3365 3201 3601 3275 permota
3631 3250 3645 3274 ,

2075 3269 2269 3345 uelum
2300 3286 2404 3345 non
2432 3280 2515 3327 est
2533 3274 2789 3345 quietum,
2822 3290 2941 3329 cum
2963 3286 3120 3345 caput
3150 3269 3482 3331 Dominicum
3508 3269 3649 3333 cola;

2076 3339 2195 3408 phis
2237 3339 2567 3397 verberaturl
2620 3343 2735 3398 Non
2767 3339 2911 3400 euria
2956 3339 3193 3402 cuilestis
3237 3348 3375 3403 caelo
3400 3356 3646 3402 contenta

2078 3412 2385 3477 permansit,
2419 3413 2539 3480 quia
2568 3414 2618 3468 in
2650 3417 3004 3471 commotione
3044 3417 3279 3471 fuerunt.
3311 3418 3442 3473 Caeli
3484 3418 3646 3471 lumi-

2075 3480 2221 3533 naria
2246 3482 2649 3549 conturbantur,
2690 3496 2742 3539 et
2768 3486 2834 3539 de
2860 3487 3173 3540 stationibus
3204 3489 3315 3542 suis
3340 3488 3507 3542 stellte
3535 3491 3647 3541 sut-

2076 3549 2294 3627 phurcte
2321 3552 2517 3606 cadunt
2563 3554 2615 3607 in
2662 3556 2885 3627 lapsum.
2936 3557 3085 3626 Ligni
3132 3558 3351 3626 cuspide
3389 3559 3649 3627 rumpitur

2074 3619 2367 3695 Golgotha,
2425 3634 2676 3695 resonant
2716 3619 2908 3680 ’mallei
2971 3619 3290 3695 sécuresque
3339 3619 3644 3693 caedentes,

2075 3690 2386 3765 scinduntur
2427 3694 2623 3748 montis
2669 3697 2858 3749 sacrati
2906 3705 3071 3765 petra:
3100 3714 3112 3751 :
3145 3690 3234 3752 ille
3283 3698 3428 3753 solus
3457 3690 3646 3752 Petrus

2074 3760 2162 3829 qui
2192 3759 2362 3816 fuerat
2383 3777 2542 3837 super
2570 3775 2794 3837 petram,
2818 3759 3062 3837 tanquam
3091 3766 3143 3821 in
3163 3768 3377 3822 mollem
3408 3777 3651 3822 tenuem-

2073 3845 2177 3906 que
2204 3845 2418 3906 arenam
2449 3834 2751 3889 solvebatur
2770 3852 2841 3890 ex
2866 3834 3035 3905 petra.
3062 3837 3217 3891 Latro
3236 3839 3441 3893 veniam
3468 3840 3642 3906 petiit,

2073 3899 2270 3978 deitate
2293 3903 2546 3978 largiente
2573 3908 2828 3978 percepit.
2857 3899 2947 3961 ille
2971 3908 3053 3961 sui
3081 3910 3386 3963 meminisse
3412 3899 3644 3978 rogavit;

2075 3970 2317 4027 Salvator
2345 3970 2397 4027 in
2426 3970 2671 4043 paradiso
2702 3970 2879 4031 secum
2921 3979 3131 4032 venisse
3158 3978 3422 4048 promisit.

2605 4071 2833 4128 δεηΜο
2870 4074 2977 4128 CLI
3019 4073 3118 4145 (α).

2513 4169 2581 4213 De
2599 4165 2821 4214 Passionc
2843 4165 3043 4225 Domini,
3062 4180 3093 4215 ιι
3117 4164 3205 4228 (b).

2146 4264 2194 4318 1.
2232 4262 2461 4319 Christus
2486 4280 2577 4319 cur
2605 4267 2778 4321 tristis.
2810 4267 3056 4336 Suscepit
3086 4268 3339 4321 Dominus
3383 4268 3646 4322 tristitiam

2074 4343 2330 4406 nostram,
2355 4344 2416 4406 ut
2446 4336 2597 4389 nobis
2623 4338 2905 4406 largiretur
2928 4338 3160 4391 Ιςιιιίιίειιη
3190 4353 3358 4391 suam.
3394 4338 3460 4391 Et
3486 4340 3646 4393 vesti-

2073 4404 2172 4472 giis
2203 4405 2395 4460 nostris
2422 4404 2894 4477 descendit—usque
2920 4408 2986 4461 ad
3028 4408 3213 4462 mortis
3228 4423 3561 4477 utrumnam,
3591 4422 3648 4463 ut

2073 4490 2171 4547 nos
2200 4477 2309 4529 suis
2335 4477 2570 4547 vestigiis
2599 4476 2871 4533 revocaret
2901 4478 2965 4531 ad
2994 4480 3175 4532 vitam.
3217 4476 3527 4544 Percutiant,
3561 4482 3645 4533 in-

2073 4545 2204 4621 quit,
2226 4545 2494 4621 mstoreitt,
2529 4557 2574 4600 et
2594 4548 2943 4617 dispergentur
2957 4565 3067 4602 oves
3082 4548 3245 4621 gregis
3269 4548 3478 4621 (Matth.
3497 4566 3644 4616 xxw,

2073 4615 2182 4687 5i).
2235 4616 2421 4671 Tristis
2476 4627 2627 4683 erat,
2678 4615 2805 4685 quia
2854 4634 2950 4673 nos
2994 4615 3238 4687 parvulos
3278 4615 3641 4687 relinquebat.

2074 4685 2263 4758 Anima
2292 4688 2456 4741 tristis
2481 4697 2594 4741 erat
2621 4704 2725 4742 non
2757 4704 2849 4757 pro
2875 4704 2967 4743 sua
2995 4685 3261 4757 passione,
3292 4690 3383 4743 sed
3424 4685 3516 4758 pro
3547 4706 3643 4744 no-

2073 4763 2184 4809 stra
2205 4755 2552 4829 dispersione.
2570 4755 2894 4813 Proditorem
2911 4755 3093 4813 osculo
3110 4761 3332 4813 libenter
3346 4755 3609 4829 suscepit‘
3630 4779 3643 4826 ;
3698 4814 3701 4821 ,

2075 4840 2178 4878 non
2206 4827 2328 4896 quia
2358 4827 2495 4881 Deus
2528 4828 2619 4882 Dei
2646 4829 2810 4884 Filius
2838 4841 3063 4883 mortem
3105 4831 3354 4894 timebat,
3388 4831 3483 4885 sed
3506 4827 3646 4897 quia
3695 4858 3699 4871 ι

2075 4910 2172 4966 nec
2203 4897 2369 4950 malus
2394 4914 2485 4965 pro
2512 4912 2569 4951 se
2595 4900 2763 4966 perire
2793 4900 3020 4952 volebat.
3048 4900 3188 4952 Juda
3209 4940 3221 4962 ,
3253 4901 3424 4954 osculo
3456 4900 3649 4955 Filium

2075 4965 2289 5039 hominis
2316 4968 2473 5039 tradis
2503 4965 2649 5039 (Luc.
2680 4985 2791 5022 xxu
2817 5012 2832 5032 ,
2860 4969 2987 5039 48)?
3019 4970 3341 5039 Fungebaris
3370 4970 3647 5039 disciplina

2075 5035 2312 5107 virtutis,
2354 5047 2407 5090 et
2444 5035 2734 5107 discipulus
2776 5035 2941 5093 factus
2981 5056 3040 5095 es
3081 5035 3287 5095 consilii
3318 5035 3649 5107 iniquitatis?

2074 5104 2307 5181 Ofﬁc_io__’_
2336 5104 2641 5181 sanguine—tn
2680 5108 2890 5161 fundis?
2928 5126 3020 5177 pro
3058 5112 3279 5181 pignore
3304 5104 3501 5165 amoris
3528 5112 3647 5165 vul-

2076 5191 2173 5230 nus
2202 5176 2429 5245 inﬂigis?
2460 5178 2601 5246 pacis
2626 5176 2937 5247 argumento
2964 5176 3187 5234 mortem
3216 5182 3497 5235 immittis?
3526 5196 3645 5235 ser-

2076 5261 2170 5299 vus
2202 5247 2481 5301 Dominum
2523 5247 2716 5317 tradis,
2748 5250 3036 5319 discipulus
3070 5254 3378 5322 magistrum
3422 5252 3651 5321 prodis?

2138 5378 2155 5445 ξ
2181 5378 2465 5445 Ambrosius,
2485 5376 2742 5445 Charitutis
2763 5378 2933 5445 oﬂicio.

2138 5440 2157 5469 ³
2181 5439 2482 5505 Horum_loc_o
2500 5476 2514 5499 ,
2554 5439 2850 5492 Proditorem
2870 5444 3047 5505 osculo,
3071 5450 3186 5504 etc.,
3205 5444 3255 5493 in
3277 5445 3506 5495 Ambrosii
3520 5451 3653 5494 Com-

2075 5502 2321 5550 mentariis
2361 5500 2569 5564 legitur,
2617 5505 2838 5568 Transfer
2884 5504 3008 5555 hunc
3031 5500 3229 5557 calicem
3251 5518 3281 5555 a
3314 5518 3391 5555 me
3412 5518 3507 5557 non
3539 5506 3653 5571 quia

2078 5571 2203 5611 Deus
2222 5597 2234 5620 ,
2256 5574 2275 5609 ε
2289 5570 2350 5611 ιο.

2138 5624 2210 5745 (ag
2242 5624 2388 5678 oliui.
2415 5624 2477 5673 de
2498 5633 2735 5687 Tempore
2760 5627 2877 5688 ll7;
2904 5635 3096 5688 etpost,
3125 5629 3173 5676 in
3200 5628 3469 5687 Appendlce
3490 5630 3566 5679 45.

2162 5685 2187 5731 b
2240 5691 2432 5735 Constat
2475 5686 2689 5737 frustulis
2728 5702 2791 5737 ex
2810 5690 3052 5737 Ambrosio
3088 5690 3136 5736 in
3176 5696 3341 5736 Lucam
3358 5702 3462 5745 cap.
3488 5691 3566 5739 9.2-

2162 5685 2209 5745 b)
2240 5691 2432 5752 Constat
2475 5685 2689 5752 frustulis
2728 5702 2791 5737 ex
2810 5685 3052 5737 Ambrosio
3088 5690 3136 5736 in
3176 5685 3341 5752 Lucam
3358 5702 3462 5752 cap.
3488 5690 3651 5744 9.2-2t.

2075 5746 2320 5813 decerptis
2344 5761 2355 5795 :
2383 5761 2492 5809 quae
2538 5750 2662 5813 apud
2699 5752 2993 5800 Ambrosium
3040 5764 3135 5799 non
3172 5746 3445 5812 reperimus
3473 5786 3501 5813 ,ν
3525 5758 3657 5801 uncis

2078 5808 2461 5871 distinguuntur.
