4156 6374
351 357 493 417 2011

353 487 493 544 opus
519 478 634 544 erat
662 467 879 544 ei_loqu_i
908 475 1032 544 ante
1054 467 1346 544 judicium,
1375 468 1456 524 cui
1487 469 1656 544 ipsum
1678 471 1937 544 judicium

353 539 477 601 erat
501 543 655 614 plena
680 539 937 614 victoria?
962 540 1132 594 Vincit
1157 556 1306 614 ergo,
1342 554 1462 595 cum
1487 539 1757 614 judicatur
1775 543 1937 614 Chri-

352 624 474 670 stus
493 611 515 678 ;’
531 612 652 683 quia
679 613 755 665 sic
782 611 1043 665 innocens
1061 611 1385 683 approbatur
1412 629 1425 663 :
1451 612 1691 683 undeait
1710 613 1933 678 Pilatus,

354 681 608 740 Innocens
630 698 719 753 ego
744 698 855 753 sum
876 698 908 733 a
926 682 1171 750 sanguine
1199 681 1351 751 hujus
1379 683 1507 752 justi
1534 682 1745 753 (Matth.
1769 699 1935 744 xxvn,

351 754 472 826 24).
500 752 684 809 Melior
707 761 789 826 est
814 752 971 826 igitur
1010 766 1169 826 causa
1210 768 1328 820 quae
1366 767 1473 807 non
1514 752 1818 826 defenditur
1840 794 1856 820 ,
1885 762 1939 809 et

352 821 613 897 probatur
640 841 654 879 :
685 823 894 897 plenior
912 821 1113 897 juSt_itia
1138 862 1152 887 ,
1181 837 1299 897 qua:
1328 838 1434 877 non
1457 824 1633 878 verbis
1660 826 1934 897 astruitur,

352 892 453 951 Sed
481 892 703 950 veritate
743 892 973 947 fulcitur.
1001 892 1195 947 Taceat
1234 893 1405 961 lingua
1446 908 1663 950 necesse
1702 904 1817 959 est,
1847 895 1936 949 ubi

353 967 473 1036 ipsa
498 965 694 1036 veritas
712 964 810 1036 sibi
837 962 987 1017 adest
1022 981 1035 1016 :
1060 971 1230 1036 taceat
1250 963 1425 1031 lingua
1448 964 1499 1017 in
1524 964 1664 1019 bono
1696 966 1930 1034 negotio,

396 1052 481 1107 nte
507 1036 561 1107 in
587 1034 761 1107 malas
781 1033 858 1107 (a)
887 1047 1076 1107 causas
1104 1033 1344 1107 obtinere
1374 1036 1677 1107 consuevit.
1701 1033 1833 1107 Nolo
1859 1037 1937 1107 sic

396 1053 481 1091 ua:
507 1053 561 1090 111
587 1053 755 1089 malas
781 1053 858 1107 (α)
887 1053 1076 1089 causas
1104 1053 1344 1088 ODIIHBI'B
1383 1053 1677 1090 (εοιιδιιθνιι.
1701 1053 1833 1090 ΝΟΙΟ
1859 1053 1934 1090 SIC

351 1053 569 1163 defendi
593 1104 876 1174 justitiam,
900 1103 1036 1158 sicut
1060 1103 1199 1157 solet
1225 1103 1474 1174 iniquitas
1493 1107 1757 1161 excusari.
1782 1105 1934 1172 Quod

350 1178 520 1233 vincit
546 1176 789 1231 Christus
807 1215 822 1241 ,
852 1189 958 1229 non
984 1174 1241 1228 orationis
1266 1184 1368 1241 est,
1392 1175 1484 1228 sed
1514 1176 1746 1231 virtutis.
1770 1176 1936 1231 Scivit

349 1250 500 1302 enim
535 1246 809 1313 Salvator,
849 1243 939 1315 qui
979 1253 1062 1299 est
1092 1244 1349 1315 sapientia
1369 1287 1383 1311 ,
1415 1246 1680 1314 quomodo
1709 1247 1934 1302 tacendo

350 1319 630 1380 vinceret,
659 1315 927 1385 quomodo
955 1330 1063 1369 non
1090 1315 1461 1382 respondendo
1486 1327 1763 1385 superaret
1803 1335 1815 1370 :
1849 1327 1929 1371 at-

392 1404 461 1443 ue
501 1387 621 1443 ideo
658 1401 874 1441 causam
919 1400 1084 1457 suam
1116 1386 1303 1454 maluit
1345 1388 1721 1455 comprobare,
1774 1404 1930 1457 quam

392 1406 461 1443 ue
501 1406 621 1443 1080
658 1406 874 1441 causam
919 1406 1069 1439 suam
1116 1406 1303 1454 Illalllll
1345 1406 1721 1455 COIIIPI'ODBI'B,
1774 1406 1930 1457 quatn

351 1406 559 1515 dicere.
585 1457 715 1525 Quze
739 1458 881 1511 enim
908 1470 994 1510 res
1033 1455 1180 1527 illum
1216 1457 1561 1527 compelleret
1597 1458 1663 1512 ad
1708 1459 1932 1527 loquen-

350 1530 518 1593 dum,
559 1544 678 1583 cum
726 1526 938 1581 silentio
979 1525 1108 1581 satis
1152 1525 1420 1582 sufficeret
1465 1527 1534 1582 ad
1579 1525 1932 1584 vincendum?

352 1599 606 1655 Fortasse
635 1608 809 1653 metus
848 1611 968 1652 eum
998 1606 1242 1667 cogeret,
1285 1613 1354 1652 ne
1392 1598 1615 1652 salutem
1654 1599 1929 1668 perderet,

354 1671 457 1724 nisi
501 1669 643 1739 quod
682 1670 794 1739 ipsa
824 1675 939 1721 erat
980 1676 1088 1720 tota
1126 1681 1284 1723 causa
1313 1668 1569 1723 victoriae.
1598 1668 1759 1723 Suam
1787 1670 1930 1725 enim

353 1738 581 1795 salutem
614 1738 878 1809 perdidit,
907 1747 962 1792 ut
986 1738 1223 1809 salutem
1252 1739 1487 1793 omnium
1529 1739 1842 1795 lucraretur.
1873 1739 1929 1794 In

351 1825 415 1866 se
444 1811 582 1864 vinci
612 1807 832 1875 maluit,
864 1818 919 1862 ut
949 1807 1117 1861 victor
1141 1818 1283 1863 esset
1307 1809 1357 1862 in
1388 1809 1609 1865 cunctis.

424 1880 480 1934 2.
514 1880 754 1952 Susanna
770 1879 994 1952 castitate
1021 1878 1248 1952 defensa.
1278 1878 1511 1952 udicem
1543 1880 1785 1952 virginem
1828 1897 1932 1936 ute-

352 1961 512 2005 retur.
541 1951 644 2005 Sed
667 1949 791 2020 quid
811 1949 878 2004 de
924 1949 1034 2004 Deo
1060 1949 1271 2003 Christo
1293 1950 1515 2018 loquar?
1544 1949 1781 2006 Susanna
1810 1968 1929 2006 mu-

354 2023 457 2077 lier
480 2022 879 2092 inimicosisuos
906 2020 1068 2092 tacuit
1118 2028 1175 2074 et
1218 2020 1405 2075 vicit‘.
1442 2021 1556 2075 Non
1605 2024 1744 2077 enim
1792 2024 1929 2092 apud

353 2093 626 2147 Danielem
649 2091 880 2160 judicem
906 2090 1189 2144 verborum
1220 2105 1279 2145 se
1308 2092 1514 2146 ratione
1537 2092 1788 2155 defendit,
1822 2090 1927 2147 non

354 2163 635 2233 patrocinii
662 2175 911 2216 sermone
941 2168 1102 2214 tutata
1125 2168 1209 2233 est
1239 2177 1251 2213 :
1284 2161 1378 2233 sed
1424 2162 1477 2215 in
1507 2172 1688 2216 sancta
1736 2164 1930 2218 femina

355 2230 568 2288 iacente
594 2233 793 2303 lingua,
826 2245 1021 2303 proca
1069 2230 1286 2303 castitas
1338 2230 1669 2301 loquebatur.
1704 2235 1930 2288 Castitas

354 2304 499 2360 enim
522 2300 781 2358 Susanna:
801 2302 967 2356 adfuit
990 2300 1042 2354 in
1063 2301 1285 2369 judicio,
1317 2300 1433 2370 quae
1460 2318 1577 2356 eam
1606 2303 1844 2359 defendit
1872 2305 1926 2358 in

354 2374 638 2443 paradiso:
668 2373 739 2427 ibi
766 2372 908 2427 enim
936 2370 1122 2443 pudori
1139 2371 1254 2441 ejus
1265 2372 1536 2443 consuluit
1564 2416 1579 2439 ,
1611 2374 1698 2429 hic
1736 2374 1925 2439 saluti;

353 2440 445 2511 ibi,
474 2461 545 2500 ne
569 2444 921 2498 macularetur
946 2440 1235 2511 pudicitia;
1264 2442 1371 2505 hic,
1403 2458 1472 2497 ne
1508 2444 1807 2499 innocentia
1835 2445 1928 2499 da-

355 2510 650 2569 mnaretur.
677 2513 902 2586 castitas
922 2510 1063 2567 enim
1082 2510 1368 2586 __Susann_:e
1388 2521 1441 2586 et
1466 2516 1803 2586 presbyteros
1832 2515 1931 2569 im-

356 2585 579 2655 pudicos
607 2584 909 2655 convicitiu
939 2583 1205 2655 paradiso,
1232 2592 1288 2655 et
1317 2584 1368 2637 in
1390 2585 1589 2653 judicio
1627 2583 1800 2640 falsos
1836 2601 1929 2640 ac-

352 2665 626 2710 cusatores
650 2654 910 2718 obtinuit;
938 2654 1123 2721 bisque
1142 2654 1334 2709 victrix
1357 2669 1477 2709 reos
1508 2655 1632 2710 facit
1680 2657 1921 2711 testimo-

354 2726 449 2790 nii,
481 2742 618 2796 quos
637 2740 760 2781 reos
794 2724 993 2796 fecerat.
1028 2724 1275 2796 adulterii
1305 2742 1319 2778 :
1352 2734 1510 2794 atque
1548 2726 1759 2782 tandem
1785 2727 1928 2795 judi-

353 2811 468 2850 cem
500 2794 741 2851 meretur
767 2794 984 2850 castitas
1039 2795 1311 2866 Danielcm
1353 2811 1575 2865 puerum
1616 2794 1882 2866 juniorem
1910 2840 1926 2864 ,

353 2866 580 2937 necdum
602 2866 942 2937 pubescentis
966 2866 1158 2937 :rlatis.
1178 2864 1410 2937 Multum
1436 2866 1591 2935 igitur
1611 2864 1678 2923 de
1700 2869 1810 2922 Deo
1827 2884 1928 2936 pu-

351 2936 531 2991 dicitia
556 2935 917 3005 consequitur,
951 2950 1069 3007 cum
1098 2935 1331 3007 judicem
1364 2936 1621 3005 virginem
1652 2935 1926 3007 promerc-

354 3017 461 3063 tur.
489 3007 686 3062 Secura
710 3006 851 3060 enim
874 3005 1300 3077 estdeuvictoria
1325 3008 1559 3072 castitas,
1604 3005 1686 3063 cui
1714 3019 1796 3063 est
1845 3008 1929 3077 ju-

353 3078 594 3133 dicatura
617 3078 909 3144 virginitas.
952 3075 1223 3130 Pudicitiae
1256 3088 1435 3130 autem
1483 3093 1672 3134 causas
1718 3080 1817 3132 nisi
1847 3075 1931 3133 vir

354 3150 579 3217 pudicus
616 3147 799 3201 audire
854 3162 961 3200 non
1011 3146 1212 3200 debuit.
1257 3146 1440 3201 Talem
1480 3151 1621 3203 enim
1670 3151 1927 3204 arbitrum

355 3216 592 3273 meretur
618 3217 950 3286 castimonia,
978 3216 1114 3287 apud
1136 3231 1293 3286 quem
1311 3232 1417 3272 non
1437 3219 1763 3289 periclitetur
1779 3235 1931 3275 vere-

354 3289 566 3343 cundia.

423 3361 478 3415 5.
515 3358 740 3413 Danielis
758 3366 803 3412 et
826 3356 983 3411 Pilati
1002 3357 1146 3429 idem
1169 3358 1446 3428 judicium.
1480 3360 1641 3415 Pilati
1668 3362 1925 3429 iniquitas.

354 3430 577 3500 Cognito
606 3430 762 3499 igitur
793 3429 974 3483 Daniel
991 3428 1245 3484 Susanna:
1274 3431 1507 3500 negotio,
1540 3448 1661 3487 cum
1692 3428 1809 3487 eam
1841 3432 1927 3485 fal-

354 3502 428 3555 sis
448 3500 874 3555 accusationibus
899 3500 1056 3553 vellet
1081 3500 1230 3569 plebs
1257 3500 1501 3569 imperita
1526 3502 1779 3557 damnare
1805 3544 1819 3567 ,
1856 3502 1929 3556 ait

356 3570 495 3644 idem
509 3589 541 3644 Δε
576 3570 802 3644 Mundus
833 3586 922 3640 ego
948 3587 1063 3644 sunt
1085 3587 1115 3621 a
1138 3572 1382 3644 sanguine
1426 3573 1587 3644 hujus?
1604 3573 1624 3644 (
1643 3573 1775 3625 Dan.
1798 3588 1892 3626 xm
1910 3615 1924 3639 ,

355 3641 474 3712 46).
494 3641 612 3708 Quo
638 3640 801 3705 dicto,
822 3640 1098 3712 peccantis
1128 3643 1306 3709 populi
1349 3640 1624 3697 revocavit
1666 3658 1925 3697 errorem.

356 3709 466 3766 llac
508 3727 635 3780 ergo
668 3725 798 3766 voce
827 3709 978 3765 'circa
1029 3709 1324 3781 Susannam
1366 3713 1550 3768 Daniel
1590 3715 1773 3775 utitur,
1825 3728 1926 3781 qua

354 3783 497 3837 circa
531 3781 813 3836 Dominum
843 3795 971 3835 usus
995 3790 1077 3834 est
1102 3780 1322 3836 Pilatus.
1368 3781 1457 3837 Ait
1506 3784 1647 3838 enim
1694 3780 1924 3844 Pilatus.

358 3852 593 3923 Mundus
618 3869 706 3922 ego
730 3868 841 3905 sunt
869 3868 900 3904 a
920 3852 1161 3923 sanguine
1187 3852 1336 3921 hujus
1347 3853 1479 3923 justi
1501 3854 1519 3923 (
1542 3854 1729 3907 Matth.
1763 3870 1924 3919 xxvn,

356 3922 474 3994 24).
490 3921 685 3976 Eadem
700 3923 857 3994 igitur
871 3921 1130 3994 sententia
1147 3921 1438 3994 absolvitur
1449 3921 1717 3993 pudicitia,
1732 3939 1831 3994 qua
1847 3932 1930 3979 est

355 4001 410 4046 et
428 3991 673 4047 absoluta
692 3991 913 4060 justitia.
936 3991 1041 4047 Sed
1071 3992 1253 4046 Daniel
1283 3991 1474 4050 melius
1502 4011 1659 4060 quam
1687 3991 1888 4050 Pilatus
1911 4012 1924 4048 :

358 4063 447 4117 ille
474 4063 615 4117 enim
647 4062 893 4132 pudicum
924 4062 1233 4132 sanguinem
1262 4077 1360 4117 nec
1400 4062 1754 4129 condemnat,
1784 4075 1836 4119 et
1862 4066 1926 4119 li-

358 4133 532 4197 berat;
564 4134 647 4187 hic
668 4133 983 4200 autemjusti
1007 4134 1312 4201 sanguinem
1340 4134 1644 4201 confitetur,
1672 4146 1725 4190 et
1747 4136 1923 4190 tradit.

358 4202 493 4271 Quid
519 4204 660 4258 enim
678 4203 871 4272 profuit
899 4202 1254 4257 testimonium
1305 4205 1635 4273 perbibuisse
1678 4206 1929 4261 innocen-

361 4275 468 4337 ti:e,
499 4282 554 4328 et
580 4275 722 4328 velut
750 4288 900 4327 reum
922 4273 1193 4328 addixisse
1218 4275 1485 4346 nequitiae;
1509 4277 1607 4329 nisi
1637 4276 1778 4346 quod
1803 4292 1927 4345 gra-

358 4346 475 4415 vius
505 4352 780 4415 peccatum
804 4351 887 4397 est
908 4359 1067 4397 unum
1089 4343 1439 4415 eamdemque
1483 4356 1537 4401 et
1588 4343 1928 4415 pronuntiare

354 4413 647 4487 justum,et
672 4413 887 4487 tradere
928 4414 1259 4487 criminosis?
1310 4413 1427 4483 Ipse
1458 4413 1600 4472 enim
1639 4417 1929 4487 iniquitatis

357 4500 468 4537 sua:
493 4485 643 4538 testis
671 4492 771 4551 est,
802 4484 890 4553 qui
909 4498 1000 4538 ore
1024 4484 1270 4550 absolvit,
1304 4494 1358 4540 et
1391 4488 1550 4541 corde
1585 4484 1925 4544 condemnat.

358 4553 573 4609 Laverit
599 4555 720 4609 licet
746 4569 935 4608 manus
964 4569 1088 4609 suas
1137 4554 1368 4621 Pilatus;
1429 4568 1602 4612 tamen
1651 4574 1744 4613 sua
1791 4558 1927 4614 facta

358 4639 462 4678 non
517 4624 978 4700 diluit:_quamvis
1028 4625 1338 4700 abstergere
1378 4643 1437 4682 se
1487 4630 1754 4697 putaverit
1799 4630 1929 4700 justi

357 4695 668 4770 sanguinem
704 4694 770 4749 de
791 4695 905 4770 suis
939 4694 1426 4770 membr_is,eod_cm
1458 4694 1633 4770 tamen
1655 4694 1930 4770 sanguine

357 4764 510 4837 mens
526 4765 639 4834 ejus
662 4772 872 4837 tenetur
894 4765 1103 4837 infecta.
1121 4764 1249 4837 ipse
1269 4767 1409 4837 enim
1426 4769 1621 4822 occidit
1635 4764 1925 4837 Christum,

358 4836 445 4904 qui
472 4851 595 4889 eum
624 4835 837 4889 tradidit
881 4835 1248 4890 occidendum.
1284 4836 1453 4893 Judex
1500 4840 1639 4893 enim
1681 4840 1848 4895 bonus
1876 4835 1931 4896 et

356 4915 627 4976 constans,
651 4921 719 4960 ne
744 4906 1052 4975 sanguinem
1085 4906 1379 4962 innocentis
1405 4909 1699 4976 addiceret,
1731 4927 1826 4965 nec
1846 4913 1929 4965 in-

356 4975 511 5030 vidi-'1:
526 4976 719 5050 c_edere
760 4975 960 5050 debuit,
990 4992 1089 5030 nec
1128 4978 1325 5050 timori.
1375 4980 1557 5050 Daniel
1588 4996 1715 5050 ergo
1740 4983 1930 5037 melius

353 5062 513 5113 quam
544 5046 762 5100 Pilatus.
797 5046 889 5100 Ille
932 5048 1200 5115 peccantis
1240 5049 1420 5116 populi
1468 5046 1735 5105 revocavit
1784 5068 1931 5108 erro-

355 5131 501 5238 rem;
537 5116 623 5197 hic
637 5126 815 5172 autem
846 5116 1068 5173 furentis
1107 5118 1398 5190 Synagogze
1422 5122 1758 5191 sacrilegium
1788 5139 1929 5194 .con-

374 5194 607 5238 irmavrt.

374 5187 607 5241 irmavit.

418 5365 542 5413 *Ms.
590 5364 669 5415 vd.
715 5377 740 5413 a
782 5364 993 5413 secunda
1016 5376 1191 5425 manu,
1237 5365 1437 5416 tacendo
1490 5367 1621 5418 vicit.
1662 5368 1937 5418 Ambrosius

354 5432 520 5475 autem
539 5428 735 5484 omittit,
758 5426 974 5478 intmt'cos
992 5439 1118 5476 suos.

415 5487 488 5548 (a)
515 5489 751 5553 _Opinatur
773 5488 919 5553 Morel
936 5523 950 5548 ,
970 5487 1117 5553 Elem.
1142 5490 1253 5538 Crit.
1273 5502 1321 5550 p.
1346 5488 1453 5546 235,
1477 5489 1652 5553 melius
1672 5489 1937 5553 legendum

354 5547 404 5598 in
426 5547 747 5600 malo—causas
767 5547 991 5600 obtinere.
1033 5552 1117 5600 Cui
1158 5547 1418 5599 sententia:
1452 5547 1793 5612 adversamur;
1819 5554 1937 5601 nihil

356 5618 433 5659 est
466 5612 596 5677 enim
616 5624 703 5661 cur
740 5619 907 5677 tegitus
928 5614 1347 5677 mutetur._tatine
1375 5613 1466 5662 dici
1500 5620 1659 5677 potest
1680 5620 1815 5662 neut.
1850 5626 1938 5677 ge-

356 5685 479 5722 nere
498 5671 547 5722 in
571 5686 739 5724 causas
759 5673 996 5737 obtinere,
1022 5688 1135 5737 pro,
1163 5673 1214 5725 in
1238 5688 1406 5725 causas
1421 5671 1655 5726 exerceri.
1724 5682 1780 5724 tu.

1774 346 2003 410 SERMO
2040 347 2211 404 CLIII.

3495 365 3634 426 9.0M

2545 470 2776 529 SERMO
2812 469 2966 532 etut
3012 474 3109 547 (a).

2477 568 2544 611 De
2567 566 2787 615 Passione
2809 568 3010 627 Domini,
3034 582 3080 618 tv
3105 567 3195 632 (b).

2120 641 2587 719 1._M_un_dus_totus
2610 648 2914 719 redemptus.
2948 651 3213 706 Admonet
3256 667 3352 707 nos
3374 695 3388 719 ,
3437 653 3627 711 fratres

2045 713 2363 794 charissimi,
2383 714 2448 768 ad
2473 713 2860 795 solemnitatem
2892 720 3181 776 Dominica:
3206 713 3471 792 passionis
3487 725 3623 795 ipse,

2044 782 2224 853 inquo
2253 799 2371 838 eam
2425 800 2524 841 nec
2548 795 2692 841 muta
2740 789 3003 844 elementa
3054 782 3349 848 tacuerunt.
3377 782 3625 851 Celebrei

2044 867 2162 908 eam
2214 853 2305 929 lux
2335 853 2455 929 fidei
2504 856 2695 929 linguis
2718 858 3012 929 hominum,
3043 877 3200 929 quam
3253 865 3623 921 conclamave-

2044 932 2168 978 runt
2196 923 2354 978 etiam
2380 923 2603 980 silentia'
2635 923 3007 984 tenebrarum.
3025 923 3192 987 Hodie
3218 933 3475 991 Dominus
3525 952 3620 992 ηο·

2041 1003 2154 1074 ster
2173 994 2224 1048 in
2244 1002 2438 1051 statera
2459 996 2633 1074 crucis
2652 998 2878 1066 pretium
2902 1003 3305 1074 nostrtesalutis
3335 1007 3619 1074 appendit,

2040 1073 2095 1137 et
2120 1075 2414 1137 unamorte
2446 1067 2754 1123 universum
2776 1070 3049 1137 mundum,
3074 1073 3210 1127 sicut
3234 1067 3469 1130 omnium
3492 1067 3621 1131 con;

2040 1135 2201 1203 diter,
2228 1135 2300 1190 ita
2351 1138 2586 1192 omnium
2627 1148 2903 1203 reparator
2947 1135 3193 1197 abSolvit.
3253 1143 3616 1202 lndubitauter

2040 1207 2207 1288 enim.
2230 1207 2704 1288 credamus,iquod
2747 1219 2915 1288 totum
2952 1213 3499 1288 mundum__redemit,
3527 1218 3615 1288 qui

2039 1277 2157 1347 plus
2176 1275 2323 1331 dedit
2346 1293 2504 1347 quam
2530 1275 2670 1333 totus
2703 1280 2932 1336 mundus
2956 1283 3180 1339 valeret.
3209 1285 3449 1340 Meritum
3474 1275 3617 1342 enim

2038 1346 2326 1427 redemptae
2364 1346 2638 1427 mercedis
2665 1350 2910 1427 dignitas
2949 1352 3168 1427 insignis
3224 1358 3377 1423 pretii
3422 1373 3618 1427 super-

2037 1431 2225 1497 gressa
2247 1426 2349 1497 est.
2398 1417 2540 1474 Inter
2590 1417 3000 1497 redemptum‘el
3020 1417 3373 1497 redimehtem
3403 1417 3616 1497 dispen-

2036 1488 2173 1563 satio
2202 1487 2332 1554 fuit,
2355 1487 2845 1563 compensationon
2878 1492 2993 1547 fuit.
3010 1493 3109 1561 Qui
3130 1510 3258 1563 ergo
3298 1512 3401 1549 non
3448 1487 3612 1554 babe-

2036 1557 2125 1632 bat
2145 1567 2357 1632 peccata
2383 1557 2631 1629 propria,
2657 1561 2837 1632 digne
2874 1557 3073 1619 delevit
3112 1557 3481 1623 aliénazsolus
3529 1568 3615 1624 hic

2036 1629 2119 1752 Eia
2151 1629 2362 1684 victima
2388 1645 2485 1699 pro
2504 1629 2758 1686 omnibus
2786 1634 3008 1701 cecidit,
3053 1644 3112 1689 ut
3164 1651 3349 1690 omnes
3393 1637 3611 1694 levaret.

2088 1699 2252 1752 tuuia
2282 1700 2517 1752 debitum
2544 1701 2689 1752 solus
2725 1718 2829 1752 non
2870 1705 3070 1752 habuit-
3095 1715 3239 1752 recte
3268 1706 3422 1752 fenus
3450 1709 3611 1752 mica-

2088 1699 2252 1771 tquia
2282 1700 2517 1755 debitum
2544 1701 2689 1757 solus
2725 1718 2829 1758 non
2869 1699 3072 1771 habuit,
3095 1715 3239 1761 recte
3267 1706 3422 1760 fenus
3450 1709 3611 1764 mise-

2036 1769 2286 1846 ricordia:
2332 1786 2431 1846 pro
2477 1772 2813 1846 debitoribus
2850 1769 3105 1846 erogavit.
3158 1777 3431 1846 Perpende
3476 1782 3614 1833 inter

2035 1838 2264 1916 haecqui
2278 1841 2438 1895 talem
2470 1857 2566 1910 pro
2606 1842 2761 1897 nobis
2783 1838 3298 1916 dedit'pecuniam',
3330 1848 3540 1916 qualem
3580 1864 3610 1903 a

2036 1911 2191 1986 nobis
2224 1911 2294 1986 sit
2335 1922 2615 1986 exacturus
2646 1928 2883 1986 usuram.
2920 1911 3107 1970 In'bac
3142 1911 3319 1986 itaque
3344 1911 3429 1971 die
3477 1918 3611 1974 fides

2079 1980 2364 2050 roplietica:
2385 1983 2800 2053 annuntiationis
2831 1986 3045 2052 impleta
3075 1996 3178 2053 est,
3229 1980 3298 2041 ita
3343 1988 3568 2043 dicentis
3593 2006 3605 2042 :

2075 2067 2227 2127 crpus
2256 2068 2420 2127 meum
2446 2051 2562 2106 dedi
2599 2051 2986 2127 percutientibus
3009 2097 3024 2121 ,
3071 2066 3116 2110 et
3143 2051 3293 2127 genas
3329 2074 3465 2111 meas
3504 2060 3609 2113 vel-

2035 2120 2287 2198 l'eutilius;
2318 2122 2499 2198 [aciem
2526 2120 2685 2198 meam
2710 2141 2809 2198 non
2826 2126 2979 2178 averti
3012 2120 3053 2179 θα
3086 2120 3309 2197 [ω’άὶιαιε
3346 2137 3609 2198 sputorum

2037 2189 2202 2260 (Isai.
2234 2208 2282 2259 ιο,
2313 2190 2389 2263 6).
2423 2193 2668 2264 Suscepit
2689 2196 2826 2250 mala
2847 2204 3026 2251 nostra
3046 2238 3061 2265 ,
3086 2189 3146 2251 ut
3172 2189 3429 2254 tribueret
3466 2199 3605 2254 bona

2033 2274 2124 2316 sua
2133 2300 2148 2316 .

2103 2332 2159 2385 2.
2186 2331 2356 2408 Homo
2379 2350 2531 2408 quam
2551 2332 2659 2408 Deo
2690 2335 2873 2408 charus
2892 2378 2907 2402 ,
2935 2346 3177 2407 quantum
3216 2339 3379 2393 valeat
3402 2380 3416 2404 ,
3445 2354 3607 2408 quan-

2034 2410 2139 2477 tum
2175 2404 2369 2477 debeat.
2392 2402 2398 2403 ⁷
2424 2402 2725 2477 Mysterium
2762 2402 3041 2477 chlamydis
3078 2409 3320 2463 coccinea:
3349 2450 3364 2474 ,
3405 2402 3609 2463 coronae

2033 2473 2242 2543 spinea},
2274 2476 2383 2528 sitis
2418 2473 2673 2538 in‘cruce,
2716 2476 2811 2530 veli
2852 2473 3028 2542 scissi,
3078 2487 3123 2532 et
3174 2491 3607 2533 monumentorum

2033 2553 2342 2619 apertorum.
2374 2544 2909 2619 |linc_intelligamus,
2951 2556 3204 2619 quantum
3238 2549 3502 2604 hominem
3527 2551 3607 2605 di-

2032 2614 2196 2689 figere
2215 2613 2559 2689 dignatussit
2584 2613 3139 2689 ante'culpaquuem
3167 2620 3245 2673 sic
3267 2621 3435 2689 diligit
3482 2630 3601 2689 post

2032 2687 2264 2759 ruinam.
2293 2687 2553 2759 Agnosc‘e,
2584 2685 2765 2752 homo,
2793 2685 3047 2759 quantum
3087 2691 3264 2744 valeas
3284 2731 3299 2753 ,
3352 2685 3406 2744 et
3438 2685 3607 2759 quan-

2034 2756 2457 2829 tum‘dcbcasmt
2479 2755 2604 2829 dum
2636 2755 3234 2829 tantamrredemptionis
3265 2770 3366 2815 tua:
3403 2755 3606 2829 perspi-

2033 2827 2109 2899 gis
2128 2825 2457 2899 dignitatem,
2486 2826 2599 2899 ipse
2631 2827 2720 2899 tibi
2761 2828 2977 2883 indicito
3023 2825 3273 2899 peccandi
3326 2825 3601 2899 pudorem.

2033 2896 2285 2969 Eccepro
2304 2897 2464 2966 impio
2490 2897 2658 2969 pietas
2675 2898 2985 2965 flagellatur,
3021 2896 3118 2969 pro
3142 2901 3303 2956 stulto
3326 2896 3601 2969 sapientia

2036 2966 2296 3049 illuditur,
2323 2982 2423 3049 pro
2459 2966 2923 3049 mendaceoveri‘tas
2951 2966 3191 3049 nea—catur,
3218 2966 3497 3049 damna—tur
3524 2972 3603 3049 ju-

2032 3038 2175 3091 stitia
2198 3054 2292 3111 pro
2322 3038 2520 3111 iniquo,
2548 3038 2909 3111 misericordia
2952 3040 3181 3095 afficitur
3230 3057 3326 3111 pro
3365 3038 3600 3106 crudeli,

2032 3120 2132 3176 pro
2153 3109 2346 3162 misero
2362 3108 2599 3176 repletur
2619 3109 2897 3163 sinceritas
2943 3119 3114 3176 aceto,
3165 3108 3453 3167 inebriatur
3481 3111 3603 3166 felle

2032 3178 2279 3243 dulcedo,
2303 3178 2565 3232 addicitur
2617 3179 2917 3235 innocentia
2960 3197 3058 3249 pro
3102 3198 3217 3249 reo,
3249 3184 3475 3237 moritur
3503 3184 3606 3237 vita

2032 3264 2130 3317 pro
2156 3258 2386 3302 mortuo.
2412 3249 2634 3317 Expavit
2654 3250 2829 3305 scelus
2850 3250 3121 3306 hominum
3150 3261 3339 3308 natura
3383 3270 3561 3307 rerum
3588 3295 3602 3315 ,

2032 3328 2086 3392 et
2104 3334 2261 3392 quem
2283 3328 2524 3374 creatura
2554 3320 2770 3375 rebellis
2786 3336 2892 3375 non
2934 3323 3191 3392 agnoscit,
3246 3339 3367 3378 eum
3417 3324 3600 3378 mundi

2032 3389 2311 3462 Dominum
2335 3398 2725 3462 tremensterra
2753 3389 2997 3456 testatur,
3045 3402 3100 3447 et
3140 3394 3259 3449 caeli
3300 3409 3477 3462 regem
3524 3395 3606 3449 sol

2032 3458 2237 3533 fugiens
2260 3460 2558 3515 confitetur.
2583 3460 2877 3533 Chlamyde
2904 3463 3152 3517 coccinea
3172 3458 3443 3528 induitur;
3480 3463 3601 3533 quia

2034 3531 2290 3603 sanguine
2336 3539 2627 3603 martyrum
2668 3531 2883 3603 suorum
2927 3533 3175 3588 Ecclesia:
3217 3549 3410 3603 corpus
3451 3531 3608 3589 orna-

2034 3608 2136 3674 tur.
2162 3600 2370 3654 Corona
2387 3602 2572 3671 spinea
2604 3602 2764 3671 capiti
2811 3603 2927 3673 ejus
2963 3605 3283 3673 imponitur;
3312 3600 3434 3673 quia
3477 3621 3607 3674 pun-

2031 3671 2135 3742 ctio
2167 3679 2499 3742 peccatorum
2517 3671 2852 3737 nostrorum,
2873 3671 3094 3742 quorum
3146 3671 3604 3731 remissione'Re-

2032 3740 2325 3814 demptoris
2345 3742 2510 3812 gloria
2530 3742 2769 3814 struitur,
2801 3740 2964 3797 aridis
3007 3746 3211 3801 tribulis
3246 3754 3603 3814 comparatur.

2031 3812 2349 3884 Studeamus
2377 3826 2515 3884 nunc
2535 3827 2565 3866 c
2591 3813 2827 3884 diverso,
2853 3824 2911 3868 ut
2944 3817 3303 3879 membrorum
3332 3812 3438 3870 vita
3467 3816 3604 3884 capi-

2034 3883 2099 3955 tis
2115 3882 2183 3955 sit
2205 3897 2423 3955 corona.
2452 3882 2605 3955 Quod
2630 3899 2757 3939 vero
2775 3885 2922 3939 sitire
2947 3902 3004 3940 se
3026 3888 3079 3941 in
3103 3902 3262 3942 cruce
3297 3888 3501 3955 positus
3529 3882 3607 3941 di-

2031 3954 2122 4016 cit,
2150 3952 2308 4008 fidem
2340 3952 2624 4025 incredula:
2644 3955 2814 4025 gentis
2836 3958 3162 4025 concupiscit
3191 3976 3203 4009 :
3235 3952 3329 4011 sed
3367 3972 3398 4012 e
3426 3968 3606 4011 contra

2031 4032 2237 4095 acetum
2262 4022 2509 4095 _malitia:
2556 4022 2869 4095 porrigunt;
2915 4022 3035 4095 quia
3069 4027 3249 4080 viuum
3293 4027 3568 4095 sapientia:
3591 4069 3605 4091 ,

2031 4093 2225 4165 quoda
2255 4093 2363 4165 Deo
2389 4093 2723 4165 acceperant,
2748 4093 3014 4164 peccando
3034 4093 3400 4165 corruperant.
3419 4096 3604 4152 Vclum

2034 4164 2215 4251 templi
2232 4250 2241 4251 ί
2258 4163 2561 4251 scinditurt
2596 4166 2718 4251 quia
2742 4163 3040 4251 uSynagqga
3065 4163 3287 4251 ‘honore
3315 4166 3568 4251 “nudatur
3594 4186 3605 4220 :

2030 4234 2330 4288 observatio
2358 4234 2570 4307 antiqua
2593 4234 2933 4302 dissolvitur;
2958 4234 3209 4293 Ecclesiae
3239 4239 3413 4292 unitas
3467 4254 3604 4307 pra:-

2033 4312 2378 4380 tnonstratur.
2410 4304 2747 4380 Monumenta
2777 4308 3109 4380 aperiuntur,
3136 4308 3257 4380 quia
3286 4304 3478 4363 mortis
3490 4309 3607 4378 jura

2027 4375 2147 4443 jure
2168 4384 2506 4444 superantur.
2526 4376 2723 4431 Laxata
2761 4378 2889 4433 sede
2919 4375 3171 4434 tartarea'
3190 4394 3219 4432 a
3260 4375 3608 4434 Domino're-

2033 4444 2453 4519 rum‘profundae
2477 4449 2650 4519 noctis
2694 4448 2923 4504 claustra
2976 4458 3305 4515 reserantur,
3350 4458 3405 4504 et
3451 4465 3610 4519 quem

2034 4515 2278 4571 homines
2329 4532 2436 4572 non
2488 4518 2771 4589 recipiunt,
2828 4520 2984 4575 inferi
3038 4521 3202 4575 Deum
3246 4536 3366 4575 esse
3411 4515 3610 4592 cogno-

2032 4595 2203 4642 scunt.

2103 4658 2157 4711 5.
2191 4656 2487 4728 Mysterium
2541 4658 2695 4714 Judw
2720 4661 2903 4715 uenditi
2943 4658 3132 4717 Christi
3170 4662 3384 4733 pretium
3434 4664 3611 4732 refun-

2062 2051 2073 2067 1

2096 4814 2169 4881 (a)
2200 4815 2337 4881 olim,
2353 4816 2418 4867 de
2435 4825 2674 4881 Tempore
2698 4819 2819 4879 tu;
2845 4826 2896 4869 et
2917 4825 3026 4881 post
3042 4856 3056 4879 ,
3079 4820 3127 4868 in
3148 4819 3420 4881 Appendice
3437 4820 3515 4868 41.

2095 4877 2166 4945 (b)
2200 4880 2421 4945 Ejusdem
2465 4877 2663 4945 forsitan
2699 4877 3048 4945 auctoris'est,
3087 4877 3229 4945 cujus
3263 4881 3523 4945 pleraeque
3549 4891 3605 4936 et

2036 4939 2281 5002 illis‘qu'aa
2319 4942 2412 4989 sub
2451 4942 2645 4990 nomine
2690 4943 2879 4990 Eusebii
2930 4939 3332 4992 circumferuntur
3377 4939 3610 4994 ltomilizr.

2034 5002 2287 5065 Enimvero
2310 5002 2406 5051 illic
2427 5002 2690 5065 solemnius
2706 5003 2823 5051 nihil
2837 5006 3155 5053 conversione
3175 5004 3252 5054 illa
3275 5005 3333 5053 ad
3351 5006 3611 5065 hominem,

2034 5075 2143 5111 cum
2159 5063 2330 5129 iisdem
2351 5066 2525 5129 quibus
2546 5064 2623 5129 hic
2636 5072 2841 5129 urgetur
2864 5066 3028 5114 verbis
3042 5101 3055 5124 ,
3072 5074 3125 5116 ut
3146 5067 3362 5129 attendat
3383 5063 3614 5129 quantum

2038 5136 2099 5194 ex
2124 5126 2360 5194 Creatoris
2385 5126 2703 5194 aestimatione
2736 5126 2918 5194 valeat,
2966 5138 3199 5194 quantum
3227 5130 3274 5177 ei
3306 5126 3504 5194 debeat.
3550 5136 3614 5177 Ita

2040 5184 2205 5233 homil.
2231 5186 2261 5234 2
2278 5186 2341 5234 de
2365 5186 2539 5252 pascha
2565 5200 2577 5234 :
2610 5204 2633 5233 α
2656 5184 2951 5252 νει-βρίθειζο
2972 5184 3131 5249 homo,
3168 5197 3399 5252 quantum
3423 5189 3614 5252 valeas,

2045 5264 2067 5292 α
2092 5254 2144 5295 et
2161 5248 2662 5313 perpendeguantum
2672 5248 2887 5313 debeas.
2908 5248 3131 5313 Perspice
3156 5248 3386 5313 quantum
3422 5250 3613 5311 valeas,

2044 5324 2067 5351 ι
2090 5314 2143 5356 ut
2164 5308 2491 5375 tandemvilis
2513 5321 2624 5375 esse
2648 5311 2990 5375 tibigdesinas;
3017 5308 3071 5363 ut
3091 5308 3284 5375 vel'per
3306 5313 3407 5375 hoc
3435 5308 3615 5375 erubeé

2045 5386 2067 5414 ιι
2090 5370 2272 5436 scendo
2305 5371 2560 5436 subiacere
2583 5373 2710 5421 vitiis
2730 5370 3030 5436 dedigncris.
3055 5391 3077 5419 ν
3108 5382 3175 5423 tta
3196 5370 3364 5423 'etiam
3396 5373 3560 5421 homil.
3590 5377 3608 5423 1

2040 5438 2090 5480 ct
2109 5429 2149 5495 2
2170 5431 2234 5495 de
2256 5429 2497 5494 Symbolo,
2526 5433 2573 5480 in
2600 5429 2906 5494 expositione
2940 5437 3217 5495 verborum,
3246 5436 3361 5483 Inde
3383 5442 3620 5485 venturus

2040 5502 2118 5542 est
2134 5493 2351 5558 judicare
2370 5531 2384 5553 ,
2423 5501 2523 5558 etc.
2550 5493 2768 5558 Denique
2792 5496 2960 5546 homil.
2999 5498 3111 5547 (ide
3135 5493 3325 5558 PaScba,
3347 5513 3373 5558 ιι
3392 5498 3617 5546 Αὶδιίιιιε-

2048 5572 2069 5600 (ι
2094 5568 2224 5620 mus,
2250 5570 2273 5599 ιι
2301 5556 2470 5620 inquit,
2505 5573 2528 5601 ι
2550 5557 2599 5605 in
2623 5556 2853 5620 quantum
2877 5572 3016 5607 suum
3060 5572 3256 5609 servum
3292 5557 3501 5617 diligere
3538 5572 3614 5620 pc-

2048 5634 2069 5683 ιι
2090 5617 2179 5665 luit
2198 5623 2314 5683 ante
2336 5617 2555 5683 culpam,
2571 5617 2720 5683 quem
2741 5622 2813 5669 sic
2834 5620 3065 5683 glorificat
3088 5627 3196 5683 post
3224 5620 3425 5668 ruinam.
3454 5634 3476 5662 ι)
3510 5617 3620 5683 tiret.-

1930 5691 1947 5707 -
2042 5678 2145 5739 ipsa
2174 5679 2326 5743 verba
2359 5679 2436 5743 hic
2458 5694 2505 5728 n.
2532 5678 2717 5731 2.'vide
2745 5678 3023 5732 sermonem
3063 5678 3475 5743 subsequentem,
3501 5696 3547 5729 n.
3568 5682 3615 5728 8.

2044 5747 2110 5787 hu
2130 5753 2258 5787 num.
2287 5741 2307 5789 l
2337 5742 2447 5791 vide
2476 5743 2665 5792 Eusebii
2689 5745 2737 5792 in
2760 5744 2856 5791 tine
2899 5750 2952 5793 et
2985 5745 3109 5792 circa
3153 5741 3364 5791 medium
3404 5741 3567 5791 homil.
3590 5744 3622 5793 6

2046 5803 2108 5850 de
2134 5803 2333 5864 t‘ascha;
2352 5804 2414 5853 de
2439 5819 2568 5853 num.
2596 5805 2645 5866 ‘2,
2670 5805 2781 5855 vide
2804 5806 2975 5856 Euseb.
3003 5805 3167 5857 homil.
3197 5804 3301 5855 ide
3323 5804 3557 5867 Symbolo.
