2078 3187
180 175 248 203 Ξο45

215 233 242 260 6.
255 232 353 259 Mortes
364 230 467 258 Latroni
478 229 756 264 promissaNideamus
764 227 826 263 quid
837 228 904 255 inter
914 227 964 255 ista

180 267 339 302 respondmt
352 267 425 293 dives
441 269 466 292 et
475 267 549 302 larga
565 265 610 302 Dei
629 264 732 302 bonitas
745 273 752 291 ε
764 271 821 302 quin
835 264 901 302 sic_u_l
917 271 963 302 ex-

180 298 250 331 cedit
268 307 345 335 vota,
360 302 394 328 ita
415 298 529 335 gratiam‘
549 300 666 335 adjungit
686 299 718 326 ad
740 299 843 335 merita.
866 298 962 335 Hodie,

179 339 280 372 inquit:
294 333 454 372 taiiqtlanfsi
472 333 666 372 dicerethuid
680 342 722 372 me
733 355 739 365 ,
755 334 854 372 inquit,
870 333 964 372 eli-ide-

179 368 279 400 lissime
291 368 380 400 confes
394 376 421 399 et
435 370 510 397 unice
524 370 589 396 tanti
606 370 681 397 testis
693 369 817 403 triumphi
828 389 834 398 .
847 368 909 403 quid
922 376 964 395 me

179 414 317 442 tantopere
327 406 488 442 exorandum
502 410 593 442 putas,
610 409 638 431 ut
651 406 676 431 in
690 405 733 431 die
744 403 833 442 jndicii
848 404 899 442 mei
910 411 965 430 me-

178 437 301 471 minerim
317 443 373 469 tui?
388 441 454 475 Quid
477 437 519 467 me
540 440 572 466 ad
590 437 750 473 pnesentem’
762 437 962 475 rciributionem

177 483 298 510 paratum
309 499 317 510 ,
334 478 359 504 in
380 473 497 510 tempora
520 480 571 501 tam
588 476 663 509 longa
679 473 923 510 dissimulas?qtiid

177 508 265 541 futura
287 508 383 540 s:i:cula
397 508 474 538 fidem
497 511 523 537 in
546 515 572 537 te
595 510 736 544 perfectam
759 509 868 543 fatigas?
882 508 965 535 Hodie

177 557 275 575 mecum
287 549 337 574 eris
351 548 376 573 in
390 546 507 580 paradiso
523 545 596 580 (Luc.
612 545 753 579 xxnt,43).
763 545 962 580 Ergotanquam

178 583 344 611 haireditaria
352 586 378 609 et
390 578 498 616 paterna
514 578 599 613 sedes,
609 588 667 615 qum
683 579 792 613 expulso
801 578 894 616 Adam,
905 586 964 616 qua:

177 618 295 652 expulsis
307 614 409 644 duobus
419 637 426 648 ,
442 617 530 652 clausa
544 620 587 652 est
597 614 740 652 innumeris
752 614 853 652 populis
862 635 868 647 ,
883 617 909 652 te
922 614 963 652 i_n-

178 649 299 680 troeunte
312 652 482 679 reserabitur.
498 650 636 684 Ingredere
656 651 716 677 illuc
731 650 846 684 primus;
863 649 910 676 sed
923 649 963 675 in-

178 696 269 723 gressu
283 687 401 715 feliciore
420 694 497 723 quam
511 686 627 723 primus.
644 685 712 723 Intra
728 684 882 723 paradisum
894 691 964 723 .“ne-

178 719 307 757 quaquam
322 722 388 749 ultra
403 719 462 748 cum
479 719 562 757 Adam
582 721 685 757 visurus
698 719 962 757 infcrnumai‘iullum

178 754 230 785 illic
239 754 332 785 'cibum
351 757 490 789 lctlialem,
507 756 605 782 nullam
619 756 671 790 jam
689 756 788 789 legem,
807 754 905 781 nullam
916 761 962 790 ar-

177 794 268 820 borem
290 793 463 827 pertimescas
478 800 484 818 :
498 798 552 827 ego
563 789 682 827 tibir'illic
694 797 746 827 ero
755 790 890 827 _victu_s__et_
898 789 959 815 vita.

177 828 209 855 Et
220 835 253 855 ne
264 824 332 855 forte
345 827 471 859 verearis,
484 824 574 852 ne’tibi
587 825 680 859 aliquis
694 824 776 851 hostis
790 824 815 851 in
829 825 874 851 illo
884 824 962 851 beato

176 870 302 895 nemore,
319 870 353 890 ne
374 862 498 896 antiquus
520 861 564 888 ille
587 861 653 896 latro
667 860 814 896 insidietur,
828 859 962 896 possessio

177 898 221 925 tibi
243 894 299 925 illic
319 905 362 925 me
383 894 568 924 ititroduccnte
588 895 744 922 firmabitur.
764 894 880 921 Recedat
899 901 962 928 ergo

177 932 338 966 infidelitas,
352 939 411 967 qua!
426 932 508 967 Deum
522 935 548 958 et
560 930 694 967 hominem
715 938 767 967 non
786 929 959 967 recognoscit.

175 967 240 994 Nam
262 964 336 995 sicut
347 964 469 994 diabolus
490 970 531 993 est
545 966 588 1001 qui
603 964 636 993 de
650 965 772 1000 paradiso
792 964 908 999 expulit;
925 964 960 990 ita

175 1002 245 1030 Deus
257 1002 352 1037 estqui
368 1001 479 1029 reducit.

209 1037 236 1065 7.
247 1034 374 1064 Christum
381 1037 407 1063 in
415 1045 488 1063 cruce
495 1035 575 1062 Deum
585 1039 715 1068 testantur,
720 1034 846 1071 judicium
856 1034 923 1071 illius
932 1034 962 1071 de

174 1072 324 1105 latronibus,
331 1073 395 1098 mira
404 1072 471 1098 illius
481 1071 610 1106 patientia,
619 1068 733 1106 creatura
741 1070 864 1106 uniuersa.
876 1068 962 1095 lIomi-

174 1108 212 1134 nis
220 1104 437 1142 quanta’duritier.
445 1104 595 1142 Secundum
608 1104 839 1142 Ιιςυςλυιιτιιζὶδδίῐῐιὶ,
852 1112 899 1138 per
909 1111 962 1131 om-

173 1140 234 1170 nem
243 1147 379 1177 gestorum
386 1141 516 1173 ordinem,
527 1141 608 1177 Deum
618 1140 781 1177 subhomine
790 1146 961 1177 agnoscamus

173 1174 339 1212 operantem.
353 1177 456 1204 Positus
472 1177 497 1203 in
508 1176 625 1212 patibulo
640 1176 709 1202 velut
724 1175 822 1212 arbiter
830 1174 863 1212 in
874 1174 961 1201 medio

173 1209 358 1247 damnatorum
366 1233 373 1245 ,
383 1209 522 1247 negantem
534 1211 638 1247 repulit.
648 1210 764 1247 suscepit
773 1209 942 1247 conligentem
952 1217 959 1241 ;

173 1246 244 1275 hunc
254 1247 362 1282 deputat
376 1244 457 1282 regno
467 1267 474 1277 .
490 1244 701 1282 illumirelinqnit
714 1245 827 1272 inferno.
844 1244 894 1282 Per
905 1244 961 1282 hch

172 1289 236 1317 ergo
246 1279 384 1310 credamus
395 1279 420 1308 ill
431 1281 568 1315 majestate
575 1280 763 1317 iudicaturum,
778 1287 855 1314 quem
864 1279 918 1317 jam
928 1279 960 1317 _i_n

172 1314 253 1345 cruce
275 1322 302 1344 et
323 1314 531 1344 misericordiam
545 1317 553 1332 ¹
569 1314 687 1342 videmus
699 1322 823 1342 exercere
843 1319 870 1342 et
888 1314 959 1347 judi—

172 1353 253 1379 cium.
266 1352 412 1380 Credamus
422 1373 428 1384 ,
442 1352 562 1386 inquam.
578 1351 677 1383 Deum,
693 1351 733 1377 vel
749 1357 780 1377 ex
794 1350 849 1386 sola
863 1349 960 1386 virtute

173 1388 310 1421 patientia:
320 1408 327 1419 ,
343 1388 386 1421 qui
401 1387 463 1414 dum
478 1384 512 1414 ab
524 1387 630 1414 homine
644 1386 714 1413 cruci
728 1390 755 1412 et
767 1384 957 1421 necitraditur,

172 1419 210 1449 sic
224 1431 328 1458 quoque
344 1419 443 1449 homini
458 1422 567 1456 gloriam
581 1422 718 1455 pollicetur
730 1430 736 1447 :
748 1421 792 1455 qui
808 1419 866 1447 illas
888 1420 959 1454 ipsas

172 1457 284 1492 injurias
294 1462 320 1485 et
336 1459 423 1492 plagas
438 1462 574 1491 congestas
591 1457 615 1483 in
629 1464 725 1490 corpus
743 1463 834 1492 suum,
848 1462 959 1492 convcr-

172 1490 206 1519 tit
219 1493 246 1520 in
263 1490 516 1527 pretimu'rmstrum.
531 1492 582 1518 Sed
597 1496 623 1518 et
638 1491 692 1524 ipsa
712 1491 790 1527 totius
805 1490 960 1527 mundi__ra-

173 1524 308 1555 tionabilis
327 1534 447 1555 creatura
460 1528 574 1553 motibus
586 1527 641 1553 suis
658 1527 739 1553 Deum
755 1524 880 1560 loquitur.
893 1524 959 1552 Nam

173 1563 199 1590 in
212 1563 299 1590 media
313 1563 434 1597 passione
454 1562 557 1588 Domini
571 1561 717 1597 Salvatoris
732 1560 850 1597 cmlestia
865 1564 892 1587 et
905 1563 959 1587 ter-

173 1605 236 1625 rena
260 1595 412 1629 turbantur;
428 1597 472 1624 lux
495 1604 554 1623 cum
576 1601 652 1623 nocte
671 1596 807 1627 miscetur,
827 1595 958 1622 elementa

172 1633 335 1668 quatiuntur,
344 1632 410 1659 etab
418 1631 531 1668 antiquis
540 1631 691 1658 ministeriis
698 1631 853 1668 effugantur.
860 1630 959 1668 Aperie

172 1665 263 1696 rerum
276 1673 368 1694 natura
383 1665 539 1702 perspicitur
553 1667 736 1702 commoveri,
748 1666 818 1693 velut
831 1666 858 1692 in
871 1665 958 1692 vindi-

172 1708 242 1731 ctam
258 1702 374 1730 auctoris
384 1701 429 1730 sui
443 1701 506 1729 velit
518 1701 625 1729 armari.
639 1701 720 1728 Terra
732 1701 787 1736 ipsa
801 1707 929 1736 concussa
939 1708 958 1736 7a

172 1737 352 1765 fundamentis
361 1737 426 1769 suis,
437 1737 512 1772 quasi
521 1744 580 1771 qua:
592 1743 697 1772 crucem
711 1735 815 1763 Domini
827 1736 868 1762 vix
879 1735 959 1772 susti-

171 1777 236 1808 neat
249 1773 273 1806 ⁸,
287 1777 423 1808 tanquam
438 1770 471 1799 ad
491 1770 578 1799 scelus
604 1771 740 1808 proprium
765 1770 956 1808 contremiscit.

172 1807 235 1835 Dies
249 1805 461 1842 refugo‘lumine
473 1826 481 1840 ,
495 1806 629 1842 quomodo
643 1805 730 1842 potest
739 1827 752 1842 ,γ
760 1806 840 1842 sumit
854 1805 957 1842 lamen-

172 1847 229 1870 tum
240 1864 249 1874 .
265 1847 292 1871 et
304 1841 377 1870 fusco
394 1842 507 1869 tristium
527 1841 696 1869 tenebrarum
713 1841 818 1872 habitu,
832 1848 905 1867 more
919 1841 958 1867 lu-

172 1878 260 1913 gentis
270 1899 277 1910 ,
291 1878 407 1905 induitur
419 1885 427 1903 :
438 1881 464 1905 et
485 1877 554 1913 sicut
575 1881 628 1903 tota
649 1877 709 1903 cteli
724 1876 802 1913 facies
816 1875 958 1913 Dominicai

173 1911 318 1940 nativitatis
331 1913 441 1947 gloriam
464 1920 530 1939 nova
546 1912 604 1939 luce
625 1916 749 1943 testatur;
766 1911 804 1947 ita
816 1911 901 1947 crucis
916 1911 957 1937 in-

170 1948 269 1983 juriam
285 1946 360 1975 novis
374 1947 490 1974 tenebris
504 1947 657 1983 detestatur.
672 1947 706 1974 Et
719 1954 778 1981 qua:
791 1946 886 1983 duritia
899 1953 959 1973 cor-

173 1981 214 2011 dis
224 1983 351 2010 humani?
363 1983 407 2010 Va:
423 1983 460 2010 eis
470 1983 514 2017 qui
525 1982 594 2009 inter
609 1982 658 2009 ista
673 1990 726 2009 non
739 1981 863 2017 credunt;
876 1989 959 2015 quan-

173 2018 315 2053 doquidem
342 2023 461 2045 creatura
480 2016 666 2053 ’insensibilis,
682 2025 742 2051 quas
763 2016 881 2053 recipere
905 2023 959 2053 non

173 2052 263 2089 potest
284 2053 446 2089 credulitatis
465 2052 601 2083 allectum,
616 2052 662 2079 dat
681 2052 958 2089 tamen_Dco_eontes-

174 2085 258 2116 sionis
279 2088 432 2122 obsequium
445 2095 452 2113 :
466 2092 563 2114 etcum
584 2094 632 2121 pro
649 2087 706 2114 solo
720 2085 959 2122 homineChristus

174 2129 295 2150 mortuus
308 2121 359 2156 sit;
371 2123 492 2157 perhibet
506 2122 529 2149 ei
545 2127 631 2149 tamen
646 2122 724 2150 etiam
739 2129 799 2156 pars
812 2121 855 2148 illa
868 2121 959 2147 mundi

174 2158 356 2186 testimonium
378 2157 538 2190 divinitatis,
554 2157 587 2185 ad
606 2165 684 2193 quam
707 2164 759 2184 non
782 2161 960 2192 pervenerunt

174 2193 305 2221 beneficia
320 2193 458 2227 passionis.

208 2229 236 2256 8.
259 2226 386 2261 Quantum
399 2230 473 2254 homo
486 2227 566 2254 valeat
580 2232 603 2254 et
621 2227 717 2253 debeat.
734 2226 816 2260 Quam
832 2234 889 2253 reus
903 2234 959 2253 cum

176 2268 271 2299 peccat.
283 2263 378 2299 Iudicia"
387 2262 579 2299 futurirobrtivio,
595 2271 685 2297 magna
696 2262 790 2299 peccati
803 2270 885 2297 pinna.
894 2261 959 2294 Quie

174 2306 235 2326 cum
260 2299 295 2326 ita
319 2298 387 2330 sint,
402 2298 567 2330 cbarissimi,
586 2302 711 2332 agnoscat
732 2298 811 2325 homo
826 2301 958 2332 quantum

175 2334 279 2367 valeat,
295 2338 321 2360 et
341 2337 467 2367 quantum
491 2332 563 2359 illum
586 2331 639 2359 Deo
663 2332 805 2359 obnoxium
821 2331 898 2359 faciat
917 2332 960 2359 vel

174 2373 269 2396 natura
282 2368 324 2396 vel
347 2368 440 2403 gratia.
465 2368 598 2402 Agnoscat
620 2367 699 2403 homo
718 2371 843 2403 quantum
867 2367 901 2393 ab
913 2367 960 2403 illo

174 2408 311 2438 exspectet
321 2401 405 2435 Deus;
421 2406 449 2429 et
460 2401 538 2437 quem
552 2406 623 2429 tanta
634 2402 783 2437 dignatione
795 2401 886 2438 habuit
896 2401 961 2429 cha-

175 2437 252 2470 rum,
267 2446 344 2474 quam
365 2438 429 2465 velit
451 2444 510 2465 esse
533 2438 559 2465 in
582 2438 782 2474 conversatione
803 2437 958 2474 preiiosum.

174 2472 309 2508 Agnoscat
321 2473 400 2500 homo
410 2477 536 2508 quantum
549 2473 651 2505 valeat,
665 2476 692 2499 et
704 2477 829 2508 quantum
844 2472 939 2508 debeat
952 2480 959 2499 π

173 2506 276 2536 et‘dum
293 2509 404 2543 pretium
418 2506 494 2535 suum
509 2508 621 2542 cogitat,
635 2508 695 2534 vilis
708 2506 756 2534 Sibi
770 2514 829 2543 esse
839 2506 958 2540 desinat,

173 2547 201 2570 et
214 2542 301 2578 potius
313 2544 398 2571 vicem
411 2543 528 2570 muneris
543 2543 674 2570 Salvatori
689 2550 722 2569 ex
739 2543 796 2578 ipso
810 2542 881 2578 bono
894 2550 959 2575 suo,

174 2579 200 2605 id
211 2577 269 2611 est,
286 2579 319 2605 de
342 2583 496 2606 conservata
517 2578 602 2606 salute
624 2578 754 2604 restituat.
775 2577 960 2604 Custodiamus

174 2621 238 2648 ergo
252 2614 364 2641 sollicite
377 2613 447 2648 quod
466 2613 530 2640 tanti
551 2612 656 2640 sudoris
669 2613 828 2648 commercio
842 2611 960 2640 Christus

173 2647 296 2676 redemit.
313 2647 393 2675 Reus
401 2649 488 2682 itaque
502 2649 553 2675 erit
572 2656 623 2676 non
638 2649 712 2683 parvi
727 2647 821 2682 pretii,
836 2647 881 2675 sed
897 2655 960 2677 san,-

174 2684 262 2719 guinis
284 2684 396 2717 Christi,
412 2684 457 2718 qui
480 2683 560 2711 violat
581 2687 608 2710 et
629 2683 806 2710 commaculat
826 2683 959 2714 animam,

207 2752 216 2768 ι
230 2755 256 2783 tn
265 2757 324 2777 mss.
334 2755 360 2776 et
367 2751 430 2782 apud
436 2751 564 2783 Eusebium
571 2750 739 2776 desiderantur
748 2756 831 2781 voces,
840 2752 863 2776 et
871 2750 963 2783 misat-

176 2782 301 2818 cordiam;
317 2783 417 2813 adjectae
435 2782 474 2808 hic
490 2783 553 2807 forte
569 2785 652 2807 contra
662 2785 770 2806 mentem
780 2782 885 2806 auctoris
895 2782 963 2813 pela-

175 2818 365 2905 gigans,
384 2842 454 2876 quasi
473 2848 530 2877 qua
550 2849 622 2876 super
643 2848 740 2869 crucem
766 2846 843 2868 Deum
860 2841 965 2870 vtam-

873 163 993 193 SERMO‘
1006 163 1093 191 CLIV.

1733 176 1767 203 20
1775 177 1804 204 £0

1019 227 1118 269 _Christi
1126 228 1256 269 sanguine
1268 232 1294 269 et
1303 229 1425 269 passione
1434 230 1603 269 mandatam;
1619 232 1801 269 blaSpbemus,

1018 262 1164 302 homicida,
1178 262 1312 291 castitatis
1319 264 1525 302 proditorallicc
1539 266 1587 293 tria
1597 262 1744 302 capitaliter
1757 262 1803 297 ορῖ

1017 298 1116 325 cidunt.
1131 299 1318 326 Contestamur
1331 299 1457 327 Cbaritati
1474 305 1567 328 vestrae
1581 298 1675 330 causas
1686 309 1802 331 :eterno-

1017 340 1074 372 rum
1088 334 1228 360 malorum.
1240 334 1422 372 Blaspbemus.
1438 336 1577 372 homicida,
1591 337 1709 372 proditor
1724 341 1804 367 casti-

1017 369 1172 408 tal_is__su_:e,
1187 374 1354 408 expugnator
1370 370 1479 408 alienzc;
1496 371 1519 397 id
1543 369 1600 403 est',
1623 373 1668 406 qui
1693 373 1802 408 legitimi

1016 404 1110 431 cubilis
1130 405 1188 442 jura
1210 404 1466 442 transgreditur,rqui
1489 411 1563 433 extra
1575 404 1801 442 conj‘ugemvsuam

1018 446 1064 472 per
1085 439 1234 466 mortiferos
1255 444 1326 465 errat
1351 441 1505 474 amplexus,
1532 450 1593 469 reus
1620 439 1670 469 erit
1695 448 1801 471 :etcrna:

1016 475 1108 511 moriis
1123 474 1204 511 :_quia
1216 474 1295 511 vilem
1317 475 1342 501 in
1358 482 1386 501 se
1408 475 1498 502 habuit
1512 478 1666 511 sanguinem
1686 478 1801 505 Redem~

1015 510 1108 543 ptoris.
1130 509 1166 548 Et
1188 509 1248 548 quia
1272 509 1656 548 clamat_Apostolus,‘1\[eque
1678 521 1800 548 rapaces,

1016 551 1093 584 neque
1105 544 1212 570 adulteri
1225 552 1329 579 regnum
1339 543 1560 584 peipossidebunt
1574 546 1596 580 (Ι
1611 543 1668 584 Cor.
1678 543 1721 584 μ’,
1738 543 1799 584 10)ξ

1015 579 1193 606 abstineamus
1215 587 1309 606 manus
1323 580 1356 607 ab
1375 579 1468 607 alienis
1479 602 1486 613 ,
1503 579 1593 608 oculos
1608 583 1641 609 ab
1661 579 1746 610 aliena
1761 579 1800 610 fe;

1015 614 1085 640 mina
1099 621 1241 642 caveamus
1254 622 1260 640 ε
1272 622 1305 650 ne
1318 616 1422 649 corpori
1435 615 1471 642 illi
1485 617 1554 650 quod
1570 617 1603 644 de
1616 622 1707 644 nostro
1720 617 1798 645 Chri-

1014 652 1071 686 s_tus
1083 649 1239 686 assumpsit,
1255 649 1377 686 injuriam
1392 649 1517 677 faciamus
1532 651 1557 678 in
1572 657 1662 679 nostro
1675 660 1797 686 corpore.

1014 683 1160 721 Caveamns
1179 685 1214 710 ita
1234 685 1348 721 peccatis
1363 690 1390 711 ct
1404 686 1558 712 criminibus
1572 687 1651 713 vitam
1668 683 1796 721 prodere;

1014 723 1042 745 ut
1054 719 1086 745 ad
1100 727 1148 746 nos
1163 726 1214 746 non
1229 719 1353 754 respiciat
1366 721 1503 754 prophetia
1523 721 1566 748 illa
1580 719 1703 749 terribilis
1713 743 1720 754 ,
1739 719 1797 750 Non

1014 758 1050 794 est
1058 775 1064 786 ,
1079 754 1177 797 inquit,
1190 754 1257 781 Deus
1267 755 1292 781 in
1305 760 1437 797 conspectu
1450 757 1517 797 eius,
1529 756 1678 797 polluuntur:
1689 758 1735 797 via:
1744 759 1798 797 eius

1014 790 1048 827 ξιεὶ
1060 790 1127 827 omni
1146 794 1271 827 tempore,
1286 792 1435 827 au[er_un1ur
1451 790 1550 827 judicia
1563 796 1605 818 tua
1627 801 1641 817 a
1664 792 1727 827 facie
1743 790 1798 827 ejus

1015 823 1099 861 (i’sal.
1110 832 1137 851 ix
1145 846 1152 858 ,
1166 823 1409 861 5).rl_rrcmediabile
1419 823 1564 860 pel-iculum
1575 831 1624 858 est,
1637 823 1675 854 sic
1684 823 1797 861 aliqu'em

1013 859 1084 886 vitiis
1107 864 1134 886 et
1153 859 1339 894 cupiditatibus
1358 859 1432 888 frena
1455 861 1562 894 laxare,
1577 865 1606 889 ut
1625 869 1654 888 se
1667 859 1797 889 rationem

1014 894 1069 934 _Deo
1082 902 1133 921 non
1148 895 1299 934 meminerit
1310 895 1491 927 redditurum;
1505 897 1566 930 quia
1576 900 1751 934 puto‘magua
1764 897 1798 924 sit

1081 930 1187 969 peccati
1200 937 1278 969 pinna
1288 950 1295 963 ,
1312 934 1458 969 meiumac
1472 930 1626 969 memoriam
1643 931 1721 959 futuri
1735 939 1797 966 per-

1012 963 1113 1001 didisse
1132 963 1234 1001 iudicii2
1248 965 1305 992 Non
1322 965 1397 1001 nobis
1418 966 1454 993 ita
1475 965 1560 993 dulcia
1580 966 1633 994 sint
1652 963 1797 1001 pauperum

1013 999 1095 1033 spolia
1114 999 1281 1034 postmodum
1303 1000 1382 1027 nimis
1402 1001 1587 1028 amaricatnra.
1602 999 1795 1034 Nihilominus,

1012 1035 1080 1070 sicut
1099 1035 1196 1062 dictum
1220 1040 1274 1068 est,
1289 1035 1448 1070 refugiamus
1470 1037 1557 1063 carnis
1577 1037 1670 1063 aliena:
1692 1036 1796 1064 abomi—

1012 1069 1250 1110 nanda_eon_t_agia,
1267 1069 1377 1110 vitemus
1396 1071 1509 1110 obscena
1527 1072 1644 1110 inimica;
1655 1072 1797 1110 voluptatis

1012 1105 1143 1145 incendia.
1158 1105 1221 1145 llmc
1239 1106 1283 1140 qui
1302 1105 1371 1140 agit,
1387 1106 1534 1145 charissimi
1545 1127 1552 1138 ,
1566 1107 1599 1133 de
1613 1106 1707 1145 stipula
1721 1114 1753 1134 ac
1765 1107 1797 1134 li-

1012 1141 1070 1174 gnis
1091 1141 1256 1175 iniquitatum
1280 1146 1420 1176 perpetuos
1439 1141 1489 1168 sibi
1509 1141 1645 1169 succendit
1665 1142 1753 1176 ignes,
1770 1146 1797 1168 ct

1012 1182 1147 1210 nunquam
1157 1175 1362 1211 exstinguendos
1373 1176 1513 1211 concinnat
1526 1184 1648 1211 vapores.
1663 1175 1719 1203 Non
1731 1177 1796 1203 tanti

1012 1214 1054 1250 est
1065 1211 1170 1250 vita,_si
1190 1210 1223 1238 ad
1245 1211 1296 1238 hoc
1316 1211 1386 1237 vivat
1407 1210 1502 1244 homo,
1520 1216 1549 1250 ut_
1562 1210 1592 1250 in
1614 1212 1705 1250 paucis
1720 1211 1797 1246 hujus

1011 1246 1072 1273 vita:
1086 1246 1162 1273 annis
1174 1250 1312 1273 consumat
1324 1249 1439 1273 aeternos
1449 1267 1456 1279 ,
1472 1250 1499 1273 et
1511 1247 1559 1274 sub
1573 1246 1646 1274 brevi
1662 1246 1713 1274 fine
1730 1254 1795 1274 cou-

1011 1285 1104 1316 gregci
1114 1281 1163 1308 sibi
1179 1289 1271 1315 pcenas
1281 1281 1338 1308 sine
1352 1281 1403 1308 line
1417 1288 1563 1308 mansuras.

1047 1315 1073 1342 9.
1090 1315 1206 1342 Latronis
1221 1316 1360 1350 exmplum
1374 1323 1404 1343 ne
1417 1316 1564 1343 remissioris
1574 1317 1629 1344 vita:
1637 1317 1669 1343 sit
1680 1317 1776 1344 occasio
1787 1325 1797 1344 :

1011 1351 1071 1384 quia
1084 1351 1171 1386 paucis
1190 1351 1252 1385 ﬁdes
1262 1351 1378 1378 Latronis
1388 1371 1395 1382 ,
1409 1355 1431 1378 et
1451 1352 1522 1378 ntutti
1543 1352 1590 1378 lmc
1605 1352 1674 1378 inani
1695 1360 1738 1386 spe
1752 1352 1796 1379 de-

1011 1387 1085 1421 cepti.
1106 1386 1158 1413 Sed
1178 1394 1211 1413 ne
1226 1386 1293 1414 forte
1303 1407 1310 1419 ,
1324 1386 1472 1413 charissimi
1482 1407 1489 1419 ,
1502 1387 1615 1421 aliquem
1628 1387 1705 1414 nimis
1718 1394 1795 1414 secu-

1010 1429 1070 1448 rum
1086 1421 1164 1449 faciat
1176 1425 1222 1448 aut
1243 1421 1381 1448 remissum
1397 1425 1449 1448 tam
1465 1428 1532 1449 nova
1552 1422 1664 1449 felicitas
1681 1422 1794 1449 creduli-

1012 1457 1086 1489 tatis,
1101 1465 1134 1484 ne
1156 1456 1223 1484 forte
1246 1456 1316 1484 dicat
1338 1457 1431 1491 aliquis
1454 1456 1480 1483 in
1500 1456 1581 1484 corde
1601 1456 1736 1484 snozNon
1753 1465 1796 1484 me

1010 1499 1095 1526 usque
1107 1491 1174 1519 adeo
1186 1492 1324 1519 conturbet
1336 1496 1363 1518 et
1376 1492 1475 1518 cruciet
1490 1499 1533 1518 rea
1546 1492 1707 1519 conscientia
1716 1512 1722 1524 ,
1740 1499 1793 1518 non

1010 1534 1055 1554 me
1073 1534 1158 1562 usque
1177 1527 1242 1554 adeo
1261 1527 1398 1562 contristet
1418 1527 1554 1560 culpabilis
1568 1527 1642 1562 rvita;
1658 1526 1735 1554 video
1747 1528 1797 1554 sub

1010 1561 1159 1594 momento,
1176 1562 1252 1589 video
1273 1561 1322 1588 sub
1343 1562 1439 1595 exiguo
1463 1562 1547 1595 spatio
1568 1561 1662 1589 latroni
1686 1561 1796 1589 crimina

1010 1604 1057 1624 sua
1070 1597 1181 1629 donata,
1195 1602 1221 1625 et
1243 1597 1306 1624 mibi
1330 1597 1445 1624 resoluta
1466 1601 1554 1624 mente
1576 1597 1760 1631 concipiuntur
1775 1598 1794 1624 ‘.

1010 1632 1127 1659 Primum
1141 1631 1332 1660 consideranda
1354 1636 1395 1659 est
1414 1632 1439 1658 in
1460 1632 1561 1659 latrone
1578 1632 1623 1659 illo
1645 1640 1697 1659 non
1710 1632 1794 1659 solum

1010 1667 1173 1695 credulitatis
1187 1666 1372 1701 compendiosa
1382 1667 1499 1700 devotio,
1512 1667 1559 1694 sed
1572 1667 1699 1701 temporis
1712 1667 1792 1699 illius,

1009 1703 1060 1730 sub
1071 1711 1124 1737 quo
1137 1703 1194 1730 haec
1212 1703 1365 1737 agebantur.
1380 1702 1499 1735 occasio,
1515 1709 1568 1736 quo
1583 1702 1717 1763 iiustorum
1733 1702 1797 1737 legi-

1011 1741 1053 1763 tur
1066 1738 1192 1763 titubasse
1206 1737 1343 1763 nerfectio.
1362 1737 1460 1763 Deinde
1472 1741 1534 1763 ante
1545 1737 1579 1763 mi
1601 1745 1609 1763 ι
1624 1737 1701 1763 Iidem
1717 1736 1797 1763 latro-

1011 1741 1053 1765 tur
1066 1736 1192 1765 titubasse
1206 1736 1343 1773 perfectio.
1362 1737 1460 1773 Deinde
1472 1741 1534 1773 ante
1545 1736 1609 1764 mihi
1624 1737 1701 1773 [idem
1717 1736 1797 1773 latro—

1009 1772 1051 1800 nis
1065 1773 1175 1801 ostende
1184 1793 1192 1806 ,
1206 1771 1234 1801 et
1250 1776 1312 1800 tunc
1326 1772 1371 1800 tibi
1394 1772 1504 1799 latronis
1518 1771 1705 1799 beatitudinem
1721 1772 1798 1806 pollis

1009 1814 1081 1835 cere.
1096 1808 1214 1835 Immittit
1226 1808 1347 1835 diabolus
1358 1807 1526 1834 securitatem
1537 1826 1545 1840 ,
1557 1811 1586 1833 ut
1597 1806 1693 1834 inferat
1707 1807 1796 1841 perdi-

1009 1843 1108 1878 tionem
1122 1850 1227 1878 :neque
1240 1842 1399 1870 dinumerari
1411 1847 1535 1877 possunt,
1550 1846 1663 1876 quantos
1671 1842 1726 1869 haec
1740 1843 1799 1878 ina:

1010 1877 1050 1913 nis
1061 1878 1117 1912 spei
1131 1876 1222 1905 umbra
1237 1877 1381 1913 deceperit.
1399 1876 1563 1910 Deterreant,
1578 1884 1686 1913 quaeso,
1702 1884 1750 1904 nos
1764 1877 1801 1905 ab

1010 1911 1059 1940 hac
1066 1911 1234 1947 persuasione
1241 1911 1445 1941 innumerabiles
1452 1913 1539 1947 populi
1547 1912 1597 1939 sub
1605 1912 1648 1938 tali
1658 1913 1801 1940 securitate

1009 1948 1105 1975 nudiet
1114 1947 1188 1975 vacui
1197 1948 1282 1981 bonis,
1290 1953 1317 1976 et
1325 1948 1400 1983 malis
1409 1948 1489 1983 pleni,
1499 1955 1530 1975 ex
1540 1948 1589 1975 hac
1597 1948 1654 1974 luce
1663 1948 1799 1982 prierepti.

1045 1984 1088 2011 10.
1110 1984 1207 2011 Salutis
1219 1988 1315 2017 tempus
1327 1982 1445 2016 differre,
1461 1983 1716 2017 periculosissimum,
1732 1984 1797 2010 stul-

1011 2018 1148 2051 tissimum,
1162 2018 1216 2045 Deo
1226 2018 1325 2045 odibile.
1346 2018 1422 2045 Latro
1436 2018 1525 2044 salutis
1545 2025 1608 2052 opus
1623 2025 1674 2044 non
1689 2018 1798 2048 distulit.

1010 2052 1134 2086 Quotidie
1148 2053 1346 2087 expavescenda
1366 2053 1490 2080 transitus
1505 2052 1589 2079 nostri
1599 2056 1625 2079 et
1638 2052 1797 2087 commigra-

1011 2088 1089 2115 tionis
1110 2089 1208 2116 incerta
1228 2088 1307 2121 hora;
1321 2096 1379 2122 quin
1399 2092 1426 2115 et
1445 2087 1523 2114 modo
1546 2087 1590 2114 vel
1611 2088 1742 2122 insperata
1755 2088 1798 2117 vel

1011 2124 1096 2150 subita
1115 2127 1189 2155 sunt,
1204 2128 1231 2151 et
1252 2123 1279 2150 in
1299 2129 1426 2150 aeternum
1449 2122 1572 2149 remediis
1587 2122 1700 2149 caritura
1724 2127 1794 2150 sunt.

1010 2158 1216 2186 Prievenicndus
1222 2162 1262 2186 est
1271 2158 1327 2185 dies
1335 2158 1379 2192 qui
1387 2157 1532 2192 prrevenire
1540 2158 1686 2192 consuevit.
1697 2157 1754 2192 Ipse
1767 2165 1799 2185 so

1010 2193 1127 2225 seducit,
1143 2197 1170 2221 et
1182 2194 1215 2221 de
1230 2198 1315 2220 morte
1327 2191 1374 2220 sua
1388 2191 1467 2225 ludit,
1484 2193 1528 2227 qui
1548 2191 1599 2220 hoc
1614 2191 1730 2227 cogitati:
1746 2193 1796 2219 Po-

1011 2232 1062 2255 test
1075 2228 1139 2255 mihi
1150 2229 1260 2256 extremi
1272 2229 1398 2262 temporis
1408 2228 1567 2262 indulgentia
1577 2228 1725 2255 subvenire.
1739 2227 1798 2258 Non

1012 2268 1053 2291 est
1074 2264 1123 2291 hoc
1136 2272 1143 2290 :
1156 2264 1268 2298 primum
1278 2284 1284 2296 ,
1298 2264 1358 2299 quia
1380 2263 1603 2299 periculosissima
1623 2268 1664 2299 est
1678 2264 1720 2299 in
1734 2263 1796 2290 ulli-

1011 2307 1082 2326 mum
1096 2299 1165 2326 diem
1179 2298 1314 2334 promissa
1323 2299 1467 2330 securitas;
1483 2298 1594 2330 deinde,
1607 2298 1797 2334 istultissimum

1012 2339 1052 2361 est
1074 2339 1102 2362 ut
1120 2332 1199 2362 causa
1219 2342 1278 2369 quae
1292 2334 1325 2361 de
1347 2334 1553 2369 necessitatibus
1571 2332 1657 2367 agitur
1669 2334 1796 2366 arternis,

1011 2369 1195 2397 inutilitatibus
1208 2368 1267 2396 vitae
1289 2369 1438 2397 deficientis
1459 2368 1638 2397 committatur
1660 2369 1796 2396 extremis.

1012 2404 1114 2432 0dibile
1135 2409 1176 2431 est
1197 2404 1265 2439 apud
1289 2404 1391 2436 Deum,
1408 2404 1513 2438 quando
1536 2403 1615 2431 homo
1631 2404 1680 2431 sub
1703 2404 1797 2433 fiducia

1011 2440 1173 2474 pmuitentim
1195 2440 1220 2466 in
1236 2444 1398 2467 senectutem
1412 2443 1553 2466 reservata:
1570 2439 1680 2474 liberius
1696 2445 1795 2473 peccat.

1011 2473 1118 2502 Credite
1128 2496 1135 2507 ,
1152 2474 1300 2502 cbarissimi
1309 2495 1316 2507 ,
1329 2474 1435 2501 difficile
1445 2480 1486 2501 est
1496 2478 1524 2500 ut
1537 2473 1629 2501 callida
1645 2473 1797 2501 dissimula-

1013 2510 1049 2537 tio
1064 2510 1215 2536 ordinanda:
1235 2509 1468 2536 censummationis
1483 2509 1604 2537 obtinere
1617 2509 1694 2544 digna
1708 2510 1742 2536 sit
1762 2510 1799 2538 fa-

1012 2545 1137 2581 cultatem
1152 2544 1241 2581 :apud
1257 2544 1429 2581 illunicordis
1443 2545 1614 2581 interpretem
1629 2552 1678 2581 arsi
1686 2553 1737 2572 non
1750 2545 1799 2571 ad~

1013 2580 1125 2607 mittitur
1140 2580 1172 2606 ad
1185 2579 1307 2606 salutem.
1319 2579 1365 2607 llle
1376 2583 1475 2611 autem,
1489 2579 1522 2607 de
1534 2588 1586 2614 quo
1601 2580 1681 2607 locuti
1691 2588 1798 2612 sumus,

1013 2615 1106 2642 beatus
1129 2615 1211 2647 latro,
1232 2615 1341 2646 beatus,
1359 2614 1479 2649 inquam,
1496 2622 1548 2641 non
1569 2615 1623 2648 jam
1643 2614 1717 2648 juxta
1730 2615 1799 2642 viam

1013 2650 1121 2677 insidias
1134 2649 1259 2682 tendens,
1274 2649 1320 2676 sed
1337 2650 1404 2677 viam
1420 2650 1503 2685 ipsam
1523 2650 1548 2676 in
1569 2650 1676 2676 Christo
1690 2655 1782 2677 tenens
1792 2671 1799 2681 ,

1013 2693 1045 2713 ac
1055 2685 1114 2712 vita:
1129 2685 1243 2719 przedam
1265 2685 1353 2712 subito
1375 2685 1495 2720 rapiens,
1509 2685 1648 2711 immutato
1661 2692 1759 2719 genere
1774 2689 1801 2711 et

1014 2728 1082 2748 nova
1103 2720 1185 2754 spolia
1200 2720 1233 2747 de
1247 2725 1332 2748 morte
1347 2720 1452 2755 propria
1467 2725 1605 2755 reportans
1616 2741 1623 2751 ,
1637 2720 1681 2747 ille
1695 2727 1744 2747 nec
1758 2727 1801 2746 sa-

1014 2756 1076 2783 lutis
1096 2760 1214 2790 tempora
1229 2756 1317 2783 sciens
1330 2756 1446 2789 distulit,
1461 2763 1511 2782 nec
1531 2755 1648 2782 remedia
1663 2760 1746 2783 status
1761 2755 1801 2782 sui

1045 2811 1055 2827 ι
1067 2814 1136 2836 Forte
1141 2808 1282 2840 legendum,
1289 2810 1457 2835 concedmtur.
1464 2808 1708 2840 Auteerteabundant
1719 2809 1805 2840 verba,

1014 2845 1037 2868 et
1047 2840 1107 2877 mihi
1119 2839 1222 2877 resoluta
1232 2839 1310 2866 mente
1321 2840 1492 2877 (antipiuntnr.
1503 2843 1530 2865 Et
1546 2839 1597 2870 ipsa
1618 2839 1718 2871 quitiam
1733 2839 1804 2866 οιιιίιέ

1015 2876 1128 2904 tumcum
1134 2872 1235 2898 Eusebio
1245 2872 1406 2905 mmoscripti.
