4072 6362
429 335 562 391 Ill!

432 449 602 514 Legis.
625 447 751 503 Post
771 441 914 514 illum
929 442 1324 514 sacrosanctum
1350 431 1559 514 Domini
1584 430 2000 514 natalemOdiem,

432 467 506 506 ιθ
541 467 602 503 ιε.
627 467 751 503 ιόδι
771 467 1324 498 Illumaauruaauuum
1352 467 1559 488 uuumu
1584 467 1811 488 ιιιιιιιιυιιι
1835 467 1994 498 mu",

431 467 630 576 nuflius
657 513 884 569 hominis
931 509 1256 565 nativitatem
1299 504 1531 576 legimus
1575 501 1848 576 celebrari,
1901 503 2004 576 nisi

435 573 597 643 solius
621 585 758 640 beati
788 581 1010 638 Joannis
1055 578 1326 646 Baptistae.
1358 573 1416 646 In
1447 574 1564 628 aliis
1592 574 1788 646 sanctis
1815 583 1866 626 et
1894 573 2005 626 ele-

428 660 529 713 etis
560 656 652 711 Dei
681 655 922 724 novimus
939 649 1094 724 illum
1127 643 1266 724 diem
1295 645 1416 724 coli,
1445 658 1569 724 quo
1593 643 1711 724 illos
1737 650 1858 724 post
1870 657 2002 724 con-

433 725 839 782 summationem
888 719 1147 780 laborum,
1193 723 1248 770 et
1287 715 1550 770 devictum
1591 713 2004 782 triumphatum-

430 812 534 868 que
565 792 816 868 mundum
846 793 904 868 in_
949 797 1232 868 perpetuas
1271 785 1595 868 aeternitates
1631 796 1864 868 ρτξιεεᾳιιε
1891 782 2003 868 haec

431 851 538 920 vita
566 863 809 933 parturiit
839 877 856 933 ;_
891 851 1086 933 in'alii's
1105 853 1658 933 consummata_ultitni
1693 853 1796 933 diei
1815 851 2002 933 mei-ita

431 923 770 1001 celebrantur
799 949 812 982 :
841 923 899 984 in
926 929 1028 984 hoc
1049 927 1208 982 etiam
1251 923 1418 994 prima
1453 923 1568 1001 dies
1611 929 1666 1001 et
1704 923 1813 990 ipsa
1842 923 2001 1001 etiam

431 1005 666 1059 hominis
691 1000 840 1056 initia
871 991 1285 1067 consecrantur;
1319 1009 1414 1062 pro
1443 994 1569 1067 _hac
1615 993 1816 1062 absque
1843 991 2002 1067 dubio

430 1088 610 1138 causa,
652 1073 774 1142 quia
821 1084 914 1138 per
928 1069 1080 1142 hunc
1109 1061 1363 1118 Dominus
1394 1061 1680 1116 adventum
1711 1061 1988 1142 Su_um,'_ne

431 1130 609 1199 subite
640 1130 882 1195 h'ommes
926 1139 1252 1205 insperatum
1293 1147 1398 1205 no_n
1439 1138 1807 1205 agnoscerent,
1825 1130 2006 1205 voluit

431 1197 553 1268 esse
582 1219 847 1266 testatum.
896 1197 1128 1262 Joannes
1148 1212 1322 1258 autem
1355 1197 1517 1269 figura
1548 1197 1648 1254 fuit
1673 1201 1869 1254 veteris
1895 1200 2000 1254 Te-

431 1281 704 1346 stamenti,
732 1288 786 1336 et
809 1279 862 1332 in
892 1292 951 1332 se
1000 1275 1225 1346 fortnam
1278 1270 1508 1346 praetulit
1551 1269 1706 1346 Legis
1735 1288 1748 1324 :
1800 1279 1855 1324 et
1884 1271 2003 1346 ideo

431 1351 664 1408 Joannes
683 1341 1054 1419 przenuntiavit
1084 1343 1432 1419 Salvatoretn,
1461 1341 1604 1419 sicut
1634 1341 1741 1419 Le;
1781 1341 2001 1419 gratiam

433 1409 817 1492 prmcucurrit._
835 1415 1008 1492 Quod
1032 1423 1206 1492 autem
1236 1410 1470 1492 nondum
1521 1417 1676 1492 utitus
1705 1409 1770 1490 de
1792 1409 2003 1492 secreto

431 1479 658 1546 inaterni
687 1489 820 1544 uteri
843 1479 1229 1558 riprophctavit,
1247 1489 1301 1536 et
1329 1493 1522 1558 expers
1561 1479 1822 1558 lucisjam
1853 1481 2003 1558 testis

431 1569 516 1617 est
539 1559 775 1616 veritatis
798 1576 810 1610 :
837 1549 938 1612 hoc
962 1549 1041 1610 est
1069 1549 1502 1622 intelligendum,
1527 1549 1666 1618 quod
1701 1549 1870 1602 latens
1903 1550 2004 1622 sub

431 1631 695 1691 velamine
730 1637 782 1683 et
823 1641 982 1682 carne
1005 1625 1212 1686 litterae,
1241 1619 1320 1676 ἐι
1363 1619 1770 1691 Redemptorem
1806 1619 2003 1691 mundo

433 1688 626 1770 spiritu
675 1695 996 1770 pirzedicavit,
1039 1703 1092 1747 et
1123 1691 1276 1770 nobis
1331 1689 1608 1770 meittum
1663 1688 2004 1770 nostru‘m‘de

432 1757 846 1839 quodani'Legis
868 1757 1020 1820 utero
1069 1760 1430 1839 proclamavit.
1485 1759 1624 1828 Ergo
1651 1757 2003 1839 [quiaJudazi

436 1827 754 1894 erraverunt
769 1827 816 1889 va
851 1827 1136 1898 ventrefid
1161 1839 1262 1896 est,
1282 1846 1311 1884 a
1337 1830 1478 1899 Lege
1506 1827 1625 1898 qua:
1647 1827 2001 1899 Christogra-

433 1909 557 1964 vida
577 1917 692 1964 erat
717 1924 732 1973 ;
760 1897 1068 1960 Erravernnt
1087 1919 1118 1956 a
1138 1909 1320 1973 ventre,
1340 1897 1496 1973 locati
1515 1897 1630 1953 aunt
1649 1898 1782 1973 falsa
1807 1898 1826 1970 (
1854 1897 2000 1973 Psal.

439 1993 565 2042 Lvn,
587 1977 661 2049 4)
692 1968 854 2049 {ideo
875 1975 956 2049 hic
981 1974 1116 2049 venit
1132 1972 1184 2025 in
1207 1969 1560 2049 testimonium,
1589 1977 1645 2049 tit
1666 1968 2004 2049 testimonium

433 2037 710 2118 perhiberet
738 2047 800 2100 de
828 2045 1020 2120 lumine
1040 2043 1058 2112 (
1081 2041 1116 2095 J
1121 2058 1250 2120 oan._
1263 2037 1612 2120 1,-8)._Quod'
1626 2047 1798 2120 autem
1838 2037 1999 2093 Joan-

435 2107 532 2172 nes
551 2120 602 2172 in
619 2131 834 2173 carcere
855 2107 1168 2169 constitutus
1185 2109 1252 2164 ad
1273 2107 1538 2166 Christum
1561 2107 1848 2177 discipulos
1878 2121 2004 2162 suos

435 2187 690 2260 ordinat(
720 2185 906 2260 Matth.
951 2199 1026 2248 χι,
1054 2181 1090 2235 2
1119 2182 1160 2252 ),
1191 2181 1298 2260 Le}
1321 2179 1387 2234 ad
1418 2177 1705 2260 Evangelia
1733 2177 2005 2260 transmit-

431 2257 518 2312 tit.
556 2247 688 2325 ρυτέ
723 2256 830 2311 Lex
849 2247 1210 2325 juxtatvp'um
1261 2247 1481 2325 Joannis
1519 2248 1667 2325 quasi
1694 2247 2004 2325 ignorantia:

435 2317 618 2381 clausa
652 2317 884 2388 carcere,
945 2323 998 2377 in
1039 2317 1268 2376 obscuro
1294 2327 1344 2373 et
1375 2318 1428 2372 in
1456 2317 1674 2388 occulto
1697 2317 1926 2388 jacebat,
1949 2324 2004 2370 et

433 2395 671 2451 Judaicae
713 2393 966 2450 caecitatis
1030 2403 1218 2446 sensus
1256 2389 1398 2443 intra
1453 2387 1684 2442 litteram
1729 2387 2004 2442 tenebatur

433 2465 691 2521 inclusus.

504 2535 559 2590 2.
589 2533 819 2589 Lucerna
837 2531 1039 2586 ardens.
1071 2531 1147 2585 De
1178 2529 1277 2584 hoc
1297 2528 1482 2598 beatus
1505 2527 1846 2598 Evangelisla
1876 2541 2002 2598 prof

439 2603 691 2674 loquitur,
718 2604 820 2658 Ille
857 2599 1198 2674 erattucerna
1244 2597 1426 2652 ardens
1455 2596 1645 2669 (Joan.
1671 2596 1732 2674 ις,
1758 2599 1827 2674 ᾇ5
1857 2598 1913 2669 );
1943 2597 1995 2650 id

435 2665 541 2745 est',
567 2665 796 2745 Spiritus
817 2672 982 2728 sancti
1005 2673 1125 2745 igne
1147 2665 1524 2745 succenstis,ut_
1547 2665 1746 2745 mundo
1764 2665 2005 2738 ignoran-

435 2737 706 2800 tiae'noete
733 2755 1000 2812 possessa,
1025 2737 1200 2812 lumen
1231 2738 1417 2793 salutis
1443 2737 1766 2812 ostenderet,
1794 2737 2005 2812 etqua-

433 2814 481 2869 si
507 2814 643 2869 inter
671 2807 1011 2868 densissimas
1035 2810 1346 2864 delictorum
1387 2807 1654 2874 tenebras,
1685 2807 2004 2875 splendidis-

431 2884 624 2938 simum
646 2883 866 2954 justitia:
907 2881 1073 2954 solem
1121 2879 1250 2954 lucis
1279 2893 1389 2933 suae
1415 2877 1563 2954 radio
1579 2877 2000 2954 demonstraret,

432 2954 500 3008 de
523 2968 582 3024 se
607 2946 722 3024 ipso
741 2953 942 3024 dicens,
971 2949 1082 3024 Ego
1093 2947 1529 3024 voxelamantisjn
1556 2947 1791 3024 devertat
1814 2946 2001 3024 Matth.

432 3038 512 3088 Ill,
543 3023 578 3078 5
597 3017 640 3093 ).'
665 3017 1036 3093 Videamusin
1053 3034 1158 3093 quo
1197 3018 1428 3093 deserto,
1465 3017 1518 3072 id
1543 3025 1644 3084 est,
1674 3018 1726 3072 in
1753 3017 2002 3093 Gentium

433 3085 656 3162 populo.
687 3091 865 3162 Vacua
893 3091 1034 3162 enim
1065 3085 1256 3143 timore
1289 3088 1382 3162 Dei
1417 3096 1649 3162 pectora,
1696 3099 1748 3142 et
1795 3085 1997 3156 Spiritu

434 3157 622 3218 sancto
649 3161 906 3227 carentia,
929 3159 1141 3215 deserto
1169 3157 1459 3228 squalentis
1485 3159 1649 3228 eremi
1686 3171 2002 3228 comparan-

433 3240 538 3286 tur.
569 3232 819 3287 Desertus
845 3225 986 3284 enim
1025 3237 1138 3284 erat
1162 3225 1506 3282 hiemundus
1525 3225 1593 3281 ab
1621 3227 1766 3282 omni
1799 3225 2001 3282 cultura

434 3301 557 3356 ﬁdei
606 3312 661 3357 et
711 3301 912 3355 timoris
951 3299 1062 3366 Dei,
1104 3307 1158 3353 et
1205 3305 1542 3366 peccatorum
1600 3298 1765 3367 spinis
1800 3297 2003 3352 obsitus

432 3371 708 3441 squalebat
736 3380 994 3441 tanquam
1011 3367 1426 3441 ager__incultus,
1468 3375 1520 3441 et
1547 3367 1774 3441 nullam__
1797 3369 2003 3441 penitus

429 3437 690 3512 bonorum
721 3437 952 3512 operum
971 3437 1346 3512 fecunditatem
1374 3437 1644 3512 attulerat,
1667 3437 1872 3512 nullum
1897 3437 2002 3492 im-

429 3510 586 3582 brem
643 3505 826 3582 gratia:
877 3508 1165 3580 spiritualis
1204 3514 1502 3582 acceperat.
1557 3505 1779 3562 Mittitur
1815 3507 2003 3582 beatus

432 3577 683 3645 Joannes,
705 3581 794 3651 qui
821 3577 942 3634 eum
974 3594 1068 3648 per
1085 3577 1444 3651 propheticam
1470 3587 1628 3651 atque
1659 3577 2002 3651 apostolicam

433 3646 886 3722 praedicationem,
914 3646 1700 3722 annuntiaiidopaenitentiam,
1727 3647 1876 3722 quasi
1911 3663 2004 3702 ru-

435 3715 555 3776 ilem
582 3735 828 3790 campum
847 3717 1233 3790 proscinderet,
1283 3715 1596 3790 fecundaret
1620 3725 1674 3770 et
1704 3715 2000 3790 excoleret,

437 3790 593 3846 divini
620 3785 767 3846 verbi
794 3785 1082 3845 seminibus
1106 3787 1350 3854 impleret
1377 3803 1390 3837 :
1417 3794 1471 3840 et
1494 3785 1560 3839 ad
1591 3793 1847 3840 maturam
1889 3785 2004 3840 fru-

435 3873 573 3930 gem,
595 3861 646 3915 id
675 3868 778 3925 est,
807 3859 873 3914 ad
898 3857 1312 3930 regenerationis
1333 3855 1552 3930 gratiam
1583 3861 1926 3930 przepararet.

502 3925 706 3998 3.0m
723 3946 815 3984 suo
834 3930 886 3983 in
907 3925 1020 3983 oriu
1043 3929 1241 3998 revetet.
1273 3925 1389 3998 Jam
1415 3925 1803 3998 illud_qttant:e
1821 3926 2005 3998 gloria:

436 4009 536 4068 est,
564 3995 704 4070 quod
733 3999 1006 4070 Zachariae
1031 3995 1294 4070 sacerdoti
1315 3995 1427 4050 seni
1459 4004 1524 4070 et
1554 3995 2003 4070 Elisabetltsteri-

435 4070 472 4124 li
503 4065 534 4125 a
577 4065 842 4137 Gabriele,
889 4067 943 4123 id
972 4077 1070 4132 est,
1124 4068 1190 4122 ab
1242 4066 1335 4120 illo
1375 4065 1563 4137 angelo
1606 4066 1948 4134 promittitur,
1973 4081 2002 4120 a

433 4155 540 4208 quo
567 4140 745 4195 Mariae
785 4135 1030 4194 nativitas
1059 4137 1291 4200 Domini,
1337 4135 1614 4208 nuntiatur
1643 4154 1656 4188 :
1684 4145 1736 4189 et
1764 4137 1912 4208 quasi
1937 4151 2004 4191 ex

431 4207 613 4280 aliquo
639 4211 828 4264 similis
863 4209 1090 4280 Domini,
1123 4207 1466 4280 praemittitur
1496 4207 1634 4280 filius
1659 4207 1854 4280 sterilis
1881 4215 2005 4280 ante

430 4276 596 4334 filium
628 4281 878 4351 Virginis,
920 4279 1101 4351 nescio
1126 4276 1268 4346 quod
1321 4276 1491 4351 majus
1531 4277 1849 4351 miraculum
1891 4276 2003 4347 ipsa

431 4345 1026 4406 nativitatedeclartiiis.
1050 4345 1320 4416 Insperata
1377 4345 1526 4415 prole
1573 4345 1860 4416 posteritas
1891 4345 2005 4400 niu-

431 4429 651 4475 neratnr
679 4437 693 4482 ;
720 4426 857 4490 quia,
874 4433 1012 4473 novo
1055 4415 1207 4488 partu
1231 4415 1699 4490 erat_munera_nda
1744 4424 1800 4471 et
1827 4415 2003 4490 ditan-

429 4490 496 4544 da
519 4485 808 4559 virginitas.
839 4485 1182 4544 Prmmittitur
1204 4496 1327 4541 ante
1350 4487 1530 4542 Jesum
1559 4485 1824 4540 Christum
1853 4485 2007 4559 Joan-

429 4575 545 4624 nes,
574 4555 720 4629 quasi
745 4560 1140 4614 Testamentum
1181 4567 1331 4612 vetus
1351 4565 1474 4610 ante
1516 4569 1749 4629 novum;
1781 4563 1841 4609 ut
1891 4555 2006 4610 dies

431 4631 538 4686 diei
569 4626 771 4684 eructet
796 4629 1037 4694 verbum,
1065 4637 1119 4683 et
1150 4635 1598 4682 sacramentorum
1634 4626 1857 4680 obscura
1885 4641 2007 4695 pro-

431 4700 664 4755 funditas
687 4700 1104 4754 evidentioribus
1129 4713 1280 4752 novae
1297 4697 1551 4750 doctrinae
1571 4697 1842 4766 mysteriis
1856 4709 2007 4751 reve-

429 4772 590 4826 letur.
629 4770 972 4824 Pra-mittitur
1011 4783 1139 4838 ergo
1169 4769 1384 4822 lucerna
1413 4775 1538 4820 ante
1575 4765 1769 4832 solem,
1823 4780 2008 4821 servus

431 4849 556 4896 ante
603 4841 903 4904 Dominum,
955 4841 1156 4894 amicus
1205 4845 1328 4890 ante
1352 4849 1626 4904 sponsum,
1656 4849 1836 4904 prmco
1883 4846 2008 4890 ante

429 4911 678 4983 iudicem,
701 4927 799 4983 vett
831 4903 954 4983 ante
985 4909 1238 4983 verbuin._
1261 4907 1340 4983 _Et
1373 4903 1491 4960 ideo
1519 4906 1588 4983 de
1609 4903 1674 4960 se
1711 4905 1860 4983 dicit,
1893 4903 2008 4976 Ego

428 4975 526 5036 ima:
545 4975 810 5034 clamantis
829 4981 882 5034 in
907 4981 1118 5033 deserto.
1140 4976 1278 5045 Quid
1306 4983 1389 5030 est
1409 4975 1550 5044 quod
1575 4975 1760 5030 beatus
1774 4975 2006 5032 Joannes

429 5065 614 5106 vocem
641 5065 699 5104 se
719 5067 838 5106 esse
859 5051 1026 5104 dixit?
1055 5047 1117 5104 ιιι
1139 5058 1240 5114 est,
1267 5047 1390 5118 quia
1417 5045 1574 5104 Verbi
1597 5047 1936 5102 annuntiator
1952 5053 2006 5101 et

438 5121 746 5193 praedicator
770 5128 907 5176 erat.

437 5239 543 5287 cap.
567 5223 616 5288 9,
641 5223 686 5272 in
711 5219 952 5288 nonnullis
969 5232 1079 5288 qua
1103 5218 1182 5288 hic
1207 5230 1340 5288 num.
1361 5217 1406 5288 ti
1425 5215 1656 5288 legentur
1679 5215 1844 5288 verbis
1869 5229 1880 5264 :
1903 5227 2012 5288 cum

439 5275 630 5336 mimus
655 5286 801 5333 etiam
824 5283 955 5332 inter
977 5275 1274 5330 Eusebianas
1287 5279 1349 5328 de
1369 5275 1630 5327 Nativitate
1650 5281 1797 5326 sancti
1815 5275 2014 5326 Joannis

440 5345 677 5405 secunda,
699 5357 840 5406 quam
864 5343 1062 5406 quidem
1083 5343 1259 5406 eripista
1285 5341 1552 5406 praesertim
1577 5339 1844 5406 sententia,
1859 5337 2014 5406 (t_Sci-

444 5399 778 5471 vitpquod'non
803 5399 1054 5471 sutiiceret
1099 5399 1329 5471 eligentis
1373 5403 1549 5463 gratia,
1597 5400 1692 5471 nisi
1735 5399 2014 5471 invigilaret

443 5460 780 5530 eolilahorantls
823 5465 1126 5530 industria,_p
1157 5460 1338 5530 Fausti
1361 5460 1476 5530 esse
1513 5460 1821 5530 conjici-mus,
1837 5460 1918 5520 qui
1943 5461 2016 5510 si-

446 5519 565 5579 mile
585 5531 832 5591 quidpiam
859 5527 982 5591 dixit
1000 5529 1048 5576 in
1067 5519 1306 5591 libroide
1320 5523 1498 5591 L_il_)_ero
1518 5519 1746 5591 Arbitrio.
1764 5519 2013 5591 Observa-

447 5603 555 5640 mus
575 5583 767 5640 tandem
795 5589 1062 5640 Eusebiana
1085 5585 1281 5636 homilia
1303 5585 1360 5632 ad
1387 5584 1642 5632 Monachos
1669 5583 1880 5630 secunda
1898 5595 2013 5632 con-

447 5655 591 5704 tineri
605 5659 792 5712 partem
808 5651 1050 5712 sermonis
1063 5648 1210 5706 huius
1226 5645 1587 5712 nonexiguam,
1602 5645 1660 5692 ab
1675 5643 1770 5692 illis
1783 5645 2014 5712 nimirum

449 5681 566 5704 uucu
581 5681 591 5700 ι
607 5681 678 5712 ναι
693 5681 792 5702 ιςιιι
809 5681 878 5700 nos
892 5681 1050 5700 usu-uo
1067 5681 1210 5706 ιιυυιισ
1226 5681 1317 5695 uuu
1339 5681 1395 5694 υ.-
1407 5681 1422 5694 .
1463 5681 1587 5702 ..υ-..ν
1602 5681 1660 5692 ...ι
1675 5681 1770 5692 ..ην
1783 5681 1917 5692 ...η-.-
1933 5681 2014 5692 ...ι-

449 5715 616 5766 verbis
639 5727 768 5760 num.
795 5713 910 5776 (ira
941 5709 1301 5776 Novimusquia
1325 5681 1626 5776 familiariter
1647 5719 1784 5756 utens
1810 5705 2015 5756 humana

457 5791 483 5824 ι
507 5777 555 5826 In
578 5775 782 5826 diversis
805 5775 945 5837 huius
961 5773 1124 5823 mundi
1144 5769 1404 5830 illecebris,
1429 5785 1448 5812 ν
1484 5777 1576 5818 etc.

1872 313 2228 370 APPENDIX.

3552 315 3696 372 2H2

2183 431 2237 486 4.
2291 428 2502 501 Verbum
2519 429 2648 501 quid
2673 428 2759 496 sit,
2789 429 2912 499 quid
2937 445 3051 485 vox.
3091 429 3189 486 Hic
3207 429 3320 501 jam
3349 430 3574 487 sollicite
3607 449 3694 488 re-

2112 501 2383 571 quiramus
2409 499 2700 569 quid'inter
2733 501 2954 556 verbum
2990 501 3058 556 sit
3087 510 3143 558 et
3172 499 3375 556 vecem.
3405 501 3696 571 Scriptum

2113 580 2313 625 sanctae
2356 571 2576 626 verbum
2602 585 2725 626 esse
2749 571 3030 636 definiunt,
3061 571 3202 640 quod
3239 572 3374 626 intra
3415 572 3576 626 animi
3615 575 3694 627 si-

2117 641 2335 694 lentium
2383 649 2563 696 mente
2589 641 2961 710 concipimus;
3011 643 3232 697 verbum
3282 656 3402 698 esse
3433 641 3697 698 definiunt

2115 711 2282 780 ipsam
2305 711 2704 778 cogitationem.
2735 726 2852 780 qua:
2875 712 3048 767 adhuc
3075 713 3212 766 intra
3239 713 3579 766 conscientiae
3605 727 3696 767 se-

2114 790 2258 852 creta
2283 781 2542 852 retinetur
2566 797 2578 834 :
2605 795 2790 852 vocem
2817 797 2966 848 vero,
2989 798 3087 852 per
3113 796 3271 852 quam
3305 782 3525 836 verbum
3565 797 3696 852 pro-

2113 849 2280 906 fertur
2309 851 2362 905 in
2393 851 2645 906 medium.
2670 851 2804 918 Vox,
2830 849 3104 908 sonus—est
3128 849 3286 906 index
3315 849 3692 921 cogitationis;

2108 921 2328 993 verbum
2357 935 2486 993 vero
2515 921 2932 993 ipsacogitatio.
2963 921 3110 978 Sicut
3134 922 3277 978 enim
3317 921 3529 991 quando
3567 939 3692 977 ver-

2108 990 2245 1062 bum
2269 991 2442 1062 corde
2494 990 2864 1062 concipimus,
2915 994 3214 1048 necessaria
3261 990 3352 1062 est
3390 1007 3490 1046 vox
3541 993 3694 1062 quasi

2108 1059 2370 1132 quoddam
2425 1059 2729 1132 vehiculum
2776 1062 2958 1127 verbi;
3023 1071 3076 1118 et
3126 1061 3416 1132 quamlibet
3463 1059 3690 1116 verbum

2109 1130 2280 1200 ipsum
2312 1146 2406 1200 per
2432 1131 2542 1188 oris
2569 1146 2757 1187 sonum
2786 1132 2854 1187 ad
2882 1131 3045 1186 alium
3078 1130 3478 1196 transferamus,
3509 1139 3687 1186 tamen

2108 1199 2236 1254 illud
2267 1201 2529 1271 integrum
2551 1202 2714 1258 etiam
2753 1203 2888 1266 intra
2933 1217 3052 1266 nos,
3075 1202 3128 1258 id
3165 1212 3269 1268 est,
3297 1202 3534 1256 clausum
3559 1215 3588 1254 a
3612 1202 3689 1254 lo-

2107 1279 2302 1337 quente
2343 1273 2674 1338 transfertur,
2705 1281 2764 1326 ut
2793 1283 2967 1328 tamen
3016 1273 3068 1325 in
3108 1287 3200 1326 sua
3241 1272 3367 1328 sede
3412 1279 3685 1326 teneatur:

2109 1340 2178 1410 ita
2220 1349 2274 1394 et
2311 1343 2649 1410 omnipotens
2695 1343 2851 1397 Pater
2900 1343 3234 1397 innotescere
3283 1341 3435 1396 nobis
3477 1340 3681 1410 volens,

2107 1408 2426 1482 Sapientiam
2457 1408 2756 1482 et_Verbum
2775 1411 2902 1482 illud
2921 1412 3134 1480 quodin
3157 1411 3405 1482 principio
3429 1421 3532 1482 erat
3549 1409 3688 1467 Deus

2107 1481 2248 1552 apud
2275 1479 2438 1534 Deum
2473 1480 2650 1552 (Joan.
2679 1497 2717 1548 t,
2749 1481 2829 1552 1),
2879 1479 3166 1552 sicutiipse'
3181 1479 3425 1552 testatur,
3467 1481 3688 1552 Eruciu-

2107 1551 2175 1622 tiit
2217 1566 2304 1604 cor
2345 1551 2510 1606 meum
2542 1553 2750 1622 rvet-bum
2775 1551 2956 1606 bonum
2981 1551 3148 1622 (Psal.
3180 1567 3326 1616 xuv,
3352 1551 3430 1622 2),
3472 1551 3686 1606 beatum
3781 1557 3794 1567 '

2107 1617 2384 1690 Joannem,
2405 1621 2554 1690 quasi
2579 1636 2762 1676 vocem
2792 1638 2885 1690 per
2902 1617 3059 1690 quam
3081 1622 3146 1676 ad
3173 1635 3270 1676 nos
3291 1617 3508 1676 verbum
3529 1635 3684 1676 suum

2109 1689 2390 1762 proferret,
2413 1689 2735 1762 assumpsit.
2780 1689 2929 1760 Quod
2957 1692 3171 1762 quidem
3214 1691 3432 1762 verbum
3478 1690 3547 1762 de
3595 1691 3686 1745 illa

2107 1759 2236 1830 sede
2265 1760 2333 1813 ita
2364 1761 2428 1816 ad
2468 1776 2564 1815 nos
2589 1759 3058 1826 descendit,.ut'in
3089 1762 3230 1826 sinu,
3261 1761 3311 1816 id
3346 1768 3447 1828 est,
3475 1761 3527 1814 in
3553 1775 3682 1830 pro-

2107 1827 2508 1900 fundoiPaterui
2551 1833 2780 1900 pectoris
2820 1840 3173 1900 permaneret,
3207 1841 3411 1886 terrena
3442 1827 3682 1896 visitans,

2109 1907 2164 1952 et
2181 1899 2426 1972 geelestia
2448 1899 2562 1958 non
2583 1899 2906 1972 relinquens.

2177 1970 2229 2025 5.
2267 1969 2483 2044 Joannis
2523 1988 2630 2044 prie
2653 1969 2846 2044 cast—eris
2889 1971 3157 2044 PrOpIietis
3197 1972 3380 2044 gloria.
3431 1970 3685 2044 Mediator

2107 2048 2179 2110 est
2217 2041 2330 2094 novi
2376 2051 2422 2094 et
2465 2041 2641 2098 veteris
2689 2041 3009 2098 TestamentiL
3055 2041 3214 2097 lianc
3241 2043 3418 2110 itaque
3457 2041 3684 2110 gloriam

2106 2109 2292 2182 beatus
2319 2110 2552 2168 Joannes
2579 2112 2812 2182 Baptista
2847 2127 2950 2167 non
2987 2112 3056 2168 de
3093 2109 3400 2180 longinquo,
3431 2109 3569 2166 sicut
3595 2125 3684 2164 re-

2109 2178 2236 2252 liqui
2261 2179 2576 2252 Drephetae;
2628 2178 2722 2238 sed
2751 2182 2954 2238 vicinus
2989 2192 3044 2238 et
3077 2178 3349 2252 prosimus
3375 2183 3679 2252 antecessit.

2107 2247 2184 2302 llli
2223 2247 2504 2324 adventum
2536 2247 2676 2324 regis
2713 2261 2836 2324 ante
2880 2253 3044 2324 multa
3080 2247 3320 2321 tempora
3363 2251 3684 2324 prtedicave-

2107 2327 2262 2393 runt,
2305 2321 2398 2393 alii
2433 2319 2700 2390 dixerunt,
2741 2321 3068 2393 Quandoque
3115 2319 3372 2378 venturus
3411 2329 3524 2384 est;
3565 2319 3678 2386 alii,

2107 2388 2245 2462 Ecce
2282 2391 2388 2446 cito
2430 2395 2617 2449 venit:
2661 2388 3174 2462 iSte'auteni'quem
3217 2401 3496 2447 venturum
3537 2405 3680 2462 pra:-

2107 2459 2257 2524 dixit,
2291 2463 2501 2519 venisse
2541 2464 2874 2527 monstravit,
2915 2471 2969 2518 et
3007 2459 3526 2533 prephetiamsuam
3567 2461 3682 2528 ipso

2106 2544 2263 2603 quem
2284 2534 2630 2588 annuntiabat
2649 2535 2931 2590 assistente
2955 2530 3260 2603 complevit.
3289 2531 3476 2603 Adhuc
3505 2530 3683 2599 itaque

2107 2600 2160 2654 in
2196 2609 2350 2673 utero
2375 2603 2564 2673 matris
2597 2619 2708 2658 sua:
2745 2603 2943 2673 Spiritu
2985 2600 3168 2658 sancto
3195 2610 3278 2657 est
3325 2601 3581 2672 repletus,
3626 2609 3682 2673 et.

2107 2685 2262 2744 suam
2285 2672 2451 2744 ipsius
2497 2671 2826 2729 nativitatem
2857 2674 3220 2744 prophetaudo
3271 2671 3562 2744 praevenit;
3611 2671 3680 2724 ad

2107 2741 2504 2812 similitudinem
2546 2744 2756 2798 Domini
2796 2741 3154 2802 sancti'licatus
3191 2741 3472 2812 antequam
3503 2753 3677 2809 natus,

2107 2810 2242 2864 intra
2269 2813 2476 2869 viscera
2515 2815 2806 2878 exsultans,
2834 2823 2890 2868 et
2915 2813 3204 2872 Salvatoris
3244 2810 3526 2868 adventum
3567 2829 3681 2868 ma-

2109 2889 2259 2936 terno
2303 2897 2398 2938 ore
2435 2893 2752 2953 protestans.
2781 2883 2920 2939 Vere
2971 2887 3182 2942 lucerna
3226 2883 3446 2953 ardens,
3481 2885 3530 2938 in
3575 2899 3680 2952 quo

2109 2959 2215 3025 tam
2251 2952 2543 3025 _singularis
2585 2955 2752 3025 gratia
2795 2953 2986 3025 divina)
3023 2954 3340 3025 dignationis
3376 2952 3592 3025 ell‘ulsit,
3623 2963 3682 3006 ut

2101 3020 2210 3090 jam
2243 3020 2458 3092 jamque
2499 3020 2682 3080 adfore
2723 3020 3136 3098 Redemptorein
3177 3033 3374 3080 sanetae
3411 3023 3681 3098 genitricis

2107 3105 2245 3164 voce
2264 3103 2538 3164 narraret;
2583 3106 2638 3150 et
2663 3110 2760 3164 per
2788 3094 3098 3162 eamfvelut
3138 3110 3235 3164 per
3271 3094 3553 3164 quamdam
3587 3109 3678 3146 ve-

2107 3161 2276 3232 ritatis
2319 3163 2613 3232 lucernam,
2656 3161 2888 3218 nondum
2914 3161 2982 3220 in
3025 3161 3192 3220 lueein
3231 3161 3464 3232 prolatus
3501 3171 3682 3220 esten-

2105 3231 2275 3286 deret.
2305 3233 2400 3288 llic
2425 3245 2508 3290 est
2537 3235 2626 3290 ille
2649 3236 2772 3289 novi
2801 3243 2852 3290 et
2878 3235 3074 3290 veteris
3098 3231 3419 3290 Testamenti
3459 3234 3682 3288 idoneus

2108 3301 2382 3382 mediator,
2411 3313 2464 3358 et
2499 3305 2712 3374 gloriosi
2751 3305 2882 3382 Agni
2912 3305 3102 3374 dignus
3139 3313 3384 3360 ostensor
3412 3321 3425 3356 :
3453 3304 3544 3374 qui
3563 3305 3678 3382 _Do-

2108 3375 2306 3443 mtuum
2337 3389 2489 3430 suum
2526 3385 2576 3430 ct
2622 3377 2935 3432 annuntiare
2972 3391 3080 3430 uno
3124 3383 3362 3443 tempore
3407 3375 3604 3430 meruit
3627 3383 3684 3428 et

2109 3441 2305 3508 videre,
2336 3460 2438 3498 una
2465 3445 2757 3510 eademque
2785 3459 2896 3500 sua:
2939 3441 3416 3500 nativitatis’mtate
3453 3454 3508 3500 et
3545 3459 3680 3498 nova

2107 3513 2387 3582 incipiens,
2409 3523 2464 3570 et
2485 3525 2664 3570 vetera
2685 3516 3027 3572 concludens.

2177 3584 2230 3640 6.
2281 3583 2371 3658 _Vis_
2405 3585 2638 3658 facﬂnzda
2675 3595 2877 3658 propter
2902 3603 3112 3658 regnum
3151 3586 3408 3658 aptarunt.
3447 3586 3524 3658 De
3561 3600 3682 3658 per-

2107 3667 2235 3726 sona
2283 3654 2438 3726 hujus
2486 3655 2820 3725 Evangelista
2875 3654 3115 3720 testatur,
3160 3657 3204 3708 A
3238 3656 3446 3726 diebus,
3489 3656 3677 3726 inquit,

2106 3723 2321 3798 Joannis
2356 3723 2574 3798 regnant
2604 3723 2841 3798 cogitarunt
2880 3728 2978 3781 vim
3007 3727 3198 3798 patitur
3225 3725 3433 3798 (Matth.
3465 3741 3542 3798 tu,
3563 3723 3678 3794 21).

2108 3793 2358 3848 Novimus
2395 3793 2512 3864 quia
2551 3794 2879 3851 familiariter
2919 3793 3072 3852 mens
3109 3793 3338 3852 humana
3368 3797 3420 3850 in
3459 3793 3682 3850 diversis

2109 3864 2476 3937 hujusmundi
2505 3865 2770 3920 illecebris
2800 3875 2855 3920 et
2891 3867 3329 3937 concupiscentiis
3353 3865 3558 3937 devicta
3599 3865 3682 3920 fu-

2105 3935 2182 4003 git
2222 3935 2482 4007 laborem,
2514 3937 2712 4004 expetit
2742 3935 3086 4007 voluptatem,
3117 3945 3170 3990 et
3199 3935 3599 4007 vix_adducitur
3624 3945 3684 3991 ut

2107 4005 2541 4061 consuetudinem
2586 4021 2616 4058 a
2653 4021 2712 4060 se
2737 4005 2878 4060 vitai
2899 4007 3091 4075 prioris
3119 4005 3364 4060 excludat
3393 4024 3406 4060 :
3439 4007 3530 4060 sed
3557 4022 3679 4061 cum

2107 4076 2328 4144 coeperit
2363 4077 2597 4145 cogitare
2633 4075 2802 4130 ultimi
2841 4077 2944 4132 diei
2988 4079 3374 4142 necessitatem,
3415 4091 3478 4132 ac
3517 4076 3679 4132 futuri

2104 4146 2291 4216 judicii
2333 4146 2559 4215 pondus,
2599 4146 2810 4202 incitata
2851 4156 2900 4202 et
2927 4147 3188 4202 stimulata
3219 4147 3302 4200 vel
3341 4161 3435 4215 spe
3477 4149 3680 4216 prtemii

2109 4215 2191 4272 Sel
2217 4218 2406 4270 timore
2433 4216 2695 4288 supplicii,
2718 4218 3070 4272 voluntarium
3111 4215 3317 4288 bellum
3341 4215 3522 4288 indicit
3554 4233 3679 4288 pas-

2107 4288 2372 4352 sionibus,
2417 4295 2472 4342 et
2505 4285 2623 4357 vim
2677 4288 2798 4342 facit
2845 4289 3080 4357 pristinis
3127 4286 3260 4357 suis
3287 4285 3594 4352 desideriis,
3625 4299 3682 4345 et

2107 4359 2366 4412 violenter
2406 4371 2464 4411 se
2491 4356 2702 4410 vincere
2746 4355 2859 4426 ipsa
2885 4357 3176 4413 contendit.
3216 4355 3333 4412 Non
3376 4358 3518 4412 enim
3563 4361 3681 4416 sine

2108 4427 2358 4483 violentia
2410 4425 2520 4481 fieri
2570 4425 2852 4496 potest’ut
2897 4426 2966 4482 de
3015 4427 3334 4496 abundantia
3384 4436 3438 4482 et
3477 4429 3683 4486 deliciis

2109 4499 2176 4553 ad
2232 4498 2422 4551 famem
2477 4505 2531 4551 et
2571 4495 2759 4561 ’sitim,
2813 4496 2878 4551 ad
2930 4495 3300 4552 abstinentiam
3362 4505 3418 4553 et
3467 4515 3680 4556 erucem

2111 4577 2372 4632 transeat;
2405 4575 2463 4622 ut
2489 4581 2678 4622 Somno
2705 4567 2849 4636 prius
2875 4575 3034 4637 atque
3071 4568 3181 4622 otio
3209 4567 3433 4622 amicam
3464 4583 3678 4625 carnem

2109 4639 2426 4708 contritione
2467 4637 2766 4708 vigiliisque
2807 4637 3069 4692 conficiat.
3101 4637 3238 4704 Non,
3283 4639 3516 4708 inquam,
3564 4642 3682 4697 sine

2111 4709 2358 4780 violentia
2401 4707 2517 4780 fleri
2547 4707 2730 4780 potest
2759 4715 2833 4780 ut_
2845 4709 3208 4780 unusquisque
3236 4707 3558 4764 iracundiam
3589 4725 3680 4780 pa—

2113 4779 2314 4850 tientia,
2344 4777 2644 4850 superbiam
2671 4777 2966 4850 humilitate
2990 4777 3522 4850 commutet;.amore
3551 4777 3683 4850 pau-

2113 4847 2678 4920 pertatis,divi_tiarum
2727 4863 2790 4902 ac
2816 4847 3171 4920 sufficientia:
3215 4847 3682 4920 afiluentianfsth

2113 4918 2304 4991 iteret;
2354 4918 2694 4991 vinolentiam
2751 4918 3065 4991 sobrietate,
3116 4918 3378 4991 luxuriam
3437 4921 3682 4978 castitate

2111 4986 2457 5053 condemnet;
2511 4996 2565 5041 et
2601 4986 2761 5042 homo
2803 4989 2978 5043 subito
3020 4987 3072 5042 in
3115 4988 3288 5046 virum
3334 4991 3682 5046 transformc-

2113 5071 2198 5116 tur
2233 5059 2544 5129 perfectum,
2589 5065 2643 5110 et
2680 5057 2906 5129 quedam
2945 5057 3104 5112 modo
3149 5060 3283 5114 alter
3323 5059 3576 5115 reddatur
3614 5077 3682 5117 ex

2113 5127 2315 5193 altero;
2364 5143 2426 5182 ac
2454 5129 2530 5182 sic
2557 5141 2588 5181 a
2627 5127 2820 5184 talibus
2856 5143 2951 5198 per
2983 5129 3283 5184 violentiam
3313 5143 3534 5200 regnum
3567 5147 3678 5188 coe-

2114 5203 2246 5258 leste
2269 5200 2532 5268 diripitur.

2186 5273 2238 5326 7.
2278 5267 2394 5324 Duo
2421 5267 2732 5322 abstinentia?
2767 5285 2967 5340 genera.
2999 5268 3114 5324 Duo
3147 5278 3323 5324 autem
3354 5271 3679 5340 suntiabsti-

2115 5342 2307 5398 nentite
2341 5349 2394 5394 et
2424 5341 2594 5394 crucis
2615 5339 2832 5408 genera,
2854 5354 3016 5393 unum
3045 5341 3342 5408 corporale,
3361 5339 3505 5395 aliud
3529 5343 3686 5408 spirir

2116 5413 2276 5468 tuale.
2294 5410 2466 5466 Unum
2491 5424 2521 5463 a
2542 5419 2666 5480 potu
2687 5417 2844 5478 atque
2867 5409 3038 5480 epulis
3059 5417 3372 5480 temperare,
3391 5413 3680 5480 appetitum

2115 5484 2252 5554 gula:
2268 5497 2296 5536 a
2313 5479 2746 5554 delectationibus
2761 5487 2814 5534 et
2825 5479 3148 5533 mollissimis
3165 5479 3512 5554 suavitatibus
3531 5495 3680 5536 coer-

2116 5551 2258 5620 cere,
2299 5552 2366 5606 ab
2414 5551 2496 5605 his
2538 5565 2654 5620 quae
2697 5563 2794 5620 per
2831 5559 3028 5621 tactum
3070 5559 3124 5605 et
3151 5560 3358 5619 gustum
3407 5551 3682 5621 visumque

2117 5623 2414 5694 decipiunt,
2460 5619 2673 5694 sensum
2707 5619 2948 5694 viriliter
2998 5635 3276 5694 revocare,
3317 5633 3380 5694 ac
3426 5619 3684 5676 violenter

2116 5691 2443 5748 abstrahere.
2492 5693 2726 5748 Alterum
2757 5691 3090 5746 abstinentiae
3117 5699 3172 5745 et
3195 5691 3369 5756 crucis
3408 5705 3576 5760 genus
3603 5703 3687 5748 est

2118 5765 2398 5836 pretiosius
2441 5772 2597 5818 atoue
2641 5761 2933 5832 sublimius,
2975 5769 3152 5818 motus
3189 5761 3351 5818 animi
3399 5774 3603 5832 regere,
3631 5773 3684 5818 et
