4072 6362
286 356 425 416 2161

284 494 519 550 cumque
546 519 563 544 ,
609 478 800 550 fratres
859 474 1179 550 charissimi,
1201 481 1865 550 _sanctornm_martyrum

285 546 548 606 solemnia
576 549 928 613 celebramus,
958 548 1029 602 ita
1058 546 1650 616 ipsisintcrcedentilnis
1678 546 1868 618 exspe-

284 630 545 676 etemusa
574 620 797 673 Domino
840 619 1092 686 consequi
1138 619 1449 687 temporalia
1484 619 1764 685 beneﬁcia,
1809 628 1867 674 ut

285 692 434 760 ipsos
457 699 721 762 martyres
742 688 996 762 imitando
1019 688 1261 756 accipere
1302 703 1606 743 mereamur
1643 701 1861 747 aeterna.

284 762 372 815 Ab
398 762 530 830 ipsis
554 760 696 815 enim
743 761 793 813 in
831 760 1053 832 veritate
1105 767 1406 812 sanctorum
1449 769 1740 832 martyrum
1778 777 1867 816 so-

286 828 487 886 lemnia
512 832 866 902 celebrantur,
884 829 991 902 Aqui
1022 828 1257 902 ipsorum
1284 828 1604 901 martyrum'
1621 834 1863 902 exempla

282 912 608 973 sequuntur.
659 900 1038 973 Solemnitates
1087 898 1247 973 enimn
1268 898 1561 973 martyrum
1615 898 1866 957 extraria-

285 968 464 1028 tiones
493 981 617 1027 sunt
641 971 1047 1042 martyriorum;
1076 978 1130 1023 ut
1160 968 1353 1042 imitari
1374 968 1478 1024 aen
1497 971 1689 1042 pigeat,
1719 973 1859 1042 quod

280 1044 569 1099 celebrare
615 1038 859 1097 delectat.
892 1038 1016 1111 Sed
1066 1052 1164 1092 nos
1186 1039 1432 1111 volumus
1473 1038 1703 1111 gaudere
1734 1038 1860 1098 cum

283 1117 521 1178 sanctis;
575 1121 629 1168 et
672 1110 1063 1166 tribulationem
1089 1108 1270 1163 mundi
1326 1108 1572 1166 nolumus
1601 1114 1862 1169 sustinere

280 1198 407 1238 cum
433 1184 582 1254 ipsis.
611 1183 711 1250 Qui
741 1182 902 1254 enim
933 1187 1148 1254 sanctos
1170 1188 1494 1254 imartyres,_
1517 1182 1571 1235 in
1608 1192 1859 1252 quantum

284 1249 544 1325 potuerit,
577 1249 770 1325 imitari
815 1250 1064 1325 noluerit,
1128 1249 1195 1303 ad
1243 1249 1427 1325 eorum
1476 1249 1859 1325 beatitudinem

285 1322 395 1379 non
427 1324 623 1395 poterit
648 1322 947 1395 pervenire.
976 1322 1066 1375 Sic
1094 1330 1148 1373 et
1167 1322 1441 1395 apostolus
1476 1322 1668 1377 Paulus
1723 1341 1859 1392 prae-

282 1391 450 1460 dicat,
482 1396 689 1460 dicens,
719 1392 780 1447 Si
809 1391 1208 1462 fuerimussocii
1228 1391 1533 1458 passionum,
1576 1391 1762 1447 erimus
1814 1403 1860 1449 et

283 1467 686 1520 consolationunt
713 1463 780 1532 (ll
809 1461 927 1519 Cor.
958 1478 996 1525 ι,
1022 1461 1095 1531 7);
1119 1461 1443 1533 etDominus
1466 1464 1519 1516 in
1548 1463 1854 1533 Evangelio,

285 1536 349 1589 Si
381 1537 598 1590 mundus
630 1550 714 1588 vos
742 1534 868 1599 odit,
906 1534 1079 1585 scitote
1102 1532 1220 1602 quia
1240 1548 1317 1584 me
1344 1532 1559 1600 priorem
1588 1532 1723 1589 vobis
1742 1536 1857 1589 odio

284 1608 462 1659 habuit
488 1606 666 1675 (Joan.
700 1620 789 1677 δι’,
821 1604 931 1677 18).
966 1603 1192 1656 Recusat
1229 1616 1350 1677 esse
1386 1603 1436 1657 in
1481 1617 1722 1674 corpore,
1767 1607 1857 1677 qui

280 1676 468 1732 odium
496 1672 600 1731 non
638 1674 751 1729 vult
772 1674 1034 1727 sustinere
1057 1687 1178 1725 cum
1200 1672 1394 1740 capite.

354 1746 413 1800 2.
456 1746 566 1801 Nec
592 1754 995 1815 mai-(graminea
1028 1743 1221 1815 AChristi
1247 1743 1461 1815 imitatio
1504 1744 1853 1813 impossibilis.

285 1816 397 1873 Sed
426 1816 557 1871 dicit
596 1812 825 1883 aliquis;
862 1814 925 1868 Et
952 1813 1071 1882 quis
1117 1812 1318 1882 estqui
1370 1817 1537 1882 possit
1580 1812 1855 1872 beatorum

282 1897 580 1958 martyrum
609 1886 826 1953 vestigia
870 1884 1065 1958 sequi?
1102 1883 1242 1958 Huic
1260 1898 1359 1953 ego
1389 1884 1706 1958 respondeo,
1736 1888 1854 1957 quia

283 1972 394 2012 non
424 1953 598 2012 solum
627 1966 906 2025 martyres,
929 1953 1022 2007 sed
1049 1955 1209 2008 etiam
1232 1954 1401 2023 ipsum
1427 1956 1703 2009 Dominum
1734 1953 1855 2013 cum

283 2029 453 2096 ipsius
487 2026 769 2097 adjutorio,
799 2025 845 2079 si
876 2025 1137 2097 volumus,
1170 2039 1450 2097 possumus
1478 2026 1690 2097 imitari.
1718 2028 1855 2082 Audi

283 2094 394 2152 non
450 2094 567 2165 me,
610 2096 702 2150 sed
735 2097 904 2164 ipsum
953 2096 1233 2149 Dominum
1273 2096 1452 2164 generi
1484 2094 1714 2150 humano
1749 2099 1858 2152 cla—

282 2179 517 2223 mantem
544 2208 558 2233 ,
615 2166 804 2220 Discite
838 2182 869 2218 a
892 2182 971 2218 me
992 2165 1110 2232 quia
1130 2165 1264 2218 utilis
1288 2181 1398 2217 sum
1422 2174 1467 2218 et
1489 2166 1691 2219 humilis
1708 2169 1859 2222 corde

282 2238 498 2307 (illaab.
527 2254 600 2303 XI,
645 2236 758 2307 29).
807 2235 946 2289 Audi
984 2242 1039 2289 et
1070 2235 1279 2288 beatum
1314 2235 1528 2307 Petrum
1560 2239 1855 2305 apostolum

280 2306 682 2371 admonentem,
713 2306 944 2361 Christus
973 2320 1152 2375 passus
1180 2313 1251 2358 est
1273 2322 1364 2375 pro
1379 2306 1539 2372 nobis,
1572 2308 1857 2376 relinquens

282 2379 425 2433 nobis
450 2378 758 2444 exemplum,
789 2386 845 2429 ut
872 2391 1138 2448 sequamur
1172 2376 1378 2448 vestigia
1405 2377 1513 2448 ejus
1542 2378 1581 2448 (I
1625 2377 1766 2431 Petr.
1795 2395 1852 2443 ll,

281 2452 345 2504 2|
358 2451 400 2519 ).
426 2449 681 2505 Similiter
700 2448 896 2519 Paulus
912 2446 1195 2519 apostol_us_
1209 2446 1432 2519 clamat,
1453 2445 1739 2519 Imitatores
1758 2448 1857 2503 Dei

279 2515 455 2585 estote,
487 2520 612 2573 sicut
638 2519 733 2585 ﬁlii
756 2517 1038 2589 charissimi
1063 2515 1355 2589 (Ephes.v,
1388 2515 1461 2589 in).
1492 2517 1626 2584 Quid
1643 2519 1710 2572 ad
1741 2519 1855 2575 hmc

280 2590 749 2659 respondebimus,
772 2587 963 2659 fratres
988 2586 1320 2659 charissimi,
1339 2586 1604 2659 vciquam
1629 2605 1853 2644 excusa-

281 2656 484 2715 tionem
516 2660 711 2713 habere
757 2656 1088 2727 poterimus?
1126 2656 1181 2712 Si
1232 2656 1324 2710 tibi
1375 2657 1566 2727 aliquis
1609 2659 1769 2724 dicat,
1800 2669 1857 2716 ut

280 2733 507 2786 virtutes
535 2746 665 2799 quas
692 2729 815 2783 fecit
841 2728 1100 2799 Dominus
1128 2727 1324 2781 debeas
1353 2727 1565 2792 imitari,
1590 2729 1730 2797 justa
1759 2746 1853 2798 po-

281 2811 386 2856 mst
410 2818 531 2856 esse
555 2797 827 2854 excusatio
855 2809 978 2859 tua;
1020 2797 1141 2867 quia
1165 2799 1385 2851 virtutes
1406 2808 1459 2853 et
1488 2799 1745 2854 mirabilia
1762 2797 1853 2855 ffa-

279 2888 404 2927 cere
433 2889 538 2926 non
560 2872 804 2926 omnibus
833 2868 1013 2923 datum
1038 2879 1146 2923 est:
1160 2869 1301 2936 juste
1317 2878 1371 2922 et
1391 2878 1536 2923 caste
1560 2871 1760 2938 vivere,
1801 2880 1856 2927 et

279 2943 591 2997 charitatem
610 2956 732 2995 cum
761 2940 1008 2994 omnibus
1026 2938 1315 3005 custodire,
1331 2953 1451 2992 cum
1480 2939 1571 2993 Dei
1593 2941 1856 3007 adjutorio

284 3022 587 3082 promptum
613 3021 713 3065 est.
746 3010 860 3082 Non
885 3011 1025 3064 enim
1059 3010 1172 3077 ipse
1202 3010 1457 3065 Dominus
1484 3010 1630 3082 dicit,
1656 3012 1856 3068 Discite

279 3080 310 3137 ἐι
338 3098 427 3137 me
444 3080 695 3136 mortuos
721 3081 998 3151 suscitare,
1049 3095 1211 3151 super
1244 3080 1608 3151 aquasisiceis
1634 3083 1856 3151 pedibus

278 3155 581 3217 ambulare;
623 3167 727 3205 non
770 3150 871 3205 hoc
919 3150 1047 3203 dicit
1076 3168 1088 3203 ε
1122 3150 1217 3205 sed
1243 3151 1366 3219 quid
1392 3150 1507 3204 ait?
1554 3151 1686 3215 Quia
1721 3153 1856 3207 mitis

278 3240 394 3277 sum
417 3234 465 3277 et
488 3224 691 3277 Immitis
732 3221 919 3285 corde;
970 3229 1024 3274 et
1052 3221 1264 3287 iterum,
1298 3219 1505 3290 Diligite
1523 3222 1751 3277 inimicos
1774 3240 1857 3277 ve-

279 3305 431 3358 stros,
456 3294 731 3364 benefacite
756 3293 835 3364 his
862 3291 948 3360 qui
976 3291 1186 3344 oderunt
1209 3306 1333 3364 nos;
1363 3300 1416 3345 et
1444 3291 1653 3357 iterum,
1682 3291 1858 3348 Estote

280 3365 507 3435 perfecti,
530 3360 657 3417 sicut
683 3373 749 3435 et
771 3360 925 3435 Pater
947 3361 1350 3435 vestercizlestis
1381 3364 1739 3435 perfectusest,
1771 3364 1857 3429 qui

278 3432 434 3489 solem
462 3451 606 3488 suum
629 3434 752 3487 oriri
777 3432 897 3501 facit
920 3448 1070 3499 super
1110 3432 1265 3485 bonos
1302 3440 1348 3485 et
1373 3434 1531 3486 malos
1557 3432 1770 3501 (Matth.
1799 3451 1853 3500 ν,

280 3505 387 3578 Η,-
402 3505 519 3578 45).
552 3505 615 3558 Et
636 3504 758 3578 licet
788 3502 1015 3556 sintalia
1046 3503 1229 3578 muita,
1262 3502 1535 3578 in_quibus
1564 3503 1854 3578 debeamus

280 3584 336 3629 et
363 3572 529 3629 Deum
552 3584 606 3629 et
643 3576 825 3628 beatos
851 3582 1111 3643 martyres
1136 3572 1364 3643 imitari;
1414 3572 1512 3626 ista
1544 3582 1721 3629 tamen
1749 3575 1855 3629 duo

281 3647 545 3713 praecipua
562 3653 707 3711 sunt,
731 3645 781 3698 id
798 3652 899 3709 est,
918 3652 977 3696 ut
992 3640 1147 3697 mites
1167 3640 1332 3714 simus
1354 3651 1408 3696 et
1423 3643 1647 3698 humiles
1670 3645 1850 3714 corde,

279 3725 337 3770 et
355 3716 597 3770 inimiCns
621 3724 831 3768 nostros
862 3714 985 3767 totis
1012 3714 1213 3767 viribus
1233 3713 1532 3782 diligamus.

353 3788 410 3842 5.
451 3785 742 3851 Prwsertint
787 3785 839 3837 in
877 3784 1198 3837 inimicorum
1248 3784 1528 3837 dilectione.
1579 3784 1854 3840 Charitatis

279 3856 382 3911 duo
407 3857 575 3928 pedes.
607 3856 681 3910 De
704 3854 987 3928 dilectione
1017 3854 1368 3928 inimicorum,
1394 3854 1584 3928 fratres
1605 3855 1854 3911 charissi-

282 3929 378 3995 nii,
407 3924 584 3981 nullus
614 3940 844 3994 unquam
876 3924 928 3995 in
980 3925 1199 3995 veritate
1243 3938 1302 3978 se
1351 3926 1544 3993 poterit
1570 3940 1849 3982 excusare.

282 3998 466 4053 Potest
484 3998 612 4051 mihi
640 3995 830 4065 aliquis
855 3994 1053 4059 dicere,
1082 3994 1196 4048 Non
1223 4009 1437 4062 possum
1460 3996 1722 4064 jejuuare,
1748 4014 1851 4051 non

281 4083 496 4137 possum
526 4068 743 4138 vigilare
768 4084 781 4119 :
812 4065 1063 4189 numlquid
1082 4066 1469 4133 potestdicere,
1498 4066 1612 4120 Non
1641 4082 1852 4134 possum

281 4140 498 4189 amare?
517 4138 699 4189 Potest
715 4137 912 4189 dicere.
981 4150 1050 4188 on
1070 4149 1284 4189 possum
1304 4149 1391 4189 res
1416 4149 1561 4189 meas
1580 4146 1713 4189 totas
1734 4152 1852 4189 nau-

280 4140 498 4193 amare?
517 4138 699 4194 Potest
715 4137 912 4199 dicere,
934 4137 1050 4189 Non
1070 4149 1284 4203 possum
1304 4149 1391 4189 res
1416 4149 1561 4190 meas
1580 4146 1713 4190 totas
1734 4152 1855 4206 pau-

282 4209 500 4278 peribus
524 4209 743 4271 donare,
775 4217 830 4260 et
856 4208 907 4259 in
947 4206 1270 4259 monasterio
1295 4206 1663 4278 Deoiservirei:
1695 4224 1851 4261 num-

281 4276 409 4347 quid
436 4287 615 4348 potest
640 4279 838 4343 dicere,
870 4279 934 4330 Et
960 4290 1062 4348 non
1095 4290 1311 4345 possum
1338 4276 1593 4348 diligere?
1627 4276 1682 4331 Si
1703 4278 1853 4333 dixe-

282 4352 357 4405 ris
384 4346 507 4419 quia
538 4364 642 4402 non
673 4349 845 4417 p0ssis
873 4362 901 4399 a
927 4346 1052 4419 vino
1082 4348 1166 4419 vel_
1210 4363 1241 4400 a
1283 4347 1531 4419 carnibus
1555 4348 1847 4419 abstinere,

280 4417 549 4475 cred—imus
575 4420 667 4473 tibi
692 4436 705 4470 :
734 4418 777 4472 si
801 4426 976 4471 autem
1001 4417 1200 4472 dixeris
1219 4417 1358 4487 quod
1387 4433 1491 4471 non
1516 4418 1688 4487 possis
1717 4419 1768 4472 in
1800 4428 1851 4474 te

281 4490 625 4560 peccantibus
647 4488 937 4560 indulgere,
967 4487 1182 4560 omnino
1206 4502 1309 4560 non
1338 4487 1622 4560 credimus.
1645 4488 1711 4560 Et
1730 4490 1850 4558 quia

282 4557 421 4615 nulla
443 4560 595 4615 nobis
626 4558 879 4612 remansit
903 4557 1206 4619 excusatio;
1239 4559 1363 4612 dum
1389 4574 1490 4613 non
1522 4559 1588 4613 de
1609 4557 1847 4626 cellario,

281 4632 375 4687 sed
396 4632 466 4686 de
492 4631 651 4686 corde
680 4630 831 4682 iSIam
852 4628 1255 4699 rcleemosyuam
1296 4629 1544 4697 jubcmur
1590 4629 1808 4697 implere
1833 4648 1846 4685 :

284 4712 339 4756 ut
364 4717 463 4772 per
485 4701 624 4755 viam
654 4700 775 4772 vita:
797 4698 863 4753 ad
885 4698 1139 4772 miernam
1166 4713 1465 4772 mereamur
1490 4700 1710 4772 patriam
1736 4716 1853 4768 per-

280 4768 485 4834 vetiire,
521 4786 624 4826 non
654 4771 823 4825 solum
849 4770 1068 4832 amicos,
1089 4768 1180 4823 sed
1208 4768 1365 4840 etiam
1391 4770 1635 4840 inimicos
1659 4770 1849 4840 diliga-

281 4858 421 4896 mus.
454 4842 546 4897 His
593 4842 735 4895 enim
761 4840 968 4893 duobus
1008 4840 1304 4908 praeceptis,
1351 4839 1403 4893 id
1431 4849 1542 4904 est,
1584 4839 1851 4908 diligendo

284 4914 450 4968 Deum
472 4922 527 4968 et
551 4911 819 4981 diligendo
842 4910 1159 4979 proximum.
1188 4910 1336 4981 quasi
1367 4909 1572 4981 duobus
1600 4911 1848 4981 spiritua-

282 4984 422 5038 libus
469 4979 711 5053 pedibus
742 4996 838 5050 per
883 4981 1021 5033 viam
1067 4995 1204 5053 verse
1248 4979 1519 5053 cbaritaiis
1564 4980 1853 5053 valebimus

279 5050 521 5119 currere,
553 5060 607 5107 et
650 5052 717 5106 ad
758 5059 1009 5105 atternam
1048 5051 1268 5118 patriam
1298 5052 1587 5120 poterimus
1632 5050 1854 5105 feliciter

281 5124 583 5192 pervenire.
632 5122 752 5177 istis
778 5120 999 5192 pedibus
1022 5121 1270 5192 currebat
1311 5122 1582 5191 apostolus
1630 5120 1848 5192 Paulus,

279 5190 493 5264 quando
535 5190 1133 5264 dicebat,’Ego_autein
1170 5190 1242 5244 sic
1290 5190 1458 5259 curro,
1506 5207 1606 5246 non
1634 5191 1778 5261 quasi
1802 5192 1855 5245 in

278 5260 526 5335 incertum
559 5263 599 5335 (Ι
627 5264 743 5317 Cor.
769 5279 842 5329 ix,
864 5260 987 5332 ⁷26).

349 5337 403 5390 4.
447 5329 687 5388 Inimicos
707 5350 883 5387 amans
907 5329 977 5386 est
1001 5330 1139 5404 [ilius
1164 5329 1280 5386 Dei.
1309 5330 1429 5404 Non
1456 5332 1669 5404 diligens
1697 5332 1859 5386 homi-

279 5408 395 5459 cida
427 5415 498 5460 est
544 5414 591 5458 et
629 5406 680 5457 in
729 5404 959 5457 tenebris.
1011 5402 1109 5469 Qui
1149 5417 1276 5471 ergo
1320 5402 1569 5471 dilexerit
1618 5405 1859 5457 inimicos

279 5493 429 5541 suos,
463 5475 588 5529 illud
623 5478 673 5528 in
720 5489 784 5529 eo
815 5474 1086 5542 impletum
1125 5470 1231 5526 erit
1266 5470 1407 5540 quod
1435 5473 1685 5528 Dominus
1705 5474 1855 5538 dixit,

282 5548 491 5618 Diligite
518 5546 747 5600 inimicos
774 5553 975 5609 vestros,
1004 5553 1057 5596 ut
1081 5543 1187 5597 sitis
1209 5544 1305 5612 ﬁlii
1328 5542 1498 5598 Patris
1528 5546 1674 5597 vestri
1700 5545 1784 5614 qui
1810 5544 1861 5597 in

278 5698 426 5748 sur-ra
448 5696 597 5748 Serm.
621 5682 700 5748 67,
722 5695 773 5730 ιι.
800 5681 855 5748 4;
877 5681 944 5748 de
965 5694 1099 5748 num.
1116 5681 1166 5748 5,
1193 5679 1379 5748 Ctesarii
1417 5680 1579 5748 homil.
1605 5679 1666 5729 32
1682 5714 1699 5748 ,_
1708 5692 1864 5748 supra

279 5740 431 5796 sei-iu.
462 5746 564 5804 ιιο,
588 5759 635 5792 ιι.
661 5740 709 5801 5,
731 5751 782 5793 et
804 5740 854 5801 9,
876 5746 905 5793 7
927 5758 987 5794 ex
1012 5740 1160 5795 editis
1176 5756 1202 5793 a
1221 5740 1419 5805 Baluzio;
1445 5743 1507 5792 de
1532 5756 1663 5793 num.
1687 5745 1736 5801 ϋ,
1756 5742 1865 5794 vide

280 5820 427 5873 supra
450 5820 595 5858 serm.
620 5807 729 5869 210,
756 5821 803 5855 ιι.
829 5807 879 5857 5.

1638 354 1868 414 SERMO
1905 356 2176 421 CCXX".

3414 376 3559 435 216⁸2

1979 482 2118 561 cretis
2138 488 2230 563 est.
2257 479 2404 552 Elige
2432 484 2591 539 modo
2620 483 2763 555 quod
2796 484 2885 541 tibi
2897 486 3191 612 cplacuerit.
3223 490 3278 547 Si
3307 492 3552 553 inimicos

1979 551 2248 612 ddexeris,
2277 568 2380 607 non
2402 555 2571 609 solum
2592 556 2814 612 amicus.
2837 571 2893 612 se
2958 560 3117 612 etiam
3149 561 3285 612 ﬁlius
3313 564 3402 612 Dei
3433 580 3552 612 esse

1975 551 2248 615 dElexeris,
2277 551 2380 607 nou
2402 555 2571 609 solum
2592 551 2814 623 amicus,
2837 551 2931 612 sed
2958 560 3117 614 etiam
3149 561 3285 617 ﬁlius
3312 564 3402 619 Dei
3433 551 3552 623 esse

1976 623 2286 709 nierelinris.
2340 623 2395 709 Si
2416 640 2549 709 vero
2594 626 2838 709 inimicos
2873 644 3053 709 amare
3076 631 3333 709 nolueris,
3366 638 3546 709 propi-

1977 694 2105 773 tium
2150 693 2312 773 Dcu‘m
2346 693 2541 749 habere
2585 712 2689 773 non
2730 699 2927 773 poteris
2955 716 2967 752 :
3002 701 3136 773 quia
3157 693 3413 773 script-uin
3444 693 3547 773 e'st,

1978 763 2077 839 Qui
2106 764 2210 815 odit
2240 764 2448 839 frtitrem
2472 782 2636 839 suum,
2665 763 2916 839 homicida
2941 763 3079 839 est'(l
3106 763 3368 837 Joanfm,
3415 776 3482 831 15

1978 778 2075 824 um
2106 778 2210 815 oau
2240 778 2448 832 ,ratrem
2472 782 2636 829 suum,
2665 778 2916 822 homicida
2941 780 3014 824 est
3035 778 3079 839 (Ι
3106 778 3260 825 Joan.
3290 790 3368 837 ιιι,
3415 778 3482 831 15
3534 794 3546 841 ;

1974 842 2024 915 ei
2050 832 2256 915 iterum,
2289 834 2721 915 Quinontdiligit,
2746 850 2912 893 manet
2938 842 3248 915 inmortali
3260 844 3385 909 bid.,
3416 778 3504 915 id;
3532 864 3546 912 ;

1973 912 2027 954 et
2058 903 2269 977 iterum,
2430 905 2533 958 odit
2559 903 2763 976 fratrem
2784 926 2955 973 suum,
2984 911 3035 963 in
3057 903 3267 965 tenebris
3294 903 3385 977 est,
3428 903 3551 969 etin

1973 973 2185 1051 tenebris
2218 975 2538 1051 ambula!,_et
2560 973 2843 1051 nescitque
2870 980 3051 1043 vadat;
3078 984 3314 1051 quoniam
3338 973 3550 1040 tenebrae

1973 996 2185 1026 tenearis
2218 996 2461 1041 amamur,
2491 996 2538 1029 et
2565 996 2719 1030 nescit
2780 997 2843 1032 uo
2870 996 3051 1043 vaaat;
3078 996 3314 1051 quoniam
3338 996 3543 1040 tenebrat

1969 1044 2342 1132 ebcii'caverunt
2367 1047 2539 1132 oeulos
2581 1048 2689 1127 ejus
2717 996 2827 1130 (ἵά.
2869 1051 3083 1132 11,“);
3123 1062 3178 1132 et
3204 1052 3397 1132 iterum
3417 1057 3543 1132 alibi

1967 1115 2224 1192 scripiuni
2256 1123 2333 1192 cst
2355 1157 2368 1178 ,
2399 1114 2929 1192 Itinera'iinpiorum,
2952 1114 3038 1184 qui
3058 1114 3298 1192 injuriam
3338 1126 3549 1180 retinent

1970 1184 2227 1260 nmlefucti
2256 1186 2594 1260 in_mnrtent_‘.
2623 1184 2883 1260 Numquid
2912 1184 3031 1245 lucc
3054 1184 3213 1248 vérba
3244 1210 3361 1250 mea
3390 1206 3544 1260 sunt,

1966 1250 2156 1327 fratres
2181 1255 2515 1327 charissimi?
2543 1256 2621 1311 De
2647 1250 2932 1327 Scripturis
2958 1263 3155 1317 sanctis
3199 1272 3251 1317 ct
3279 1250 3547 1320 canonicis

1968 1323 2543 1397 proferuntur.Utergo
2564 1342 2661 1382 nec
2683 1323 2959 1384 homicidia
2979 1332 3163 1397 simus,
3193 1349 3290 1387 nec
3320 1335 3371 1389 in
3401 1344 3547 1391 tene-

1965 1391 2072 1468 bris
2103 1391 2502 1468 remaneamus;
2533 1398 2837 1454 Studeamus
2864 1416 2968 1454 non
2998 1391 3167 1455 solum
3197 1404 3423 1468 amicos,
3450 1406 3545 1461 sed

1963 1464 2120 1539 etiam
2171 1464 2412 1539 inimicos
2440 1467 2658 1537 diligere
2702 1485 2717 1524 :
2755 1479 2813 1523 ut
2866 1471 3007 1539 pium
3052 1481 3106 1526 et
3144 1464 3544 1530 misericordem

1965 1532 2243 1605 Dominum
2268 1532 2841 1605 possimus'secundum
2859 1532 3119 1596 cautionis
3137 1557 3250 1597 sua:
3274 1545 3540 1601 vinculum

1961 1602 2124 1658 libera
2149 1602 2469 1661 conscientia
2497 1611 2800 1664 convenire.

2031 1675 2085 1752 5.
2121 1675 2246 1752 Qua:
2278 1677 2331 1752 in
2354 1694 2445 1731 nos
2467 1690 2750 1752 peccantur,
2785 1681 3092 1752 indulgendo
3110 1697 3130 1746 ;
3148 1698 3259 1752 qua:
3284 1683 3333 1736 in
3357 1682 3538 1751 Deum,

1963 1747 2236 1824 punienda:
2292 1746 2363 1824 Ihn
2408 1746 2553 1824 nobis
2593 1759 2669 1824 est
2705 1746 3036 1824 peccatorum
3084 1746 3380 1807 remedium.
3426 1746 3543 1824 Ipse

1962 1816 2104 1891 enim
2123 1815 2277 1891 dixit,
2303 1816 2363 1891 S_i
2383 1819 2669 1874 dimiseritis
2695 1815 2978 1875 hominibus
3011 1833 3213 1891 peccata
3242 1815 3543 1887 eorum-di-

1962 1886 2115 1960 mittet
2150 1888 2286 1960 vobis
2312 1886 2467 1960 Pater
2491 1899 2646 1943 vester
2669 1892 2879 1945 C(Blestis
2911 1886 3111 1960 peccata
3140 1902 3301 1946 vestra
3329 1911 3348 1948 :
3374 1886 3542 1950 sinon

1962 1955 2271 2023 tlimiseritis,
2290 1974 2379 2011 nec
2411 1958 2566 2011 Pater
2590 1971 2749 2014 vester
2771 1955 2982 2015 dimittet
3006 1964 3140 2016 vobis
3169 1963 3333 2016 debita
3356 1976 3536 2019 vestra.

1965 2024 2249 2095 Diligenter
2272 2030 2547 2095 attendite,
2568 2030 2755 2084 fratres
2776 2032 3094 2097 charissimi,
3120 2044 3169 2086 et
3188 2034 3377 2089 scitote
3396 2036 3539 2090 aliud

1960 2110 2080 2172 esse
2127 2098 2183 2172 in
2232 2099 2393 2152 Deum
2420 2114 2663 2169 peccare,
2696 2101 2835 2155 aliud
2875 2101 2927 2155 in
2977 2102 3267 2156 hominem.
3316 2104 3538 2172 Quando

1960 2165 2105 2239 enini
2126 2168 2176 2220 in
2202 2184 2299 2223 nos
2321 2165 2543 2239 peccant
2565 2172 2824 2237 homines,
2848 2173 2892 2227 si
2923 2172 3299 2239 paenitentibus
3327 2165 3536 2229 veniam

1962 2251 2065 2289 nou
2092 2235 2477 2313 indulgeamus,
2511 2248 2781 2309 peceatum
2814 2235 3177 2298 incurrimus:
3208 2244 3420 2313 quando
3444 2261 3538 2299 au-

1962 2314 2066 2384 tem
2095 2307 2351 2384 aliquisin
2382 2307 2549 2364 Deum
2574 2313 2893 2384 peccaverit,
2923 2314 2965 2366 si
3006 2314 3121 2368 sine
3146 2307 3331 2384 grandi
3358 2313 3537 2369 distri-

1959 2376 2195 2453 ciiune‘f'
2210 2379 2480 2453 indulgere
2505 2376 2846 2453 voluerimus,
2877 2376 3173 2453 participes
3187 2399 3283 2436 nos
3303 2386 3538 2453 peccatis

1960 2446 2081 2521 ejus
2095 2446 2379 2521 efﬁcimus:
2406 2451 2690 2521 Dixitcrgo
2734 2446 3003 2516 Dominus,
3037 2446 3098 2508 Si
3129 2446 3417 2508 dimiseritis
3445 2455 3537 2508 ho-

1959 2518 2174 2589 rninibus
2200 2530 2403 2589 peccata
2431 2538 2602 2575 eorum
2622 2518 2647 2586 ξ
2667 2523 2876 2576 dimittet
2904 2524 3039 2577 vobis
3072 2522 3227 2576 Pater
3254 2531 3408 2578 vester
3433 2540 3537 2578 ca:-

1961 2587 2095 2674 lesiis
2120 2587 2503 2674 peceatqvestra
2528 2592 2735 2674 (ilium:
2765 2609 2836 2674 vi,
2868 2594 2976 2674 Mi:
3002 2594 3149 2674 [Rogo
3178 2608 3313 2674 vo§,_
3325 2594 3534 2674 fratres,

1960 2658 2083 2725 quid
2121 2658 2426 2727 delicatius,
2458 2658 2583 2731 quid
2614 2663 2887 2734 benignius
2915 2658 3028 2734 dici
3057 2658 3266 2734 potest?
3296 2663 3354 2717 In
3383 2658 3539 2734 pote;

1959 2737 2095 2803 siste
2120 2740 2319 2803 nostra,
2340 2734 2534 2803 posuit,
2558 2732 2782 2803 qualiter
2816 2733 2865 2786 in
2896 2732 3188 2803 die'judicii
3212 2732 3533 2802 iudicemur.

1959 2797 2074 2873 Non
2103 2801 2253 2862 dixit,
2286 2797 2429 2873 Vade
2457 2797 2830 2873 inrientem,
2853 2813 2905 2858 et
2929 2797 3108 2873 quaere
3128 2797 3417 2873 justitiam;
3444 2820 3538 2861 na-

1959 2869 2074 2943 viga
2097 2886 2261 2943 usque
2286 2872 2351 2925 ad
2375 2871 2737 2937 Occidentem,
2771 2869 2827 2927 ut
2850 2869 3077 2943 accipias
3117 2869 3493 2943 indulgentiam
3518 2892 3531 2928 :

1959 2940 2050 2992 Sed
2110 2940 2195 2995 uid
2224 2941 2381 2996 dicit?
2406 2943 2617 2997 Dimitte
2645 2943 2861 2997 inimico
2883 2940 2991 3007 tuo,
3014 2954 3067 2998 et
3090 2940 3383 2999 dimittetur
3404 2946 3532 3009 tibi;

1959 2956 2191 3063 indutiae.
2222 3020 2276 3063 et
2292 3012 2646 3063 indulgebitur
2666 3014 2793 3063 tibi:
2820 3013 2907 3063 da-
2935 3024 2989 3063 et
3015 3014 3225 3063 dabitur
3252 3016 3365 3063 tibi.
3394 3015 3532 3063 Nihil

1959 3008 2191 3080 indulge,
2222 3012 2646 3082 etindulgebitur
2666 3014 2793 3078 tibi;
2820 3013 2907 3081 da,
2935 3024 2989 3069 et
3015 3014 3225 3068 dabitur
3252 3016 3365 3068 tibi.
3394 3008 3545 3070 Nihil-

1958 3094 1989 3133 a
2018 3092 2070 3134 te
2093 3091 2242 3136 extra
2271 3090 2321 3137 te
2353 3086 2563 3153 qmcrit.
2608 3084 2688 3138 Ad
2712 3092 2760 3137 te
2779 3084 2950 3153 ipsum
2981 3094 3035 3139 et
3062 3084 3124 3138 ad
3156 3086 3549 3141 conscientiam-

1962 3158 2101 3226 iuam
2134 3161 2184 3226 te
2211 3153 2348 3207 Deus
2370 3154 2546 3226 dirigit
2575 3172 2588 3207 :
2618 3154 2667 3208 in
2688 3162 2739 3208 te
2762 3155 2903 3226 enim
2934 3156 3109 3223 posuit
3131 3154 3271 3224 quod
3295 3156 3537 3226 requirit.

1956 3219 2074 3295 Non
2099 3222 2240 3295 enim
2280 3219 2662 3279 medicamenta
2711 3219 3013 3279 vulneribus
3059 3219 3163 3278 tuis
3200 3219 3566 3295 l'inge'upus-

1959 3290 2125 3366 h_abes
2149 3293 2414 3366 inquirere
2447 3312 2478 3366 :7
2506 3304 2840 3366 peccatorum
2882 3304 3093 3349 tuorum
3132 3290 3532 3366 indulgentiam,

1958 3362 2002 3415 si
2032 3362 2302 3434 vis,_intus
2324 3366 2375 3417 in
2406 3362 2624 3420 cellario
2651 3365 2839 3420 cordis
2859 3366 2929 3420 tui
2960 3366 3159 3434 poteris
3185 3362 3443 3422 invenire.

2030 3434 2081 3505 ﬁ.
2114 3432 2292 3505 Facile
2312 3435 2536 3505 indulget
2553 3437 2638 3505 qui
2658 3437 2865 3489 attendit
2887 3432 3073 3505 quanta
3094 3434 3204 3489 Deo
3232 3438 3392 3491 debet.
3426 3435 3534 3492 Sed

1958 3501 2089 3557 dicis
2124 3522 2136 3557 :
2169 3504 2333 3558 Tanta
2358 3501 2493 3558 mala
2519 3501 2605 3559 me
2643 3501 3070 3576 inimicus'meus
3089 3507 3342 3576 compulit
3364 3506 3532 3563 susti-

1958 3587 2107 3646 nere,
2141 3583 2334 3646 meum
2362 3577 2499 3646 nulla
2531 3576 2729 3643 possim
2757 3576 2963 3630 ratione
3008 3575 3247 3646 diligere.
3288 3576 3564 3632 Attendis.

1956 3644 2095 3716 quid?
2115 3644 2207 3716 tibi
2236 3645 2423 3699 fecerit
2447 3647 2623 3711 homo,
2652 3656 2706 3700 et
2730 3660 2834 3700 non
2874 3644 3238 3716 attendis'qua:
3265 3656 3316 3701 tu
3346 3646 3535 3702 feceris

1958 3715 2103 3786 Dein?
2143 3714 2210 3786 Si
2241 3716 2619 3770 conscientiam
2650 3725 2791 3769 tuam
2819 3716 3097 3786 diligenter
3120 3714 3339 3773 discutis
3367 3725 3421 3773 et
3449 3718 3531 3771 in-

1958 3785 2145 3857 quiris,
2172 3785 2288 3857 sine
2313 3786 2415 3857 ulla
2442 3789 2873 3855 compensatione
2898 3785 3063 3841 multo
3086 3788 3230 3856 plura
3251 3797 3302 3841 tu
3320 3797 3533 3857 peccata

1957 3856 2268 3909 commisisti
2319 3856 2370 3909 in
2403 3856 2587 3919 Deum,
2617 3873 2773 3923 quam
2816 3858 2868 3911 in
2903 3867 2954 3913 te
2995 3856 3530 3913 eommiserithomo.

1959 3926 2149 3998 thua
2179 3926 2350 3981 fronte
2391 3926 2527 3995 petis
2568 3936 2628 3981 ut
2673 3927 2764 3981 tibi
2811 3928 2950 3982 Deus
2978 3927 3224 3998 dignetur
3268 3928 3534 3998 dimittere

1960 3997 2205 4067 multum,
2235 4012 2354 4051 cum
2386 4006 2440 4050 tu
2464 4012 2568 4050 non
2598 3999 2905 4066 acquiescas
2926 3998 3191 4053 dimittere
3219 4013 3400 4067 parum
3426 3997 3451 4051 Ἰ
3478 3998 3533 4052 Si

1958 4066 2072 4119 haec
2093 4107 2108 4131 ,
2150 4082 2267 4135 qua:
2312 4081 2471 4134 supra
2502 4067 2731 4120 diximus
2751 4109 2766 4134 ,
2795 4068 3085 4135 spiritualia
3114 4066 3496 4123 medicamenta
3515 4108 3537 4131 ν

1956 4138 2093 4189 sicut
2114 4137 2225 4190 Deo
2248 4137 2568 4206 propitiante
2611 4138 2985 4203 consuevistis,
3016 4137 3243 4192 libenter
3269 4138 3529 4207 accipitis,

1955 4216 2009 4260 et
2037 4207 2087 4258 in
2128 4207 2358 4260 armario
2392 4216 2589 4260 sancta:
2609 4207 2948 4262 conscientiae
2986 4216 3175 4262 vestra:
3201 4208 3532 4261 reconditum

1957 4277 2364 4345 diligentissime
2398 4276 2795 4342 custodieritis;
2828 4278 3115 4332 auxiliante
3165 4278 3404 4344 Domino,
3438 4293 3533 4331 ve-

1958 4362 2092 4400 nena
2132 4346 2326 4399 diaboli
2366 4363 2471 4399 non
2502 4347 2772 4411 timebitis,
2792 4357 2859 4417 et
2883 4362 2977 4417 per
3000 4347 3178 4402 odium
3207 4348 3287 4402 vel
3322 4347 3535 4403 iracun-

1955 4418 2093 4471 diam
2126 4426 2214 4470 aut
2243 4432 2507 4485 nunquam
2538 4417 2689 4471 vobis
2717 4416 3010 4472 animarum
3038 4420 3253 4471 vulnera
3284 4418 3533 4488 ingeren-

1956 4496 2075 4549 tur;
2106 4497 2197 4540 aut
2236 4488 2279 4540 si
2307 4490 2439 4540 I'orte
2465 4488 2846 4557 subrepserint,
2880 4505 2973 4558 per
2996 4488 3307 4543 cbaritatem
3339 4489 3445 4542 cito
3467 4490 3534 4544 ad

1956 4558 2233 4627 pristinam
2258 4558 2478 4612 salutem
2502 4566 2818 4611 revocantur
2842 4576 2854 4611 :
2885 4569 3168 4628 praestante
3192 4558 3414 4611 Domino
3441 4575 3537 4611 uo-

1956 4639 2065 4683 stro
2088 4628 2214 4682 Jcsu
2229 4628 2463 4691 Christo,
2488 4628 2712 4697 quicum
2730 4629 2885 4683 Patre
2914 4639 2967 4681 et
2989 4628 3182 4697 Spiritu
3206 4636 3388 4682 sancto
3409 4629 3535 4683 vivit

1956 4708 2009 4753 et
2046 4708 2227 4770 regnat
2266 4699 2407 4753 Deus
2437 4713 2532 4767 per
2557 4699 2733 4752 omnia
2762 4700 2951 4753 smcula
2980 4701 3314 4753 szeeulorum.
3339 4699 3529 4754 Amen.

2405 4789 2635 4845 suane
2670 4788 2922 4879 ccxxw
2995 4789 3090 4858 (α).

2446 4889 2516 4932 De
2549 4883 2825 4946 martyribus
2840 4916 2855 4943 ,
2879 4897 2927 4931 ιιι
2950 4880 3040 4944 (b).

2032 4971 2081 5023 Ι.
2147 4966 2377 5022 Christus
2434 4968 2485 5020 in
2511 4967 2813 5037 martyribus
2866 4968 3073 5035 patitur.
3131 4969 3313 5023 Passio
3364 4985 3535 5023 eorum

1960 5038 2223 5093 translatio
2246 5049 2317 5091 est
2347 5037 2414 5089 ad
2438 5035 2968 5091 ctelumICerlamine
2999 5038 3364 5093 universorum
3390 5055 3533 5093 mar—

1958 5108 2359 5179 tyrumfulciri
2390 5117 2547 5179 atque
2575 5121 2769 5179 eorum
2810 5108 3046 5179 victoria,
3080 5125 3303 5178 quorum
3339 5108 3535 5164 Natalis

1958 5177 2191 5233 victricis
2232 5178 2414 5247 gloria:
2457 5177 2776 5242 celebratur,
2816 5193 2923 5246 quo
2953 5177 3170 5233 robuSta
3194 5179 3324 5233 ﬁdes
3348 5180 3447 5233 scit
3470 5180 3537 5233 ad

1961 5256 2268 5319 agonemet
2310 5248 2570 5319 passionis
2594 5262 2932 5317 congressus,
2971 5249 3209 5319 roborari
3239 5248 3494 5303 debemus
3523 5266 3538 5303 :

1961 5317 2108 5375 certo
2136 5318 2363 5373 scientes
2404 5317 2546 5388 quod
2589 5320 2640 5373 in
2679 5319 2927 5375 omnibus
2974 5317 3216 5373 Christus
3252 5320 3463 5387 patitur,
3488 5328 3542 5373 et

2028 5432 2045 5463 ί
2082 5438 2162 5480 Ms.
2187 5442 2284 5493 gr.,
2306 5430 2515 5481 reddunt
2538 5430 2589 5481 in
2611 5429 2739 5480 mala
2760 5430 3031 5494 facta,szmt
3052 5429 3103 5481 in
3126 5433 3294 5494 morte.

2027 5495 2048 5524 ¹
2084 5500 2147 5542 Ita
2173 5490 2251 5542 llis.
2276 5494 2631 5551 Germanensis,
2656 5500 2709 5555 et
2742 5490 2867 5555 apud
2894 5490 3173 5552 Caesarium,
3200 5490 3365 5540 bomil.
3390 5490 3466 5539 32.
3490 5497 3543 5539 At

1965 5556 2014 5605 in
2040 5555 2181 5603 editis
2206 5564 2303 5603 Am.
2330 5561 2402 5602 Er.
2428 5561 2479 5603 et
2503 5561 2632 5611 l.ov.,
2655 5553 2959 5605 discretione.

2053 5618 2103 5673 α)
2136 5616 2275 5673 Alias,
2306 5616 2372 5664 de
2404 5617 2583 5665 sanctis
2603 5616 2681 5664 49.

2057 5672 2105 5739 b)
2138 5686 2185 5726 tu
2211 5672 2481 5739 Appeudice
2517 5691 2644 5726 nunc
2687 5676 2891 5739 primum
2928 5672 3205 5739 collocatur.
3248 5675 3428 5739 Dubius
3470 5682 3545 5724 est
3576 5722 3579 5725 .

1970 5735 2096 5802 apud
2120 5735 2467 5797 Lovaiiicnses,
2511 5735 2703 5848 spurius
2724 5737 2849 5799 apud
2874 5735 3116 5786 Verlinum
3156 5745 3207 5787 et
3245 5737 3565 5801 Vindingutu..

1974 5813 2170 5848 uznrere
2192 5803 2267 5848 hic
2289 5803 2469 5848 diutius
2492 5802 2536 5848 ui
2558 5800 2605 5848 iil
2639 5812 2843 5848 necesse
2868 5806 2958 5848 est.

1974 5800 2170 5854 ttazrerc
2192 5803 2267 5852 hic
2289 5803 2469 5851 diutius
2492 5800 2605 5849 nihil
2639 5812 2843 5848 necesse
2868 5806 2958 5848 est.

3534 819 3548 841 ν
