4072 6362
311 360 453 421 Ωἰϐθ

313 480 460 532 novit
488 478 749 534 Sanctitas
777 487 970 539 vestra,
1001 476 1209 538 fratres,
1232 474 1681 531 consecrationem
1711 473 1893 526 altaris

315 550 472 604 hodie
514 550 845 604 celebramus
876 567 888 601 :
921 558 973 602 et
1005 548 1145 616 juste
1175 564 1237 601 ac
1267 547 1457 599 merito
1484 546 1772 613 gaudentes
1798 558 1891 595 ce.

311 618 582 675 lcbramus
614 622 972 681 festivitatem,
1022 622 1070 670 in
1113 634 1214 686 qua
1244 616 1556 670 benedictus
1586 616 1666 669 vel
1704 624 1893 666 unctus

313 700 394 743 est
422 689 576 758 lapis,
608 691 659 743 in
691 706 794 758 quo
822 690 972 743 nobis
996 688 1171 742 divina
1209 686 1464 740 sacriﬁcia
1483 693 1890 758 consecrantur.

313 760 418 814 Sed
450 754 661 830 quando
698 754 1007 814 festivitates
1046 759 1175 811 istas
1203 760 1441 830 colimus,
1474 757 1663 830 fratres
1693 754 1895 830 charis-

313 825 773 899 simifdiligeuter
810 830 1065 883 debemus
1108 829 1402 899 attendere,
1446 836 1499 881 et
1537 827 1659 899 totis
1691 825 1894 899 viribus

314 894 671 966 laborarcfut
706 902 846 969 quod
889 901 938 952 in
982 900 1192 967 templis
1218 899 1303 952 vel
1332 898 1586 951 altaribus
1616 894 1895 969 visibiliter

313 970 529 1035 colitur,
565 973 615 1024 iu
646 968 795 1024 nobis
828 971 1159 1023 invisibiliter
1182 970 1541 1037 compleatur:
1562 968 1684 1036 quia
1711 980 1896 1037 quam-

308 1040 393 1094 vis
417 1051 595 1095 sancta
627 1044 732 1094 sint
760 1041 949 1108 templa
987 1057 1103 1109 qua:
1132 1035 1370 1093 videmus
1396 1038 1462 1092 de
1494 1035 1648 1109 lignis
1680 1048 1733 1090 et
1760 1035 1894 1103 lapi-

311 1111 470 1163 dibus
502 1112 764 1173 fabricari,
799 1122 973 1165 tamen
1003 1111 1119 1179 plus
1145 1110 1281 1178 apud
1313 1111 1474 1163 Deum
1506 1108 1735 1179 pretiosa
1773 1114 1896 1179 sunt

313 1182 513 1256 templa
542 1184 815 1256 cordiset
858 1175 1343 1256 corporisnostri;
1388 1175 1527 1256 q_ui:_t_
1549 1179 1635 1230 illa
1657 1177 1798 1256 ﬁunt
1829 1175 1896 1256 ab

313 1246 532 1304 homine
559 1254 775 1318 carnali,
805 1254 902 1304 ista
943 1246 1008 1304 ab
1032 1251 1234 1303 artiﬁce
1260 1249 1458 1303 muudi.
1486 1248 1704 1316 Templa
1732 1246 1799 1299 de
1829 1246 1894 1297 li-

312 1322 434 1394 gnis
461 1330 517 1375 et
541 1323 797 1391 lapidibus
823 1322 1053 1394 humano
1077 1322 1286 1394 ingenio
1305 1328 1695 1394 componuntur:
1714 1333 1727 1381 ;
1747 1325 1896 1394 _tetn-

314 1386 401 1459 pla
430 1386 709 1460 corporqu
740 1394 902 1461 ipsius
929 1386 1163 1446 omlestis
1192 1390 1410 1444 artilicis
1430 1386 1595 1443 inanu
1628 1386 1893 1459 fabrican-

314 1471 441 1515 tur:
471 1463 608 1516 sicut
647 1464 899 1528 scriptum
945 1473 1049 1526 est,
1101 1462 1305 1531 Manus
1332 1470 1431 1514 tua:
1469 1464 1691 1531 fecerunt
1721 1472 1809 1531 _me
1851 1466 1896 1509 et

314 1532 689 1600 plasmaverunt
717 1526 792 1586 me
822 1532 988 1601 (Psat.
1019 1546 1205 1594 cxvut,
1228 1530 1317 1602 75)
1339 1547 1371 1602 ;Δ
1391 1541 1444 1602 et
1469 1526 1896 1602 iterum,__l’§ius-

313 1596 466 1668 quam
495 1612 540 1655 te
565 1596 837 1671 formarem
858 1605 910 1656 in
939 1612 1097 1668 utero,
1132 1604 1246 1655 novi
1272 1596 1317 1653 te
1355 1600 1563 1671 (Jerem.
1593 1616 1631 1663 ι,
1660 1599 1734 1671 5).
1758 1596 1895 1671 Nam

314 1667 456 1739 quod
482 1667 671 1741 templa
699 1667 1122 1736 succenduntur;
1152 1672 1222 1726 ita
1251 1688 1280 1726 e
1314 1667 1580 1725 contrario
1613 1668 1701 1737 qui
1725 1667 1897 1741 chari-

316 1737 441 1795 tatis
466 1737 837 1811 luce—repletus
864 1754 966 1806 est,
1010 1742 1053 1794 si
1095 1744 1363 1811 negligens
1392 1740 1568 1805 fuerit,
1603 1742 1708 1794 cito
1740 1737 1896 1811 refri-

314 1814 485 1883 gescit
516 1809 766 1879 Charitas,
798 1824 850 1867 et
878 1812 1135 1883 cupiditas
1166 1809 1473 1867 inardescit.
1512 1811 1650 1879 Ergo
1680 1824 1779 1863 nec
1808 1809 1896 1863 ille

314 1880 565 1951 desperet
591 1884 679 1953 qui
720 1886 888 1939 malus
932 1880 1040 1947 est;
1068 1884 1187 1953 quia
1228 1883 1333 1936 cito
1363 1890 1537 1951 potest
1578 1894 1894 1949 resurgere:

317 1967 420 2006 nec
461 1954 549 2007 ille
575 1955 665 2023 qui
692 1955 863 2009 bonus
904 1962 1005 2019 est,
1048 1961 1137 2007 aut
1180 1954 1451 2022 negligens
1482 1959 1775 2023 remaneat,
1807 1956 1899 2002 aut

316 2023 516 2091 aliquid
558 2021 622 2079 de
656 2041 749 2077 sua
780 2028 972 2079 virtute
1000 2021 1419 2093 prtcsumat,’ne
1457 2021 1703 2092 gaudium
1741 2035 1895 2075 suum

316 2102 659 2148 convertatur
687 2095 753 2149 ad
784 2097 1003 2149 luctum.

387 2164 443 2217 2.
478 2163 729 2218 Gaudium
756 2167 799 2219 ei
824 2183 920 2219 non
952 2174 1020 2219 est
1046 2182 1213 2219 verum
1237 2207 1252 2228 ,
1285 2164 1364 2218 cui
1391 2181 1479 2218 nec
1499 2180 1585 2216 cor
1606 2179 1787 2230 purum
1810 2179 1898 2215 nec

315 2249 502 2302 corpus
543 2246 755 2288 castum.
793 2235 887 2289 Est
913 2238 1043 2289 enim
1068 2236 1256 2290 diaboli
1280 2235 1610 2288 domicilium.
1643 2233 1710 2287 Et
1737 2232 1855 2286 ideo
1881 2275 1894 2296 ,

316 2303 654 2376 dilectissimi
697 2305 885 2361 fratres
909 2347 924 2373 ,
968 2307 1266 2361 castitatem
1306 2305 1545 2376 corporis
1568 2344 1583 2369 ,
1617 2303 1896 2372 puritatem

317 2375 497 2428 cordis
520 2418 534 2441 ,
580 2392 699 2431 cum
741 2377 835 2431 Dei
861 2377 1155 2446 adjutorio,
1188 2375 1681 2446 servare’quantum
1715 2388 1899 2446 possu-

318 2460 436 2516 mus
461 2446 789 2501 Studeamus.
822 2444 1079 2501 [liscuim
1109 2447 1269 2501 rebus
1298 2447 1433 2516 ignis
1450 2444 1515 2499 in
1547 2444 1699 2498 nobis
1727 2444 1901 2498 chari-

319 2515 443 2568 tatis
470 2518 567 2588 _vel
614 2518 1037 2586 compunctionis
1076 2534 1289 2588 semper
1314 2515 1622 2588 accenditur
1646 2522 1699 2567 et
1728 2516 1898 2570 nutri-

318 2594 423 2637 tur.
454 2586 553 2653 Qui
584 2590 722 2640 enim
751 2604 848 2643 nec
875 2590 1169 2643 castitatem
1194 2586 1423 2642 custodit
1449 2588 1500 2641 in
1522 2600 1772 2654 corpore,
1802 2601 1899 2641 nec

317 2656 603 2728 puritatem
631 2666 775 2712 tenet
805 2660 858 2713 in
886 2668 1061 2713 mente
1079 2700 1094 2725 ,
1122 2661 1330 2728 quoties
1356 2668 1554 2712 sancta:
1584 2656 1894 2728 solemnita-

319 2734 401 2798 _tes
443 2727 762 2789 adveniunt.
805 2729 857 2782 in
897 2745 1122 2798 corpore
1140 2725 1363 2783 'videtur
1391 2728 1585 2782 habere
1612 2725 1859 2798 gaudium
1880 2768 1895 2791 ,

317 2795 376 2866 in
417 2798 578 2851 corde
620 2816 724 2853 non
766 2795 1008 2854 celebrat
1035 2801 1135 2854 nisi
1164 2801 1383 2855 luctum.
1412 2798 1579 2866 Quale
1602 2797 1742 2850 enim
1766 2812 1897 2865 gau-

318 2865 463 2919 dium
504 2878 679 2936 potest
709 2871 902 2924 habere
922 2912 937 2934 ,
972 2870 1022 2923 in
1048 2872 1198 2935 cujus
1223 2870 1397 2924 anima
1427 2865 1605 2923 multis
1633 2867 1774 2920 vitiis
1803 2882 1897 2921 oc-

317 2948 508 3005 cupata
546 2942 711 3008 magis
739 2941 982 2994 diabolus
1014 2942 1263 3009 probatur
1294 2939 1531 2993 habitare
1559 2952 1716 3007 quam
1745 2936 1901 3009 Chri-

318 3010 477 3081 stus}?
519 3010 683 3081 Quale
720 3012 967 3081 gaudium
992 3008 1185 3081 potest
1230 3011 1424 3065 habere
1451 3010 1625 3081 anima
1652 3023 1770 3081 qua:
1796 3008 1899 3081 ira-

316 3078 529 3133 cundia:
572 3078 748 3136 furore
776 3080 1114 3136 succenditur
1132 3123 1146 3145 ,
1174 3080 1475 3149 cupiditatis
1502 3079 1774 3149 nigredine
1802 3079 1899 3149 ob-

316 3158 564 3203 scuratur
581 3192 596 3217 ,
626 3153 885 3221 superbia:
911 3148 1387 3206 amarissimofelle
1411 3148 1662 3221 repletur,
1688 3148 1899 3221 invidiae

316 3233 526 3274 veneno
555 3220 839 3289 percotitur
862 3263 876 3283 ,
913 3223 1133 3275 luxuria:
1157 3222 1402 3277 sordibus
1431 3220 1781 3289 inquinatur?

390 3291 445 3344 5.
489 3288 629 3345 Deus
660 3294 713 3346 in
742 3294 882 3347 nobis
910 3292 1131 3345 habitare
1161 3292 1428 3346 desiderat.
1459 3288 1566 3344 Nos
1596 3305 1724 3343 vero
1747 3331 1760 3350 ,
1796 3288 1901 3344 fra-

318 3368 430 3415 tres
474 3362 807 3428 cbarissimi,
846 3364 1053 3417 etiamsi
1095 3364 1245 3417 nobis
1269 3363 1439 3431 aliqua
1460 3402 1474 3427 ,
1504 3370 1559 3415 ut
1582 3360 1719 3415 solet
1744 3359 1857 3414 ﬁeri
1880 3400 1895 3423 ,

318 3441 534 3502 peccata
584 3434 909 3502 subrepunt,
962 3441 1214 3500 quantum
1264 3447 1586 3502 possumus,
1635 3445 1753 3502 cum
1804 3431 1896 3485 Dei

317 3501 585 3569 adjutorio
626 3501 926 3559 laboremus
949 3544 964 3565 ,
991 3502 1205 3571 jejuniis
1229 3542 1244 3567 ,
1268 3501 1469 3571 vigiliis
1490 3542 1505 3565 ,
1536 3501 1895 3567 orationibus,

318 3571 673 3643 cleemosynis
722 3574 977 3628 mundare
1033 3572 1243 3626 sordida
1272 3613 1287 3637 ,
1346 3573 1503 3643 lapsa
1542 3578 1895 3643 construere,

317 3640 572 3710 templum
624 3644 716 3697 Dei
763 3645 865 3697 vivi
915 3643 1237 3697 remdiﬁcare
1263 3659 1278 3706 ;
1308 3652 1363 3696 ut
1391 3642 1609 3695 veniens
1642 3640 1896 3694 Dominus

318 3710 395 3782 in“
417 3712 570 3767 nobis
610 3714 739 3767 nihil
784 3714 1015 3768 inveniat
1051 3713 1192 3782 quod
1230 3712 1412 3767 oculos
1458 3728 1594 3782 sumi
1610 3710 1899 3779 majestatis

316 3779 553 3836 oﬂendat
598 3802 613 3837 :
654 3785 774 3852 quia
816 3784 883 3838 de
928 3785 1042 3851 ipso
1069 3779 1341 3849 'scriptum
1388 3790 1504 3847 est,
1550 3781 1682 3834 Ecce
1718 3790 1794 3834 sto
1832 3783 1899 3834 ad

317 3853 500 3923 ostium
538 3864 582 3907 et
622 3856 805 3923 pulso;
838 3855 880 3907 si
904 3856 1013 3923 quis
1040 3854 1311 3906 surrexerit
1358 3863 1403 3906 et
1442 3852 1693 3923 aperuerit
1734 3852 1859 3904 milii
1880 3894 1895 3917 ,

316 3920 515 3991 intrabo
557 3934 604 3977 et
624 3920 844 3978 'cmnabo
887 3920 1003 3976 cum
1031 3924 1119 3977 illo
1138 3965 1153 3986 ,
1186 3933 1231 3975 et
1257 3923 1342 3976 ille
1370 3920 1563 3976 mecum
1588 3921 1768 3991 (Apoc.
1802 3938 1855 3975 Ill
1879 3962 1894 3989 ,

316 3989 450 4061 20);
500 4002 553 4047 et
594 3995 811 4057 iterum,
858 3994 967 4063 Ego
1010 4002 1057 4047 et
1105 3991 1258 4046 Pater
1287 3994 1570 4063 veniemus,
1600 3989 1895 4063 et'mansio-

317 4077 433 4114 uem
469 4064 607 4132 apud
641 4081 753 4117 eum
780 4062 1021 4135 faciemus
1048 4063 1223 4135 (Joan.
1257 4079 1377 4135 Juv,
1405 4062 1519 4133 25).
1549 4063 1715 4135 Quam
1745 4062 1896 4115 beata

316 4143 398 4186 est
445 4135 533 4189 illa
573 4134 785 4201 anima,
822 4136 873 4188 in
906 4150 1005 4203 qua
1042 4134 1197 4188 Pater
1222 4143 1274 4187 et
1302 4134 1465 4187 Filius
1491 4134 1764 4187 venientes
1790 4147 1894 4203 non

316 4204 490 4257 solum
539 4205 776 4259 habitare
819 4205 901 4257 vel
923 4201 1196 4270 _manere,
1243 4203 1336 4257 sed
1376 4205 1534 4257 etiam
1573 4217 1786 4256 cmnare
1813 4201 1895 4255 di—

314 4277 582 4342 gnantur!
626 4274 774 4341 Quod
804 4284 978 4329 autem
1006 4275 1166 4339 dixit,
1199 4273 1410 4327 Caenabo
1440 4290 1555 4325 cum
1584 4272 1672 4326 illo
1693 4314 1707 4337 ,
1741 4282 1785 4325 et
1812 4272 1899 4326 ille

318 4362 553 4408 mecum,
603 4346 801 4399 scimus
849 4346 1161 4409 evidenter;
1209 4345 1330 4412 quia
1378 4344 1650 4412 apostolus
1698 4342 1895 4397 Paulus

318 4362 511 4398 mecum
539 4387 553 4408 ,
603 4360 801 4399 scimus
849 4360 1161 4409 evidenter;
1200 4360 1330 4467 gnta
1378 4360 1650 4412 aposwtus
1699 4360 1895 4397 ramus

312 4416 578 4479 ostendit,
629 4416 838 4479 dicens,
891 4414 1156 4483 Templum
1253 4414 1295 4467 ei
1338 4424 1565 4467 sanctum
1609 4424 1716 4475 est,
1762 4414 1897 4483 quod

311 4487 431 4539 estis
473 4502 559 4538 vos
599 4485 640 4555 (Ι
679 4484 795 4539 Cor.
829 4501 883 4538 Ill
904 4527 917 4549 ,
948 4484 1057 4555 17).
1092 4486 1157 4538 Et
1184 4501 1277 4554 per
1304 4485 1611 4554 prophetam
1639 4484 1897 4538 Dominus

311 4555 485 4624 dicit,
534 4555 600 4609 Et
642 4556 873 4609 habitabo
904 4598 918 4619 ,
969 4556 1181 4624 inquit,
1228 4556 1278 4607 in
1327 4556 1430 4621 eis,
1479 4565 1525 4607 et
1576 4555 1896 4608 inambulabo

312 4623 497 4697 (Leuit.
540 4642 664 4697 xxvi
691 4666 704 4687 .
755 4624 866 4695 12).
922 4626 989 4680 Ει
1026 4623 1146 4697 quia
1173 4667 1187 4697 τ
1219 4625 1358 4697 sicut
1382 4626 1478 4697 ipsi
1507 4624 1713 4679 vidistis
1738 4667 1753 4691 ,
1783 4625 1891 4697 fra-

311 4695 425 4750 tres
457 4738 472 4763 ,
536 4696 776 4751 habitare
840 4706 891 4750 et
956 4696 1284 4749 inambulare
1330 4695 1596 4749 desiderat
1646 4696 1698 4749 in
1742 4695 1895 4749 nobis

306 4765 451 4820 Deus
472 4809 486 4827 .
509 4781 631 4820 cum
673 4765 837 4833 ipsius
867 4766 1131 4832 adjutorio
1171 4766 1240 4817 ita
1284 4779 1377 4818 cor
1406 4774 1644 4819 nostrum
1675 4765 1891 4819 studea-

304 4851 429 4890 mus
468 4838 622 4891 bonis
676 4850 886 4905 semper
932 4835 1334 4905 cogitationibus
1362 4850 1621 4901 occupare
1642 4876 1655 4898 .
1688 4845 1741 4889 ct
1769 4850 1891 4890 σοι’-

305 4921 437 4975 pora
485 4916 665 4961 nostra
703 4905 771 4975 ab
803 4906 945 4959 omni
990 4906 1147 4959 sorde
1171 4906 1391 4959 luxuria:
1418 4905 1613 4958 munda
1642 4906 1723 4959 vel
1746 4913 1889 4959 casta

299 4974 501 5045 jugiter
547 4974 853 5041 custodire;
908 4985 965 5030 ut
1020 4978 1183 5032 Deum
1229 4976 1279 5029 in
1330 4975 1483 5030 nobis
1524 4974 1754 5030 delectet
1797 4976 1891 5031 ha-

302 5049 495 5105 hilare.

373 5121 429 5173 4.
460 5118 577 5171 Duo
600 5117 785 5170 altaria
812 5117 863 5169 iu
886 5117 1070 5185 templo
1098 5115 1406 5169 Salomonis.
1441 5112 1762 5183 Sacriﬁcium
1792 5116 1889 5169 du-

302 5191 426 5259 plex
455 5206 487 5241 a
515 5188 654 5242 nobis
692 5188 845 5259 exigit
874 5187 1037 5259 Densi
1061 5186 1347 5259 lutemplo
1375 5187 1515 5241 enim
1545 5203 1574 5241 a
1604 5185 1886 5242 Salomone

301 5257 567 5313 aediﬁcato
600 5258 823 5327 legimus
862 5258 967 5311 duo
993 5257 1177 5310 altaria
1205 5257 1364 5327 fuisse
1385 5258 1665 5312 constituta
1683 5297 1697 5322 ,
1724 5273 1882 5311 unum

302 5329 467 5393 foris,
509 5326 846 5383 aliud’intus.
880 5328 937 5381 ln
967 5328 1054 5380 illo
1078 5327 1218 5397 quod
1253 5326 1379 5381 foris
1404 5337 1549 5392 erat,
1576 5328 1880 5397 animalium

302 5400 672 5455 celebrabatur
716 5398 1033 5452 sacriﬁcium
1064 5416 1076 5451 :
1102 5396 1155 5451 in
1188 5398 1277 5451 illo
1304 5412 1428 5451 vero
1451 5398 1601 5450 altari
1629 5397 1770 5465 quod
1800 5396 1881 5451 iu-

302 5478 388 5523 tus
425 5478 538 5524 erat
560 5468 979 5547 .tlrymiamatis
1012 5466 1337 5547 pllerebatur
1360 5469 1659 5547 incensum.
1690 5467 1878 5547 Videa-

300 5554 424 5593 mus
457 5538 621 5607 ergo‘,
660 5540 851 5592 fratres
871 5580 886 5605 ,
916 5554 981 5593 ne
1010 5538 1143 5591 forte
1170 5538 1222 5591 in
1252 5538 1404 5590 nobis
1429 5540 1534 5591 duo
1562 5538 1666 5607 sint
1691 5538 1875 5591 altaria

298 5606 584 5663 constituta
608 5649 622 5675 ,
652 5610 891 5677 corporis
914 5610 1115 5663 scilicet
1142 5614 1197 5661 et
1216 5608 1391 5661 cordis
1420 5608 1605 5661 nostri.
1638 5606 1875 5676 Denique

298 5678 492 5749 duplex
524 5694 552 5731 a
580 5670 730 5733 nobis
749 5670 1068 5733 sacriﬁcium
1096 5677 1451 5749 qureritDcus
1470 5694 1493 5749 _:
1528 5670 1873 5749 unumut'si-
1928 5670 1977 5730 l/

298 5745 419 5806 mus
446 5758 595 5805 casto
622 5762 866 5820 corpore,
887 5750 1028 5805 aliud
1056 5745 1337 5805 ut'm'undo
1360 5745 1520 5803 corde
1548 5762 1666 5803 esse
1678 5747 1871 5805 debea-

1641 340 1871 412 ssmio
1908 348 2165 407 ccxxx.

3445 368 3588 430 2170

2001 489 2139 559 mus.
2168 473 2329 559 Ergo
2356 474 2407 559 in
2429 476 2700 559 exteriore
2714 478 2866 537 altari
2888 523 2908 559 ,_
2930 481 2981 538 id
3006 490 3126 559 est,
3156 485 3457 559 incorpore
3486 510 3588 548 no-

2000 552 2110 625 stro
2155 545 2444 625 offerantur
2488 563 2665 625 opera
2686 550 2820 607 bona
2850 571 2862 617 ;
2891 545 2945 607 in
2968 545 3136 625 corde
3162 545 3380 615 odorem
3410 545 3588 618 suavi-

2003 615 2125 695 tatis
2168 615 2406 695 redoleat
2454 615 2703 695 cogitatio
2733 615 2935 695 sancta.
2966 624 3019 678 lu
3042 626 3193 682 altari
3218 631 3393 686 cordis
3416 615 3586 689 nostri

1996 686 2190 763 jugiter
2225 686 2366 763 quod
2398 698 2483 763 est
2512 689 2620 741 Deo
2652 692 2899 757 placitum
2929 711 3231 763 operemur.
3262 700 3409 756 Tunc
3440 686 3583 759 enim

2000 755 2239 842 ordinem
2268 757 2556 842 legitimum
2585 755 3002 842 consecratioiiis
3029 768 3210 821 altaris
3236 785 3356 824 cum
3384 755 3581 842 gaudio

2000 826 2348 907 celebramus,
2381 830 2592 907 quando
2618 831 2802 885 altaria
2833 836 3009 907 cordis
3037 839 3120 890 vel
3147 826 3581 907 ettrporisutiostri

2000 896 2205 975 munda.
2234 905 2289 949 et
2312 899 2519 975 pura_in
2551 914 2833 975 conspectu
2859 905 3051 961 divina:
3082 896 3375 975 tnajes'tatis
3403 896 3587 968 offeri;

2001 976 2145 1052 tuos:
2157 966 2291 1052 l‘iatn
2320 969 2499 1021 nescio
2523 985 2624 1052 qua
2654 966 2823 1028 fronte
2844 986 2932 1052 aut
2961 993 3061 1044 qua
3083 966 3406 1052 conscientia
3431 966 3583 1052 optat

2001 1037 2065 1117 in
2100 1037 2283 1117 altaris
2324 1037 2728 1117 consecratione
2759 1037 3025 1112 gaudere,
3070 1049 3159 1117 qui
3204 1049 3257 1103 in
3298 1037 3479 1107 cordis
3501 1037 3581 1111 sui

2000 1107 2152 1159 altari
2180 1108 2481 1185 non_studet
2507 1107 2818 1185 munditiam
2847 1107 3132 1172 custodire.
3162 1119 3268 1175 Nos
3290 1137 3416 1175 vero
3435 1166 3449 1185 ,
3474 1107 3583 1178 irai-'-

2002 1185 2138 1261 tres
2157 1177 2491 1261 charissimio,
2530 1180 2597 1233 ita
2626 1197 2783 1261 agere
2813 1186 3120 1241 Studeamus
3142 1230 3155 1251 ,
3186 1199 3241 1243 ut
3268 1177 3480 1261 semper
3508 1177 3585 1250 fe-

2000 1248 2283 1332 stivitatem
2332 1249 2593 1332 duplicem
2641 1248 2914 1332 celebrare
2963 1248 3263 1313 mereamur
3307 1280 3320 1315 :
3367 1248 3582 1332 etquo-

2001 1317 2161 1398 modo
2195 1318 2593 1400 deuteinpli-vel
2618 1323 2799 1400 altaris
2824 1330 3223 1400 consecratione
3248 1317 3542 1400 gaudemus
3564 1376 3579 1400 ,

2001 1389 2099 1473 sie,
2120 1389 2450 1473 invisibiliter
2478 1390 2809 1473 de_eorpori_s
2830 1397 3073 1451 castitate
3102 1400 3183 1452 vel
3210 1389 3402 1457 anima:
3432 1389 3580 1473 puri;

2002 1465 2109 1511 tate
2133 1460 2407 1529 spirituale
2433 1460 2680 1529 gaudium
2705 1463 2901 1519 habere
2922 1482 3241 1523 mereamur.

2032 1598 2044 1608 .
2172 1526 2339 1608 Ignes_
2367 1526 2467 1582 duo
2486 1571 2501 1596 ,
2531 1532 2792 1608 charita_tis_
2820 1539 3201 1608 etcupiditatis.
3236 1542 3300 1594 Et
3327 1542 3425 1598 hoc
3453 1560 3582 1599 con-

2002 1597 2232 1679 siderate
2256 1640 2270 1663 ,
2293 1600 2507 1679 _fratres
2531 1604 2734 1679 ,__quod
2778 1606 2830 1659 in
2857 1597 2968 1679 illo
3000 1610 3182 1673 altari,
3212 1612 3351 1679 quod
3378 1597 3584 1669 aSialo-

2002 1683 2161 1753 mune
2204 1670 2431 1753 legimus
2471 1671 2810 1753 dedicatum,
2848 1670 3421 1753 jttgi_ter_qttotiiliatius
3449 1684 3583 1753 ignis

2001 1738 2221 1822 ardebat
2252 1741 2431 1822 :_quod
2459 1742 2658 1822 utinam
2683 1754 2735 1797 et
2765 1738 2815 1798 in
2838 1738 2999 1822 nobis
3028 1738 3203 1822 pictas
3230 1750 3402 1805 divina
3427 1738 3585 1822 porﬁ;

2001 1809 2338 1892 ciat.._Unde'
2360 1827 2466 1865 non
2494 1813 2675 1892 solum
2714 1809 3044 1892 grationibus
3065 1861 3078 1882 ,
3114 1820 3207 1892 sed
3237 1823 3395 1876 etiam
3428 1809 3582 1880 bonis

2002 1879 2251 1947 operibus
2291 1881 2577 1949 placandus
2600 1893 2684 1937 est
2714 1885 2853 1940 Deus
2880 1906 2893 1941 :
2922 1899 2979 1942 ut
3008 1879 3073 1943 in'
3091 1890 3244 1945 altari
3273 1893 3452 1947 cordis
3481 1879 3583 1949 n04

2002 1950 2303 2035 s'tri._ignem
2331 1967 2483 2005 suum
2513 1968 2726 2035 semper
2748 1959 3007 2035 accendat
3049 1960 3217 2026 illum,
3251 1961 3451 2035 dequo
3472 1966 3587 2035 ipse

2001 2019 2133 2073 dixit
2158 2062 2173 2085 ,
2214 2020 2391 2101 Ignem
2432 2025 2543 2101 veni
2580 2019 2770 2079 mittere
2874 2038 3065 2101 terram
3089 2047 3107 2093 ,'
3132 2040 3178 2083 et
3205 2019 3327 2101 guid
3348 2019 3460 2088 nolo
3490 2019 3587 2089 nisi

2001 2101 2057 2145 ut
2110 2092 2635 2173 ascendaturhiLuc.
2661 2112 2731 2173 xu
2753 2137 2767 2161 ,
2799 2098 2889 2173 t9)
2912 2100 2935 2173 ζ)
2962 2102 3081 2169 quia
3110 2092 3226 2155 duo'
3240 2112 3363 2156 sunt
3394 2106 3540 2173 ignes
3564 2148 3581 2171 ,

2002 2162 2304 2245 eupiditatis
2350 2162 2553 2245 scilicet
2590 2172 2644 2219 et
2673 2162 3025 2245 _eh_ari_tatis':
3082 2180 3139 2245 et_
3170 2188 3306 2226 unus
3334 2162 3584 2245 devparte

2004 2232 2138 2297 Dei,
2184 2234 2321 2303 alter
2360 2232 2426 2287 de
2467 2245 2616 2301 parte
2655 2235 2890 2303 diaboli;
2932 2256 3069 2294 unus
3108 2241 3373 2297 devorans
3405 2232 3584 2298 oinnia

2003 2303 2142 2355 mala
2176 2343 2190 2365 ,
2239 2302 2373 2356 alter
2415 2305 2658 2359 universa
2699 2306 2835 2361 bona
2878 2302 3219 2366 consumens.
3256 2313 3583 2369 Cousiderct

2003 2373 2366 2445 unusquisque
2408 2375 2790 2431 conscientiam
2834 2394 3017 2445 suam,
3066 2391 3121 2435 et
3162 2383 3206 2435 si
3247 2383 3299 2435 in
3342 2399 3400 2437 se
3440 2384 3584 2439 videt

2004 2442 2177 2520 ignem
2216 2445 2516 2520 cupiditatis
2553 2446 2741 2520 ardere
2761 2489 2774 2511 ,
2794 2464 2927 2520 cum
2960 2442 3049 2505 Dei
3077 2451 3341 2520 adjutorio
3370 2454 3582 2509 festinet

2003 2516 2340 2592 exstinguere
2363 2531 2377 2579 ;
2406 2516 2687 2592 quia__nibil
2714 2518 2762 2571 in
2792 2518 2881 2572 illo
2903 2520 3028 2592 boni
3051 2516 3330 2577 remanere
3351 2525 3584 2592 poterit,

2003 2600 2161 2655 quem
2202 2585 2336 2655 ignis
2376 2586 2679 2653 cupiditatis
2720 2590 3020 2645 accenderit
3052 2611 3065 2644 :
3095 2598 3233 2646 sicut
3261 2608 3292 2646 e
3316 2585 3587 2648 contrario

2003 2654 2133 2730 nihil
2156 2656 2300 2730 illeo
2326 2656 2450 2709 mali
2478 2658 2806 2730 remanebit,
2840 2660 2891 2712 in
2916 2676 3023 2729 quo
3046 2663 3179 2730 ignis
3199 2664 3393 2717 arserit
3411 2664 3586 2718 chari-

2005 2725 2147 2801 tatis.
2181 2725 2423 2801 Flamma
2447 2725 2995 2801 enimcupiditatis—in
3024 2725 3182 2785 corde
3208 2743 3543 2801 peccatorum
3563 2777 3581 2800 ,

2005 2796 2151 2879 velut
2194 2796 2245 2879 in
2273 2796 2425 2851 altari
2452 2798 2708 2879 sacrilego
2732 2841 2746 2865 ,
2774 2801 3037 2879 devorans
3060 2796 3234 2879 omnia
3262 2803 3397 2857 bona
3421 2846 3434 2868 ,
3467 2796 3582 2859 dia-'-

2006 2866 2128 2921 bolo
2166 2868 2383 2922 odorem
2424 2866 2696 2922 suavitatis
2734 2868 2946 2924 exhalat
2978 2890 2990 2925 :
3023 2873 3075 2926 in
3103 2873 3279 2926 anima
3303 2866 3429 2929 vero
3454 2889 3581 2928 san-

2003 2946 2127 3003 cta,
2169 2938 2313 2991 velut
2357 2940 2407 2991 in
2448 2950 2785 2993 sacrosancto
2829 2941 3017 3005 altari,
3058 2942 3269 2996 ﬂamma
3306 2944 3582 3000 charitatis

2003 3022 2350 3077 qumcumque
2376 3010 2778 3080 supervenerint
2796 3011 2935 3065 mala
2956 3027 3296 3080 consumens,
3322 3015 3429 3069 Deo
3450 3015 3581 3070 odo-

2003 3093 2117 3132 rem
2144 3079 2419 3133 suavitatis
2447 3080 2681 3135 exhibet.

2077 3148 2129 3201 6.
2160 3149 2410 3220 Cujusque
2429 3166 2515 3202 cor
2538 3162 2621 3203 aut
2651 3152 2813 3207 altare
2838 3154 2955 3219 Dei,
2983 3163 3069 3206 aut
3097 3154 3302 3208 diaboli.
3329 3153 3581 3210 Sacerdos

2002 3218 2197 3287 legatus
2228 3218 2539 3293 pauperum.
2566 3222 2632 3293 Et
2673 3222 2793 3292 quia
2832 3218 3243 3293 uniuscujusque
3276 3239 3369 3278 cor
3416 3227 3582 3279 altare

2004 3299 2085 3342 est
2130 3300 2219 3343 aut
2246 3290 2371 3353 Dei,
2400 3300 2491 3343 aut
2519 3290 2807 3347 adversarii
2832 3312 2846 3359 ;
2876 3295 3012 3349 sicut
3034 3290 3143 3362 jam
3162 3290 3277 3348 'dixi
3305 3336 3318 3355 ,
3346 3295 3584 3348 attendat

2003 3363 2362 3434 unusquisque
2383 3363 2757 3434 conscientiam
2784 3381 2932 3418 suam
2957 3406 2972 3429 ,
2996 3374 3049 3418 et
3072 3366 3113 3417 si
3137 3365 3438 3432 cupiditatis
3461 3365 3583 3434 igne

2002 3432 2352 3503 consumitur,
2376 3432 2829 3503 eleemosynarum
2852 3437 3123 3502 refrigerio
3146 3436 3431 3501 mitigetur;
3456 3432 3580 3503 quia

2003 3502 2253 3568 scriptum
2285 3510 2367 3575 est
2385 3540 2417 3575 ,_
2435 3501 2576 3555 Sicut
2600 3501 2732 3571 aqua
2756 3501 3027 3575 egstingutt
3055 3506 3219 3575 ignem
3239 3547 3252 3567 ,
3277 3507 3347 3558 ita
3369 3501 3582 3558 eleemo-

2002 3584 2129 3646 sgna
2170 3573 2437 3640 exstinguit
2465 3583 2719 3646 peccatum
2752 3572 2937 3643 (Ereti;
2965 3590 3048 3639 ut,
3076 3572 3191 3646 33).
3217 3575 3314 3642 Qui
3338 3590 3465 3642 ergo
3489 3590 3581 3629 cu-

2006 3640 2222 3713 piditate
2262 3643 2593 3695 consumitur
2615 3684 2630 3709 ,
2676 3640 2950 3697 subtrahat
2990 3660 3019 3697 a
3050 3660 3109 3700 se
3135 3640 3294 3713 opera
3326 3640 3461 3698 mala
3486 3685 3501 3710 ,
3529 3654 3583 3699 et

2002 3711 2147 3782 quod
2187 3712 2381 3765 bonum
2425 3720 2516 3782 est
2548 3728 2798 3767 exercere
2827 3724 3066 3767 conetur.
3090 3711 3187 3782 Qui
3216 3730 3341 3768 vero
3368 3714 3581 3769 ﬁamma

2003 3779 2278 3834 charitatis
2322 3781 2652 3855 accenditur,
2676 3798 2886 3853 semper
2916 3786 3070 3838 bonis
3100 3779 3351 3855 operibus
3382 3800 3583 3854 augea-

2006 3859 2091 3904 tur
2111 3892 2125 3914 ,
2169 3860 2225 3905 et
2280 3852 2480 3906 nutriat
2506 3854 2556 3905 in
2590 3868 2646 3906 se
2675 3852 2847 3923 ignem
2877 3871 3034 3922 quem
3066 3857 3115 3909 iu
3140 3852 3208 3909 co
3232 3852 3472 3909 Christus
3498 3856 3582 3908 di-

2002 3928 2193 3995 gnatur
2211 3923 2499 3995 accendere
2524 3924 2617 3993 (a).
2643 3924 2790 3978 Sicut
2811 3926 2898 3979 ille
2922 3926 2972 3978 in
2994 3942 3099 3995 quo
3120 3925 3424 3992 cupiditatis
3446 3926 3582 3993 ignis

2002 3989 2187 4057 ardet,
2229 3993 2271 4045 si
2298 3994 2365 4046 ab
2387 3989 2548 4063 Opere
2575 3989 2712 4048 malo
2737 3997 2962 4049 cessavit
2985 3989 3132 4061 ,t'cito
3161 3989 3432 4049 charitatis
3462 3989 3581 4117 igne

2002 4062 2299 4116 exardescit
2345 4081 2357 4115 :
2410 4067 2510 4117 hoc
2555 4065 2815 4117 signiﬁcat
2847 4106 2861 4117 .
2903 4065 3043 4117 auod
3086 4067 3129 4117 si
3177 4067 3338 4117 Deum
3386 4066 3436 4117 in
3498 4080 3581 4117 ioc

2002 4062 2299 4134 exardescit
2345 4081 2357 4115 :
2410 4062 2510 4119 hoc
2555 4065 2861 4133 signiﬁcat,
2903 4065 3043 4134 quod
3086 4067 3129 4117 si
3177 4067 3338 4118 Deum
3386 4066 3436 4117 in
3479 4062 3581 4119 hoc

2003 4131 2203 4202 mundo
2243 4134 2509 4189 reﬁcimus
2549 4131 2701 4187 bonis
2734 4131 2986 4202 operibus
3022 4137 3251 4195 nostris,
3285 4136 3370 4187 illc
3402 4149 3499 4186 nos
3527 4136 3578 4188 in

2002 4199 2179 4255 futuro
2222 4207 2418 4258 sarculo
2455 4205 2657 4259 reﬁciet
2686 4199 2990 4260 muneribus
3018 4206 3164 4265 suis;
3194 4205 3482 4258 secundum
3512 4205 3579 4259 il-

2002 4270 2092 4344 lud
2130 4272 2271 4342 quod
2312 4274 2362 4327 in
2386 4276 2673 4344 Evangelio
2701 4276 2954 4343 scriptum
2993 4284 3106 4340 cst,
3148 4274 3346 4334 Venite,
3378 4274 3579 4327 benedi-

2004 4342 2106 4405 cti,
2149 4342 2643 4415 percipiteregnum
2692 4361 2711 4398 :
2751 4342 2868 4414 quia
2909 4347 3120 4407 esurivi,
3151 4355 3196 4397 et
3226 4346 3428 4397 dedistis
3456 4345 3579 4397 mihi

2003 4412 2309 4487 manducare
2346 4412 2577 4487 (Malim
2605 4432 2711 4469 xxv
2737 4412 2873 4487 ,54)
2901 4432 2915 4479 ;
2947 4426 2999 4470 et
3022 4458 3037 4482 ,
3074 4416 3326 4487 Quamdiu
3354 4414 3541 4487 fecistis
3561 4457 3573 4479 ,

2002 4483 2205 4555 etcuUt
2231 4499 2356 4555 ergo
2385 4487 2452 4541 ab
2480 4485 2658 4540 auditu
2689 4486 2830 4541 malo
2854 4483 2866 4550 ζ
2896 4502 3000 4555 quo
3027 4486 3305 4539 dicendum
3334 4494 3417 4540 est
3438 4527 3453 4550 ,
3484 4484 3580 4538 Di-

2000 4554 2185 4626 scedite
2205 4572 2238 4626 ea
2262 4554 2339 4609 me
2357 4598 2371 4623 ,
2404 4558 2690 4623 maledicti,
2718 4558 2769 4610 in
2793 4554 2955 4626 ignem
2978 4567 3218 4609 retentum
3244 4555 3427 4625 (lbid.,
3457 4557 3575 4626 41),

2002 4621 2215 4679 liberari
2244 4621 2544 4681 mereamur
2562 4669 2577 4693 ,
2609 4637 2663 4681 et
2678 4621 2830 4681 illam
2850 4621 3260 4681 desiderabilem
3278 4640 3461 4680 vocem
3484 4621 3579 4679 att-

2000 4694 2116 4767 dire
2159 4697 2450 4767 possimus,
2488 4697 2691 4763 Venite,
2731 4698 2999 4760 benedicti,
3048 4696 3287 4767 percipite
3325 4713 3577 4767 regnum;

2002 4766 2055 4817 in
2097 4766 2250 4819 nobis
2288 4768 2416 4836 ipsis
2456 4783 2637 4837 pacem
2674 4767 2878 4834 cordis,
2906 4767 2991 4821 vel
3017 4767 3310 4820 castitatem
3336 4766 3577 4835 corporis

1999 4849 2412 4904 conservemus,
2459 4849 2512 4893 et
2555 4838 2874 4908 pauperibus
2918 4838 3171 4905 largiores
3206 4838 3576 4908 eleemosynas

1998 4920 2277 4974 erogemus
2311 4926 2323 4961 :
2368 4908 2488 4977 quia
2534 4907 2638 4961 non
2684 4909 2935 4961 mentitur
2977 4908 3063 4962 ille
3102 4908 3192 4976 qui
3230 4907 3400 4973 dixit,
3428 4907 3572 4961 Beati

1998 4977 2378 5061 ritisericordes,
2411 4980 2647 5048 quoniam
2675 4978 2782 5059 ipsi.
2800 4978 3189 5061 misericordiam
3212 4986 3575 5061 copsequentur

1996 5044 2105 5114 (Id.
2151 5063 2181 5098 v
2206 5088 2220 5110 ,
2259 5046 2333 5116 7).
2364 5044 2557 5101 lterum
2582 5044 2741 5116 atque
2770 5049 2958 5102 iterant
2980 5090 2994 5114 ,
3026 5048 3215 5102 fratres
3238 5044 3534 5104 charissimi
3554 5087 3571 5111 ,

1996 5116 2260 5170 miseriam
2292 5119 2440 5172 vobis
2466 5122 2863 5189 peregrinorum
2885 5127 2937 5174 et
2957 5134 3249 5190 pauperum
3273 5120 3289 5150 ¹
3309 5159 3324 5186 ,
3352 5132 3576 5189 speran-

2056 5276 2072 5307 ι
2097 5281 2235 5326 Forte
2255 5275 2545 5337 addendum,
2568 5275 2969 5327 commendamus.

2051 5356 2123 5420 (a)
2156 5360 2237 5408 Hic
2268 5372 2431 5408 sermo
2460 5362 2511 5409 iu
2532 5360 2675 5410 editis
2694 5360 2945 5411 clauditur.
2981 5366 3094 5418 Quae
3125 5371 3246 5423 vero
3281 5368 3568 5423 sequuntur,

1988 5432 2049 5467 ex
2077 5419 2396 5492 manuscripto
2418 5423 2748 5474 Viudocinensi
2781 5431 3046 5485 tanquama
3064 5422 3267 5471 caesarie
3285 5419 3379 5471 non
3411 5419 3569 5471 aliena

1987 5494 2343 5545 exscripsimus.
