4072 6362
498 339 643 400 2175

918 445 1147 504 SERMO
1183 441 1489 501 CCXXXIII
1545 439 1643 516 (a).

976 544 1046 587 De
1068 535 1180 585 Fide
1201 533 1450 596 catholica,
1472 547 1490 583 I
1512 532 1604 597 (b).

573 621 627 675 l.
680 619 957 684 Credimus
983 619 1036 672 in
1067 633 1229 672 unum
1273 617 1455 677 Deum,
1487 615 1696 670 Patrem
1736 621 1791 670 et
1818 613 2010 668 Filium
2031 621 2086 668 et

506 690 762 760 Spiritum
805 699 1068 751 sanetum,
1100 687 1385 741 visibilium
1429 695 1483 760 et
1523 685 1871 760 invisibilium
1916 683 2084 738 facto-

509 755 645 821 rem,
678 776 773 830 per
792 775 946 829 quem
974 767 1152 813 creata
1177 765 1300 830 sunt
1324 758 1500 810 omnia
1521 755 1577 810 in
1602 758 1740 830 cmlo
1762 759 1891 830 etin
1915 765 2081 830 terra.

508 831 658 884 Ilnnc
679 824 848 884 unum
891 831 1078 893 Deum,
1109 838 1162 882 et
1187 827 1321 880 hanc
1345 842 1503 880 unam
1532 840 1649 879 esse
1669 825 1830 880 divini
1855 824 2084 878 nominis

502 899 1098 954 TrinitatemzPatrem
1165 913 1268 951 non
1321 912 1439 951 esse
1484 895 1686 958 lilium,
1742 893 1835 948 sed
1887 894 2085 948 habere

503 970 666 1024 ﬁlium
710 971 799 1040 qui
851 980 1002 1038 pater
1027 983 1132 1022 non
1179 968 1250 1021 sit
1277 985 1291 1020 :
1318 966 1506 1040 Filium
1553 980 1656 1019 non
1697 978 1817 1019 esse
1855 974 2080 1040 patrem,

501 1040 596 1095 sed
627 1033 814 1094 Filium
841 1033 934 1094 Dei
967 1053 1085 1093 esse
1121 1046 1298 1090 natum
1323 1037 1340 1068 ί
1372 1055 1386 1091 :
1413 1040 1652 1089 sanctum
1675 1049 1883 1104 quoque
1918 1033 2082 1104 Para-

500 1110 694 1164 cletum
724 1123 864 1173 esse,
892 1109 978 1178 qui
1012 1123 1108 1162 nec
1133 1116 1282 1176 pater
1318 1108 1387 1160 sit
1430 1107 1563 1174 ipse,
1595 1103 1858 1178 nec’liiius
1883 1145 1931 1178 ,_
1944 1103 2082 1158 seda

503 1190 654 1250 patre
685 1173 943 1250 liliaque"
968 1173 1256 1250 procedat._
1300 1178 1406 1250 Est_
1431 1173 1558 1250 ergo
1605 1175 1868 1250 ingenitus
1903 1173 2079 1239 Pater,

503 1244 716 1319 genitus
742 1244 944 1319 Filius;
969 1244 1100 1319 mon
1142 1247 1351 1316 genitus
1377 1246 1700 1319 Paraeletus,
1733 1244 1828 1299 sed
1871 1259 1902 1296 a
1930 1253 2080 1319 patre

502 1313 558 1374 ἐι
581 1319 692 1373 lilio
725 1317 1039 1387 procedens.
1071 1313 1226 1387 Paier
1254 1326 1337 1371 est
1359 1316 1633 1387 cujusvox
1674 1315 1792 1387 hate
1815 1323 1897 1368 est
1922 1313 2075 1387 audi:

503 1398 556 1443 ta
585 1389 653 1445 de
680 1384 831 1444 cmlis
864 1405 877 1441 :
910 1387 1011 1441 Hic
1037 1397 1106 1440 est
1135 1386 1302 1440 Filius
1328 1403 1467 1440 meus
1490 1384 1722 1447 dilectus,
1751 1386 1803 1437 in
1828 1400 1925 1450 quo
1952 1384 2076 1436 mihi

503 1461 626 1513 bene
667 1457 950 1529 complagui
971 1459 989 1527 (
1022 1457 1206 1529 Manli.
1257 1473 1386 1529 xvn,
1422 1455 1518 1529 5)Γ
1550 1456 1644 1509 llic
1675 1455 1840 1529 Filius
1877 1462 1959 1529 est
1989 1455 2079 1523 qui

501 1529 577 1583 ait
610 1546 624 1584 :
663 1523 836 1598 qu'a
863 1523 1016 1581 Patre
1043 1527 1196 1590 exivi,
1214 1536 1261 1598 et
1279 1527 1387 1579 veni
1409 1523 2073 1598 in'hunclnandumann.

502 1614 613 1669 va,
643 1593 770 1669 28⁷).
800 1599 1102 1669 Paracletus
1147 1607 1230 1669 est
1253 1597 1365 1665 ipse
1391 1595 1458 1649 de
1497 1612 1601 1669 quo
1627 1593 1790 1669 Filius
1815 1593 2084 1669 δίζε-Νξδὶ

501 1668 671 1723 abiero
702 1663 770 1721 ad
791 1667 1015 1728 Patrem,
1044 1663 1338 1720 Paracletus
1366 1683 1465 1719 non
1491 1663 1649 1719 veniet
1668 1665 1735 1717 ad
1763 1680 1846 1718 vos
1878 1663 2079 1734 (Ibid.,

505 1738 537 1792 7
568 1740 609 1808 ).
638 1739 783 1792 Hanc
803 1753 920 1792 esse
947 1738 1258 1792 Trinitatem
1283 1735 1838 1808 personisdistinctam
1862 1734 1903 1801 ³,
1928 1734 2084 1787 indif-

503 1805 764 1864 ferentem
792 1827 804 1862 :
832 1817 1025 1877 praeter
1045 1807 1202 1877 illam
1253 1807 1450 1877 nullam
1495 1805 1888 1877 idivinamgesse
1926 1812 2082 1858 natu-

506 1894 621 1932 ram
646 1879 731 1932 vel
751 1874 940 1946 angeli,
972 1876 1062 1930 vel
1087 1877 1325 1946 spiritus,
1345 1876 1430 1930 vel
1458 1876 1666 1946 virtutis
1693 1874 1935 1946 alicujus,
1961 1889 2083 1943 qua:

509 1947 652 2002 Deus
676 1963 794 2002 esse
822 1945 1087 2001 credatur.
1116 1945 1267 1999 llunc
1311 1946 1469 2016 igitur
1510 1945 1699 1998 Filium
1750 1945 1842 1998 Dei
1883 1945 2072 2016 Deum,

503 2026 686 2072 natum
731 2033 761 2072 a
787 2025 959 2086 patre,
990 2024 1043 2071 et
1071 2031 1190 2069 esse
1216 2013 1892 2086 principinm,patremque
1934 2013 2081 2068 illum

502 2084 859 2142 sanctiﬁcasse
881 2088 932 2141 in
956 2095 1107 2140 utero
1128 2084 1301 2140 Mariae
1329 2086 1543 2153 virginis
1564 2084 1605 2149 ‘,
1638 2094 1796 2154 atque
1816 2099 1879 2138 ex
1902 2099 1963 2138 ea
1985 2099 2082 2138 ve-

507 2173 626 2212 rum
658 2158 925 2211 hominem
955 2157 1073 2211 sine
1121 2156 1219 2210 viri
1263 2156 1466 2210 semine
1506 2167 1814 2224 generatum
1847 2172 1860 2207 :
1898 2154 1950 2208 id
1977 2161 2077 2218 est,

502 2228 808 2297 suscepisse
856 2227 1137 2281 Dominum
1189 2235 1430 2297 nostrum
1470 2225 1650 2297 Jesum
1676 2225 1944 2297 Christum
1975 2239 2082 2297 non

505 2293 875 2365 imaginarium
905 2311 1119 2365 corpus,
1147 2304 1238 2350 aut
1266 2295 1434 2348 forma
1465 2296 1575 2349 sola
1592 2293 1965 2364 compositum,
1989 2293 2083 2349 sed

508 2313 610 2351 Ima
652 2313 875 2352 martum
905 2313 1119 2365 corpus,
1147 2313 1238 2350 aut
1266 2313 1434 2348 Iorma
1465 2313 1575 2349 sala
1592 2313 1965 2364 compositum,
1989 2313 2082 2349 seu

508 2313 757 2422 seligum.
789 2370 960 2435 Atque
981 2366 1121 2420 hunc
1162 2367 1412 2429 esurisse,
1440 2375 1496 2419 et
1522 2365 1719 2428 sitisse,
1751 2374 1801 2419 et
1827 2366 2082 2429 doluisse,

503 2447 558 2491 et
577 2437 802 2501 ﬂevisse,
833 2444 886 2490 et
929 2436 1104 2489 omnia
1127 2436 1366 2504 corporis
1393 2435 1639 2490 exercitia
1668 2437 1900 2490 sensisse
1928 2435 2086 2490 ⁵.Ρο-

505 2516 706 2561 stremo
752 2505 1078 2569 cruciﬁxum,
1110 2518 1372 2560 mortuum
1401 2514 1456 2559 et
1483 2505 1768 2576 sepultum,
1799 2507 1951 2560 tertia
1995 2505 2082 2560 die

505 2578 881 2642 resurrexisse,
898 2585 1266 2630 couversatum
1286 2575 1620 2645 postmodum
1642 2591 1761 2630 cum
1787 2575 2081 2646 discipulis,

505 2647 713 2716 quibus
757 2655 996 2701 sanctum
1056 2646 1384 2700 Paraeletum
1420 2646 1578 2716 misit
1626 2646 1750 2700 dum
1802 2647 1868 2700 ad
1919 2647 2084 2701 caelos

503 2715 829 2771 ascendisset
853 2735 866 2769 :
893 2717 1032 2770 hunc
1053 2716 1213 2770 lilium
1233 2715 1459 2770 hominis
1482 2731 1624 2770 nunc
1643 2717 1840 2770 vocari.
1889 2717 2086 2771 Resur-

505 2779 796 2842 rectioﬁBm
818 2802 997 2841 veram
1043 2787 1287 2840 humana:
1315 2786 1582 2840 credimus
1609 2787 1804 2841 carnis.
1836 2786 2081 2841 Animam

506 2855 738 2912 hominis
797 2872 903 2912 non
974 2855 1206 2910 divinam
1275 2871 1394 2912 esse
1446 2857 1796 2912 substantiam
1859 2858 1945 2911 vel
1989 2859 2084 2912 Dei

504 2936 745 3028 partem;
813 2926 909 2982 sed
971 2934 1267 2982 creaturam
1336 2926 1518 2982 divina
1575 2927 1848 2986 voluntate
1906 2929 2085 2997 prola-

546 3012 656 3052 sam
686 3012 726 3051 ⁸⁵.

507 3012 854 3138 psZIPSiquis
875 3081 1003 3138 ergo
1019 3066 1211 3138 dixerit
1229 3076 1388 3138 atque
1410 3066 1714 3135 crediderit,
1739 3084 1768 3122 a
1786 3068 1896 3124 Deo
1912 3071 2087 3124 omni-

505 3145 727 3210 potente
749 3137 1000 3192 mundum
1029 3138 1167 3193 hunc
1195 3137 1389 3193 iactum
1439 3155 1543 3194 non
1596 3138 1758 3194 fuisse
1783 3143 2086 3210 atqueejus

505 3209 684 3261 omnia
717 3208 1087 3280 instrumenta,
1121 3211 1401 3280 anathema
1430 3211 1518 3262 sit.
1549 3209 1603 3264 Si
1639 3211 1756 3280 quis
1785 3208 2086 3265 dixeritat.

506 3293 609 3348 que
639 3278 926 3332 crediderit
980 3279 1144 3332 Deum
1197 3279 1407 3334 Patrem
1452 3278 1695 3334 eumdem
1727 3280 1922 3334 Filium
1967 3297 2087 3338 esse

505 3348 592 3401 vel
617 3348 968 3421 Paracletum,
1000 3348 1286 3421 anathema
1332 3350 1420 3421 sit.
1454 3350 1507 3404 Si
1538 3351 1657 3419 quis
1683 3350 1876 3405 dixerit
1925 3361 2085 3421 atque

507 3418 795 3474 crediderit
813 3419 979 3474 Deum
999 3419 1188 3474 Filium
1215 3419 1460 3475 eumdem
1483 3418 1603 3475 esse
1624 3421 1837 3475 Patrem
1859 3421 1945 3476 vel
1980 3418 2086 3477 Pa-

567 3556 585 3625 ξ
609 3563 659 3625 In
683 3561 886 3605 Romano
907 3567 1142 3625 canonum
1163 3554 1348 3625 codice,
1368 3553 1630 3625 sed‘ﬁtium
1653 3555 1714 3605 de
1735 3555 1840 3618 ejus
1860 3565 2052 3625 natura.

565 3619 854 3728 imqgnonum
873 3616 1026 3666 codex
1045 3617 1124 3665 hic
1140 3630 1237 3666 non
1255 3617 1421 3677 habet,
1444 3616 1658 3681 ﬁlioque;
1678 3616 1773 3668 nec
1796 3620 1938 3682 paulo
1958 3628 2086 3683 post,

502 3683 548 3727 et
571 3679 683 3727 ﬁlio.

613 3740 833 3798 Quasdam
858 3739 942 3803 hic
975 3738 1152 3803 desunt
1168 3777 1181 3799 ,
1207 3739 1476 3803 supplenda
1505 3753 1569 3803 ex
1608 3738 1824 3791 Romano
1850 3756 2087 3794 canonum

503 3800 688 3868 codice,
711 3803 791 3863 qui
815 3801 963 3868 addit,
987 3799 1488 3868 sagstmuiant'wwm,
1512 3801 1757 3863 virtutem,
1780 3810 2053 3866 potestatem
2071 3843 2086 3868 ,

504 3861 798 3923 maiestatem
812 3861 917 3912 indi
922 3861 1166 3912 visibilem.

567 3923 589 3955 ’δ
623 3931 860 3985 uomanus
885 3937 1121 3973 canonum
1157 3925 1310 3985 codex
1329 3959 1344 3985 ,
1383 3930 1548 3974 natum
1577 3937 1610 3973 a
1642 3930 1784 3975 Patre
1821 3932 1930 3978 ante
1951 3940 2088 3980 omne

501 3984 692 4056 cumino
706 3984 1010 4056 principium,
1035 3983 1357 4056 sanctiﬁcasse
1379 3992 1568 4056 atgrnm
1589 3985 1758 4056 Maria:
1779 3987 1993 4052 virginis.

565 4046 589 4110 ξ
612 4053 660 4095 In
685 4046 1062 4110 eodem'codice,
1089 4046 1304 4110 corporis
1323 4046 1476 4096 exitia
1497 4048 1733 4098 sensisset.

571 4107 592 4138 ⁸
618 4108 893 4171 tegendum
911 4115 964 4156 ut
982 4109 1035 4171 in
1054 4107 1257 4171 Romano
1279 4122 1514 4158 canonum
1537 4110 1721 4171 codice,
1743 4108 1905 4162 divina
1922 4111 2087 4164 volun-

505 4173 601 4219 tate
622 4168 816 4230 factam,
842 4181 936 4218 non
958 4169 1018 4218 de
1036 4168 1154 4219 uelo
1175 4168 1375 4230 lapsam.

563 4230 638 4352 $03
671 4230 825 4291 Alias,
848 4231 913 4279 de
934 4238 1170 4302 Tempore
1197 4230 1304 4280 129.

589 4290 616 4340 b
670 4297 721 4340 In
743 4291 1015 4352 Appeudtce
1049 4305 1176 4342 nunc
1196 4295 1304 4352 prin

589 4290 638 4354 ὁ)
670 4291 1015 4355 lnappeudice
1049 4290 1176 4342 nunc
1196 4295 1401 4355 primum
1437 4291 1711 4343 collocatur.
1749 4301 1799 4344 In
1822 4297 2087 4347 Lovanien-

501 4352 628 4401 siuni
659 4352 1086 4419 editionedubius
1103 4352 1212 4419 est,
1235 4355 1417 4419 Verlini
1442 4363 1605 4405 autem
1629 4362 1680 4405 et
1713 4357 1932 4419 \‘indingi
1968 4372 2088 4408 cen-

500 4426 613 4462 sura
633 4414 978 4478 supposititius.
1021 4417 1241 4478 Exceptis
1295 4417 1700 4478 anathematismis
1743 4414 2090 4478 posterioribus

500 4477 878 4539 quatuordecim,
907 4477 989 4539 qui
1013 4491 1076 4525 ex
1099 4477 1406 4539 Confessione
1424 4477 1535 4527 ﬁdei
1558 4477 1802 4528 catholica
1825 4483 2005 4530 Damasi
2027 4485 2086 4532 ad

501 4537 746 4600 Paulinum
769 4537 1136 4600 “Antiochenum
1171 4538 1264 4588 huc
1308 4548 1644 4600 accesserunt;
1685 4540 1802 4588 nihil
1841 4549 1917 4591 est
1957 4543 2087 4594 aliud

500 4609 645 4658 quam
669 4596 863 4661 libellus
883 4599 1028 4658 Fidei,
1047 4600 1127 4661 qui
1152 4601 1200 4647 in
1217 4601 1382 4650 codice
1414 4596 1649 4650 canonum
1669 4602 1891 4652 Ecclesiae
1926 4611 2088 4653 noma-

501 4671 597 4718 ηαξ,
620 4671 726 4724 cap.
751 4659 842 4720 40,
867 4661 934 4709 sit:
955 4659 1261 4724 inscribitur,
1298 4680 1319 4708 α
1350 4661 1558 4711 Libellus
1592 4664 1839 4724 Augustini
1874 4664 1939 4714 de
1976 4667 2085 4716 Fide

507 4737 532 4765 ι
551 4719 783 4786 catholica
811 4719 995 4786 contra
1016 4735 1186 4771 omnes
1206 4719 1470 4786 haereses:
1497 4741 1520 4770 υ
1564 4719 1830 4786 qui'etiam
1871 4726 2084 4777 Toletani

499 4780 698 4848 concilii
714 4783 760 4842 1,
783 4784 894 4848 anni
912 4783 1023 4848 400,
1052 4785 1178 4848 Actis
1199 4785 1412 4836 insertus
1447 4780 1690 4848 reperitur
1725 4799 1835 4834 cum
1859 4789 2085 4838 nonnulla

499 4841 552 4913 in
573 4841 981 4913 anathematismis
1001 4841 1268 4913 jarietate.
1303 4841 1521 4913 Nomine"
1535 4848 1781 4913 augustini
1803 4849 1919 4897 citat
1942 4853 2085 4913 Magi-

499 4909 606 4953 ster
627 4906 980 4970 Sententiarum
1001 4907 1049 4966 5,
1073 4906 1186 4970 dist.
1203 4907 1282 4968 2t,
1309 4920 1374 4956 ex
1397 4909 1501 4970 ipso
1538 4906 1665 4958 forte
1706 4915 1908 4970 homano
1938 4906 2084 4962 catio-

499 4977 616 5014 num
655 4966 838 5032 codice.
880 4968 1061 5030 Quippe
1102 4969 1152 5016 in
1186 4966 1521 5032 manuscriptis
1557 4970 1685 5019 hunc
1705 4967 1924 5020 libellum
1956 4973 2086 5024 inter

499 5029 749 5094 Augustini
781 5029 1036 5079 sermones
1057 5029 1358 5094 et_0puscula
1379 5029 1613 5094 nusquam
1640 5037 1836 5094 exstare
1860 5034 2080 5086 vidimus.

499 5091 820 5156 Augustinum
848 5097 986 5140 certe
1016 5091 1343 5156 nobis'minns
1363 5091 1554 5156 sapiunt
1585 5093 1630 5142 bi
1661 5093 1887 5156 loquendi
1923 5096 2078 5148 modi:

499 5161 634 5222 num.
677 5151 721 5212 1,
763 5151 1114 5222 «hanc_unam
1155 5165 1266 5202 esse
1303 5151 1451 5204 divini
1488 5156 1691 5222 nominis
1726 5151 2075 5222 ﬁrmitatem”

497 5212 632 5272 ibid.,
663 5229 686 5259 α
703 5225 797 5281 non
812 5213 1147 5281 imaginarium
1172 5227 1378 5281 corpus,
1400 5223 1486 5266 aut
1519 5217 1669 5281 forma
1711 5214 1812 5281 sola
1850 5212 2082 5281 composi-

505 5290 528 5317 α
552 5281 682 5338 tum;
706 5290 729 5320 ι
760 5275 930 5338 ibid.,i
949 5283 1002 5326 et
1021 5277 1179 5325 omnia
1196 5275 1412 5338 corporis
1433 5279 1684 5338 exercitia,
1699 5295 1722 5324 ν
1751 5279 1857 5327 sive
1875 5286 1930 5328 ut
1951 5275 2079 5330 I'Iom.

497 5335 654 5385 codex
668 5335 704 5384 7a
727 5336 879 5398 exitia
913 5338 1156 5398 sensisse;
1179 5353 1203 5382 ι
1235 5335 1295 5389 οἱ
1315 5352 1448 5389 num.
1469 5339 1500 5389 2
1515 5378 1528 5398 ,
1564 5357 1587 5386 ι
1605 5335 1835 5388 mundum
1856 5341 1984 5391 hunc
2011 5342 2079 5393 fa-

501 5413 524 5472 s
551 5406 681 5472 ctu_m
703 5395 970 5472 nontuisse
990 5395 1149 5472 atque
1162 5399 1268 5472 ejus
1288 5403 1448 5472 omnia
1467 5395 1786 5472 instrumenta
1803 5416 1816 5452 :
1835 5403 2085 5472 [tandem

501 5471 592 5525 vox
619 5457 890 5525 Paraeletus
911 5457 1085 5522 passim
1104 5457 1256 5525 posita
1279 5475 1384 5525 pro,
1405 5465 1605 5525 Spiritus
1624 5470 1832 5513 sanctus.
1858 5465 2013 5514 Estius
2031 5467 2082 5516 in

496 5517 681 5589 sent:
704 5521 814 5569 dist.
839 5517 927 5579 21;
943 5517 1132 5583 paragr.
1155 5523 1204 5582 3,
1230 5517 1413 5589 editum
1432 5517 1702 5589 Suspicatur
1724 5538 1750 5574 a
1773 5527 2010 5589 scriptore
2032 5527 2083 5576 in

496 5582 804 5648 hlestorianos
828 5582 1102 5648 propenso,
1128 5582 1332 5648 quorum
1365 5582 1591 5635 videlicet
1635 5587 1787 5636 errori
1819 5582 2082 5638 acccmmo-

498 5638 602 5690 dari
641 5638 845 5709 possunt
892 5638 1162 5695 sententiis.
1191 5647 1438 5709 quaedam,
1468 5651 1736 5709 praesertim
1772 5647 2082 5700 anathemati-

497 5712 634 5754 smus
651 5706 865 5763 quintus.
912 5712 982 5754 De
1004 5721 1136 5756 num.
1170 5706 1335 5756 '5'vide
1358 5706 1538 5760 Damasi
1583 5710 1938 5762 confessionem
1969 5711 2079 5763 ﬁdei

498 5763 560 5813 ad
587 5763 832 5825 Paulinum
847 5769 1194 5820 antiochenum
1222 5771 1434 5821 missam.

1949 330 2171 389 APPEN
2179 329 2308 388 DIX.

2766 263 2927 278 γνοοο-

3245 387 3270 405 κ
3627 335 3764 396 2170

2190 443 2467 516 racletqm,
2495 442 2775 516 anathema
2803 441 2894 516 sit.
2925 442 3005 500 Sit
3027 443 3147 516 quis
3168 442 3364 516 dixerit
3400 447 3763 516 aulaea-edi-

2188 514 2331 598 derit
2375 514 2704 598 Paraclctttm
2745 514 3018 598 spiritum_
3029 514 3151 598 esse
3179 515 3391 598 Patrem
3413 514 3756 598 yetFilSnni,

2189 583 2470 638 anathema
2496 586 2584 638 sit.
2616 585 2670 638 Si
2698 583 2817 654 quis
2853 585 3046 640 dixerit
3067 594 3226 652 atque
3249 586 3535 641 crediderit
3589 589 3764 642 homio

2191 669 2312 726 nem
2353 654 2533 726 Jesum
2589 654 2858 726 Christum
2887 672 2918 709 a
2957 656 3092 710 Filio
3140 656 3234 709 Dei
3272 666 3599 726 assumptum
3650 674 3759 713 non

2190 724 2374 796 imissa,
2397 725 2678 779 anathema
2723 726 2812 780 sit.
2837 725 2892 781 Si
2914 728 3032 796 quis
3055 726 3249 780 dixerit
3271 735 3431 794 atque
3456 724 3759 783 crediderit

2191 793 2381 847 Filium
2428 796 2520 850 Dei
2575 796 2739 850 Deum
2788 793 2998 864 passum
3049 797 3232 856 fuisse,
3279 793 3559 850 anathema
3591 798 3677 851 sit.
3707 798 3766 853 Si

2191 865 2309 932 quis
2327 865 2519 919 dixerit
2547 875 2704 934 atque
2742 867 3026 920 crediderit
3072 866 3340 920 hominem
3388 866 3569 921 Jesum
3609 866 3768 921 Chri-

2189 943 2328 987 stum
2352 934 2620 1006 hominem
2639 937 3016 1006 impassibilem
3061 937 3240 1001 fuisse,
3272 936 3552 991 anathema
3599 938 3687 991 sit.
3707 936 3766 991 Si

2189 1005 2309 1072 quis
2334 1004 2530 1076 dixerit
2565 1004 2725 1074 atque
2748 1006 3034 1060 crediderit
3065 1007 3288 1061 alterum
3309 1007 3476 1061 Deum
3503 1022 3622 1061 esse
3651 1007 3767 1076 pri-

2189 1088 2294 1145 sete
2333 1074 2506 1145 Legis,
2550 1076 2774 1130 alterum
2813 1076 3240 1145 Evangeliorum,
3270 1077 3550 1131 anathema
3588 1074 3675 1130 sit.
3702 1076 3763 1132 Si

2189 1143 2311 1215 quis
2347 1144 2540 1215 dixerit
2568 1155 2724 1215 atque
2752 1143 3039 1200 crediderit
3065 1147 3132 1201 ab
3169 1148 3340 1201 altero
3372 1148 3481 1200 Deo
3506 1146 3765 1200 mundum

2190 1212 2352 1287 fuisse
2399 1214 2614 1287 factum,
2632 1212 2806 1287 Lquam
2840 1217 2909 1271 ab
2948 1217 3036 1270 illo
3061 1217 3127 1271 de
3151 1232 3258 1287 quo
3282 1217 3537 1287 scriptum
3564 1226 3666 1287 est,
3695 1215 3769 1269 In

2191 1284 2436 1358 principio
2478 1285 2599 1358 fecit
2619 1283 2757 1339 Deus
2785 1287 2965 1340 caelum
2986 1295 3033 1358 et
3067 1283 3247 1358 terrain
3271 1285 3291 1358 (
3319 1283 3445 1358 Gen.
3473 1303 3511 1358 I,
3540 1286 3638 1358 i_),
3668 1287 3765 1356 qui

2189 1353 2361 1408 solus'
2385 1371 2541 1410 verus
2572 1356 2713 1410 Deus
2741 1365 2841 1421 est,
2893 1357 3174 1411 anathema
3203 1353 3291 1410 sit}
3319 1357 3374 1411 Si
3400 1357 3518 1425 quis
3562 1353 3766 1411 dixerit

2187 1433 2346 1493 atque
2359 1425 2640 1480 crediderit
2655 1441 2877 1496 corpora
2897 1426 3050 1480 buma
3059 1443 3122 1480 na
3144 1443 3249 1480 non
3267 1436 3624 1481 resurrectura
3642 1436 3768 1493 post

2189 1503 2436 1579 mortem,
2468 1496 2747 1579 anathema
2778 1496 2865 1550 sit.
2893 1496 2961 1579 Si
2983 1497 3101 1579 quis
3125 1497 3319 1578 dixerit
3339 1507 3498 1579 atque
3520 1496 3771 1579 credide-

2188 1564 2265 1635 rit
2308 1567 2538 1619 animam
2586 1565 2870 1620 humanam
2924 1564 3016 1621 Dei
3062 1568 3354 1635 portionem
3389 1564 3474 1620 vel
3519 1568 3612 1620 Dei
3642 1581 3769 1621 esse

2189 1633 2558 1702 substantiam,
2583 1637 2863 1691 anathema
2888 1637 2974 1689 sit.
3005 1633 3212 1703 Siquis
3239 1637 3442 1704 aliquas
3463 1636 3769 1705 Scripturas

2190 1713 2382 1772 prmter
2431 1716 2523 1760 ea‘s
2559 1721 2693 1776 quas
2732 1707 2990 1760 catbo!ica
3042 1707 3277 1760 Ecclesia
3322 1707 3558 1772 recepit,
3589 1706 3672 1761 vei
3706 1708 3763 1760 in

2188 1776 2501 1830 auctoritate
2525 1776 2792 1831 habendas
2816 1791 2934 1832 esse
2968 1777 3273 1842 crediderit,
3296 1777 3377 1830 vel
3403 1776 3559 1831 fuerit
3587 1792 3756 1830 vene-

2188 1853 2354 1909 ratus,
2377 1845 2660 1900 anathema
2688 1848 2776 1900 sit.

2259 1915 2312 1969 5.
2344 1916 2398 1969 Si
2420 1916 2538 1986 quis
2560 1932 2662 1970 non
2685 1917 2895 1982 dixerit,
2927 1932 3140 1987 semper
3170 1917 3397 1983 Patrem,
3428 1931 3641 1986 semper
3666 1915 3766 1970 Fi-

2187 1983 2338 2056 lium,
2359 1994 2413 2040 et
2437 1983 2648 2056 semper
2670 1986 2922 2056 Spiritum
2948 1983 3190 2043 sanctum
3203 2003 3342 2054 esse,
3364 1983 3649 2042 anathema
3671 1987 3768 2042 sit.

2189 2053 2244 2109 Si
2270 2057 2391 2124 quis
2419 2071 2523 2110 non
2556 2053 2757 2111 dixerit
2785 2058 2976 2113 Filium
3006 2067 3188 2112 natum
3217 2053 3338 2112 esse
3381 2057 3446 2110 de
3493 2057 3670 2121 Patre,
3695 2057 3752 2111 id

2189 2135 2289 2196 est,
2311 2125 2380 2179 de
2402 2127 2693 2182 substantia
2727 2139 2964 2195 paterna,
2993 2128 3274 2182 anathema
3312 2128 3400 2181 sit.
3430 2126 3484 2182 Si
3513 2129 3634 2196 quis
3655 2142 3770 2181 non

2189 2195 2381 2249 dixerit
2412 2196 2639 2251 Verbum
2667 2198 2757 2252 Dei
2787 2197 2975 2252 Filium
3001 2198 3093 2252 Dei
3117 2211 3258 2263 esse,
3280 2205 3334 2251 et
3354 2198 3517 2251 Deum
3536 2195 3768 2252 Patrem

2189 2265 2323 2338 ejus,
2350 2276 2405 2320 et
2431 2267 2609 2338 omnia
2637 2283 2814 2337 posse,
2843 2277 2898 2323 et
2922 2269 3099 2322 omnia
3129 2282 3309 2331 nosse,
3329 2279 3389 2338 et
3409 2267 3552 2322 Patri
3569 2283 3763 2338 atqua-

2190 2335 2312 2408 lem,
2345 2337 2626 2408 anathema
2640 2335 2744 2391 _sit.
2766 2338 2820 2394 Si
2847 2339 2964 2408 quis
2991 2339 3186 2394 dixerit
3205 2336 3345 2406 quod
3373 2339 3422 2391 in
3451 2353 3612 2392 carne
3638 2335 3775 2392 con-

2189 2406 2403 2461 stitutus
2444 2407 2608 2462 Filius
2632 2408 2724 2462 Dei
2749 2406 2873 2462 cum
2919 2416 3064 2464 esset
3109 2411 3163 2462 in
3192 2417 3351 2473 terra,
3382 2409 3436 2461 in
3461 2408 3614 2462 caalis
3639 2423 3770 2462 eum

2190 2475 2350 2548 Patre
2379 2492 2485 2548 non
2518 2486 2652 2543 erat,
2680 2479 2962 2534 anathema
3006 2481 3094 2533 sit.
3123 2479 3178 2535 Si
3213 2479 3330 2548 quis
3357 2477 3568 2540 dixerit,
3617 2477 3768 2546 quod

2190 2546 2242 2599 in
2265 2547 2509 2615 passione
2536 2549 2710 2603 crucis
2731 2548 2969 2605 dolorem
3004 2546 3266 2605 sentiebat
3289 2547 3454 2602 Filius
3479 2549 3572 2602 Dei
3597 2549 3766 2613 Deus,

2189 2623 2245 2670 et
2272 2633 2536 2690 noncaro
2572 2634 2692 2672 cum
2722 2619 2918 2685 anima,
2945 2636 3102 2690 quam
3151 2619 3402 2690 induerat
3438 2627 3492 2690 et
3536 2617 3770 2690 formam

2189 2688 2329 2760 servi
2353 2689 2455 2760 sibi
2482 2699 2779 2759 acceperat,
2807 2693 2944 2744 sicut
2963 2687 3047 2745 ait
3083 2691 3354 2758 Scriptura
3384 2687 3402 2760 (
3432 2687 3664 2760 Philipp.
3699 2705 3767 2752 ll,

2192 2758 2222 2810 7
2245 2756 2289 2829 ),
2317 2756 2730 2814 anathema'sit.
2755 2761 2809 2814 Si
2837 2762 2954 2829 quis
2985 2776 3088 2815 non
3115 2756 3330 2826 dixerit,
3352 2756 3491 2828 quod
3518 2756 3772 2814 in'carue

2189 2843 2346 2896 quam
2369 2830 2676 2898 assumpsit,
2704 2830 2854 2885 sedet
2883 2831 2934 2884 in
2952 2831 3168 2886 dextera
3200 2831 3395 2894 Patris,
3419 2829 3472 2882 in
3500 2844 3602 2897 qua
3629 2844 3770 2883 ven-

2193 2906 2340 2969 turus
2365 2911 2448 2954 est
2489 2901 2729 2969 judicare
2777 2902 2924 2955 vivos
2953 2913 3007 2956 et
3044 2910 3301 2966 mortuos,
3332 2899 3610 2953 anathema
3663 2901 3766 2952 sit.

2191 2968 2246 3025 Si
2289 2971 2406 3040 quis
2431 2968 2536 3025 non
2563 2971 2758 3025 dixerit
2804 2970 3060 3038 Spiritum
3089 2980 3330 3026 sanctum
3356 2969 3423 3023 de
3451 2971 3606 3040 Patre
3634 2983 3767 3040 esse

2191 3039 2319 3095 vere
2339 3056 2401 3095 ac
2428 3041 2660 3111 proprie,
2691 3043 2828 3096 sicut
2854 3041 3042 3111 Filium
3081 3041 3150 3096 de
3186 3041 3358 3111 divina
3388 3039 3680 3111 substantia
3710 3049 3775 3094 et

2193 3111 2360 3165 Deum
2386 3109 2590 3176 verum,
2618 3109 2898 3167 anathema
2927 3114 3014 3167 sit.
3051 3111 3105 3166 Si
3143 3111 3263 3181 quis
3285 3110 3482 3165 dixerit
3507 3109 3772 3181 Spiritum

2191 3189 2432 3235 sanctum
2465 3182 2739 3246 facturam,
2767 3191 2858 3236 aut
2894 3198 2988 3252 per
3016 3179 3204 3236 Filium
3236 3181 3452 3252 factum,
3479 3179 3773 3252 anathema

2192 3252 2278 3305 sit.
2311 3251 2366 3306 Si
2391 3253 2512 3321 quis
2538 3269 2644 3306 non
2683 3250 2910 3320 dixerit,—
2937 3254 3112 3307 omnia
3148 3267 3243 3322 per
3276 3251 3478 3322 Filium?
3519 3260 3572 3304 et
3593 3250 3773 3322 Spiri-

2195 3331 2302 3377 tum
2328 3333 2568 3377 sanctnm
2599 3324 2811 3378 Patrem
2839 3323 3048 3389 fecisse,
3076 3322 3127 3377 id
3154 3321 3267 3387 est,
3293 3321 3516 3375 visibilia
3546 3331 3600 3375 et
3623 3321 3773 3374 invi-

2192 3393 2384 3456 sibilia,
2403 3395 2681 3448 anathema
2713 3395 2799 3448 sit.
2830 3394 2884 3449 Si
2905 3394 3022 3462 quis
3047 3410 3150 3448 non
3179 3392 3371 3446 dixerit
3398 3390 3568 3445 Patris
3593 3401 3647 3445 et
3676 3390 3764 3444 Fi-

2192 3464 2245 3517 lii
2271 3473 2326 3518 et
2373 3463 2601 3533 Spiritus
2651 3465 2819 3518 sancti
2853 3479 3010 3518 unam
3047 3463 3394 3533 divinitatem,
3439 3475 3618 3533 parem
3648 3476 3774 3514 ma-

2187 3532 2456 3603 iestatem,
2510 3535 2819 3604 potentiam,
2848 3549 3004 3588 unam
3047 3535 3291 3602 gloriam,
3321 3532 3769 3604 dominationem,

2193 3602 2354 3658 unum
2385 3602 2603 3674 regnum
2633 3614 2792 3674 atque
2813 3621 2971 3659 unam
2998 3606 3341 3668 voluntatem,
3366 3602 3644 3674 anathema
3671 3602 3768 3674 s_it.

2192 3675 2246 3730 Si
2276 3677 2395 3744 quis
2427 3671 2532 3730 tres
2562 3671 2815 3743 personas
2849 3692 2952 3730 non
2974 3675 3169 3730 dixerit
3192 3689 3366 3738 veras,
3401 3673 3572 3744 Patris
3595 3681 3648 3726 et
3670 3671 3771 3725 Fi-

2194 3746 2248 3799 lii
2294 3743 2356 3800 et
2403 3746 2630 3815 Spiritus
2673 3747 2880 3808 sancti,
2929 3746 3184 3813 (equales.
3239 3758 3454 3812 semper
3504 3743 3769 3806 viventes,

2193 3817 2372 3870 omnia
2413 3814 2747 3872 continentes
2768 3817 2990 3870 visibilia
3031 3826 3085 3872 et
3128 3815 3430 3878 invisibilia,
3461 3814 3639 3867 omnia
3663 3828 3770 3881 po-

2194 3895 2385 3949 tentes,
2413 3890 2589 3940 omnia
2611 3886 2929 3955 iudicantes,
2981 3886 3158 3941 omnia
3211 3885 3556 3946 vivilicantes,
3587 3883 3771 3937 omnia

2193 3955 2468 4023 facientes,
2491 3959 2667 4010 omnia
2712 3973 2831 4027 qua:
2859 3957 3109 4012 salvanda
3153 3962 3278 4027 sunt
3320 3955 3606 4027 salvantes,
3632 3967 3771 4027 ana-

2197 4028 2371 4082 thema
2398 4028 2485 4081 sit.
2529 4027 2584 4081 Si
2611 4023 2860 4096 quis'non
2909 4027 3102 4082 dixerit
3145 4025 3474 4096 adorandum
3503 4023 3767 4096 Spiritum

2194 4106 2432 4151 sanctum
2473 4098 2542 4152 ab
2566 4094 2710 4152 omni
2749 4107 3012 4162 creatura,
3042 4098 3177 4151 sicut
3216 4095 3406 4149 Filium
3453 4105 3508 4148 et
3530 4094 3774 4158 Patrem,

2193 4168 2475 4238 anathema
2497 4168 2582 4222 sit.
2614 4167 2669 4223 Si
2695 4170 2813 4238 quis
2837 4168 2904 4223 de
2928 4168 3082 4222 Patre
3107 4175 3163 4221 et
3196 4166 3335 4238 Filio
3357 4167 3492 4238 bene
3516 4164 3767 4238 senserit.

2193 4238 2260 4292 de
2297 4237 2494 4307 Spiritu
2523 4234 2910 4293 autem—sancto
2934 4253 3038 4293 non
3067 4245 3212 4292 recte
3245 4236 3518 4307 habuerit,
3551 4234 3772 4307 lugeti-

2193 4323 2288 4362 cus
2320 4302 2420 4363 est.
2449 4308 2599 4375 Quod
2616 4323 2802 4363 omnes
2838 4310 3070 4362 haeretici
3108 4309 3174 4362 de
3218 4306 3354 4360 Filio
3384 4304 3475 4359 Dei
3499 4314 3553 4359 et
3593 4302 3772 4372 Spiri-r

2197 4387 2248 4432 tu
2279 4388 2464 4433 sancto
2493 4380 2630 4433 male
2672 4381 2983 4441 sentientes,
3017 4381 3068 4432 in
3117 4377 3332 4447 perﬁdia
3375 4375 3678 4447 Judaeortnn
3713 4381 3769 4427 et

2195 4449 2480 4504 Gentilium
2526 4450 2882 4503 inveniuntur.
2932 4449 3084 4515 Quod
3117 4445 3167 4501 Si
3193 4447 3310 4518 quis
3338 4445 3566 4518 patiatur
3601 4445 3768 4498 Deum

2195 4519 2405 4574 Patrem
2434 4528 2487 4572 et
2517 4520 2682 4574 Deum
2713 4520 2903 4573 Filium
2939 4529 2995 4574 et
3043 4520 3206 4572 Deum
3245 4517 3496 4586 Spiritum
3524 4523 3772 4569 sanctum

2191 4589 2323 4644 deos
2347 4589 2472 4656 dici,
2521 4597 2577 4644 et
2629 4605 2734 4643 non
2765 4591 2950 4653 Deum,
2998 4598 3214 4658 propter
3239 4587 3567 4658 divinitatem
3589 4595 3640 4658 et
3667 4599 3768 4658 po-

2195 4660 2410 4714 tentiam
2439 4655 2616 4722 unam,
2650 4675 2804 4728 quam
2844 4655 3113 4714 credimus
3135 4673 3254 4711 esse
3279 4665 3332 4710 et
3368 4657 3580 4728 scimus,
3595 4655 3772 4728 Patris

2193 4740 2246 4785 et
2279 4731 2396 4784 Filii
2423 4741 2476 4785 et
2503 4724 2732 4796 Spiritus
2769 4732 2958 4796 sancti,
2991 4728 3270 4783 anathema
3297 4728 3386 4782 sit.
3407 4727 3462 4782 Si
3497 4727 3617 4794 quis
3643 4724 3769 4796 sub-

2193 4801 2411 4874 trahens
2431 4811 2521 4855 aut
2538 4795 2750 4874 Filium,
2782 4802 3174 4874 authpiritum“
3197 4807 3436 4874 sanctum
3457 4838 3471 4861 ,
3503 4798 3572 4874 ita
3594 4795 3767 4849 solum

2192 4873 2460 4925 existimet
2495 4885 2614 4926 esse
2650 4871 2816 4926 Deum
2870 4867 3080 4926 Patrem
3125 4868 3250 4934 dici,
3287 4876 3374 4922 aut
3419 4867 3565 4922 credi
3603 4879 3768 4920 unum

2192 4942 2379 5008 Deum,
2411 4941 2689 4996 anathema
2720 4943 2809 4995 sit.

2604 5011 2834 5067 SERMO
2871 5010 3172 5066 ccxxxw
3227 5007 3328 5080 (θ).

2663 5109 2730 5152 De
2751 5103 2863 5152 Fide
2884 5101 3134 5162 catholica,
3157 5115 3190 5148 ιι
3209 5098 3298 5162 (b).

2263 5189 2311 5243 1.
2334 5186 2521 5244 Christi
2535 5187 2814 5241 nativitates
2839 5187 2972 5243 duae.
2993 5185 3122 5240 ουω
3145 5183 3529 5238 substantiw.—
3541 5179 3607 5236 In
3632 5182 3770 5253 prin~

2271 5341 2324 5401 a)
2357 5337 2497 5398 Alias,
2516 5337 2580 5389 de
2599 5345 2836 5401 Tempore
2858 5337 2908 5388 6.

2276 5394 2325 5463 ὁ)
2375 5407 2427 5450 In
2469 5394 2743 5463 Appendicé
2786 5409 2917 5463 nune
2957 5399 3165 5462 priumm
3198 5395 3474 5463 collocatur.
3519 5394 3759 5463 Habebat!

2187 5459 2517 5514 Lovanienses
2530 5459 2748 5522 dubium,
2773 5459 2995 5511 verlinus
3015 5469 3179 5510 autem
3197 5467 3250 5510 et
3271 5459 3535 5522 vindingus
3553 5459 3770 5522 supposi.

2187 5526 2361 5576 tilium.
2372 5523 2710 5587 complectitur
2727 5519 2958 5586 excerpta
2973 5522 3092 5587 duo:
3111 5535 3260 5587 unum
3276 5534 3338 5587 e_x
3355 5519 3507 5587 lfausti
3525 5519 3774 5587 negiensis

2186 5579 2534 5651 Opuscnlo,gcui
2557 5585 2742 5651 titulus,
2775 5602 2798 5631 cI
2818 5579 3101 5651 uenatione
3124 5585 3236 5633 tidei
3259 5583 3319 5651 ad
3340 5579 3772 5651 objecta_qﬁ:ed_am

2193 5642 2514 5710 (responsio;
2532 5664 2555 5694 ι
2585 5642 2790 5698 alterum
2815 5660 2879 5710 ex
2904 5646 3055 5710 vigilii
3077 5645 3332 5710 Tapsensis
3366 5642 3500 5710 libro
3522 5642 3588 5692 de
3625 5642 3773 5691 Trini-

2186 5717 2286 5760 tate
2309 5705 2671 5775 6.70pus'culum
2697 5709 2871 5775 Fausti,
2893 5705 3022 5770 quod
3045 5705 3308 5775 Nivelliano
3327 5705 3466 5770 prelo
3489 5706 3774 5775 intervete-

2186 5787 2294 5822 rum
2317 5769 2498 5836 aliquot
2535 5771 2694 5823 Gallia:
2711 5769 3067 5835 theologorum
3100 5769 3275 5832 scripta
3299 5769 3530 5818 escusum
3553 5773 3634 5816 est
3648 5769 3771 5815 Pari-
