4032 6356
249 331 378 386 Elii!

245 451 387 504 enim
418 447 594 530 amisit
619 447 760 530 quod
785 456 929 530 erat,
956 446 1050 530 sed
1071 447 1232 517 cmpit
1254 461 1374 530 esse
1385 446 1526 517 quod
1549 462 1658 530 non
1679 453 1823 530 erat;

246 530 300 574 ιιι
323 520 588 586 perlectus
609 515 678 574 sit
712 519 766 572 in
792 519 926 584 suis,
967 529 1022 572 et
1063 515 1221 573 verus
1250 519 1318 572 sit
1350 515 1419 572 in"
1446 517 1663 572 nostris.
1694 515 1825 570 Nam

244 591 333 659 qui
369 591 512 645 Deus
542 598 676 654 erat,
719 589 881 644 homo
913 588 1081 644 factus
1104 598 1220 653 est;
1254 599 1308 643 et
1336 589 1426 658 qui
1470 587 1630 642 homo
1674 595 1828 641 natus

244 670 348 738 est,
380 670 636 738 operatur
658 669 716 714 ut
739 659 912 738 Deus;
940 669 994 713 et
1035 660 1124 738 qui
1173 671 1426 738 operatur
1462 668 1519 711 ιιι
1555 659 1726 738 ῡειιε)
1773 665 1830 738 ut

243 731 408 785 homo
439 731 699 800 moritur;
731 740 786 784 et
822 731 911 800 qui
955 737 1012 782 ut
1059 730 1220 783 homo
1272 730 1519 795 moritur,
1567 730 1736 798 surgit
1771 736 1831 780 ut

244 801 385 853 Deus
413 819 426 853 :
452 801 544 868 qui
569 799 776 855 devicto
793 799 980 854 mortis
1007 801 1250 879 imperio,
1281 815 1402 854 cum
1442 815 1502 853 ea
1540 814 1702 879 carpe
1727 812 1828 864 qua

243 882 400 924 natus
427 879 481 924 et
503 885 690 937 passus
742 881 798 926 et
851 881 1089 923 mortuus
1137 870 1340 936 fuerat,
1385 870 1708 934 resurrexit,
1736 884 1825 920 as-

240 941 423 995 cendit
447 941 515 993 ad
543 941 754 1005 Patrem
775 983 788 1005 ,
820 941 1076 1009 sedetque
1102 940 1168 993 ad
1197 941 1470 994 dexteram
1499 940 1614 1008 ejus
1635 941 1685 994 in
1715 939 1830 1007 glo-

244 1012 340 1073 ria,
371 1026 536 1090 quam
560 1026 772 1090 semper
803 1011 1004 1075 habuit,
1039 1011 1320 1090 habetque.
1356 1010 1410 1063 In
1433 1010 1549 1090 ejus
1576 1019 1746 1063 morte
1775 1017 1830 1090 et

242 1083 506 1161 sanguine
530 1083 798 1161 credimus
824 1096 921 1161 nos
946 1082 1371 1161 eu'iundatosnet
1404 1081 1470 1133 ab
1497 1095 1562 1133 eo
1599 1081 1831 1161 resusci-

243 1151 434 1206 tandos
457 1152 545 1206 dic
576 1153 863 1206 novissima
901 1153 951 1205 in
981 1153 1080 1206 hac
1109 1167 1270 1206 carne
1297 1152 1348 1205 in
1376 1166 1479 1220 qua
1513 1165 1656 1204 nunc
1696 1151 1828 1202 vivi-

240 1236 377 1283 mus,
411 1231 467 1275 et
499 1236 658 1290 quam
692 1221 966 1281 habemus.
999 1231 1383 1276 consecuturos
1411 1235 1510 1275 nos
1544 1229 1637 1274 aut
1660 1220 1823 1274 vitam

240 1302 498 1346 :elernam
538 1307 638 1362 pro
682 1292 1332 1372 praemioboni'ineriti,‘
1362 1301 1453 1346 aut
1503 1305 1689 1372 poenas
1707 1305 1826 1372 “pro

240 1364 472 1442 peccatis
529 1359 712 1416 aeterni
757 1362 1020 1442 supplicii.
1070 1359 1660 1442 Hiecfctin‘etephuic
1704 1359 1825 1442 ﬁdei

238 1434 444 1486 animas
473 1441 680 1486 vestras
708 1433 1016 1502 subjugate,
1044 1447 1070 1484 a
1103 1431 1315 1486 Christo
1349 1431 1573 1487 Domino
1609 1431 1822 1501 praemia

237 1504 576 1557 consecuturi
609 1505 756 1573 regni
782 1504 1060 1558 cmlorum.
1084 1505 1272 1557 Amen.

686 1618 918 1676 SERMO
945 1617 1250 1674 ccxxxw
1274 1616 1370 1689 (α).

694 1738 762 1781 De
783 1731 895 1781 Fide
915 1731 1146 1782 catholica
1159 1769 1175 1794 ,
1198 1747 1244 1784 iv
1267 1731 1359 1796 (ιι).

314 1831 355 1902 1.
390 1829 701 1885 Arianorum
729 1842 956 1888 conatus.
989 1833 1222 1888 Auctoris
1249 1849 1339 1902 pro
1367 1832 1598 1887 Ecclesia
1631 1848 1820 1902 preces.

237 1900 390 1972 Fides
428 1911 657 1971 patrum.
699 1903 858 1957 Multa
896 1903 1106 1972 quidem
1139 1912 1192 1957 et
1231 1900 1536 1972 frequenter
1565 1900 1678 1958 ausi
1701 1913 1826 1958 sunt

237 1971 414 2024 Ariani
439 1973 676 2043 limretici
703 1971 956 2028 adversus
982 1988 1166 2028 servos
1185 1974 1297 2032 Dei.
1317 1971 1406 2043 qui
1438 1974 1594 2029 [idem
1622 1985 1820 2029 rectam

233 2052 283 2094 et
313 2042 638 2096 catholicam
669 2044 996 2110 custodiunt,
1031 2059 1125 2114 per
1150 2042 1499 2099 adulterinam
1525 2045 1819 2099 doctrinam

232 2127 496 2174 asserere,
516 2121 568 2167 et
595 2114 918 2169 orthodoxos
947 2119 1191 2184 persequi
1227 2125 1577 2170 teotaverunt.
1613 2116 1665 2168 In
1703 2124 1821 2169 tan-

236 2190 340 2234 tum
361 2192 543 2238 autem
564 2200 701 2238 nunc
716 2194 1320 2240 exsurrexernntcontra
1338 2186 1515 2252 ﬁdem,
1535 2187 1603 2239 ita
1618 2194 1673 2239 ut
1694 2187 1824 2240 mul-

235 2261 313 2306 tos
328 2269 396 2306 ex
419 2253 574 2307 vobis
600 2256 899 2320 polltterint,
923 2264 976 2309 et
999 2271 1156 2310 aures
1185 2265 1388 2310 vestras
1413 2256 1817 2323 commoverim,

233 2331 287 2395 ut
311 2323 521 2376 animas
537 2325 814 2379 laniarent.
833 2325 1116 2381 Scelerata:
1141 2336 1316 2380 autem
1341 2327 1556 2380 hrcresis
1573 2343 1680 2381 sua:
1704 2342 1821 2395 per-

232 2393 407 2446 ﬁdiam
431 2403 614 2462 tegunt
639 2414 650 2448 :
677 2397 766 2451 sed
794 2412 896 2450 non
917 2397 1117 2449 diutius
1149 2397 1382 2451 haecillis
1401 2397 1574 2452 facere
1600 2393 1821 2466 permis-

232 2479 347 2536 sum
372 2473 497 2536 rest.
532 2467 624 2519 Est
660 2467 801 2520 enim
837 2466 1160 2536 gubernator
1202 2468 1560 2522 Ecclesiaruui
1601 2482 1816 2522 suarum

235 2533 514 2596 Dominus,
537 2536 626 2604 qui
652 2541 746 2604 pro
768 2533 1014 2592 omnibus
1032 2538 1182 2590 nobis
1205 2547 1428 2590 mortem
1453 2538 1720 2590 sustinuit.
1753 2539 1818 2592 Et

231 2604 350 2658 ideo
380 2605 698 2660 indeﬁcicns
725 2608 878 2661 nobis
904 2616 987 2660 est
1013 2608 1204 2671 oratio,
1225 2608 1556 2661 dilectiSsioii
1587 2608 1812 2661 fratres:

230 2675 425 2744 primo,
457 2685 517 2728 ut
547 2686 725 2730 sancta
750 2679 958 2731 Domini
983 2689 1032 2732 et
1052 2678 1311 2732 catholica
1340 2677 1576 2731 Ecclesia
1603 2678 1815 2732 dissen-

229 2746 476 2799 sionibus
502 2747 748 2801 omnibus
773 2757 828 2803 et
851 2748 1140 2802 haeresibus
1169 2763 1379 2812 carens,
1413 2749 1666 2802 unitatem
1701 2749 1812 2817 spi-

230 2817 375 2888 ritus
409 2817 466 2888 in
497 2817 710 2871 vinculo
760 2819 1032 2872 charitatis
1087 2819 1281 2887 ubique
1319 2827 1618 2880 conservet,
1653 2835 1812 2888 quam

229 2901 321 2952 per
353 2886 516 2940 ﬁdem
540 2896 740 2941 rectam
768 2898 822 2942 et
848 2890 1007 2943 vitam
1051 2886 1439 2942 immaculatum
1466 2886 1812 2952 tenere,‘am-

227 2956 421 3024 plecti.
456 2972 692 3018 servare.
721 2958 988 3014 custodire
1021 2959 1269 3013 omnibus
1317 2960 1682 3014 invocantibus
1713 2960 1816 3014 Do-

230 3028 433 3101 mi_nu_m
464 3029 774 3101 estquidem
792 3029 1011 3098 justum,
1035 3031 1301 3101 praecipue
1321 3039 1496 3101 tamen
1525 3031 1809 3101 episcopis,

227 3098 315 3165 qui
360 3097 619 3153 Ecclesiis
656 3097 919 3168 przcsunt;
949 3097 1214 3163 secundo,
1248 3112 1302 3153 ut
1345 3097 1597 3153 Ecclesia:
1629 3097 1809 3169 regula

228 3176 755 3240 sanctaquepatrum
783 3170 994 3224 traditio
1019 3180 1177 3240 atque
1200 3170 1397 3238 judicia
1427 3171 1476 3223 in
1499 3181 1808 3238 perpetuum

231 3237 380 3291 ﬁrma
411 3239 688 3310 solidaque
717 3237 1215 3308 permaneannthst
1259 3249 1432 3295 autem
1461 3237 1671 3310 patrum
1717 3256 1812 3296 no-

228 3317 462 3362 strorum
497 3309 627 3363 ﬁdes
651 3311 782 3365 luce.

295 3377 354 3431 2.
408 3377 490 3431 De
530 3377 703 3445 Patre,
742 3381 804 3434 de
840 3380 1000 3447 Filio,
1046 3381 1108 3434 de
1147 3381 1343 3451 Spiritu
1381 3391 1570 3434 sancto.
1623 3382 1808 3437 Credi-

227 3463 346 3502 mus
403 3451 458 3502 in
527 3452 689 3503 Deum
745 3451 954 3506 Patrem
1003 3452 1452 3518 omnipotentem,
1498 3463 1807 3507 cunctorum

227 3520 518 3572 visibilium
539 3530 592 3573 et
622 3519 960 3575 iuvisibilium
989 3523 1340 3576 conditorem.
1379 3522 1660 3576 Credimus
1680 3525 1805 3577 etin

228 3589 522 3661 Dominum
537 3598 775 3645 nostrum
803 3593 981 3646 Jcsum
1006 3587 1298 3661 Christum.
1329 3608 1423 3661 per
1447 3608 1602 3661 quem
1629 3605 1804 3647 creata

225 3669 350 3730 sunt
375 3659 580 3724 omnia,
625 3675 810 3730 verum
872 3655 1058 3724 Deuuf,
1108 3655 1480 3730 unigenitum,-
1503 3679 1685 3716 verum
1715 3665 1805 3718 Dei

226 3727 445 3793 Filium,
498 3746 602 3801 non
643 3729 837 3785 factum
877 3739 967 3786 aut
1013 3727 1349 3800 adoptivum;
1398 3732 1490 3786 sed
1536 3734 1802 3801 genitura,

225 3801 384 3852 unius
410 3816 535 3854 cum
565 3800 720 3872 Patre
742 3803 1072 3868 substantiae,
1101 3802 1240 3872 quod
1264 3802 1432 3856 Graeci
1461 3800 1642 3857 dicunt
1663 3809 1808 3872 ὁμού-

225 3891 322 3923 σιον
355 3887 371 3925 :
399 3879 561 3939 atque
583 3871 652 3923 ita
676 3887 769 3939 per
796 3873 972 3925 omnia
999 3871 1256 3941 aequalem
1291 3874 1397 3926 Deo
1419 3873 1579 3938 Patri,
1610 3871 1807 3930 utnec

227 3950 499 4012 tempore,
522 3956 619 3994 nec
643 3941 841 4012 gradu,
865 3958 968 3997 nec
1003 3952 1262 4008 potestate
1298 3957 1417 3997 esse
1470 3944 1641 4010 possit
1669 3944 1806 4000 infe-

224 4011 367 4064 rior:
395 4011 708 4080 tantumque
732 4027 852 4067 csse
889 4016 1204 4066 conlitemur
1233 4013 1378 4083 illum
1411 4014 1499 4081 qui
1527 4025 1608 4068 est
1649 4017 1802 4083 geni-

227 4088 332 4152 tus,
367 4093 600 4148 quantus
635 4091 718 4137 est
753 4083 841 4138 ille
868 4083 956 4150 qui
983 4085 1182 4145 genuit.
1211 4082 1324 4136 Non
1355 4093 1534 4137 autem
1564 4082 1685 4152 quia
1720 4087 1802 4138 di-

222 4151 395 4203 cimus
431 4153 666 4218 genitum
707 4168 736 4205 a
768 4153 922 4206 Patre
962 4153 1176 4217 Filium,
1218 4153 1411 4206 divinae
1460 4163 1513 4208 et
1550 4151 1801 4210 ineffabili

223 4221 559 4291 generationi
608 4221 822 4291 aliquod
878 4231 1087 4287 tempus
1139 4223 1512 4278 adscribimus.
1555 4223 1660 4278 Sed
1706 4241 1803 4280 nec

259 4261 559 4275 ν..ν.....υ...
608 4261 822 4276 ..νυ
879 4261 983 4276 ιν...
1025 4261 1087 4278 us
1139 4261 1512 4278 νον...,......σ.
1556 4261 1660 4278 ww
1706 4261 1799 4280 nu.

223 4261 438 4344 Patrem
470 4261 1278 4361 dicimusialiquandti’coepisse,
1308 4308 1404 4347 nec
1437 4291 1648 4347 Filium.
1680 4293 1799 4354 Non

221 4363 368 4416 enim
419 4376 704 4430 possumus
748 4363 903 4416 aliter
943 4365 1185 4418 conﬁteri
1234 4372 1493 4418 aeternum
1545 4364 1756 4419 Patrem
1783 4407 1797 4428 ,

221 4431 324 4484 nisi
379 4430 730 4486 conﬁteantur
771 4433 932 4487 etiam
983 4444 1037 4487 et
1086 4433 1277 4487 Filium
1321 4443 1664 4487 eoacternum.
1723 4436 1797 4490 Ex

221 4501 358 4573 Filio
382 4501 540 4573 Pater
560 4502 755 4573 dicitur
784 4521 796 4555 :
826 4513 878 4556 et
905 4504 991 4572 qui
1019 4518 1233 4571 semper
1255 4503 1411 4558 Pater
1437 4503 1558 4570 fuit,
1585 4520 1801 4573 seraper

218 4572 418 4643 filium
451 4571 653 4626 habuit.
705 4571 987 4628 Credimus
1034 4585 1087 4628 et
1135 4575 1187 4626 in
1232 4575 1486 4643 Spiritum
1534 4571 1798 4642 sanctum,

220 4641 394 4715 Deum
434 4658 627 4715 _vcrum
677 4644 948 4715 exJPatre
994 4641 1391 4715 procedentem,
1420 4645 1676 4714 {aqualem
1707 4641 1803 4715 per

215 4713 404 4785 omnia
433 4713 576 4766 Patri
614 4721 665 4785 et
707 4713 864 4779 Filio,
897 4724 1102 4780 natura,
1150 4714 1452 4780 voluntate,
1497 4713 1794 4785 potestate,

212 4782 541 4846 mternitate,
567 4783 881 4837 substantia.

292 4850 584 4934 3._:Natura
603 4870 758 4906 unum
779 4863 913 4934 sarit,
936 4853 1024 4934 sed
1051 4855 1436 4934 proprietatibus
1475 4855 1799 4934 distinguunt

212 4931 318 4974 tur.
345 4922 465 4994 Nec
484 4932 566 4977 est
590 4938 806 4992 prorsus
832 4923 1021 4993 aliquis
1052 4922 1102 4994 in
1133 4922 1648 4994 'l‘rinitategradusf
1667 4927 1798 4982 nihil

209 4992 358 5060 quod
390 4993 610 5046 inferius
641 4992 991 5062 superiusque
1036 4993 1138 5048 dici
1172 4996 1357 5064 possit.
1393 4992 1516 5048 Ideo
1539 5005 1646 5049 tota
1676 4996 1794 5049 dei-

211 5073 300 5134 tas
339 5077 429 5116 sua
465 5065 787 5132 perfectione
818 5064 1034 5134 :cqnalis
1065 5074 1173 5129 est;
1205 5075 1278 5125 ut,
1309 5065 1550 5133 exceptis
1581 5069 1797 5119 vorabu-

207 5133 282 5184 lis
297 5149 413 5200 quze
434 5134 813 5206 proiiriietatem
833 5135 1444 5206 personarumindicant,
1461 5136 1712 5206 quidquid
1733 5137 1799 5193 de

208 5217 316 5255 una
340 5219 570 5272 persona
593 5203 807 5270 dicitur,
841 5204 907 5259 de
949 5205 1118 5260 tribus
1161 5203 1493 5275 dignissime
1517 5203 1680 5276 possit
1717 5209 1797 5261 it)-

295 5378 345 5440 ᾳ)
369 5376 523 5436 Alias,
543 5375 608 5425 de
631 5384 866 5440 Tempore
890 5379 997 5430 191.

298 5438 346 5500 b)
377 5447 426 5514 tu
451 5439 728 5514 appendice
750 5438 885 5490 nunc
915 5443 1126 5514 primum
1140 5442 1416 5514 collocatur.
1449 5445 1649 5514 Dubium
1680 5446 1797 5495 reli-

202 5508 422 5570 querunt
446 5501 827 5570 __Lo__va_uie_nses:
856 5501 1134 5570 reiecerunt
1174 5506 1394 5570 Vierlinus
1431 5514 1482 5570 et
1515 5508 1792 5570 vindingus.

200 5559 386 5629 Quippe
410 5561 533 5629 nihil
558 5559 685 5610 aliud
709 5570 786 5629 est
807 5559 949 5626 quain
970 5564 1081 5629 ﬁdei
1105 5565 1339 5627 professio
1356 5579 1383 5614 a
1401 5566 1590 5629 Pelagio
1611 5559 1794 5620 dirEcLa

200 5622 262 5669 ad
300 5623 612 5685 apostolicam
634 5622 846 5691 sedem;
871 5635 939 5691 _et
969 5627 1020 5674 in
1041 5622 1251 5691 Qpemm
1287 5622 1556 5691 Hieronymi
1599 5637 1726 5691 temo
1763 5632 1795 5681 9

198 5683 425 5750 fraterna
455 5699 466 5732 :
492 5683 711 5750 quteiiic
733 5683 934 5750 exordio
953 5683 1149 5750 praefixo
1177 5701 1234 5738 ac
1269 5699 1447 5740 mutata
1464 5683 1792 5742 conclusione

198 5743 396 5796 formam
412 5743 664 5797 sermonis
686 5749 884 5810 accepit.

1553 327 1782 383 SEllMO
1819 325 2141 382 CCXXX“.

3372 342 3517 402 2l82

1943 446 2127 520 teiligi.
2154 447 2415 520 Atquewut
2446 448 2782 508 confutantes
2821 452 3022 520 Arium,
3053 471 3211 512 unam
3241 461 3513 518 eamdem-

1935 531 2039 593 que
2065 516 2289 571 dicimus
2319 518 2591 593 Trinitatis
2633 537 2753 578 esse
2790 516 3161 593 substantiam,
3186 536 3240 584 et
3266 516 3427 586 unum
3458 534 3510 588 in

1939 588 2110 669 tribus
2137 589 2380 669 personis
2409 590 2633 646 fatemur
2683 593 2849 647 Deum
2879 612 2891 646 :
2924 596 2993 649 ita
3046 588 3370 669 impietatem
3415 603 3512 660 Sa-

1935 656 2082 738 beilii
2131 658 2479 743 declinantes,
2515 671 2624 716 tres
2646 677 2902 743 personas
2944 656 3227 743 expressas
3268 675 3347 725 sui
3381 656 3508 743 pro-

1935 729 2157 850 Erietate
2187 728 2555 797 distinguimus
2582 750 2593 784 :
2619 728 2722 786 non
2753 735 2925 802 ipsum
2949 728 3048 790 sibi
3077 739 3310 804 Patrem,
3335 728 3507 811 ipsum

1982 797 2150 850 ilium.
2183 799 2352 850 ipsum
2385 799 2640 850 Spiritum
2673 815 2912 850 sam-inm
2957 823 3075 850 meo
3115 809 3378 850 Λίρμηιρρ-
3413 816 3506 850 carl

1982 797 2172 877 ilium,“
2183 799 2352 877 ipsum
2385 797 2913 877 Spirititm‘sanjctnm
2953 823 3075 877 esse
3115 797 3381 877 dicentes';
3401 797 3506 869 sed

1934 866 2091 921 aliam
2138 869 2327 944 Patris,
2361 866 2515 944 aliam
2549 871 2687 936 Filii,
2733 875 2892 928 aliain
2938 876 3166 944 Spiritus
3189 866 3510 938 saticti'esse

1934 951 2235 1012 personam.
2261 939 2373 993 Non
2404 942 2543 994 enim
2575 945 2786 998 nomina
2817 939 3194 1012 tantummodo,
3225 953 3315 1005 sed
3348 958 3507 1008 etiam

1935 1011 2206 1082 nominum
2234 1012 2587 1082 proprietaies
2608 1054 2622 1078 ,
2660 1013 2710 1066 id
2750 1025 2850 1077 est,
2887 1033 3141 1082 personas
3169 1011 3505 1078 conﬁtemur.

1932 1077 2051 1163 Nec.
2068 1079 2222 1163 Pater
2245 1079 2359 1133 Filii
2385 1091 2472 1134 aut
2495 1080 2723 1163 Spiritus
2739 1077 3204 1163 sanctipersonaiu
3225 1077 3509 1163 aliquando

1933 1149 2206 1226 excludit;
2247 1165 2345 1204 nec
2376 1166 2560 1204 rursus
2590 1152 2751 1207 Filius
2771 1166 2859 1209 aut
2891 1149 3118 1226 Spiritus
3145 1149 3358 1218 sanctus
3404 1163 3506 1218 Pa-

1935 1221 2029 1272 tris
2072 1236 2264 1303 tto'meti
2307 1236 2691 1303 personamque
2737 1221 2955 1303 recipit}
2982 1230 3074 1282 sed
3106 1230 3262 1284 Pater
3296 1247 3510 1303 semper

1933 1296 2101 1369 pater,
2135 1290 2297 1343 Filius
2338 1307 2548 1370 semper
2597 1290 2755 1370 ﬁlius,
2787 1290 3012 1370 Spiritus
3041 1310 3254 1354 sanctus
3295 1290 3508 1370 semper

1931 1358 2145 1439 spiritus
2177 1369 2409 1443 sanctus:
2444 1358 2630 1443 Itaque
2663 1358 2954 1436 substantia
2983 1385 3142 1423 unum
3190 1382 3346 1438 sunt;
3381 1358 3504 1443 per-

1931 1430 2078 1502 sonis
2103 1445 2166 1502 ac
2188 1432 2490 1502 nominibus
2511 1433 2923 1502 distinguuntur.

2001 1498 2166 1579 ὥρα
2205 1499 2578 1579 Incarnutionis
2618 1498 2902 1579 mysterio.“
2932 1503 3094 1561 Error
3131 1513 3501 1579 quorumdam:

1933 1569 2141 1644 i’hotini
2161 1581 2205 1644 et
2231 1571 2541 1644 Apollinaris
2571 1589 2589 1644 ,ὲ
2619 1569 2852 1628 aliorum.
2885 1576 3058 1644 Ipsum
3089 1569 3262 1634 autem
3300 1582 3390 1637 Dei
3417 1584 3505 1638 Fi-

1930 1638 2077 1711 lium,
2107 1641 2196 1710 qui
2223 1638 2423 1711 absque
2475 1643 2626 1698 initio
2674 1638 3027 1700 atternitatem
3079 1664 3196 1704 cum
3246 1652 3403 1708 Patre
3448 1664 3502 1708 et

1927 1709 2137 1778 Spiritu
2167 1709 2351 1765 sancto
2380 1713 2632 1780 possidet,
2662 1715 2885 1770 dicimus
2933 1718 2984 1771 in
3034 1717 3140 1774 ﬁne
3191 1725 3504 1779 smculoruni

1927 1780 2218 1859 perfectum
2248 1792 2447 1859 natura:
2475 1795 2669 1859 nostra:
2695 1785 2962 1859 hominem
2990 1791 3285 1859 suscepisse
3307 1808 3370 1846 ex
3398 1795 3506 1848 Ma-

1927 1851 2016 1930 ria_
2033 1867 2244 1919 semper
2270 1853 2469 1930 virgine
2489 1897 2502 1917 ,
2521 1863 2579 1930 et
2612 1854 2839 1910 Verbum
2873 1874 3088 1912 carnem
3123 1851 3243 1915 esse
3271 1863 3502 1930 factum;

1926 1921 2017 1996 sed
2043 1921 2370 1996 assumendo
2391 1923 2657 1996 hominem
2679 1967 2694 1991 ,
2719 1942 2822 1980 non
2855 1931 3204 1996 permutando
3227 1921 3503 1988 deitatem:
3551 1932 3566 1940 ”

1925 1989 2067 2054 Nec,
2117 2003 2173 2046 ut
2213 1994 2430 2072 quidam
2473 1989 2884 2072 sceleratissime
2904 2001 3212 2072 _opinantur,
3247 2003 3502 2072 Spiritum

1926 2071 2165 2140 sanctum
2195 2062 2420 2140 dicimus
2469 2065 2630 2120 fuisse
2662 2062 3022 2140 prosemin‘e,
3061 2073 3152 2124 sed
3193 2062 3422 2140 potentia
3448 2080 3502 2131 et

1925 2133 2118 2204 virtute
2144 2135 2398 2188 creatoris
2424 2133 2719 2204 operatum.
2750 2139 2837 2193 Sic
2878 2147 3054 2193 autem
3091 2133 3406 2197 conﬁtemur
3444 2148 3498 2199 in

1923 2202 2134 2275 Christo
2165 2219 2320 2257 unum
2349 2202 2474 2258 Filii
2494 2220 2612 2260 esse
2639 2222 2954 2275 personam,
2996 2221 3056 2264 ut
3099 2211 3336 2266 dicamus
3364 2214 3500 2270 duas

1927 2273 2185 2347 perfectas
2225 2284 2394 2347 atque
2427 2273 2672 2347 integras
2723 2293 2841 2333 esse
2887 2273 3236 2347 substantias,
3285 2283 3501 2340 deitatis

1923 2343 2122 2396 scilicet
2149 2353 2202 2398 et
2224 2343 2584 2409 humanitatis,
2616 2363 2732 2416 qum
2755 2363 2817 2402 ex
2851 2351 3024 2403 anima
3053 2343 3262 2407 constat
3289 2363 3339 2407 et
3370 2370 3493 2408 cor-

1925 2427 2074 2480 pore.
2095 2416 2293 2493 _Atque
2323 2425 2382 2493 ut
2423 2416 2840 2493 condemnaturus
2869 2420 3173 2493 Pliniinum,
3209 2423 3298 2493 qui
3326 2426 3498 2480 solum

1922 2493 1974 2558 et
2004 2483 2202 2558 nudum
2234 2483 2503 2558 hominem
2553 2488 2840 2543 conﬁtetur
2867 2492 2922 2543 in
2961 2483 3322 2558 Christo;'ita
3367 2511 3498 2549 ana-

1922 2555 2790 2630 LIIQIIEiilZMIlUSApoliittal‘Ctllfel
2813 2560 2927 2630 ejus
2956 2555 3289 2630 similes,7qui
3312 2563 3498 2620 dicunt

1923 2623 2013 2676 Dei
2048 2623 2444 2703 Filiumiuinns
2482 2628 2772 2703 aliquidde
2813 2623 3042 2703 humana
3069 2623 3365 2703 suscepisse
3396 2653 3494 2690 na-

1923 2702 2035 2745 tura
2057 2735 2071 2757 ,
2103 2703 2156 2747 et
2187 2696 2264 2748 vel
2295 2697 2344 2748 in
2377 2696 2580 2757 carne,
2604 2701 2682 2752 vel
2711 2699 2761 2752 in
2793 2701 2965 2754 anima
2987 2743 3002 2765 ,
3032 2703 3111 2754 vel
3143 2703 3194 2755 in
3218 2696 3375 2759 sensu
3403 2722 3491 2759 as-

1919 2775 2188 2842 sumptum
2214 2765 2484 2842 hominem
2513 2767 2625 2831 his,
2660 2778 2874 2842 propter
2897 2788 3031 2839 quos
3060 2785 3362 2842 assumptus
3388 2787 3498 2841 est,

1919 2831 2084 2912 fuisse
2117 2834 2453 2912 dissimilem,
2497 2831 2884 2912 quem-absque
2914 2831 3028 2896 sola
3057 2831 3261 2912 peccati
3289 2831 3497 2902 macula

1919 2903 2059 2979 (qum
2089 2907 2342 2979 naturalis
2374 2925 2477 2962 non
2513 2903 2618 2979 est)
2642 2903 3134 2966 nobis-conﬁtemur
3177 2912 3337 2968 fuisse
3365 2932 3494 2971 eon-

1918 2973 2160 3048 formem.
2211 2978 2425 3032 Illorum
2477 2973 2689 3048 quoriuc
2719 2980 2961 3036 similiter
3001 2998 3339 3038 exsecramur
3376 2987 3492 3040 bla-

1916 3046 2250 3112 sphcmiani,
2303 3049 2392 3116 qui
2445 3046 2786 3120 novofsensu
2830 3066 3072 3107 asserere
3129 3066 3406 3120 conantur,
3460 3075 3496 3112 ει

1920 3124 2160 3191 tempore
2189 3119 2646 3191 sus_ccpta2_carnis
2666 3162 2680 3184 ,
2711 3122 2886 3174 omnia
2918 3139 3034 3191 qua:
3061 3132 3214 3178 erant
3247 3125 3490 3180 divinita-

1918 3185 2098 3264 ti_s,’in
2131 3185 2400 3264 hominem
2433 3189 2797 3264 demigrasse;
2831 3202 2884 3246 et
2911 3185 3118 3264 rursum
3147 3211 3265 3264 qure
3301 3196 3490 3251 Imma-

1916 3256 2094 3337 nit_a_tis
2142 3259 2428 3337 erant,_in
2473 3256 2636 3337 Deum
2685 3276 2804 3316 esse
2861 3263 3122 3337 transfusa
3159 3256 3286 3327 z'ut,
3349 3269 3489 3337 quod

1914 3327 2055 3379 nulla
2085 3344 2312 3396 unquam
2341 3328 2559 3383 hmresis
2598 3345 2725 3384 ausa
2747 3341 2828 3386 est
2857 3333 3035 3387 dicere
3056 3376 3068 3396 ,
3109 3337 3347 3389 videatur
3369 3327 3488 3393 'hac

1911 3398 2222 3452 confusiOne
2249 3411 2467 3468 utraque
2491 3401 2755 3454 exinanita
2785 3418 2904 3457 esse
2956 3405 3267 3469 substantia,
3297 3415 3348 3460 et
3377 3409 3494 3462 dci-

1918 3469 2277 3544 tatisscilieet
2304 3478 2358 3522 et
2387 3471 2760 3544 humanitatis;
2785 3484 2835 3526 et
2857 3476 3053 3526 amisso
3081 3479 3294 3544 proprio
3323 3487 3485 3541 statu,

1913 3535 2136 3612 inaliud
2163 3553 2286 3612 esse
2312 3550 2510 3612 multata
2545 3559 2557 3592 :
2593 3551 2646 3594 ut
2673 3543 2759 3606 qui
2793 3553 2895 3594 tam
2926 3535 3095 3596 Deiqu
3113 3535 3400 3612 perlectum
3432 3535 3489 3603 in

1912 3605 2052 3685 Filio
2087 3623 2242 3685 quam
2275 3609 2544 3664 hominem
2594 3605 2928 3685 conﬁtemur,
2974 3627 3071 3668 nec
3109 3605 3279 3669 Deum
3319 3633 3442 3672 vere
3467 3661 3492 3685 ,.

1911 3691 2010 3730 nec
2040 3677 2308 3731 hominem
2341 3687 2521 3734 tenere
2546 3681 2824 3736 crcdamur
2853 3683 2891 3734 ί.

1980 3747 2032 3801 5.
2075 3747 2303 3801 Christus
2333 3766 2512 3817 passus
2539 3761 2610 3804 est
2629 3768 2754 3814 rere,
2789 3753 2877 3805 sed
2904 3755 3178 3808 secundum
3207 3756 3482 3813 hominem.

1910 3816 2310 3897 Resurrectionis
2335 3816 2500 3897 ﬁdes.
2542 3820 2774 3897 Prafmia
2793 3824 3070 3897 jusiorum,
3095 3836 3140 3878 et
3185 3828 3489 3897 injustorum

1909 3889 2159 3966 suppiicia
2183 3889 2532 3966 (liversa._Nos
2557 3903 2732 3946 autent
2763 3889 2834 3947 ita
2863 3889 3086 3948 dicimus
3113 3889 3415 3966 susceptum
3454 3918 3487 3956 a

2035 3957 2170 4011 Filio
2198 3959 2446 4027 passibile
2483 3971 2743 4037 postrum,
2788 3973 2843 4017 nt
2877 3967 3010 4037 licus
3041 3977 3214 4037 tamen
3246 3957 3485 4037 iiupassi-

1910 4025 2028 4082 bilis
2074 4025 2427 4096 permaneret.
2481 4031 2672 4086 Passus
2700 4025 2781 4086 est
2810 4035 3002 4088 etenim
3044 4036 3132 4088 Dei
3167 4025 3334 4092 Filius.
3375 4055 3478 4092 non

1909 4101 2166 4175 putative,
2191 4099 2283 4152 sed
2327 4103 2827 4175 vere,_omnia_qu:e
2857 4104 3124 4175 scriptura
3159 4115 3397 4175 testatur,
3431 4109 3482 4162 id

1908 4176 2008 4228 est,
2027 4167 2275 4240 esuriem,
2298 4171 2459 4234 sitim,
2486 4167 2866 4236 lassitudinem,
2888 4167 3146 4238 dolorem,
3170 4167 3396 4230 mortem
3401 4222 3413 4240 ,
3431 4191 3484 4233 et

1907 4246 2098 4317 cretera
2120 4237 2419 4317 huiusmodi
2441 4258 2452 4292 :
2473 4241 2564 4294 sed
2587 4243 2874 4317 secundum
2894 4244 3018 4317 illud
3041 4237 3224 4312 passus
3241 4256 3322 4300 est
3341 4237 3480 4317 quod

1909 4306 2016 4374 pati
2042 4316 2279 4375 poterat;
2311 4310 2359 4363 id
2387 4319 2487 4375 est,
2516 4328 2619 4365 non
2647 4313 2935 4367 Secundum
2967 4306 3104 4368 illam
3133 4306 3480 4373 Substaniiam

1906 4393 2024 4445 qua:
2052 4381 2381 4458 assumpsit,
2403 4381 2516 4458 “sed
2537 4383 2833 4458 secundum
2868 4385 3008 4458 illam
3053 4401 3170 4458 qua:
3210 4399 3481 4458 assonipta

1905 4456 2005 4499 est.
2052 4446 2166 4514 Ipse
2213 4446 2354 4503 enim
2403 4450 2491 4503 Dei
2537 4451 2697 4505 Filius
2728 4455 3018 4508 secundum
3049 4446 3296 4511 deitatem
3328 4446 3482 4512 suam

1907 4517 2246 4591 inipassihilis
2272 4530 2354 4591 est.
2391 4531 2444 4574 ut
2477 4521 2648 4586 Pater,
2684 4524 2958 4578 invisibilis
2997 4535 3051 4578 ut
3088 4527 3260 4591 Pater,
3297 4528 3480 4584 incon-

1905 4588 2244 4667 vertibilisiit
2270 4590 2445 4655 Pater,
2475 4593 2884 4667 incorruptibilis
2908 4605 2970 4667 iit
2997 4595 3169 4667 Pater.
3200 4588 3258 4650 Et
3292 4615 3478 4667 quatu-

1907 4657 1984 4709 vis
2011 4659 2220 4726 proprie
2250 4675 2473 4726 persona
2505 4662 2642 4725 Filii,
2684 4657 2733 4716 id
2764 4674 2843 4718 est
2863 4706 2876 4722 .
2908 4665 3001 4718 Dei
3035 4665 3261 4721 Verbum
3295 4657 3476 4723 susce-

1907 4729 2040 4804 perit
2077 4730 2380 4804 passiliilein
2417 4733 2711 4796 hominem;
2757 4736 2822 4787 ita
2855 4745 3032 4788 tamen
3062 4753 3175 4804 eius
3219 4739 3475 4793 inhabita-

1910 4799 2051 4852 tione
2078 4802 2366 4854 secundum
2395 4817 2544 4854 suam
2576 4804 2921 4857 substantiam
2950 4799 3116 4858 dcitas
3147 4808 3303 4863 Verbi
3347 4811 3478 4867 nihil

1908 4882 2059 4935 passa
2084 4877 2186 4935 est,
2216 4881 2270 4922 ut
2298 4881 2407 4944 tota
2445 4872 2693 4944 Trinitas,
2735 4890 2890 4942 quam
2937 4875 3314 4944 impassibilcm
3358 4896 3478 4936 esse

1908 4953 2125 5014 necesse
2171 4949 2254 4992 est
2276 4941 2536 5014 cooﬁteri.
2565 4941 2800 4997 Mortuus
2824 4953 2903 4997 est
2929 4941 3056 5014 ergo
3080 4946 3168 5000 Dei
3193 4949 3358 5003 Filius
3383 4967 3476 5005 ea-

1904 5007 2022 5088 dem
2054 5018 2237 5062 natura
2264 5012 2533 5089 connisi-in
2563 5023 2918 5089 quanatoset
2951 5007 3135 5082 passus
3160 5029 3258 5089 est.
3292 5021 3339 5073 in
3372 5036 3475 5089 qua

1904 5077 2060 5131 etiam
2100 5081 2408 5132 resurrexit.
2441 5081 2556 5134 Non
2582 5077 2732 5135 enim
2771 5077 3038 5140 exinanita
3067 5095 3150 5140 est
3176 5077 3472 5145 humaniia-

1905 5148 1969 5200 tis
1998 5147 2308 5220 substantia,
2338 5149 2428 5204 sed
2455 5152 2745 5220 gloriliCata
2773 5153 2823 5206 in
2851 5165 3108 5211 a-tet’num
3135 5173 3252 5211 cum
3279 5160 3477 5216 deilalc

1904 5232 2168 5272 mansura.
2202 5218 2472 5274 Venturos
2492 5232 2575 5274 est
2603 5223 2667 5275 ad
2695 5223 2950 5291 judicium
2982 5229 3222 5282 vivorum
3251 5240 3302 5281 et
3331 5246 3473 5284 mor-

1905 5297 2135 5366 tuorum,
2165 5298 2222 5366 ιιι
2247 5299 2300 5343 et
2319 5291 2490 5357 justos
2513 5303 2831 5366 remunerct,
2857 5305 2911 5349 et
2937 5300 3116 5366 puniat
3147 5308 3470 5365 peccatores.

1903 5358 2363 5412 llesurrectionein
2392 5363 2567 5416 carnis
2599 5364 2666 5416 ita
2697 5358 2984 5427 credimus,
3019 5378 3072 5421 ut
3111 5358 3350 5422 dicamus
3379 5387 3481 5425 nos

1963 5551 2068 5626 tritta
2089 5557 2169 5626 Ms.
2191 5557 2244 5626 ᾼι
2269 5551 2402 5626 editi,
2423 5559 2600 5626 tentare
2622 5557 2889 5626 credamus.
2917 5560 3146 5626 Pelagius
3156 5569 3327 5626 autem
3350 5567 3482 5626 apud

1899 5612 2260 5688 Hieronymum:
2278 5615 2364 5688 Qui
2378 5621 2475 5688 tam
2503 5617 2993 5681 Deumimperfectum
3013 5612 3063 5688 ἱὶι
3089 5634 3114 5670 1-
3127 5622 3210 5672 ilio
3232 5612 3476 5688 quam'lio;

1897 5673 2396 5782 ηιὶιιῖηιιεωιῆιινηιιιν,
2423 5684 2472 5727 ut
2507 5691 2593 5728 nec
2621 5673 2767 5729 Deerit
2797 5673 2904 5731 v'ere
2928 5697 3012 5733 nec
3045 5673 3282 5737 Ιιοιιιιιιριίι
3317 5673 3477 5741 tenere

1898 5750 1938 5783 ι·;
1953 5750 1991 5783 ιί
2015 5748 2074 5782 an
2099 5748 2170 5783 ur.
2850 5772 2876 5783 Α

1927 5765 2170 5783 ιιιίιιιηῖιι.
2850 5772 2876 5796 θ
