4072 6362
260 414 264 416 ~
333 377 492 440 ’2189

343 495 698 554 ’Βειηῖδεῖοιιρε
715 503 1030 566 peccatorum
1045 501 1252 566 septem.
1261 489 1485 566 Decimo
1503 487 1586 542 die
1605 495 1722 556 post
1747 498 1933 566 ascen-

354 569 588 630 sionem,
619 562 890 634 discipulis
912 579 1018 636 przr.
1044 564 1231 636 timore
1250 562 1550 636 Juda-orum
1581 562 1931 636 congregatis,

362 639 620 691 Dominus
652 632 966 704 promissum
991 633 1318 704 Paracletum
1348 632 1518 694 misit;
1552 645 1669 704 qua
1694 632 1935 680 veniente

347 717 422 762 'ut
445 700 683 761 candens
704 707 897 760 ferrum
926 702 1255 764 inﬂammati,
1278 703 1620 769 omniumque
1641 700 1931 769 linguarum

362 779 550 847 peritia
570 777 775 847 repleti,
796 775 1105 847 Symbolum
1123 765 1931 847 com[iosuet'tttttI_Petmis_diii".

359 834 538 903 Credo
564 848 614 900 in
634 834 819 900 'Dcum
839 834 1058 910 'Patrem
1086 834 1521 910 omnipotentem.
1541 837 1649 910 iUbi
1680 838 1804 890 dicit
1827 834 1932 910 Pa-

362 927 524 982 trem,
546 916 854 988 intelligitur
868 908 1050 988 Filius,
1076 906 1380 980 intelligitur
1395 920 1448 964 et
1462 909 1717 988 Spiritus:
1741 906 1936 988 uirilis-

360 1003 468 1056 que
497 980 690 1043 etenim
719 980 920 1056 'harum
962 985 1116 1038 trium
1159 997 1500 1056 personarum
1531 980 1931 1056 subst-animm:

361 1046 694 1127 separabilis.
724 1046 1314 1127 Omnipoteutemdicit,
1344 1051 1465 1127 quia
1490 1064 1610 1127 cum
1638 1048 1684 1101 ei
1713 1046 1839 1127 nihil
1867 1047 1934 1127 sit

361 1120 713 1194 impossibile,
747 1120 940 1178 malum
953 1141 1074 1194 anon
1100 1131 1302 1192 potest;
1328 1122 1448 1194 quia
1479 1120 1521 1172 si
1548 1126 1746 1188 posset,
1763 1120 1934 1194 omni-

361 1186 555 1263 potens
585 1186 710 1248 non'
732 1205 891 1248 esset.
934 1186 1240 1248 Creatorem
1272 1186 1405 1263 cteii
1424 1198 1476 1263 et
1504 1186 1688 1263 legio:
1716 1203 1807 1263 per
1837 1186 1934 1238 Pa-

361 1255 502 1338 trem
533 1263 1029 1338 outniawsignilicat.
1069 1263 1316 1338 Andreas
1358 1261 1509 1323 dixit,
1549 1259 1711 1338 Et.iu
1750 1255 1930 1338 {esum

359 1333 633 1389 Christum
661 1332 848 1388 Filium
889 1334 1023 1401 ejus.
1063 1332 1216 1386 Jesus
1254 1346 1446 1401 nomen
1478 1332 1932 1401 prepriuininter-

363 1415 606 1473 pretatur
640 1396 932 1466 Salvator;
952 1403 1194 1457 Christus
1214 1399 1638 1473 _app_ellativum,
1688 1396 1934 1473 hebraiec

343 1467 559 1527 dicitur
607 1473 830 1535 Unctus;
875 1474 994 1542 ungi
1039 1473 1178 1526 enim
1211 1467 1582 1542 Propbeiicet
1621 1467 1936 1542 regessole-

360 1543 511 1597 bant.
545 1543 768 1599 Unicum
801 1537 1077 1597 Dominum
1125 1553 1384 1595 nosmim.
1416 1539 1640 1594 Unicum
1683 1537 1808 1588 dicit
1849 1551 1934 1589 se-

348 1613 598 1666 cundum
647 1623 917 1666 naturam:
943 1613 1108 1666 Adam
1134 1621 1189 1666 et
1215 1610 1324 1663 Eva
1352 1612 1509 1663 etiam
1539 1608 1629 1662 Dei
1668 1607 1758 1659 lilii
1788 1615 1929 1669 sunt,

363 1682 461 1736 sed
493 1683 747 1752 adoptivi.
776 1680 1016 1752 Iacobus,
1034 1681 1186 1752 dixit,
1211 1680 1308 1746 Qui
1333 1688 1618 1752 conceptus
1626 1685 1715 1752 est
1730 1676 1795 1752 de
1810 1673 1932 1752 Spi:

351 1753 472 1806 ritu
501 1744 716 1807 sancto:
747 1767 850 1805 non
881 1751 1019 1821 quod
1040 1744 1273 1821 Spiritus
1298 1757 1446 1821 pater
1481 1744 1603 1821 ejus
1622 1745 1811 1807 fuerit;
1843 1744 1933 1800 sed

362 1823 508 1890 quod
537 1837 631 1890 per
659 1818 1163 1876 administ'tationem
1189 1819 1416 1888 Spiritus
1440 1818 1628 1890 sancti,
1668 1824 1720 1870 et
1758 1829 1824 1890 eo
1846 1829 1936 1890 co-

361 1883 628 1964 operante
658 1909 706 1944 tu
731 1890 833 1944 lide
859 1891 1032 1944 Maria:
1057 1883 1344 1964 conreptus
1363 1897 1464 1964 est.
1493 1886 1750 1964 Natus_cx
1776 1883 1933 1964 Maria

362 1955 600 2030 virgine;
625 1977 742 2029 quae
771 1964 918 2030 virgo
946 1955 1306 2030 concepit,'e[
1329 1959 1475 2027 virgo
1504 1955 1729 2030 peperit,
1758 1955 1932 2030 virgo-

353 2023 476 2104 ῃυὲ
503 2023 808 2104 ρβιὲιιιὶιῃείι.
839 2023 1076 2104 Joannes
1100 2023 1268 2104 dixit,_
1282 2023 1475 2104 Passus
1504 2023 1817 2104 sub_Pontio
1848 2023 1934 2104 Pi:

365 2095 475 2152 lato
496 2095 516 2153 Ξ
533 2100 635 2156 hoc
662 2102 807 2161 dicit,
839 2116 905 2153 ne
934 2100 984 2152 in
1012 2101 1170 2153 alium
1211 2098 1477 2151 Christum
1503 2095 1802 2159 credamus,
1832 2095 1932 2147 nisi

364 2169 422 2223 in
450 2171 616 2232 illum,
646 2172 732 2238 qui
761 2171 811 2222 in
841 2179 1074 2235 tempore
1102 2167 1249 2223 Pilati
1275 2181 1458 2236 passus
1481 2175 1592 2228 est;
1616 2163 1932 2238 uani-multi,

365 2239 509 2293 sicut
543 2243 636 2303 ait,
666 2233 960 2293 antichristi
1005 2239 1139 2291 l‘also
1186 2233 1382 2302 dicent,
1417 2237 1525 2303 Ego
1553 2249 1670 2289 sum
1695 2233 1937 2287 Christus

363 2307 582 2379 (Matth.
613 2325 764 2373 xxiv,
791 2309 904 2378 24).
941 2307 1253 2379 Crucilixus,
1302 2317 1562 2370 mortuus,
1595 2304 1934 2379 etsepultus.

366 2374 659 2431 secundum
685 2374 898 2432 carnem
924 2396 936 2429 :
965 2378 1028 2432 ad
1053 2378 1152 2432 hoc
1178 2387 1332 2431 natus
1352 2385 1434 2430 est
1452 2385 1503 2428 ut
1520 2374 1934 2441 cruciﬁgeretur,

361 2447 436 2500 ad
464 2447 566 2501 hoc
588 2448 870 2502 crucilixus
900 2458 956 2501 ut
997 2457 1310 2511 moreretur,
1353 2446 1419 2500 ad
1464 2445 1563 2498 hoc
1611 2454 1851 2496 mortuus
1881 2452 1939 2496 ut

368 2528 690 2582 resorgerct,
717 2518 780 2570 ad
810 2517 908 2570 hoc
937 2518 1224 2571 resurrexit
1249 2526 1305 2570 ut
1329 2513 1774 2583 nosjustilicaret.
1797 2511 1938 2565 'l‘ho-

361 2602 488 2639 mas
508 2586 666 2649 dixit,
701 2587 981 2640 Descendit
1007 2589 1073 2640 ad
1107 2587 1308 2640 inferna
1332 2604 1347 2639 :
1373 2585 1422 2638 td
1449 2595 1548 2648 est,
1581 2583 1630 2636 in
1653 2583 1826 2634 anima
1848 2597 1939 2636 co-

369 2657 596 2710 mitante
634 2657 981 2721 divinitatem,
1026 2671 1248 2724 corpore
1276 2670 1404 2709 vero
1435 2655 1484 2707 in
1516 2653 1760 2724 sepulcro
1786 2652 1937 2719 quie-

363 2737 570 2780 scente.
593 2727 765 2781 Tertia
787 2727 872 2780 die
896 2723 1182 2780 resurrexit
1201 2741 1230 2779 a
1249 2725 1499 2788 mortuis;
1518 2733 1573 2776 tit
1590 2723 1739 2776 nobis
1759 2736 1940 2774 exem-

366 2795 516 2862 plum
567 2805 621 2849 et
667 2797 822 2849 tidem
876 2796 1280 2851 resurrectionis
1336 2794 1661 2849 ostenderet.
1709 2791 1939 2845 Jacobus

367 2865 525 2929 dixit,
547 2866 794 2919 Ascendit
819 2865 886 2919 ad
914 2866 1112 2920 caalos:
1144 2866 1196 2918 in
1227 2867 1337 2934 ipsa
1364 2879 1542 2924 carne,
1567 2862 1618 2915 in
1651 2877 1752 2934 qua
1785 2871 1937 2914 natus

367 2943 455 2987 est
475 2945 526 3004 et
556 2951 756 3004 passus,
784 2935 834 2988 in
859 2939 968 3003 ipsa
995 2933 1286 2990 resurrexit
1309 2942 1362 2987 et
1380 2935 1549 3004 victor
1573 2933 1737 3004 ccelos
1762 2945 1941 3004 as_ccn-

367 3004 469 3055 dit.
492 3000 648 3058 Se'det
681 3005 744 3057 ad
776 3000 1044 3058 dexteram
1069 3006 1162 3059 Dei
1188 3004 1359 3058 Patris
1384 3002 1777 3070 omnipotentis.
1809 3000 1938 3053 Dex-

366 3082 500 3144 tera
519 3075 684 3144 Ifatris
712 3076 1112 3144 prosperitatem
1138 3075 1258 3128 vitae
1286 3083 1477 3144 nostra:
1496 3089 1510 3136 ;
1531 3073 1739 3144 sinistra
1762 3077 1937 3123 autctn

367 3143 642 3219 signiﬁcat
662 3140 869 3219 poenam
900 3146 1110 3219 inferni.
1143 3144 1413 3212 Philippus
1439 3143 1590 3219 dixit,
1615 3140 1742 3194 lude
1762 3148 1936 3219 ventit-

367 3208 463 3266 rus
503 3223 586 3266 est
624 3208 860 3282 judicare
899 3215 1046 3268 vivos
1093 3224 1146 3267 et
1190 3208 1458 3268 mortuos:
1491 3214 1541 3266 in
1571 3227 1674 3280 quo
1701 3208 1940 3264 ascendit

365 3295 613 3350 corpore,
639 3292 896 3338 venturus
923 3293 1004 3339 est
1037 3283 1102 3336 ad
1137 3283 1415 3352 judicium,
1440 3283 1610 3352 justus
1632 3295 1662 3334 a
1680 3286 1938 3352 peceato-

368 3349 519 3404 ribos
543 3354 826 3420 separabit.
856 3349 1271 3407 Bartholouia-zus
1298 3349 1453 3413 dixit,
1478 3351 1650 3406 Credo
1676 3351 1726 3404 in
1765 3349 1937 3420 Spiri-g

369 3430 480 3492 tum
522 3418 781 3483 sanctum.
806 3439 835 3476 a
862 3438 968 3492 quo
997 3423 1156 3478 Pater
1180 3435 1232 3476 et
1258 3423 1418 3476 Filius
1444 3423 1494 3475 in
1521 3436 1617 3474 suo
1646 3418 1937 3492 opere3_vel

369 3490 423 3542 in
449 3494 707 3546 catholica
749 3492 850 3546 lide
875 3489 1108 3560 separari
1149 3495 1292 3546 nullo
1336 3492 1492 3546 modo
1535 3489 1774 3560 possunt.
1807 3489 1938 3560 Mat-

370 3561 545 3614 thmus
569 3563 718 3625 dixit,
749 3558 992 3617 Sanctam
1023 3563 1310 3616 Ecelesiam
1341 3558 1688 3615 catholicam:
1716 3558 1936 3612 catholi-

367 3645 513 3695 cam,
541 3631 590 3684 id
618 3643 720 3696 est,
751 3633 1121 3698 universalem,
1169 3633 1219 3685 in
1253 3649 1353 3701 qua
1385 3643 1583 3686 tantum
1613 3641 1823 3701 peccata
1853 3643 1939 3682 re-

371 3701 675 3766 mittuntur,
706 3718 824 3768 qua:
865 3703 1096 3754 omnium
1141 3700 1507 3756 lueretieorum
1556 3700 1823 3770 pravitate
1852 3713 1936 3751 res

370 3770 542 3840 pulsa,
572 3772 638 3825 ab
666 3780 784 3825 ortu
827 3773 953 3826 solis
1002 3787 1168 3840 usque
1206 3773 1269 3826 ad
1317 3768 1566 3826 occasum
1607 3768 1935 3840 dilfunditur.

371 3837 687 3911 Sanctorum
716 3837 1173 3895 communionem:
1199 3841 1320 3911 quia
1348 3842 1486 3896 dona
1515 3840 1682 3895 sancti
1712 3838 1937 3911 Spiritus

372 3907 499 3962 licet
522 3911 570 3963 in
598 3910 698 3964 hac
722 3912 826 3964 vita
852 3912 1059 3966 diversa
1088 3913 1194 3965 sint
1217 3907 1273 3965 in
1302 3911 1539 3980 singulis,
1567 3912 1620 3964 in
1642 3907 1938 3963 astet-nitate

374 3986 552 4033 tamen
583 3988 736 4034 erunt
759 3983 1057 4035 communia
1087 3985 1135 4035 in
1163 3979 1450 4045 universis;
1475 3989 1532 4034 ut
1553 3980 1692 4049 quod
1717 3979 1938 4048 quisque

371 4059 679 4104 sanctorum
709 4052 883 4104 minus
912 4052 1090 4104 habuit
1123 4052 1173 4105 in
1203 4067 1280 4114 se,
1324 4051 1426 4105 hoc
1463 4051 1514 4104 in
1542 4053 1712 4103 aliena
1746 4050 1939 4103 virtute

371 4120 674 4189 participet.
725 4121 908 4175 Simon
953 4121 1104 4188 dixit,
1147 4121 1529 4175 Remissionem
1577 4129 1935 4189 peccatorum.

373 4187 592 4256 Septem
622 4202 743 4244 sunt
772 4187 1114 4245 remissiones
1141 4200 1476 4260 peccatorum
1503 4207 1515 4240 :
1551 4187 1720 4260 prima
1765 4188 1941 4256 Bapti-

372 4260 495 4322 smi,
515 4261 742 4314 secunda
769 4262 1111 4328 pamitentim,
1131 4262 1280 4315 tertia
1298 4260 1488 4314 divinae
1511 4260 1736 4326 pietatis,
1755 4269 1939 4326 quarta

373 4329 524 4400 venia
558 4345 651 4397 per
678 4331 1051 4400 indulgentiam
1081 4331 1430 4396 inimicorum,
1453 4329 1632 4398 quinta
1651 4344 1744 4397 per
1758 4343 1937 4382 veram

372 4399 704 4470 charitatem,
729 4399 874 4454 sexta
907 4417 1000 4469 per
1023 4402 1433 4470 eleemosynam,
1451 4401 1672 4468 septima
1695 4414 1789 4470 per
1807 4414 1941 4470 pra:-

373 4467 689 4522 dicatiouem
743 4486 844 4538 qua
902 4467 1141 4525 errantes
1195 4467 1592 4524 convertuntur.
1642 4467 1940 4523 Tltaddteus

373 4538 524 4598 dixit,
548 4538 732 4593 Carnis
762 4543 1198 4594 resurrectionem
1221 4557 1234 4592 :
1259 4542 1309 4593 id
1335 4549 1435 4604 est,
1467 4543 1516 4593 in
1549 4541 1656 4608 ipsa
1697 4554 1856 4593 carne
1888 4541 1940 4594 in

373 4623 476 4673 qua
508 4610 750 4675 vivimus,
779 4626 1142 4680 rcsurgemus;
1171 4626 1275 4663 non
1305 4626 1509 4674 sexum,
1551 4611 1645 4664 sed
1685 4610 1938 4678 fragilita-

374 4686 480 4751 tem
511 4690 788 4733 mutantes.
820 4680 970 4734 Tunc
995 4681 1160 4734 Sancti
1187 4681 1274 4751 qtti
1298 4697 1435 4734 nunc
1471 4681 1664 4735 habent
1706 4681 1940 4751 singulas

373 4748 561 4812 stolas,
597 4751 646 4804 id
673 4760 771 4810 est.
802 4751 1074 4818 praemium
1098 4748 1237 4813 vitai,
1261 4761 1384 4804 tunc
1403 4751 1554 4804 binas
1577 4751 1857 4820 accipient,
1887 4749 1939 4803 id

374 4828 475 4890 est,
509 4820 746 4885 corporis
776 4830 830 4873 et
852 4822 1044 4873 anima:
1073 4822 1329 4890 pretium;
1358 4831 1664 4888 peccatores
1691 4834 1817 4873 vero
1845 4820 1942 4873 du-

374 4888 563 4954 plicem
596 4905 800 4956 paenam
841 4888 1119 4957 accipient,
1162 4900 1218 4944 ut
1245 4907 1363 4959 qua:
1391 4893 1440 4944 in
1481 4891 1580 4944 hac
1607 4892 1707 4942 vita
1748 4904 1941 4956 corpus

374 4959 531 5010 simul
575 4970 626 5012 et
660 4961 830 5013 anima
873 4972 1294 5028 promeruerunt,
1327 4962 1519 5029 pariter
1561 4961 1612 5013 in
1658 4961 1744 5013 illa
1773 4961 1940 5028 perci-

375 5029 540 5100 piant.
572 5029 815 5084 Matthias
849 5030 1002 5094 dixit,
1049 5031 1216 5084 Vitam
1255 5041 1540 5094 :eternam;
1568 5045 1723 5100 quam
1767 5031 1940 5083 nullus

374 5097 495 5171 linis
550 5101 882 5165 terminabit,
929 5101 1130 5154 nullttm
1174 5101 1355 5156 vitium
1394 5097 1645 5166 ltedabi't,
1687 5101 1942 5171 a-gritudo

371 5168 515 5220 nulla
547 5172 894 5224 contristabit.

443 5237 499 5289 9..
543 5237 780 5292 Firmiter
802 5240 1014 5294 tenenda
1038 5241 1164 5309 ﬁdes
1190 5242 1560 5310 Apostolorum.
1589 5242 1824 5311 Apostoli
1849 5242 1944 5294 ita-

372 5322 478 5381 que
505 5311 677 5362 sancti
707 5311 930 5378 Spiritus
958 5311 1079 5381 igne
1121 5323 1366 5380 tanquam
1407 5329 1592 5366 aurum
1633 5313 1936 5375 examinati,

372 5387 428 5428 et
462 5377 719 5432 hactenus
739 5377 796 5432 Se
824 5377 1058 5436 tenuisse
1079 5377 1352 5450 indignati,
1373 5381 1683 5436 liducialitcr
1704 5383 1946 5437 exierunt

372 5449 766 5521 evaugeiizare,
799 5451 936 5506 sicut
965 5453 1217 5506 Dominus
1243 5463 1586 5521 praeceperat,
1619 5454 1761 5506 omni
1792 5468 1941 5506 crea-

373 5524 506 5569 tum:
551 5517 739 5588 (Marc.
773 5537 885 5586 xvi,
933 5522 1047 5592 15),
1093 5517 1333 5577 errantes
1378 5517 1444 5576 ad
1485 5523 1642 5576 vitam
1674 5537 1942 5588 revocare,

367 5645 419 5693 ln
442 5647 635 5706 Thoma,
669 5651 903 5702 't‘haddteo
939 5659 988 5703 et
1019 5653 1224 5702 Matthia.
1265 5661 1413 5704 Docet
1445 5655 1676 5705 Christum
1719 5655 1948 5706 hebraice

367 5707 683 5827 :i‘tjlundum
710 5728 722 5760 :
751 5721 800 5763 et
822 5715 870 5763 in
893 5716 1086 5766 caeteris
1104 5715 1299 5766 demum
1338 5718 1535 5768 minime
1570 5719 1832 5780 respondet
1854 5729 1947 5768 Au-

385 5783 400 5800 '
484 5785 580 5819 mo.

385 5783 580 5819 tuatim».

1734 365 1959 424 SEliMO
1995 318 2212 423 CCXLI.

3470 367 3608 424 αλιυδ

2040 480 2321 534 credentes
2364 477 2648 549 baptizare.
2696 476 2802 532 Nos
2840 486 3035 540 autem,
3075 477 3260 532 fratres
3288 476 3609 544 eharissimi,

2042 550 2195 604 lidcm
2214 561 2266 603 et
2293 550 2632 618 Evangeliutn
2655 549 3028 616 Apostolorum
3052 562 3146 616 per
3166 563 3502 605 successores
3519 569 3612 605 co-

2041 637 2156 674 rmn
2190 618 2341 674 nobis
2366 620 2635 682 traditum,
2666 619 2910 683 lidelilcr,
2945 619 3270 687 lirmiterque
3298 624 3610 682 teneamus;

2040 701 2249 759 pactum
2276 691 2455 754 etiam,
2487 690 2626 759 quod
2656 704 2775 742 cum
2807 688 3030 742 Domino
3057 687 3454 759 inBaptismate
3485 689 3611 745 feci-

2041 758 2178 824 mus,
2213 758 2518 814 inviolatum
2546 759 2938 823 custodiamus;
2961 769 3050 812 aut
3091 758 3132 812 si
3165 759 3430 825 peccando
3458 761 3608 815 cadi-

2039 847 2178 893 ntus,
2231 830 2540 898 ptenitendo
2566 830 2669 883 cito
2704 845 2918 898 surgere
2966 829 3271 882 Studeamus
3307 846 3322 882 :
3352 838 3410 883 ut
3434 833 3608 885 securi

2039 911 2408 970 exspectemus
2427 899 2708 970 adventum
2722 897 2917 970 Christi
2935 898 3246 970 secundum,
3265 898 3347 953 his
3364 899 3452 968 qui
3473 901 3608 955 bona

2037 968 2280 1041 egerunt,
2309 971 2425 1041 plus
2447 968 2601 1039 quam
2634 969 2684 1021 in
2713 979 2806 1022 cor
2831 968 3060 1041 lniminis
3091 968 3255 1036 possit
3294 971 3608 1041 ascendere,

2037 1039 2478 1104 desiderabilem;
2509 1041 2610 1092 illis
2637 1053 2762 1110 vero
2804 1039 2891 1108 qui
2921 1039 3056 1093 mala
3081 1047 3325 1110 egerunt,
3352 1039 3610 1096 formidas

2037 1112 2198 1166 bilem
2219 1111 2375 1167 nimis
2400 1122 2556 1180 atque.
2585 1109 2892 1162 terribilem.

2531 1220 2758 1276 SERMO
2795 1220 3004 1276 CCXLI
3037 1221 3138 1291 (α).

2570 1318 2636 1360 De
2656 1309 2891 1374 symbolo,
2915 1325 2944 1360 v
2967 1309 3058 1374 (ὁ).

2109 1399 2160 1451 1.
2191 1395 2487 1462 Symbolum
2519 1394 2635 1462 [idei
2668 1401 2740 1446 est
2780 1391 3175 1460 comprehensio.
3218 1391 3386 1456 Quare
3420 1395 3492 1447 sic
3529 1394 3607 1447 di-

2109 1414 2160 1451 ‘l.
2191 1414 2227 1450 ὸ
2270 1414 2487 1454 ηιοοιωη
2519 1414 2634 1462 [met
2668 1414 2740 1446 ext
2780 1414 3175 1460 coritprenensto.
3218 1414 3386 1456 uuare
3420 1414 3492 1447 sic
3529 1414 3606 1447 at-

2037 1463 2190 1520 ctnm‘.
2223 1414 2357 1532 guid
2384 1483 2444 1519 ex
2472 1463 2561 1536 illo
2589 1465 2846 1536 apostolus
2873 1464 3093 1536 quisque“
3107 1465 3402 1536 composuit.
3421 1535 3426 1536 ί
3446 1465 3606 1536 Synt-

2038 1538 2212 1592 bolum
2242 1531 2381 1598 quod
2409 1533 2556 1588 vobis
2584 1531 2821 1588 tradituri
2847 1547 3049 1594 smnus,
3075 1533 3260 1586 fratres
3287 1531 3603 1598 citarissittti,

2036 1601 2444 1675 comprehensio
2480 1614 2564 1658 est
2597 1603 2713 1658 lidei
2743 1613 3123 1675 nostraiaique
3150 1601 3404 1675 perfectio
3427 1643 3442 1666 ,
3473 1605 3606 1675 sim-

2038 1671 2180 1746 plex,
2210 1677 2390 1740 breve,
2425 1675 2672 1746 pienum;
2702 1683 2759 1726 ut
2787 1671 3093 1746 simplicitas
3115 1671 3358 1746 consulat
3383 1673 3606 1746 audien-

2037 1742 2166 1800 tium
2196 1742 2495 1806 rusticitati,
2529 1744 2761 1798 brevitas
2789 1743 3076 1806 memorim,
3112 1742 3382 1811 plenitudo
3407 1743 3607 1798 doctri-

2037 1831 2140 1869 nte.
2169 1815 2319 1883 Quod
2349 1815 2490 1870 enim
2519 1827 2689 1883 graece
2713 1812 3022 1883 Symbolum
3051 1811 3263 1883 dicitur,
3297 1812 3457 1883 latine
3482 1814 3606 1868 Col-

2038 1887 2165 1940 latio
2195 1881 2773 1939 nominaturICollatio
2801 1882 2950 1946 ideo,
2981 1882 3103 1950 quia
3127 1881 3316 1936 collata
3347 1881 3398 1936 in
3443 1899 3602 1938 unum

2038 1957 2315 2010 catholica:
2342 1955 2470 2024 legis
2502 1953 2634 2008 lides
2656 1951 2890 2024 Symboli
2916 1951 3180 2020 colligitur
3205 1951 3481 2024 brevitate,
3514 1970 3605 2007 cu-

2041 2025 2121 2088 ius
2164 2035 2364 2081 textum
2396 2021 2551 2077 vobis
2594 2021 2790 2088 modo,
2842 2022 2948 2075 Deo
2998 2031 3301 2087 annuente,
3345 2021 3602 2077 dicemus.

2083 2103 2227 2150 etrus
2252 2096 2411 2157 dixit,
2440 2092 2613 2148 Credo
2651 2093 2701 2146 in
2739 2093 2901 2146 Deum
2929 2090 3136 2145 Patrem
3163 2091 3601 2158 onmipotentem.

2037 2165 2268 2219 Joannes
2289 2165 2438 2230 dixit,
2459 2163 2763 2217 Creatorem
2786 2161 2986 2230 emliret
3008 2168 3183 2216 terrm.
3201 2160 3428 2216 Jacobus
3449 2163 3600 2230 dixit,

2039 2235 2213 2289 Credo
2238 2245 2292 2289 et
2318 2235 2368 2287 in
2399 2229 2579 2288 .Iesum
2607 2231 2874 2286 Christum
2901 2229 3090 2284 Filium
3117 2231 3230 2299 ejus
3260 2232 3470 2286 unicum
3495 2229 3604 2288 Do;

2041 2305 2240 2357 miuum
2265 2311 2527 2359 nostrum.
2554 2302 2792 2356 Andreas
2816 2300 2966 2365 dixit,
2997 2300 3095 2368 Qui
3121 2311 3408 2368 conceptus
3432 2313 3516 2358 est
3538 2305 3605 2358 de

2042 2373 2240 2443 Spiritu
2271 2383 2475 2433 sancto.
2504 2382 2746 2443 natusex
2773 2370 2932 2424 Maria
2956 2371 3186 2443 virgine.
3215 2370 3484 2440 Philippus
3507 2375 3604 2439 ait,

2041 2440 2234 2498 Passus
2261 2445 2359 2498 sub
2389 2442 2574 2497 Pontio
2599 2441 2795 2505 Pilato,
2827 2440 3106 2494 crucilixus
3129 2481 3143 2500 ,
3178 2448 3415 2494 mortuus
3441 2451 3495 2496 et
3519 2457 3606 2496 se-

2043 2515 2237 2581 pultus.
2270 2515 2503 2568 Thomas
2539 2513 2630 2570 ait.
2663 2509 2946 2581 Descendit
2973 2509 3038 2562 ad
3066 2507 3269 2581 inferna
3290 2549 3305 2574 ,
3340 2512 3491 2565 tertia
3519 2512 3606 2566 die

2040 2579 2383 2640 re$urrexita
2424 2582 2667 2636 tuortttis.
2705 2579 3121 2634 Bartholomatus
3144 2580 3313 2643 dixit,
3354 2582 3606 2636 Ascendit

2040 2654 2105 2706 ad
2136 2654 2299 2708 (mlos
2323 2695 2337 2717 ,
2365 2653 2514 2708 sedet
2541 2651 2605 2705 ad
2636 2651 2903 2705 dexteram
2945 2650 3033 2703 Dei
3066 2649 3234 2718 Patris
3273 2651 3606 2718 omnipoten-

2043 2724 2128 2777 tis.
2157 2723 2434 2777 Matthazus
2462 2721 2591 2775 dixit
2611 2762 2624 2782 ,
2672 2720 2797 2774 Inde
2823 2729 3075 2772 venturus
3107 2717 3347 2787 judicare
3373 2717 3518 2774 vivos
3552 2730 3607 2778 et

2042 2803 2298 2846 mortuos.
2321 2793 2549 2847 Jacobus
2579 2791 2802 2858 Alphmi,
2834 2789 3008 2842 Credo
3035 2798 3088 2842 et
3115 2791 3165 2842 in
3195 2787 3448 2857 Spiritum
3479 2807 3604 2844 san-

2039 2872 2204 2926 ctum,
2235 2874 2466 2917 sanctam
2500 2861 2790 2915 Ecclesiam
2816 2858 3150 2913 catholicam.
3170 2859 3351 2912 Simon
3370 2860 3600 2928 Zelotes,

2041 2934 2355 2987 Sanctorum
2385 2932 2830 2994 communionem,
2856 2929 3223 2998 remissionem
3245 2941 3601 2998 peccatorum.

2041 3001 2204 3057 Judas
2231 3003 2411 3056 Jacobi
2437 3044 2451 3067 ,
2479 3001 2664 3055 Carnis
2694 2999 3156 3054 resurrectionem.
3184 2997 3430 3058 Matthias
3457 3016 3604 3055 com-

2040 3073 2219 3141 plevit,
2252 3070 2424 3126 Vitam
2450 3081 2722 3141 3?l¢l‘liﬂlﬂ.
2751 3074 2938 3141 Amen.

2109 3141 2162 3194 2.
2206 3141 2364 3194 Verba
2392 3140 2622 3212 Symboli
2638 3181 2651 3203 ,
2680 3139 2892 3212 caelestia
2911 3147 3026 3192 sunt
3053 3137 3265 3212 Domini
3293 3151 3606 3212 sacratorum

2040 3227 2152 3282 quia
2165 3213 2377 3282 gratiam
2396 3210 2450 3264 iri
2471 3211 2619 3282 nobis“
2638 3219 2834 3282 servant
2859 3210 3218 3282 incorruptam.
3241 3210 3430 3264 Audite
3454 3225 3602 3280 ergo,

2040 3279 2232 3336 fratres
2249 3282 2568 3347 eharissimi,
2593 3279 2963 3350 Redemptoris
2984 3279 3150 3350 nostri
3169 3293 3350 3332 vocem
3371 3295 3465 3349 per
3484 3279 3608 3350 pro-

2041 3352 2254 3420 phetam
2285 3353 2545 3406 dicentem
2576 3367 2588 3403 :
2631 3347 2821 3420 ﬁnite,
2853 3349 2948 3418 lilii
2969 3389 2986 3414 ,
3025 3347 3197 3420 audite
3222 3364 3339 3420 me;
3373 3347 3604 3404 timorem

2040 3417 2250 3475 Domini
2286 3421 2470 3476 docebo
2497 3436 2583 3474 vos
2621 3418 2791 3490 (Psal.
2828 3417 2993 3490 xxxtu
3017 3457 3034 3484 ,
3084 3419 3192 3490 lg).
3222 3417 3383 3472 Filios
3410 3429 3605 3486 vocat,

2039 3507 2174 3560 quos
2217 3492 2267 3545 in
2310 3491 2512 3559 gremio
2551 3488 2803 3544 Ecclesiae
2831 3488 3071 3542 collocat.
3098 3488 3223 3560 Nec
3258 3490 3399 3543 enim
3430 3500 3610 3560 potest

2041 3558 2211 3615 mater
2237 3558 2450 3624 vocari,
2484 3561 2583 3614 nisi
2615 3560 2752 3613 lllios
2782 3559 3153 3626 procreaverit.
3186 3558 3325 3627 Ergo
3348 3598 3364 3623 ,
3404 3558 3607 3614 charis-

2041 3631 2196 3694 simi,
2224 3633 2289 3684 ad
2333 3646 2564 3699 perenne
2591 3630 2864 3699 praemium
2893 3628 3227 3699 vosiinvitari
3260 3631 3566 3699 cognoscite
3585 3672 3602 3696 ,

2041 3701 2128 3768 qui
2157 3697 2382 3754 lidelitcr
2409 3715 2529 3754 cum
2561 3697 2652 3753 Dei
2695 3698 2959 3768 adjutorio
2990 3697 3256 3754 lavacrum
3297 3697 3449 3768 aqua:
3477 3701 3609 3754 vita-

2041 3770 2105 3840 lis
2143 3770 2450 3840 accepiStis;
2495 3771 2578 3824 vel
2615 3770 2702 3835 qui
2745 3769 2993 3837 expetitis
3031 3778 3088 3822 ut
3126 3783 3246 3823 cum
3273 3770 3356 3840 ‘ad
3395 3785 3608 3825 sacrum

2042 3839 2239 3894 fontem
2271 3838 2349 3895 vel
2377 3855 2554 3894 veram
2584 3840 2943 3910 pmuitentiam
2969 3838 3333 3910 perveneritis,
3367 3855 3462 3908 per
3485 3841 3608 3910 Spi-

2042 3911 2202 3964 ritum
2231 3921 2472 3965 sanctum
2499 3911 2746 3964 salutaris
2773 3917 2827 3965 et
2848 3908 3080 3964 cmlestis
3110 3924 3202 3963 vos
3229 3909 3363 3963 unda
3394 3908 3606 3978 perluu-

2041 3979 2150 4034 dat.
2171 3981 2313 4044 Ideo,
2330 3981 2646 4045 eharissimi,
2670 3979 2824 4048 hujus
2845 3978 3082 4051 mysterii
3101 3993 3488 4051 sacramentum
3505 3981 3606 4051 sic,

2042 4051 2243 4142 alid?
2297 4052 2636 4142 «ευηρειξίηιιξε
2659 4062 2767 4142 κει
2786 4049 2972 4142 £05118
2984 4049 3281 4142 niveas
3307 4090 3343 4142 ν,
3367 4049 3610 4142 retecti:

2042 4121 2259 4175 vocibus
2287 4120 2638 4194 declaremus.
2678 4118 2852 4194 Credo
2892 4119 2942 4172 in
2983 4119 3149 4194 Deum
3194 4118 3413 4194 Patrem
3439 4118 3609 4194 omni:

2044 4200 2336 4258 potentem,
2369 4202 2421 4245 et
2448 4191 2648 4259 reliqua
2676 4189 2812 4242 sicut
2839 4203 3016 4256 supra.
3051 4190 3208 4259 Ergo,
3240 4189 3608 4246 dilectissimis

2043 4260 2157 4314 haec
2181 4262 2339 4314 verba
2367 4277 2468 4314 non
2498 4260 2746 4325 humana,
2773 4259 2866 4313 sed
2893 4259 3099 4313 Domini
3120 4267 3243 4312 sunt
3265 4260 3500 4315 cmlestia
3525 4277 3611 4315 sa-

2043 4341 2337 4396 cramenta,
2360 4347 2478 4401 qua)
2506 4332 2556 4383 in
2582 4331 2772 4384 veStris
2792 4329 3042 4401 cordibus
3064 4328 3227 4401 ipsius
3248 4331 3610 4387 misericordia

2045 4410 2331 4468 pra-stante
2361 4400 2630 4456 resideant
2650 4440 2663 4463 ,
2691 4408 2749 4453 ut
2769 4401 2990 4469 gratiam
3020 4400 3223 4453 Domini
3251 4401 3609 4467 incorruptam

2043 4481 2096 4525 et
2137 4471 2520 4525 immaculatum
2553 4485 2720 4540 usque
2747 4470 2813 4523 ad
2842 4473 2996 4524 linetn
3027 4471 3347 4539 percipiatis.
3395 4472 3608 4538 Repeti-

2045 4555 2163 4594 mus
2192 4543 2386 4614 adhuc,
2407 4541 2725 4614 eharissimi,
2755 4540 3099 4614 Symbolum;
3131 4552 3188 4595 ut
3211 4555 3329 4596 cum
3357 4543 3612 4614 mysterio

2044 4614 2324 4665 conveniat
2350 4612 2636 4665 'l‘rinitatis.

2116 4682 2168 4736 5.
2206 4681 2547 4735 Personarum
2577 4682 2812 4753 distincta
2856 4680 3172 4751 proprietas,
3213 4697 3316 4735 una
3354 4683 3612 4753 majestas.

2049 4750 2233 4822 Maria
2253 4753 2584 4822 virginitatem
2613 4752 2737 4819 ﬁdes
2762 4750 2983 4822 attingit,
3009 4767 3109 4805 non
3136 4768 3317 4805 sermo.
3359 4750 3532 4808 Credo
3557 4754 3608 4806 in

2048 4821 2234 4875 Deum.
2274 4821 2606 4876 credendum
2636 4822 2786 4875 nobis
2815 4821 2933 4889 est,
2966 4821 3155 4876 fratres
3180 4823 3477 4877 eharissimi
3501 4864 3517 4889 ,
3559 4824 3614 4878 in

2050 4891 2213 4964 Deum
2242 4892 2474 4964 Pati-am,
2501 4893 2568 4944 ita
2591 4902 2651 4964 ct_
2664 4892 2722 4964 in
2751 4891 2930 4946 Jesum
2956 4891 3223 4947 Christum
3257 4893 3450 4947 Filium
3477 4894 3615 4964 ejus.

2048 4961 2204 5016 Pater
2229 4963 2343 5016 sine
2374 4961 2506 5015 Filio
2532 4962 2674 5016 credi
2703 4977 2805 5014 non
2836 4972 3007 5030 potest
3034 4980 3046 5014 :
3076 4965 3196 5032 quia
3221 4965 3341 5020 licet
3365 4961 3616 5020 distincta

2047 5033 2116 5085 sit
2147 5034 2197 5085 in
2231 5033 2310 5086 eis
2341 5047 2684 5100 personarum
2713 5034 3005 5100 proprietas
3027 5072 3043 5098 ,
3088 5043 3263 5090 tamen
3309 5051 3410 5087 una
3440 5045 3524 5090 est
3562 5045 3620 5090 et

2053 5101 2337 5174 indiscreta
2366 5103 2629 5170 majestas.
2677 5103 2822 5155 Sicut
2854 5111 3020 5174 totum
3049 5118 3177 5174 ergo
3214 5106 3378 5172 potuit
3405 5119 3621 5174 semper

2049 5172 2228 5235 Pater,
2259 5173 2328 5226 ita
2357 5183 2521 5226 tottun
2551 5180 2719 5240 potest
2760 5187 2970 5243 semper
2994 5172 3177 5228 Filius.
3204 5175 3302 5244 Qui
3331 5172 3622 5244 cunccptus

2111 5284 2184 5408 in;
2205 5284 2342 5344 olim,
2364 5285 2428 5357 de
2452 5294 2687 5356 Tempore
2722 5288 2834 5366 liii;
2860 5295 2912 5339 et
2934 5297 3060 5395 post,
3085 5290 3132 5362 in
3157 5291 3428 5352 Appendice
3450 5288 3527 5338 42.

2136 5345 2163 5394 b
2211 5353 2382 5396 incerti
2405 5355 2637 5406 auctoris,
2660 5362 2744 5408 qui
2765 5352 2932 5408 symbo
2954 5363 3033 5398 um
3066 5351 3159 5408 itte,
3191 5369 3214 5398 ι
3237 5360 3289 5401 ut
3311 5365 3419 5401 cum
3443 5366 3527 5408 my:

2136 5345 2184 5418 ii)
2211 5349 2382 5418 incerti
2405 5345 2637 5418 auctoris,
2660 5351 2744 5412 qui
2765 5345 3159 5418 symbolum’hic,
3191 5345 3289 5401 i'ut
3311 5365 3419 5401 cum
3443 5357 3624 5418 myste-

2058 5427 2080 5454 ι
2103 5410 2201 5476 riui,
2227 5424 2249 5452 ι
2279 5410 2363 5467 ait,
2394 5426 2417 5455 ι
2439 5410 2691 5476 conveniat
2711 5410 2967 5476 Trinitatis,
2983 5428 3007 5456 ν
3033 5415 3228 5463 tertium
3246 5425 3402 5476 usque
3424 5410 3623 5475 repetit.

2050 5477 2146 5527 Qua
2170 5471 2218 5518 in
2241 5483 2298 5518 re
2319 5472 2703 5536 consentientem
2727 5474 2874 5523 habet
2892 5476 3238 5536 subsequentis
3257 5471 3496 5523 sei-monis
3512 5477 3629 5523 scri-

2054 5540 2270 5598 ptorem;
2289 5534 2381 5598 sed
2403 5545 2706 5598 nequaquam
2727 5534 3071 5597 Augustinum,
3099 5537 3183 5598 qui
3215 5549 3304 5586 suo
3324 5536 3502 5598 scripto
3523 5548 3631 5584 ser-
3657 5563 3664 5570 -

2054 5549 2265 5593 pwrem;
2289 5549 2378 5580 seu
2403 5549 2706 5596 nequaquam
2727 5549 3067 5597 augustmutn,
3135 5549 3183 5584 ut
3215 5549 3304 5586 suo
3324 5549 3502 5598 scripto
3523 5549 3631 5584 ser-

2053 5605 2199 5660 mone
2222 5593 2328 5660 2H,
2347 5593 2416 5660 de
2441 5596 2673 5660 Symbolo,
2713 5598 2948 5660 religione
2973 5549 3340 5660 impeﬂiebatur,
3375 5598 3634 5660 quominus

2053 5635 2328 5723 Symbolum
2346 5635 2501 5723 ipsum
2526 5657 2603 5723 vel
2618 5635 2978 5723 Δξίειυξξιῒῖιιθής»
3008 5635 3498 5723 ηἶδνιᾙξῖξίὲξνιιῗίῖὄιὶ
3522 5635 3634 5723 se;

2056 5718 2223 5784 tentia:
2254 5732 2348 5766 non
2371 5718 2556 5768 eaedem
2580 5721 2658 5769 hic
2677 5733 2892 5782 semper,
2911 5722 3005 5768 imo
3022 5733 3186 5782 pauca:
3208 5718 3378 5771 iisdein
3403 5719 3636 5784 Apostolis

1965 5843 1967 5845 _
2059 5776 2352 5840 tribuuntur,
2377 5783 2551 5843 quibus
2573 5785 2618 5830 in
2641 5776 2892 5845 superiore
2911 5776 3154 5832 sermone.
3413 5815 3418 5820 -
