4072 6362
337 337 477 394 9³197

336 453 513 514 Pater,
530 449 712 518 implet
727 457 781 504 et
797 447 1024 514 Spiritus
1044 463 1098 518 sa
1111 455 1293 518 nctus:
1310 460 1523 518 carnem
1535 442 1730 518 Christi
1751 441 1908 494 dese-

337 536 456 577 rere
471 537 575 576 non
592 515 1169 588 potuerimt,quandoiin
1183 515 1470 588 divinitatis
1488 516 1682 588 unitate
1704 525 1912 588 manse-

335 601 480 647 r-unt.
506 581 690 644 Adhuc
705 581 960 643 citharam
982 587 1204 654 reSpice.
1225 585 1290 640 Ut
1306 587 1564 641 musicum
1583 585 1749 638 tnelos
1764 581 1908 635 sonis

333 661 576 716 dulcibus
618 659 840 724 reddat,
882 657 978 710 tria
1025 655 1220 724 pariter
1253 655 1439 711 adesse
1479 655 1758 719 videntur,
1789 667 1909 714 ars,

335 746 526 785 manus
555 739 610 784 ct
634 729 830 783 chorda
862 745 874 778 :
902 735 956 781 et
981 736 1153 780 tamen
1182 743 1318 780 unus
1345 741 1508 780 sonus
1535 725 1775 785 auditur;
1820 736 1910 777 ars

333 801 520 865 dictat,
539 814 724 854 manus
747 797 931 867 tangit,
951 805 1166 851 resonat
1184 795 1401 849 chorda.
1426 796 1546 867 Tria
1570 796 1676 867 pari
1685 803 1763 848 ter
1781 808 1910 860 epe-

330 881 555 935 rantur;
590 870 682 924 sed
713 870 823 924 sola
844 865 1050 922 chorda
1093 875 1340 935 personat
1361 865 1500 932 ipiod
1523 866 1734 919 auditur
1766 881 1778 917 :
1810 877 1909 935 nec

331 956 422 995 ars
463 932 564 995 nec
601 955 788 994 manus
825 953 1012 993 sonum
1045 932 1268 991 reddunt
1291 977 1305 997 ,
1337 936 1429 989 sed
1460 951 1520 988 ea
1551 950 1669 989 cum
1707 932 1905 988 chorda

334 1011 537 1080 pariter
559 1018 864 1079 operantur.
895 1008 983 1062 Sic
1006 1022 1104 1061 nec
1131 1007 1287 1061 Pater
1317 1005 1665 1080 nee§pirittts
1693 1012 1906 1058 sanctus

331 1075 682 1152 susceperunt
703 1094 952 1152 carnem;
979 1087 1033 1152 et_
1052 1085 1225 1152 tamen
1247 1091 1368 1130 cum
1389 1076 1525 1152 Filio
1552 1075 1752 1145 pariter
1775 1089 1905 1152 ope-

332 1143 540 1206 rantur.
591 1150 789 1204 Sonam
834 1149 944 1202 sola
989 1146 1186 1201 chorda
1229 1147 1458 1210 excutit;
1498 1143 1712 1200 carnem
1760 1143 1907 1197 solus

331 1219 581 1276 Christus
623 1218 872 1288 suscepit.
903 1216 1152 1288 Operatio
1176 1217 1244 1288 _in
1291 1215 1457 1288 tribus
1495 1223 1704 1288 constat
1735 1230 1765 1288 _:
1810 1213 1904 1288 sed

331 1289 602 1361 quomodo
620 1290 685 1361 ad
706 1283 873 1361 solam
893 1283 1125 1361 pertinet
1141 1286 1392 1361 chordam
1415 1286 1530 1339 soni
1561 1283 1804 1346 redditio,
1827 1283 1907 1361 sic

333 1354 568 1431 pertinet
589 1359 654 1414 ad
675 1359 845 1431 solum
866 1354 1132 1431 Christum
1160 1356 1334 1431 carnis
1354 1355 1597 1431 humana:
1617 1354 1901 1431 susceptio:

409 1431 461 1486 3.
500 1429 713 1484 Judtrus
750 1429 1009 1494 evincitur,
1067 1426 1319 1496 Virginem
1365 1428 1580 1494 potuisse
1627 1441 1818 1496 parere.
1861 1423 1903 1478 E

333 1509 520 1555 contra
554 1500 788 1563 .ludzeus,
816 1498 1008 1552 Contra
1035 1495 1294 1557 naturam,
1325 1497 1513 1564 inquit,
1543 1511 1728 1564 parere
1758 1495 1905 1562 virgo

335 1588 445 1624 non
478 1570 644 1638 potuit
674 1586 688 1622 :
716 1581 770 1625 et
795 1569 1136 1623 detestandus
1161 1567 1479 1620 Manichtctts
1496 1608 1512 1629 ,
1537 1566 1592 1622 Si
1619 1581 1744 1638 (iam
1768 1573 1900 1628 erat,

332 1637 490 1708 virgo
522 1655 640 1694 esse
667 1655 768 1692 non
802 1639 995 1708 potuit;
1045 1638 1088 1691 si
1139 1638 1284 1706 virgo
1328 1638 1547 1708 peperit,
1596 1637 1903 1708 phantasma

335 1706 455 1764 fuit.
499 1709 742 1779 Utrisque
769 1706 1191 1776 respondendum
1219 1716 1320 1779 est.
1351 1706 1658 1779 Proterode
1689 1707 1904 1758 historia

337 1779 545 1836 Veteris
597 1777 916 1834 Testamenti
966 1778 1320 1832 necessarium
1369 1777 1676 1844 exemplum
1721 1787 1903 1828 contra

334 1850 601 1916 Judaeum,
631 1850 769 1918 quod
801 1849 956 1902 tnodo
981 1849 1156 1902 simnit
1195 1849 1244 1901 in
1270 1847 1485 1901 auribus
1512 1847 1707 1900 nostris
1733 1844 1903 1898 mani-

339 1919 683 1974 festissimam
715 1920 1005 1973 veritatem.
1042 1918 1290 1971 Dominus
1318 1918 1479 1987 Moysi
1503 1927 1687 1970 sancto
1711 1929 1902 1987 pra-ce.

337 1992 435 2058 pit,
457 1989 524 2044 de
551 1991 769 2059 singulis
799 1990 966 2044 tribus
991 1989 1162 2058 \i:gas
1184 1989 1378 2042 atl‘erri.
1406 1985 1589 2040 Allata:
1619 1996 1743 2040 sunt
1769 1985 1904 2037 duo-

333 2060 509 2114 decim
549 2061 736 2128 virgze,
784 2059 918 2114 inter
947 2076 1078 2128 quas
1123 2060 1280 2112 ctiam
1316 2074 1414 2111 una
1441 2069 1554 2112 erat
1580 2072 1699 2126 qua:
1730 2059 1903 2128 Aaron

337 2129 508 2184 fuerat
553 2125 841 2186 sacerdotis
886 2147 898 2182 :
943 2125 1123 2194 posita:
1165 2137 1288 2182 sunt
1327 2145 1356 2179 a
1401 2125 1804 2194 sanetoillloyse
1851 2125 1904 2178 in

337 2200 678 2255 tabernaculo
709 2200 1014 2253 testitnonii.
1049 2198 1202 2266 Virga
1242 2209 1416 2251 autem
1455 2199 1626 2250 Aaron
1673 2205 1788 2264 post
1825 2195 1904 2249 al-

337 2279 512 2324 terum
555 2270 695 2322 diem
743 2269 1006 2322 invenitur
1064 2270 1238 2323 subito
1283 2267 1592 2336 produxisse
1641 2266 1798 2320 ﬂores
1852 2273 1909 2318 et

337 2338 576 2408 frondes.
600 2349 653 2392 et
676 2341 940 2407 peperisse
962 2353 1120 2408 nuces
1145 2337 1333 2408 (Num.
1355 2353 1483 2396 xvii.
1508 2338 1646 2406 6-8).
1673 2337 1907 2408 Delectat

338 2407 444 2463 hoc
493 2406 798 2478 mysterium
843 2425 962 2463 cum
1010 2406 1279 2463 Cltaritate
1322 2417 1495 2461 vestra
1531 2417 1712 2460 eontra
1745 2406 1904 2478 perli-

337 2479 484 2533 diam
505 2477 772 2534 Judaicam
799 2479 1168 2543 commiscere,
1193 2479 1276 2532 ubi
1306 2479 1532 2531 maxime
1555 2479 1714 2544 tigura
1746 2477 1906 2530 inter-

341 2549 488 2603 venit
512 2551 848 2603 sacramenti.
885 2548 1038 2618 Virga
1068 2565 1194 2602 cccc
1239 2549 1453 2616 protulit
1482 2547 1622 2615 quod
1653 2558 1774 2600 ante
1800 2561 1904 2600 non

343 2619 544 2680 habuit.
573 2635 676 2672 non
698 2619 926 2672 radicula
952 2619 1293 2687 plantatione,
1315 2633 1418 2670 ιιοιι
1445 2619 1651 2671 defossa
1675 2618 1902 2679 sarculo,

340 2705 449 2742 non
476 2691 703 2744 animata
731 2704 890 2743 succo
909 2729 924 2753 ,
953 2705 1055 2742 non
1086 2690 1356 2741 fecundata
1387 2688 1671 2741 seminario
1695 2705 1708 2739 :
1731 2696 1785 2740 et
1828 2695 1907 2738 ta-

338 2775 463 2813 men
489 2776 606 2814 cum
630 2759 736 2813 illic
755 2759 1003 2814 dceSsent
1027 2758 1274 2812 universa
1299 2759 1412 2825 jura
1441 2768 1660 2825 naturae,
1695 2757 1908 2825 protulit

340 2831 486 2898 virga
528 2829 664 2898 quod
712 2845 809 2884 nec
851 2831 1054 2883 semine
1087 2830 1293 2897 suggeri
1327 2831 1523 2896 potuit,
1573 2827 1902 2898 necpradice.

342 2897 500 2969 Virga
540 2897 668 2969 ergo
713 2901 879 2968 potuit
922 2909 1106 2954 centra
1153 2908 1392 2969 naturam
1439 2912 1612 2969 nuces
1638 2897 1902 2950 educere:

339 2967 490 3036 virgo
517 2967 625 3022 non
647 2967 814 3037 putuit
837 2979 1017 3024 contra
1045 2977 1246 3022 natura:
1269 2968 1392 3037 jura
1425 2969 1510 3021 Dei
1539 2967 1728 3020 Filium
1754 2981 1908 3037 gene-

340 3035 503 3093 rare?
534 3035 680 3092 Dicat
705 3039 862 3109 igitur
887 3039 1014 3109 mihi
1055 3035 1619 3099 Judmtts'incredulus,
1651 3035 1905 3106 quemad-

339 3109 554 3163 modum
581 3108 895 3177 arida’virga
927 3108 1102 3162 ﬂoruit
1126 3117 1180 3163 et
1204 3109 1435 3162 fronduit
1458 3117 1511 3162 et
1534 3122 1698 3161 nuces
1721 3115 1906 3178 protu-

341 3179 439 3241 lit;
467 3189 520 3232 et
541 3194 640 3248 ego
658 3178 829 3233 dicam
861 3180 930 3232 illi
961 3179 1404 3248 quemadmodum
1433 3180 1581 3247 virgo
1603 3178 1909 3246 conceperit

337 3249 692 3320 etpepererit.
707 3249 810 3304 Sed
843 3251 1075 3318 profecto
1094 3248 1307 3320 Judaeus
1335 3263 1435 3303 nec
1471 3257 1783 3320 conceptum
1815 3251 1908 3320 po:

340 3316 652 3388 terit'virga:
675 3316 967 3388 explicare,
1001 3335 1100 3372 nec
1125 3318 1340 3387 virginis
1367 3328 1592 3386 partum.
1626 3316 1813 3370 Veniat
1840 3317 1906 3372 ad

339 3389 622 3444 ecclesiam
647 3431 663 3452 ,
711 3401 1006 3458 expoliatur
1034 3388 1136 3451 illi;
1169 3398 1224 3442 ut
1250 3396 1502 3457 agnoscat
1545 3403 1728 3440 vermn
1767 3388 1904 3458 ordi-

340 3476 464 3513 nem
489 3460 644 3512 oﬂieii
675 3457 945 3513 naturalis.
978 3459 1133 3528 Virgo
1156 3460 1358 3529 peregit
1378 3468 1612 3526 tempora
1625 3457 1904 3529 pariendi:

338 3530 486 3598 virga
515 3539 692 3582 autem
725 3547 828 3584 non
859 3530 1040 3583 habuit
1069 3527 1305 3594 tempora
1329 3527 1699 3598 germinandi.
1722 3527 1908 3598 (Virgo

341 3597 528 3653 habuit
569 3610 807 3668 tempora
839 3599 1102 3667 pariendi;
1134 3599 1278 3668 virga
1309 3597 1482 3668 autem
1521 3599 1626 3652 alio
1649 3597 1739 3668 die
1766 3597 1906 3666 quod

341 3678 526 3722 natura
557 3683 658 3722 non
685 3667 871 3723 habuit
897 3667 1154 3738 protulit.)
1173 3668 1260 3723 Illa
1285 3669 1426 3722 enim
1451 3667 1689 3722 decursis
1718 3683 1906 3738 novem

341 3740 615 3794 mensibus
643 3743 874 3808 peperit;
900 3737 1045 3808 virga
1070 3737 1170 3792 alia
1196 3739 1281 3792 die
1307 3739 1445 3807 quod
1477 3748 1660 3791 natura
1685 3752 1788 3792 non
1813 3737 1910 3792 ha-

341 3809 457 3864 buit
481 3811 815 3880 germinavit.
848 3810 1136 3878 Virginem,
1176 3810 1300 3863 dicit
1327 3809 1561 3880 Judgeus,
1594 3822 1781 3880 parere
1807 3823 1908 3880 ua-

344 3886 463 3933 tura
488 3877 600 3932 iion
625 3880 836 3949 patitur.
871 3877 1009 3934 Deus
1035 3880 1176 3934 enim
1208 3880 1294 3948 qui
1327 3881 1378 3933 in
1407 3877 1652 3949 Numeris
1671 3878 1910 3933 mirabile

341 3950 550 4017 signum
587 3948 817 4004 ostendit
851 3959 1033 4004 contra
1061 3961 1320 4013 naturam,
1352 3957 1408 4002 ut
1433 3950 1580 4002 asina
1609 3948 1911 4016 loqueretur

342 4017 454 4089 (Id.
486 4035 592 4092 x_xn
612 4060 627 4084 ,
654 4019 768 4092 28),
797 4021 910 4088 ipse
936 4020 1226 4074 mirabilius
1253 4020 1426 4075 facere
1451 4019 1646 4083 voluit,
1675 4029 1731 4072 ut
1753 4017 1909 4074 Chri-

342 4098 459 4144 stus
486 4089 560 4160 de
583 4089 782 4160 virgine
809 4100 1133 4144 nasceretur.

414 4161 473 4214 ἃ.
523 4157 740 4229 Virginia
777 4171 949 4230 partus
989 4170 1165 4213 contra
1205 4157 1543 4230 Manichafunt
1583 4157 1911 4230 similitudine

343 4227 667 4284 monstratur.
683 4227 875 4284 Audiat
889 4239 942 4284 et
959 4239 1199 4283 versutus
1219 4228 1307 4282 ille
1321 4227 1642 4282 Manichacus
1655 4228 1795 4281 aliud
1819 4242 1907 4282 sa-

341 4309 690 4353 cramentum.
707 4299 847 4355 Solis
868 4300 1044 4354 radius
1060 4299 1304 4368 specular
1321 4304 1578 4368 penetrat,
1597 4306 1651 4352 et
1665 4297 1907 4368 solidita-

344 4379 450 4423 tem
462 4368 577 4437 ejus
589 4370 879 4425 insensibili
891 4367 1176 4424 subtilitate
1191 4367 1478 4436 pertrajicit
1492 4376 1564 4422 :et
1576 4368 1693 4420 talis
1703 4367 1910 4422 videtur

343 4439 682 4502 intrinsecus,
703 4440 871 4509 qualis
893 4448 1066 4496 exstat
1092 4439 1441 4495 extrinsecus.
1471 4438 1668 4509 Itaque,
1689 4437 1904 4502 fratres,

344 4524 444 4563 nec
457 4524 578 4565 cum
599 4508 890 4578 ingreditur
909 4510 1066 4563 violat
1081 4551 1093 4571 ,
1118 4524 1214 4563 nec
1235 4525 1352 4562 cum
1371 4508 1640 4578 egreditur
1655 4509 1905 4577 dissipat;

342 4578 464 4648 quia
489 4579 554 4632 ad
577 4580 867 4648 ingressum
893 4589 947 4634 et
965 4595 1234 4649 egressum
1252 4594 1366 4647 epis
1387 4580 1629 4646 specular
1651 4579 1908 4647 integrqu

342 4659 666 4716 perseverat.
705 4649 958 4716 Specular
991 4665 1117 4719 ergo
1149 4665 1250 4702 non
1283 4651 1478 4717 rumpit
1514 4649 1694 4702 radius
1733 4649 1860 4702 solis
1893 4665 1907 4700 :

345 4719 715 4789 integritatem.
751 4719 974 4788 Virginis
1016 4721 1281 4788 illngS>lI3
1319 4727 1410 4772 aut
1450 4734 1697 4789 egressus
1725 4720 1910 4773 vitiare

346 4787 517 4858 potuit
528 4787 746 4858 deitatis
759 4787 912 4844 ?'Sed
941 4789 1063 4858 quid
1078 4787 1308 4842 ulterius
1336 4787 1588 4843 imtno'ror
1607 4789 1630 4842 ?

413 4859 466 4914 5.
498 4857 653 4930 Virga
708 4860 878 4930 Aaron
933 4857 1208 4929 Deiparam
1249 4859 1503 4930 ﬁguravit,
1557 4869 1796 4930 et_ruuces
1849 4875 1912 4912 ea;

343 4945 407 4982 ex
453 4945 514 4983 ea
557 4928 682 4983 ortae
725 4928 1040 4985 Salvatorein
1082 4928 1326 4982 nostrum.
1356 4928 1547 4982 Audiat
1582 4928 1924 4983 Christianus

341 4998 488 5067 quod
509 5000 750 5054 nonvult
784 5001 966 5055 audire
997 5000 1211 5054 Judicus
1236 5009 1324 5052 aut
1357 4999 1710 5062 MﬂlliCilﬂ'US;
1739 5009 1803 5053 ut
1829 4999 1912 5054 hic

345 5069 592 5140 proﬁciat
621 5071 670 5124 in
702 5070 803 5124 fide
832 5071 1155 5140 redemptus,
1187 5070 1273 5124 ille
1297 5079 1386 5122 aut
1415 5071 1502 5124 ille
1525 5069 1734 5124 deﬁciat
1755 5071 1912 5140 indu-

343 5148 508 5210 ratus.
539 5138 694 5209 Virga
723 5141 831 5204 illa,
858 5141 997 5195 uttde
1021 5138 1335 5210 agebamus,
1363 5143 1536 5194 Aaron
1576 5141 1722 5210 virgo
1751 5139 1908 5193 Maria

345 5209 471 5275 fuit,
493 5225 610 5279 qua:
637 5209 1076 5266 nobisChristuni
1103 5226 1284 5266 vermn
1317 5210 1642 5265 sacerdotem
1666 5209 1912 5278 concepit

343 5288 396 5332 et
423 5282 658 5349 peperit,
683 5281 748 5333 de
775 5296 880 5350 quo
899 5281 1056 5335 modo
1079 5282 1236 5334 David
1263 5282 1476 5345 cecinit,
1503 5280 1576 5333 T-u
1605 5298 1656 5334 es
1681 5281 1912 5334 sacerdos

345 5350 395 5401 in
421 5361 658 5404 (sternunt
681 5353 954 5404 secundum
975 5353 1203 5420 ordinem
1224 5350 1587 5404 Melchisedech
1612 5367 1630 5404 .°
1651 5351 1909 5420 superiori

344 5434 572 5492 namque
598 5436 752 5474 versu
775 5422 877 5490 iam
901 5421 1130 5492 dixerat,
1169 5419 1371 5492 Virgam
1391 5423 1586 5492 uirtutis
1606 5431 1703 5474 tuw
1722 5419 1912 5475 emittet

344 5487 592 5544 Dominus
622 5508 684 5544 ea:
704 5487 829 5545 Sion
863 5491 1029 5562 (Paul.
1060 5487 1362 5562 Ctx,4.'2).
1389 5491 1455 5545 Et
1474 5492 1635 5545 Isaias
1657 5491 1911 5560 propheta

343 5562 580 5626 apertius
623 5562 834 5614 Mariam
875 5561 1114 5614 Sanctam
1160 5561 1434 5630 designat,
1484 5563 1666 5614 dicens
1707 5579 1721 5615 :
1768 5562 1912 5615 Exiet

345 5632 484 5700 virga
509 5634 572 5684 de
599 5633 768 5684 radice
787 5631 947 5695 Jesse,
971 5644 1013 5684 et
1045 5634 1139 5700 ﬂos
1169 5631 1231 5684 de
1264 5633 1434 5684 radice
1456 5634 1563 5700 ejus
1587 5632 1836 5695 ascendet,
1866 5643 1912 5684 et

343 5703 608 5770 requiescet
629 5719 778 5770 super
806 5719 916 5754 eum
943 5703 1146 5770 spiritus
1177 5700 1397 5760 Domini,
1430 5703 1634 5765 spiritus
1658 5704 1914 5766 saricntite

345 5780 390 5825 et
419 5771 701 5824 intellectus
732 5770 878 5838 (Ιδιιὶ.
917 5789 1004 5837 xi,
1045 5773 1058 5824 l
1094 5812 1107 5835 ,
1138 5771 1218 5839 ‘2).
1257 5772 1405 5840 Quod
1446 5788 1570 5841 ergo
1617 5772 1726 5828 lucc
1771 5773 1910 5842 virga

1688 318 1920 377 SERMO
1960 317 2238 376 CCXLVI.

3445 328 3507 384 ει
3518 331 3611 385 98η

2019 451 2180 511 nuces
2225 437 2511 511 produxit,
2544 439 2720 510 imago
2757 439 3016 496 Dominici
3053 442 3296 511 corporis
3325 441 3440 496 fuit.
3473 442 3588 503 Nux

2015 507 2155 560 enim
2204 509 2391 561 trinam
2432 509 2586 564 habet
2613 507 2676 564 in'
2702 524 2800 564 suo
2833 525 3056 579 corpore
3097 507 3407 566 substantia:
3435 515 3586 567 unio.

2016 592 2167 643 nem,
2196 580 2432 649 corium,
2472 587 2657 634 testam
2687 592 2737 634 et
2771 581 3039 636 nucleum.
3074 581 3129 634 In
3160 582 3306 636 corio
3334 597 3492 649 caro,
3535 585 3586 639 in

2015 654 2148 721 testa
2172 663 2328 721 ossa,
2361 648 2412 701 itt
2443 651 2644 721 nucleo
2669 651 3098 721 ittterioriattima
3137 648 3496 721 comparatur.
3532 654 3586 708 Ιιι

1963 728 1970 736 ·
2013 718 2160 791 corio
2185 720 2574 791 nuciscarncm
2604 719 2868 791 signiﬁcat
2893 720 3182 791 Salvatoris
3207 763 3221 786 ,
3247 718 3366 791 quae
3406 725 3587 781 habuit

2014 786 2066 859 in
2095 803 2152 842 se
2175 790 2515 859 asperitatem
2548 790 2624 843 vel
2653 786 3057 844 amaritudinem
3095 786 3375 859 passionis.
3403 795 3457 847 In
3488 811 3585 846 uu-

2012 858 2127 932 cleo
2159 858 2478 932 interiorem
2526 858 3130 932 declaratidulcedinem
3175 861 3422 926 deitatis,
3465 881 3584 932 qua:

2013 927 2196 982 tribuit
2236 939 2440 996 pastum
2460 971 2474 992 ,
2505 939 2561 983 et
2597 929 2812 984 luminis
2841 931 3205 986 subministrat
3243 927 3497 988 olﬁciuml
3526 933 3582 989 In

2012 1005 2169 1070 testa,
2201 999 2398 1070 lignum
2427 999 2748 1070 interserens
2775 1000 2947 1055 crucis
2967 1044 2981 1062 ,
3010 1001 3148 1070 quod
3192 1019 3295 1056 non
3335 1003 3584 1059 discrevit

2011 1066 2076 1140 id!
2091 1069 2227 1140 quod
2256 1068 2386 1122 foris
2411 1079 2464 1123 et
2484 1069 2638 1140 intus
2664 1068 2793 1134 fuit,
2823 1070 2915 1124 sed
2943 1066 3061 1140 qua:
3103 1082 3309 1125 terrena
3339 1085 3392 1127 et
3416 1075 3578 1129 caele-

2011 1137 2118 1210 stia
2142 1137 2350 1210 fuerunt
2375 1139 2685 1194 mediamris
2723 1141 2845 1207 ligni
2889 1137 3285 1210 interpositione
3321 1144 3537 1198 sociavit
3562 1187 3579 1207 ,

2010 1206 2216 1282 dicente
2248 1208 2704 1282 beatoApostolo,
2737 1206 2865 1276 Quia
2888 1212 2995 1278 ipse
3019 1206 3107 1280 per
3133 1213 3426 1282 sanguinem
3463 1206 3578 1266 erit;

2009 1277 2081 1330 cis
2118 1293 2242 1350 ante,
2260 1277 2541 1350 paciﬁcauit
2569 1281 2737 1333 omnia
2765 1295 2876 1348 qua!
2903 1277 2954 1333 in
2983 1277 3118 1334 caelis
3153 1277 3297 1347 sinit,
3319 1290 3364 1336 et
3392 1299 3504 1350 quia
3527 1285 3580 1336 in

2009 1347 2153 1419 terris
2181 1348 2398 1418 (Coloss.
2433 1366 2480 1413 t,
2512 1350 2606 1416 20)
2636 1367 2648 1400 :
2681 1347 2784 1419 qui
2807 1351 2931 1403 vivit
2959 1367 3077 1403 cum
3118 1352 3273 1406 Patre
3302 1353 3352 1405 in
3381 1347 3580 1408 unitate

2009 1416 2236 1486 Spiritus
2261 1419 2429 1473 sancti
2458 1419 2592 1472 Deus
2620 1420 2670 1472 in
2692 1416 2883 1474 saecula
2914 1420 3248 1475 δίιτειιιοιιιιιι.
3283 1424 3470 1476 Amen.

2475 1509 2700 1564 Sicano
2736 1508 2980 1563 CCXLVI
3013 1509 3111 1578 (a).

2192 1583 2260 1626 De
2282 1580 2510 1641 mysterio
2526 1580 2769 1629 Trinitatis
2798 1588 2850 1628 et
2873 1581 3224 1640 lncarnationis,
3247 1597 3277 1630 ιι
3305 1579 3393 1643 (b).

2083 1661 2130 1712 l.
2160 1659 2422 1733 AObjicinnt
2460 1663 2635 1733 driani
2675 1663 2736 1715 de
2773 1662 3036 1733 Sapientia
3065 1663 3290 1729 dictum,
3336 1664 3578 1718 Dominus

2009 1731 2193 1802 crearit
2215 1747 2310 1790 me.
2333 1741 2423 1784 etc.
2461 1731 2805 1801 Respondetur
2833 1731 3016 1800 primo,
3043 1733 3096 1784 id
3117 1734 3179 1785 de
3205 1736 3449 1802 sapientia
3475 1737 3576 1789 Sa-

2009 1799 2196 1871 lontoni
2233 1802 2350 1852 data
2398 1799 2797 1871 posse'intelligi
2834 1799 2860 1855 7:
2904 1805 3122 1857 secundo
3147 1845 3161 1868 ,
3207 1799 3334 1857 duas
3375 1821 3480 1859 esse
3525 1808 3578 1858 in

2009 1868 2206 1943 Christo
2227 1868 2452 1943 naturas,
2477 1873 2641 1943 unitas
2666 1868 2883 1941 quidem,
2905 1873 2994 1926 sed
3015 1890 3112 1924 non
3135 1879 3388 1943 confusas.
3416 1877 3580 1930 Acce»

2010 1940 2470 2014 pittitis,_ft':ttres,
2515 1940 2684 1995 verba
2714 1943 3164 2014 Dmniuidicentis
3200 1940 3264 1994 ad
3290 1945 3578 2014 discipulos

2009 2026 2153 2082 suos,
2187 2009 2303 2062 Non
2330 2011 2548 2063 turbetur
2568 2028 2652 2064 cor
2673 2023 2884 2065 vestrum
2916 2012 3315 2082 (Joan.)ttv,1),
3345 2009 3449 2068 οιό.
3477 2016 3569 2081 (c).

2009 2079 2138 2155 Quis
2159 2082 2357 2155 lltlll_Sic
2378 2082 2862 2155 diligatChristum.
2886 2079 2942 2155 ut
2964 2093 3012 2137 et
3039 2099 3187 2136 suam
3211 2079 3448 2138 naturam
3465 2079 3574 2155 jam

2012 2149 2357 2222 immortalem
2397 2149 2688 2220 gratuletur
2714 2155 2762 2205 iit
2791 2153 3019 2210 Christo,
3052 2163 3209 2220 atque
3235 2155 3284 2206 id
3315 2170 3374 2208 se
3399 2149 3576 2222 speret

2011 2218 2245 2272 futurum
2273 2236 2390 2274 esse
2405 2218 2512 2289 “per
2539 2218 2841 2275 Christum?
2875 2218 3140 2291 Objiciunt
3179 2225 3330 2278 nobis
3358 2218 3532 2279 Ariani
3561 2270 3571 2287 ,

2009 2299 2304 2364 creaturam
2337 2291 2445 2364 _l_)ei
2495 2291 2683 2344 Filium
2732 2302 3032 2364 asserentes
3075 2311 3089 2347 :
3134 2293 3270 2360 Quid
3314 2305 3395 2348 est
3433 2301 3573 2364 quod

2009 2357 2257 2432 Salomon
2285 2360 2350 2412 ad
2375 2362 2472 2414 hoc
2491 2377 2556 2414 ex
2582 2377 2806 2432 persona
2823 2363 3020 2414 Christi
3041 2357 3306 2418 consentit
3331 2375 3383 2418 ct
3409 2357 3534 2419 dicit
3559 2407 3572 2424 .

2015 2447 2034 2480 ι
2071 2429 2326 2483 Dominus
2351 2432 2549 2484 creavit
2579 2429 2664 2485 me
2693 2432 2741 2484 in
2765 2432 3020 2500 principio
3051 2434 3251 2486 viarum
3280 2449 3492 2488 suarum
3524 2438 3589 2488 ἰη-

2016 2517 2035 2548 ‹
2069 2513 2227 2566 opera
2255 2515 2347 2554 sua
2373 2517 2388 2563 ;
2415 2512 2537 2574 ante
2564 2502 3078 2574 s:eculuin_l'undavit
3111 2518 3194 2555 me
3219 2503 3371 2574 initio
3399 2506 3568 2574 prius-

2016 2587 2034 2619 ι
2073 2585 2229 2637 qualn
2275 2578 2466 2624 terram
2503 2571 2730 2637 faceret,
2764 2572 3064 2640 priusquam
3101 2573 3371 2641 prodirent
3400 2571 3578 2627 't'ontes

2015 2657 2034 2689 ι
2072 2654 2344 2708 aquarum,
2365 2641 2666 2710 priusquam
2690 2650 2896 2696 montes
2917 2643 3274 2696 stabilirentur
3293 2660 3306 2694 :
3322 2654 3444 2697 ante
3463 2659 3576 2696 oui-

2017 2729 2034 2780 ι
2073 2724 2167 2780 ties
2203 2719 2377 2762 autem
2413 2711 2576 2765 colles
2603 2712 2784 2778 genuit
2811 2727 2895 2765 me
2929 2729 2948 2761 ι
2987 2711 3163 2779 (Prov.
3195 2728 3312 2776 VIII,
3345 2714 3534 2780 22-25)
3554 2719 3580 2765 1’-

2011 2778 2277 2850 Adversus
2295 2795 2428 2850 quas
2451 2782 2517 2834 ita
2547 2781 2960 2850 respondemus:
2983 2778 3124 2834 Multi
3147 2783 3356 2849 quidem
3381 2778 3578 2836 doctis-

2009 2848 2128 2902 simi
2173 2849 2304 2913 viri,
2351 2849 2450 2904 hoc
2491 2867 2552 2903 ex
2601 2848 2826 2920 persona
2876 2851 3016 2904 illius
3060 2848 3331 2920 sapientiae
3377 2852 3574 2906 dictum

2009 2929 2273 2990 asserunt,
2291 2935 2447 2988 quam
2466 2920 2716 2990 Salomon
2737 2921 2802 2974 ad
2819 2920 3159 2988 judicandum
3183 2921 3577 2990 regendumqnc

2009 2988 2266 3060 populum
2280 2998 2572 3056 acceperat.
2592 2988 2695 3045 Sed
2713 2991 2834 3058 quia
2852 3006 2944 3044 vos
2959 2992 3139 3045 animo
3159 2988 3409 3060 pertinaci
3430 2988 3530 3045 hoc
3547 3012 3574 3044 a

2010 3059 2430 3130 nobisexChristi
2445 3075 2666 3126 persona
2677 3060 2873 3114 dictum
2886 3059 3221 3130 exigitis,nbn
3237 3062 3574 3127 reluctamur,

2013 3143 2185 3194 neque
2209 3129 2516 3194 renitimur;
2541 3130 2632 3183 sed
2655 3131 2818 3199 ipsius
2839 3129 3076 3184 veritatis
3095 3130 3292 3184 auxilio
3321 3133 3571 3193 roborati,

2013 3199 2620 3270 ubicumqueduxeritis
2661 3201 2950 3268 sequimur.
3002 3201 3180 3254 Primo
3225 3201 3469 3270 quidem,
3523 3211 3580 3255 ut

2011 3269 2252 3334 superius
2292 3269 2521 3322 diximus
2546 3310 2561 3332 ,
2600 3270 2721 3324 licet
2765 3285 2920 3323 unam
2958 3269 3252 3338 personam
3279 3273 3330 3323 in
3367 3270 3580 3324 Christo

2011 3338 2322 3400 credamus;
2351 3340 2481 3393 duas
2523 3348 2694 3396 tamen
2731 3341 3087 3403 substantias,
3132 3341 3180 3393 id
3215 3350 3298 3394 cst
3320 3384 3332 3404 ,
3366 3351 3578 3395 naturas

2011 3422 2130 3462 eSsc
2160 3409 2385 3461 fatemur
2407 3449 2421 3471 ,
2453 3409 2741 3465 divinitatis
2779 3410 2980 3464 scilicet
3007 3417 3062 3463 et
3087 3411 3456 3475 lttmianitalis,
3488 3429 3575 3464 as-

2011 3479 2314 3546 sumptricis
2350 3488 2404 3532 et
2439 3492 2753 3548 assutnptze,
2793 3479 3064 3550 creatricis
3101 3489 3154 3533 et
3178 3491 3370 3533 create
3406 3500 3419 3534 :
3461 3499 3578 3550 quae

2014 3557 2188 3602 tamen
2210 3549 2518 3602 substantiae
2543 3565 2650 3602 non
2677 3557 2802 3603 sunt
2819 3549 3074 3612 confusa;
3102 3552 3192 3605 sed
3219 3553 3398 3613 unitas,
3421 3549 3580 3618 atque

2014 3617 2065 3671 in
2110 3633 2211 3671 tina
2250 3619 2540 3688 eademque
2585 3634 2808 3687 persona
2850 3619 3248 3687 inseparabiles.
3293 3629 3348 3674 et
3387 3621 3438 3674 in
3483 3617 3576 3674 sua

2012 3702 2226 3760 semper
2255 3690 2572 3757 proprietate
2601 3697 2893 3743 manentes.
2937 3693 3269 3760 Quapropter
3299 3688 3580 3758 unicuique

2012 3758 2319 3829 substantia:
2347 3761 2556 3829 propria
2589 3761 2767 3828 utique
2791 3761 3014 3828 aptanda
3046 3758 3190 3825 sunt,
3217 3760 3267 3813 id
3297 3771 3398 3824 est,
3431 3763 3577 3814 inlir-

2013 3829 2222 3900 mitates
2261 3828 2603 3900 humanitati,
2645 3845 2762 3897 qua:
2790 3841 2964 3884 creata
3003 3841 3116 3894 est;
3158 3833 3304 3900 signa
3346 3847 3472 3884 vero
3500 3834 3579 3884 vel

2015 3898 2274 3952 mirabilia
2299 3898 2591 3964 divinitati,
2613 3915 2731 3968 quze
2753 3901 2969 3953 creavit.
3003 3901 3056 3952 In
3085 3898 3285 3954 tantum
3336 3902 3476 3954 enim
3501 3902 3584 3954 hie

2014 3968 2132 4021 dua:
2171 3981 2372 4022 naturze
2401 3971 2612 4023 sibimet
2641 3971 2796 4022 tlltila!
2824 3981 2948 4022 sunt
2984 3980 3141 4039 atque
3173 3971 3496 4038 conjunctae,
3525 3983 3582 4024 ut

2015 4039 2154 4092 idem
2176 4050 2332 4107 atque
2357 4039 2492 4092 idem
2518 4041 2758 4093 Christus
2781 4040 2916 4092 Deus
2936 4048 2990 4092 et
3014 4040 3172 4092 homo
3192 4041 3472 4108 aliquando
3496 4057 3582 4094 res

2013 4117 2104 4160 aut
2127 4117 2243 4176 agat
2271 4117 2365 4161 aut
2400 4109 2641 4178 loquatur
2665 4109 2920 4162 humanas
2939 4147 2954 4172 ,
2983 4109 3265 4178 aliquando
3296 4125 3420 4163 vero
3444 4110 3582 4163 divi-

2015 4193 2110 4231 nas
2136 4195 2154 4250 :_
2177 4178 2313 4232 sicut
2338 4189 2420 4250 est
2451 4178 2579 4232 illud
2607 4179 2747 4250 quod
2787 4179 2982 4250 dormit
3019 4179 3070 4232 in
3101 4180 3254 4240 navi,
3278 4189 3334 4250 et
3362 4181 3584 4250 imperat

2014 4247 2187 4320 ventis
2214 4255 2270 4320 et
2295 4249 2462 4320 mari;
2487 4247 2747 4320 autquod
2775 4249 3024 4320 esurierit
3043 4289 3057 4312 ,
3093 4259 3148 4304 et
3174 4249 3314 4320 quod
3349 4247 3582 4320 quinque

2016 4317 2176 4390 millia
2213 4317 2483 4390 hominum
2513 4318 2581 4372 de
2602 4317 2838 4388 quinque
2865 4319 3088 4390 panibus
3113 4327 3167 4374 et
3189 4317 3396 4373 duobus
3423 4317 3584 4390 pisci-

2014 4387 2126 4460 bus.
2159 4389 2513 4460 saturaverit;
2547 4387 2833 4456 postremo,
2878 4389 3018 4456 quod
3064 4390 3304 4460 moritur,
3345 4398 3399 4442 et
3424 4387 3581 4460 'quod

2015 4455 2272 4538 Lazarum
2310 4455 2716 4538 quatriduanum
2761 4455 3076 4514 aucturitate
3115 4459 3291 4514 divina
3330 4455 3514 4530 jubeat
3553 4479 3581 4511 ει

2014 4529 2238 4580 mortuis
2263 4529 2518 4583 revocari.

2083 4597 2138 4651 2.
2169 4595 2383 4652 Ratline
2409 4599 2645 4653 humana:
2669 4607 2864 4654 natura:
2887 4616 2942 4654 se
2967 4609 3185 4653 creatum
3205 4600 3344 4653 dicit.
3369 4598 3586 4654 Ratione

2015 4678 2181 4720 autem
2210 4669 2393 4723 diuina:
2418 4679 2536 4722 ante
2572 4685 2768 4723 ontnem
2807 4679 3105 4723 creaturam.
3140 4670 3220 4724 Ex
3257 4686 3363 4739 quo
3401 4673 3582 4724 mirari

2017 4739 2339 4801 ttondebcs,
2380 4739 2424 4793 si
2459 4739 2704 4794 Christus
2739 4739 2806 4793 de
2851 4741 3176 4794 humanitate
3216 4755 3310 4793 sua
3353 4739 3581 4801 dixerit,

2019 4808 2264 4862 Dominus
2287 4811 2468 4863 creavit
2495 4827 2573 4862 me
2594 4811 2736 4862 initio
2761 4810 2951 4862 viarum
2968 4826 3171 4862 suarum
3199 4809 3250 4862 in
3271 4827 3424 4879 opera
3450 4827 3543 4865 sua
3567 4827 3586 4864 :

2015 4879 2136 4953 quia
2163 4879 2490 4953 subsequens
2517 4879 2746 4953 dictum,
2768 4881 2891 4953 quid
2921 4880 3178 4934 divinitati
3204 4881 3546 4935 conveniebat
3570 4924 3582 4940 .

2015 4949 2178 5018 priori
2226 4951 2500 5018 pra-misso
2543 4949 2795 5003 ostendit'
2817 4950 3038 5014 dicens,
3092 4969 3110 5000 ι
3157 4954 3292 5004 Ante
3335 4953 3618 5006 s:eculum-~

2023 5037 2041 5070 ‹
2077 5019 2310 5072 fundavit
2349 5035 2434 5073 me
2476 5020 2626 5073 initio
2665 5021 2966 5088 priusquam
3017 5031 3212 5074 terram
3260 5021 3489 5086 faceret,
3533 5032 3588 5075 ct

2023 5108 2041 5141 ι
2079 5091 2386 5160 priusquam
2427 5091 2648 5160 abyssos
2695 5089 2916 5153 faceret,
2972 5091 3274 5159 priusquam
3319 5093 3588 5160 prodirent

2023 5177 2040 5210 ι
2076 5161 2251 5213 fontes
2286 5175 2577 5228 aquarum,
2612 5161 2912 5230 priusquam
2945 5171 3154 5216 montes
3182 5161 3543 5216 stabilirentur
3573 5181 3583 5214 :

2023 5248 2041 5280 ι
2079 5241 2201 5283 ante
2231 5244 2418 5300 onmes
2465 5240 2639 5283 autem
2689 5231 2852 5284 colles
2895 5233 3073 5300 genuit
3117 5247 3220 5284 me.
3277 5250 3296 5283 ι
3347 5232 3456 5286 lloc
3509 5243 3588 5284 est
3674 5270 3680 5278 .

2017 5301 2212 5364 dicere,
2229 5299 2374 5353 Licet
2399 5301 2660 5354 creaverit
2683 5316 2768 5354 me
2794 5299 2952 5365 Deus,
2969 5311 3025 5355 ut
3055 5302 3256 5356 initium
3275 5301 3472 5354 viarum
3503 5313 3586 5354 at--

2017 5411 2338 5524 diég)8()lim,
2374 5413 2440 5462 de
2479 5412 2648 5463 Verbis
2684 5414 2866 5464 Domini
2904 5413 2992 5476 58;
3039 5423 3091 5464 et
3127 5423 3264 5478 post,
3315 5417 3362 5465 in
3400 5424 3587 5477 Appen-

2109 5487 2122 5506 ὶ

2109 5488 2122 5506 ὶ

2051 5488 2304 5643 1ῗῦῗῖἒίον
2327 5547 2438 5598 pars
2459 5545 2536 5585 est
2554 5539 2798 5597 Augustini
2823 5545 3066 5585 Tractatus
3087 5537 3147 5586 78
3171 5538 3218 5585 in
3241 5539 3432 5585 Joannis
3447 5543 3592 5586 Evan-

2055 5612 2082 5643 ιι
2105 5599 2220 5643 ium.
2243 5599 2480 5643 Posterior
2502 5600 2564 5643 ab
2702 5601 2881 5643 verbis.
2908 5617 2928 5643 ι
2947 5600 3180 5643 tiblieittnt
3209 5601 3347 5643 nobis
3369 5609 3540 5643 aram-
3565 5616 3586 5643 ο

2018 5599 2220 5668 gelittm.
2243 5599 2484 5668 Posterior
2502 5600 2564 5647 ab
2702 5601 2881 5658 verbis,
2908 5617 2928 5643 ι
2947 5600 3180 5660 tilijieiunt
3209 5601 3347 5648 nobis
3369 5609 3540 5657 Aram,
3565 5616 3586 5644 ο

2021 5667 2096 5706 est
2117 5667 2286 5708 Incerti
2310 5667 2534 5708 auctoris.

2083 5722 2152 5778 (ι’)
2177 5723 2255 5769 llic
2269 5723 2594 5782 oruissasuut,
2609 5735 2718 5784 qum
2735 5722 2832 5783 jam
2852 5721 3001 5769 habes
3017 5721 3061 5767 in
3079 5729 3292 5770 “tractatu
3310 5722 3371 5770 ’18
3393 5724 3441 5770 in
3458 5729 3596 5772 toan:

2022 5796 2151 5830 ιιυιιι.
