4072 6362
266 361 404 420 220!

267 476 433 528 ritum
451 514 468 540 ,
499 471 645 544 quod
667 471 716 544 ei
742 469 881 544 male
905 471 1099 544 merito
1123 469 1515 544 rependebatur
1534 471 1850 528 indebitum.

265 544 424 624 Quod
470 542 1018 624 ergo'Deisapientia
1065 545 1244 624 potuit,
1281 542 1453 623 facere
1479 545 1763 624 sapienter
1777 551 1854 624 et

267 613 482 668 fortiter
505 655 520 672 .
544 613 713 668 voluit
738 613 913 667 facere
933 613 1165 666 suaviter
1185 651 1201 677 ,
1233 614 1422 666 uniens
1448 613 1548 666 sibi
1575 613 1854 667 infirmita-

268 692 384 753 tem
411 686 585 738 carnis
613 693 807 737 nostrae
828 726 842 748 ,
867 699 1022 753 quam
1054 685 1224 753 primo
1251 683 1302 736 in
1330 698 1389 737 se
1414 694 1656 746 sanaret;
1686 691 1740 738 et
1758 699 1851 752 per

269 752 413 808 hanc
433 755 581 822 quasi
608 752 975 809 medicinalem
997 752 1382 808 coniectionem
1410 755 1589 824 generi
1622 755 1852 824 humano

270 824 555 894 sanitatem
603 827 946 880 restitueret:
984 839 1090 878 non
1121 824 1262 892 quod
1305 840 1409 878 non
1441 826 1669 894 potuerit
1697 823 1852 894 aliter

271 892 393 948 ﬁeri
419 936 429 956 ,
453 902 705 964 quantum
734 894 800 949 ad
823 894 1065 963 peritiam
1095 903 1148 948 et
1169 892 1456 963 potentiam
1485 894 1668 948 Medici
1695 911 1709 958 ;
1757 893 1852 948 sed

267 964 401 1032 quia
452 980 556 1017 non
598 966 768 1033 potuit
806 965 1136 1019 commodius
1186 965 1478 1019 antidotum
1533 964 1848 1033 procurari,

269 1043 531 1103 quantum
558 1035 623 1105 ad
652 1036 1079 1103 complexionem
1110 1035 1310 1105 tegroti.
1344 1035 1492 1102 Quod
1519 1035 1659 1090 enim
1699 1035 1847 1100 inﬁr-

266 1119 420 1175 mum
435 1113 508 1158 est
547 1103 676 1170 Dei,
707 1106 889 1175 fortius
915 1116 986 1160 est
1034 1103 1317 1175 hominibus
1345 1120 1363 1158 :
1392 1115 1436 1159 et
1460 1107 1599 1175 quod
1645 1105 1853 1158 stultum

263 1183 347 1228 est
380 1173 481 1227 Dei
501 1216 514 1238 ,
538 1173 912 1248 sapientiusrest
939 1176 1220 1248 hominibus
1248 1173 1288 1244 (l
1319 1173 1483 1248 σοι-,ζὴ
1506 1217 1532 1248 ,_
1560 1175 1683 1248 35h).
1726 1175 1852 1248 Haec

269 1258 434 1298 causa
463 1239 617 1300 nobis
644 1239 889 1314 specialis
917 1261 1035 1302 esse
1053 1239 1264 1301 videtur
1280 1287 1295 1310 ,
1324 1239 1533 1300 cnr'Dei
1559 1245 1721 1299 Filius
1751 1245 1849 1298 ho-

268 1315 472 1368 minem
497 1315 713 1370 induere
743 1317 970 1373 voluerit
989 1358 1003 1378 ,
1037 1326 1089 1371 et
1114 1317 1248 1371 inter
1269 1315 1510 1371 homines
1525 1316 1850 1384 conversari,

270 1393 334 1438 ut
363 1385 738 1440 mortalitatem
769 1403 926 1454 quam
947 1402 974 1440 a
998 1387 1152 1442 nobis
1170 1388 1407 1454 accepit,
1445 1385 1720 1440 moriendo
1761 1400 1852 1440 su-

269 1465 525 1525 peraret,
556 1465 610 1510 ct
656 1466 896 1511 naturam
949 1466 1180 1511 nostram
1234 1472 1389 1525 supra
1422 1458 1603 1525 prinue
1633 1455 1852 1525 originis

270 1523 583 1594 dignitatem
608 1537 901 1596 reparatam
925 1543 1106 1582 secum
1133 1527 1197 1580 ad
1220 1523 1668 1581 immortalitatem
1700 1523 1842 1580 revo-

270 1604 456 1660 caret;
484 1605 542 1650 ut
582 1611 647 1650 eo
695 1607 1005 1664 sequeretur
1031 1598 1298 1652 humilitas
1327 1599 1533 1666 gregis,
1565 1611 1671 1665 quo
1713 1611 1851 1664 prte-
1920 1604 1922 1607 '

269 1667 438 1721 cessit
489 1667 753 1722 celsitudo
779 1669 1024 1736 pastoris.
1051 1668 1138 1724 Sic
1188 1668 1366 1722 radius
1395 1667 1522 1723 solis
1574 1669 1849 1721 humorem

270 1751 433 1807 quem
461 1736 525 1790 ad
564 1753 621 1792 se
653 1737 812 1792 trahit
835 1739 1105 1802 exsiccat;
1137 1739 1249 1807 ipse
1281 1748 1455 1792 tamen
1491 1739 1738 1792 virtutem
1769 1736 1848 1807 sui

271 1804 472 1887 caloris
490 1816 545 1861 et
572 1807 872 1887 splendoris
915 1825 1013 1864 nec
1051 1804 1312 1887 minarat,
1347 1824 1446 1863 nec
1473 1810 1734 1887 immutat.
1763 1806 1850 1862 Sic

272 1877 416 1945 ignis
438 1878 711 1932 materiam
734 1895 892 1948 quam
917 1880 1170 1946 assumit,
1202 1879 1254 1932 in
1284 1894 1342 1933 se
1363 1882 1655 1942 convertit;
1694 1888 1848 1948 natu-

270 1961 390 2000 ram
421 1963 548 2002 vero
577 1963 726 2002 suam
755 1948 873 2003 ideo
899 1965 997 2003 nec
1049 1957 1252 2015 mutat,
1304 1965 1404 2004 nec
1432 1950 1641 2004 minuit.
1689 1947 1851 2001 Multo

272 2015 468 2071 fortius
493 2017 581 2070 ille
606 2018 769 2088 ignis,
801 2019 866 2073 de
916 2035 1022 2088 quo
1057 2020 1281 2083 dicitur,
1328 2018 1464 2073 Deus
1516 2028 1683 2072 noster
1720 2019 1854 2088 ignis

272 2101 576 2159 ςοιιειιιηεηε
590 2099 662 2141 est
688 2087 859 2158 (Deut.
889 2087 964 2153 tv,
989 2088 1104 2159 24),
1133 2090 1508 2144 mortalitatem
1541 2099 1593 2142 et
1622 2087 1850 2159 passibi-

273 2155 476 2229 litatem
502 2155 738 2212 nostram
770 2159 819 2212 in
848 2175 906 2214 se
927 2155 1210 2228 assumpsit
1235 2169 1287 2214 et
1306 2155 1702 2229 absumpsit;’et
1728 2157 1852 2229 inde

273 2227 442 2308 gratia
473 2229 715 2308 sanitatis
753 2238 919 2284 totum
963 2227 1157 2308 carpas
1198 2227 1508 2298 resumpsit.
1537 2227 1774 2283 Mirabile
1790 2237 1853 2308 et

274 2299 692 2369 incomparabile
715 2315 882 2366 gemis
903 2300 1176 2354 medicinae
1201 2342 1215 2365 ,
1246 2309 1460 2369 propter
1487 2315 1644 2369 quam
1685 2299 1851 2352 medi-

275 2316 692 2364 mcomparauue
715 2316 882 2366 genus
903 2316 1176 2354 menteuno
1201 2342 1215 2365 ,
1246 2316 1340 2369 pro
1381 2316 1460 2354 ter
1487 2316 1644 2369 quam
1685 2316 1851 2352 meat-

274 2381 373 2440 c_t_ts
397 2368 560 2421 voluit
583 2380 869 2440 aegrotare,
901 2379 956 2424 et
981 2380 1231 2440 :rgrotos,
1253 2316 1443 2440 quibus
1462 2371 1649 2424 salutis
1678 2383 1854 2424 reme-

276 2437 425 2506 dium
467 2437 814 2506 procui-abat,
841 2454 934 2494 sua
959 2437 1192 2495 decrevit
1214 2437 1518 2495 infirmitate
1543 2454 1753 2494 sanare.

347 2505 548 2580 2._N_ec
581 2509 672 2562 sibi
700 2511 974 2580 quidquam
997 2511 1210 2564 addidit.
1251 2508 1344 2564 Nil
1371 2512 1502 2564 enim
1535 2510 1690 2564 nostri
1714 2508 1851 2562 indi-

276 2586 379 2650 get.
413 2577 465 2632 In
489 2577 1003 2650 hocapparet'quam
1035 2580 1430 2650 incomparabili
1451 2581 1727 2650 charitater
1754 2594 1854 2634 nos

277 2647 558 2720 dilexerit;
589 2647 709 2720 quia
739 2651 791 2703 in
820 2647 886 2706 eo
911 2651 1052 2720 quod
1081 2647 1382 2706 desertores
1420 2665 1543 2706 suos
1571 2649 1812 2719 quaesivit
1833 2689 1849 2715 ,

276 2732 462 2790 semen
485 2717 712 2790 Abraha:
739 2717 1126 2790 apprehendit,
1156 2730 1396 2776 errantes
1437 2717 1642 2776 reduxit
1667 2761 1703 2790 ,ί
1726 2735 1851 2773 sau-

278 2787 394 2842 cios
430 2788 668 2852 curavit;
719 2787 850 2844 nihil
876 2791 976 2845 sibi
1006 2791 1237 2855 addidit,
1263 2807 1368 2848 non
1396 2801 1477 2846 est
1517 2791 1638 2844 inde
1686 2789 1853 2843 factus

280 2857 442 2912 altior
460 2899 475 2923 ,
508 2874 612 2912 non
634 2869 715 2914 est
738 2859 908 2916 factus
931 2860 1052 2917 inde
1093 2862 1315 2918 beatior.
1337 2859 1470 2916 Tota
1498 2861 1612 2914 haec
1635 2859 1852 2926 dispen-

279 2927 418 2982 satio
447 2939 642 2984 nostra
662 2930 874 2985 utilitati
907 2932 1172 2986 consuluit
1190 2972 1204 2991 ,
1231 2942 1427 2985 nostrae
1471 2931 1627 2986 saluti
1654 2931 1852 2984 milita-

279 2999 383 3054 vit:
415 2998 607 3053 divin-.e
633 3001 882 3069 potentiae
907 3002 980 3055 nil
1004 3002 1242 3056 contulit.
1288 3003 1418 3056 Nam
1460 3010 1514 3056 et
1555 3017 1674 3055 eum
1704 3015 1853 3055 esse-

279 3083 400 3122 mus
417 3084 540 3122 vasa
556 3072 910 3142 conttmtelim,
931 3073 1310 3140 omnipotentis
1330 3073 1467 3142 figuli
1491 3087 1702 3126 manum
1730 3071 1856 3142 eil‘u-

280 3151 412 3210 gere
437 3154 540 3192 non
574 3141 840 3207 potuimus
872 3159 884 3194 :
915 3143 1157 3196 utebatur
1183 3144 1322 3197 vasis
1345 3141 1436 3196 ιτς»
1464 3141 1856 3210 proutvolebat

282 3208 347 3282 ad
371 3211 850 3282 manifestationem
873 3229 981 3267 suae
1005 3213 1217 3282 gloria);
1251 3213 1328 3267 sic
1367 3208 1508 3266 enim
1543 3212 1742 3266 dictum
1771 3219 1856 3266 est

282 3277 580 3358 Pharaoni,
612 3279 794 3336 Inchoc
814 3283 978 3352 ipsum
1005 3277 1217 3358 ἔτρειαυὶ
1239 3293 1317 3346 te,
1345 3292 1399 3336 ut
1419 3281 1677 3358 ostendam
1709 3282 1764 3335 in
1809 3288 1858 3358 te

284 3353 516 3404 virtutem
545 3367 741 3418 meam,
773 3363 819 3406 et
863 3353 1184 3406 annuutietur
1223 3370 1400 3406 nomen
1431 3369 1594 3406 meum
1640 3353 1694 3406 in
1741 3353 1859 3405 uni-

283 3434 423 3492 versa
446 3429 580 3492 terra
602 3419 794 3492 (Emod.
827 3439 878 3476 ιχ
898 3463 914 3488 ,
944 3423 1052 3492 i9).
1083 3423 1266 3477 Nonne
1293 3433 1348 3477 ct
1383 3423 1652 3477 tltcmmtes
1673 3465 1687 3486 ,
1734 3438 1854 3476 cum

282 3505 312 3541 a
346 3489 570 3562 Domino
595 3491 913 3562 ejicerentur
932 3489 1332 3562 de'corporibus
1357 3493 1586 3547 obsessis
1604 3532 1622 3559 ,
1675 3493 1856 3546 Domi-

284 3573 412 3632 num
438 3560 839 3632 glorilieabaint,
893 3564 1104 3632 quando
1121 3560 1405 3629 dicebant,
1455 3564 1589 3630 Quid
1643 3563 1784 3616 nobis
1809 3571 1858 3616 et

287 3627 405 3691 tibi,
432 3628 558 3683 Jesu
589 3630 693 3701 ili
719 3630 814 3686 Dei
835 3627 968 3687 vivi?
1004 3635 1124 3701 quid
1173 3635 1346 3687 venisti
1384 3627 1500 3687 ante
1528 3643 1722 3701 tempus
1749 3644 1856 3686 tor—

354 3715 437 3774 ere
460 3699 791 3774 nos__(&iattlt.
833 3719 953 3766 vm,
978 3699 1109 3774 ‘29)?
1151 3704 1370 3757 Constat
1414 3719 1540 3772 ergo
1567 3699 1638 3758 ex
1669 3703 1751 3756 his
1804 3710 1860 3756 et

326 3769 758 3843 ujusmodi'aliis,
785 3775 907 3842 quia
934 3769 1110 3827 divina
1142 3769 1502 3827 vittttsnostra
1525 3773 1859 3843 reparatione

289 3855 396 3911 non
427 3841 604 3910 eguit;
641 3842 733 3896 sed
763 3841 936 3897 tamen
968 3860 1027 3896 ea
1071 3843 1302 3897 bonitate
1328 3860 1427 3911 qua
1461 3860 1558 3897 nos
1582 3841 1817 3897 condidit
1839 3884 1854 3908 ,

285 3909 478 3964 eadem
502 3925 599 3965 nos
628 3911 915 3967 reformare
940 3914 1104 3968 voluit
1136 3931 1148 3966 :
1180 3923 1234 3967 et
1261 3913 1325 3966 ad
1349 3909 1466 3968 hoc
1506 3915 1860 3968 medicamen-

287 3987 400 4060 tum
419 3995 536 4060 .non
559 3997 729 4060 quam
744 3982 880 4037 forte
901 3985 1102 4051 potuit,
1125 3985 1217 4038 sed
1239 4000 1395 4060 quam
1425 3985 1592 4038 lenius
1625 3985 1859 4060 comple-

287 4051 431 4124 xiqni
458 4055 1084 4124 a-grotatttisicompetere
1111 4057 1407 4121 perspexit,
1429 4055 1692 4124 apposuit.

356 4121 424 4193 δε
439 4121 686 4192 Analogia
713 4121 899 4177 Christi
921 4140 1032 4177 cum
1054 4124 1210 4193 perito
1227 4125 1436 4177 medico.
1463 4121 1648 4179 Solent
1667 4124 1861 4193 quippe

287 4190 566 4263 medicina}
595 4190 747 4261 periti
773 4190 1149 4262 aegritudines,
1203 4210 1334 4263 quas
1381 4194 1640 4248 curandas
1687 4190 1863 4249 susci-

289 4261 480 4334 piunt,
507 4262 790 4334 aliquando
818 4261 1004 4318 curare
1027 4281 1119 4332 per
1138 4261 1405 4318 contraria
1423 4306 1438 4327 ,
1465 4265 1750 4333 aliquando
1768 4281 1862 4334 per

289 4331 499 4384 similia.
534 4332 644 4386 lloc
673 4335 791 4388 t’ecit
822 4331 1073 4390 Dominus
1097 4343 1278 4388 noster
1303 4334 1457 4388 Jesns
1473 4331 1735 4400 Christus,
1767 4331 1860 4389 sua

290 4411 598 4472 paupertate
622 4417 718 4457 nos
746 4404 919 4457 ditans
942 4445 956 4466 ,
987 4420 1080 4458 sua
1113 4405 1405 4460 lmmilitale
1435 4420 1532 4458 nos
1554 4406 1860 4469 sublevans,

288 4487 384 4540 sua
400 4471 403 4472 ⁷
419 4471 725 4526 infirmitate
753 4490 851 4528 nos
873 4489 1065 4528 sanans
1086 4516 1100 4540 ,
1129 4491 1222 4530 sua
1247 4485 1418 4530 morte
1441 4490 1538 4529 nos
1564 4475 1858 4530 vivificaris.

287 4539 379 4596 Sic
400 4543 604 4612 ratione
642 4544 916 4599 medicina:
945 4539 1093 4599 sicca
1126 4544 1382 4608 humidis,
1415 4545 1627 4599 humida
1667 4546 1822 4600 siccis
1843 4587 1859 4612 ,

289 4611 461 4684 calida
490 4612 693 4683 frigidis
719 4624 1059 4684 Opponuntur
1088 4633 1102 4669 :
1134 4623 1188 4669 et
1213 4617 1384 4668 minus
1415 4615 1568 4670 fortia
1597 4616 1863 4670 contraria

286 4681 651 4756 aforiioribus
686 4681 966 4756 contrariis
995 4686 1492 4753 supervenientibus
1521 4699 1861 4756 superantur.

289 4749 463 4824 Simili
493 4755 696 4808 ratione
729 4755 918 4809 similia
945 4749 1208 4809 similibus
1235 4749 1602 4824 apponuntur,
1633 4772 1752 4810 cum
1781 4772 1866 4810 se-

289 4823 522 4878 cundum
551 4826 898 4893 quantitatem
915 4826 1185 4879 vulnerum
1204 4826 1287 4880 vel
1308 4823 1570 4880 tumorum
1596 4843 1866 4881 commen-

288 4903 505 4947 suralur
525 4894 794 4964 longitudo
823 4897 903 4951 vel
933 4896 1153 4950 latitudo
1176 4897 1578 4962 epithematum.
1607 4898 1696 4951 Sic
1719 4913 1868 4951 scor-

289 4963 469 5036 pionis
511 4963 698 5019 carnes
746 4966 865 5020 oleo
907 4975 1071 5020 cocta:
1112 4967 1542 5036 percussionibus
1587 4967 1868 5021 medentur

291 5035 665 5102 scorpionum;
696 5035 772 5090 sic
797 5036 1026 5090 tlteriaca
1057 5036 1126 5092 de
1145 5038 1410 5106 serpentis
1432 5053 1593 5092 carne
1622 5036 1865 5091 confecta

290 5105 560 5177 morsibus
609 5108 932 5174 serpentinis
972 5105 1250 5173 occurrit,
1289 5118 1337 5161 et
1395 5109 1636 5177 potiones
1662 5123 1868 5162 veneno

291 5174 515 5246 infectas
547 5175 596 5246 in
619 5185 745 5245 potu
773 5190 979 5244 Sumpta
1006 5178 1238 5246 expellit.
1270 5178 1349 5231 Ad
1389 5174 1523 5233 hanc
1561 5177 1866 5233 similitudi-

292 5261 413 5299 nem
455 5244 691 5300 liledicns
733 5257 913 5301 noster
939 5244 1160 5301 mortem
1187 5249 1364 5303 carnis
1405 5259 1602 5303 nostra:
1647 5250 1714 5304 de
1751 5264 1869 5302 ser-

295 5323 451 5385 pente
472 5317 771 5370 venientem
799 5318 974 5371 carnis
994 5333 1104 5371 sua:
1132 5329 1303 5373 morte
1327 5321 1569 5386 sanavit,
1599 5327 1654 5374 ct
1681 5318 1746 5373 ad
1771 5320 1868 5372 itu-

293 5387 632 5440 mortalitatis
679 5401 788 5441 sua:
835 5389 1065 5456 speciem
1117 5388 1169 5443 in
1219 5399 1460 5457 tempore
1521 5390 1871 5444 restitutionis

292 5456 660 5529 eomplendam
689 5457 1016 5513 reformavit.
1043 5458 1140 5514 Ubi
1166 5456 1467 5529 diligentius
1490 5460 1868 5516 attendendum

293 5536 379 5582 est
400 5569 416 5592 ,
445 5527 584 5596 quod
611 5543 756 5601 mors
782 5545 900 5601 quae
936 5544 1057 5601 per!
1093 5527 1290 5601 iignum
1328 5532 1505 5596 venit,
1535 5546 1628 5599 per
1669 5531 1870 5601 lignum

294 5606 544 5672 superata
568 5607 675 5672 est.
702 5599 768 5672 _Et
786 5599 906 5672 ipsa
935 5599 1062 5672 ligni
1082 5599 1252 5655 forma
1282 5600 1592 5672 longitudini
1617 5611 1670 5656 et
1693 5599 1870 5655 latitu-

294 5669 403 5723 dini
441 5676 497 5742 et
535 5667 1060 5724 altitudini'humani
1107 5672 1346 5739 corporis
1376 5667 1713 5742 'eonfigttrata
1741 5681 1823 5742 est
1854 5689 1868 5724 :

294 5753 402 5806 quo
421 5739 562 5791 sicut
584 5747 750 5810 totum
781 5754 974 5810 corpus
1014 5750 1214 5794 motum
1243 5750 1324 5795 est
1343 5782 1357 5807 ,
1392 5752 1448 5795 ιιι
1474 5739 1662 5795 manus
1686 5741 1750 5794 ad
1780 5758 1872 5796 ve-

298 5812 453 5864 titum
483 5809 926 5881 ostenderentur;
957 5811 1028 5866 ita
1072 5827 1262 5882 corpus
1291 5827 1386 5883 per
1409 5813 1587 5868 omnia
1634 5813 1869 5869 membra

1629 356 1858 416 SERMO
1893 355 2181 436 ccxmn.

3391 367 3534 424 2202

1959 488 2054 528 sua
2079 473 2315 550 inci-nee
2337 471 2730 550 distenderetur
2747 517 2763 541 ,
2790 483 2847 533 et
2871 485 3038 550 totum
3078 477 3219 550 quod
3249 488 3396 536 reatu
3440 498 3534 550 pa-

1960 544 2301 619 icrnidelicti
2332 544 2660 619 confractum
2693 547 2895 619 fuerat,
2921 547 3077 619 hujus
3097 544 3386 619 'empiastri
3415 544 3533 606 ma-

1959 613 2223 692 laxaiione
2247 615 2686 692 consolidareiur.
2719 617 2826 671 Sed
2855 613 3402 692 huic'medica'mento
3439 639 3534 692 per

1959 685 2145 738 similia
2176 685 2500 754 composito,
2535 685 2827 742 admixtum
2875 696 2958 742 est
2987 690 3146 744 etiam
3175 685 3536 748 medicamen-

1959 765 2070 810 tum
2098 755 2288 810 factum
2313 772 2406 822 per
2425 756 2745 823 oppositum.
2775 757 2902 812 Nam
2937 757 3022 812 hic
3051 762 3258 815 sanavit
3284 763 3531 818 obedieno

1960 826 2064 891 tia,
2105 826 2244 901 quod
2287 825 2356 880 ibi
2400 836 2710 901 corruperat
2752 829 3104 884 inobedientia
3137 848 3152 901 ξ
3183 841 3235 886 et
3289 833 3430 901 quod
3461 833 3532 888 ibi

1957 896 2572 965 eoutaminaveratguhe
2615 897 3091 968 oblectamentum,
3143 900 3228 957 hic
3276 896 3532 958 reformat

1957 969 2130 1021 crucis
2156 976 2498 1022 tormentum.

2029 1037 2077 1090 4.
2111 1037 2302 1106 Figura
2329 1038 2490 1090 crucis
2514 1037 2742 1106 mystica.
2792 1038 3104 1094 Continetttr
3127 1041 3178 1095 in
3209 1040 3310 1097 hac
3353 1043 3531 1099 crucis

1959 1105 2120 1172 figura
2149 1105 2306 1160 altius
2351 1105 2740 1180 sacramentum
2773 1127 2786 1162 :
2813 1110 2950 1176 quod
2972 1123 3174 1180 quanto
3217 1122 3299 1166 est
3327 1113 3486 1168 altius
3512 1155 3529 1177 ,

1959 1177 2598 1253 tanto_est_attendeudtuu
2625 1178 2946 1253 diligentius.
2970 1177 3281 1253 intelligitur
3303 1199 3531 1253 namque

1959 1249 2015 1301 in
2038 1248 2312 1302 latitudine
2332 1249 2504 1302 crucis
2530 1248 2744 1302 dilectio
2767 1250 2986 1316 proximi
3009 1291 3024 1314 ,
3051 1248 3167 1316 quae
3199 1268 3302 1306 non
3328 1248 3531 1309 tantum

1959 1268 2015 1301 ιιι
2038 1268 2312 1302 tautuume
2332 1268 2504 1302 Cl'llClS
2530 1268 2744 1302 UIICCIIO
2767 1268 2986 1316 pI'OXIllll
3009 1291 3024 1314 ν
3089 1269 3167 1304 IIII!
3199 1268 3302 1306 non
3328 1268 3531 1309 tantum

1957 1333 2139 1392 usque
2159 1319 2223 1371 ad
2266 1319 2475 1392 amicos
2501 1319 2640 1392 ,Ased
2687 1320 2861 1392 etiam
2894 1268 3223 1392 exteniienda
3254 1333 3335 1377 est
3366 1340 3531 1392 usque

1957 1388 2020 1462 ad
2053 1388 2360 1462 diiigendos
2399 1388 2657 1462 inimicos.
2701 1388 3009 1459 Intelligitur
3045 1407 3252 1461 quoque
3289 1394 3338 1446 itt
3383 1388 3531 1462 ejus-

1957 1457 2077 1511 dem
2107 1458 2434 1541 longitudine
2483 1459 2633 1540 longa
2677 1470 2741 1540 .et
2788 1457 3132 1541 perseverans
3167 1457 3427 1541 'laluirtttn'
3454 1472 3534 1541 _et

1956 1529 2383 1600 persecutionum
2413 1529 2722 1582 sustinentia
2743 1572 2756 1594 ,
2791 1545 2946 1599 quam
2975 1531 3234 1600 patienter
3261 1531 3400 1587 ferre
3436 1533 3532 1586 de-

1957 1597 2046 1652 bet
2074 1599 2150 1672 ad
2169 1601 2388 1672 patriam
2437 1601 2708 1672 suspirans
2760 1597 2936 1653 nostra
2976 1597 3374 1672 peregrinatio,
3425 1614 3530 1657 tam

1957 1684 2053 1738 pro
2082 1669 2364 1724 dilectione
2393 1670 2749 1738 proximorum
2771 1686 2928 1738 quam
2959 1687 3052 1738 pro
3077 1669 3400 1725 exhibitione
3417 1688 3532 1731 om-

1957 1739 2098 1810 nium
2129 1740 2384 1793 honorum
2438 1754 2678 1808 operum.
2732 1740 3013 1810 Figuratur
3036 1742 3192 1794 simili
3226 1743 3429 1796 ratione
3479 1743 3531 1796 in

1955 1809 2230 1881 altitudine
2250 1811 2366 1881 ejus
2410 1811 2702 1881 eminentia
2743 1809 2893 1881 spei,
2939 1821 3220 1879 penetrans
3253 1829 3418 1881 u~que
3463 1811 3532 1866 ad

1956 1879 2204 1952 interiora
2233 1879 2554 1952 velaminis;
2576 1881 2662 1952 ubi
2705 1880 2905 1952 visione
2939 1882 3096 1952 pacis
3147 1879 3485 1952 pet'lruentttr
3513 1923 3530 1945 ,

1957 1951 2041 2020 qui
2071 1950 2158 2006 hic
2185 1967 2213 2003 a
2241 1950 2443 2005 civibus
2468 1949 2768 2020 Babyloniae
2800 1949 3162 2019 multipliciter
3189 1961 3529 2017 exercentur,

1955 2018 2125 2074 donec
2157 2021 2207 2074 in
2257 2021 2552 2090 libertatem
2579 2018 2760 2090 glorim
2805 2018 3031 2074 tiliornm
3062 2021 3150 2075 Dei
3193 2036 3222 2075 a
3277 2025 3531 2076 servitute

1955 2091 2310 2158 corruptionis
2341 2089 2496 2158 hujus
2526 2089 2834 2144 liberentur.
2855 2089 3176 2158 Significavit
3195 2090 3329 2145 hanc
3353 2092 3533 2144 chari-

1956 2162 2076 2214 tatis
2129 2161 2456 2214 latitudinem
2493 2159 2743 2216 Dominus
2766 2159 2920 2230 Jesus
2970 2161 3021 2214 in
3061 2176 3217 2214 cruce
3261 2171 3416 2230 caput
3459 2161 3528 2215 ad

1955 2231 2212 2285 orientem
2236 2230 2512 2300 subrigens
2530 2271 2548 2294 ,
2573 2230 2734 2299 pedes
2758 2229 2825 2284 ad
2851 2230 3175 2286 occidentem
3192 2229 3527 2292 sulnnittens,

1957 2315 2145 2353 manus
2173 2301 2237 2353 ad
2265 2305 2562 2368 aquilonem
2589 2310 2642 2352 et
2665 2310 2899 2354 austrum
2931 2301 3250 2361 extendens;
3276 2311 3332 2353 ιιι
3356 2302 3529 2354 adim-

1959 2371 2124 2440 pli-ret
2149 2371 2286 2438 quod
2314 2371 2380 2424 de
2404 2385 2462 2423 se
2491 2378 2614 2423 ante
2635 2371 2930 2440 pa~sionem
2975 2386 3123 2424 suam
3168 2371 3483 2437 pra-dixerat
3510 2413 3526 2433 ,

1957 2439 2082 2512 (lum
2122 2443 2370 2495 ea‘ultatus
2417 2443 2560 2512 {uero
2602 2439 2840 2512 aiterraﬁ,
2874 2441 3059 2512 idest,
3090 2457 3209 2493 cum
3248 2443 3533 2512 crueitixns

1956 2510 2106 2564 fuero
2129 2551 2145 2576 ,
2177 2513 2346 2564 omnia
2374 2509 2570 2563 traham
2595 2510 2662 2563 ad
2683 2527 2760 2563 me
2786 2511 2949 2581 ipsum
2975 2509 3150 2581 (Joan.
3191 2526 3262 2564 3m
3288 2553 3302 2574 ,
3334 2509 3422 2580 5‘2)
3440 2552 3454 2574 ,
3480 2511 3531 2564 id

1955 2592 2066 2644 est,
2095 2582 2400 2634 convocabo
2447 2581 2510 2634 ad
2552 2596 2634 2634 me
2675 2590 2842 2635 totum
2893 2581 3169 2634 mundum.
3213 2582 3322 2634 Ilnc.
3357 2597 3532 2634 sacra-

1955 2662 2138 2705 memo
2167 2651 2339 2707 crucis
2365 2663 2582 2704 sanctus
2608 2651 2827 2704 Eliswtts
2854 2651 3142 2704 Sunatnitis
3161 2650 3324 2703 lilium
3347 2666 3409 2704 os
3426 2651 3528 2712 ori,

1954 2737 2145 2775 manus
2170 2735 2294 2775 suas
2321 2721 2562 2774 manibus
2582 2721 2698 2786 ejus
2714 2721 2982 2787 applicans
3004 2720 3204 2774 orando
3233 2721 3527 2784 suscitavit,

1955 2801 2008 2844 et
2037 2792 2210 2845 vivum
2263 2790 2415 2845 matri
2446 2790 2675 2845 restituit
2721 2791 2805 2860 (ιν
2838 2790 2964 2860 Reg.
2999 2806 3048 2844 tv
3069 2831 3084 2854 ,
3114 2791 3222 2851 34).
3278 2789 3530 2856 Ejusdem

1955 2863 2148 2915 virtute
2177 2865 2489 2915 sacramenti
2521 2861 2727 2930 Moyses
2754 2861 2803 2914 iu
2831 2860 3043 2930 deserto
3060 2861 3136 2914 bis
3158 2861 3356 2915 silicem
3381 2861 3528 2928 virga

1957 2935 2211 2998 percussit
2231 2948 2245 2994 ;
2266 2940 2319 2985 et
2343 2931 2538 2986 sitienti
2570 2929 2761 2998 populo
2790 2946 2978 2999 aquam
3008 2929 3075 2984 de
3106 2939 3252 2998 petra
3282 2929 3530 2998 produxit

1961 3000 2144 3071 (Nam.
2192 3018 2262 3055 xx
2284 3043 2298 3062 ,
2333 3001 2612 3072 ll).iBina
2644 3000 2837 3072 quippe
2883 3001 3152 3072 percussio
3205 3001 3427 3053 duorum
3457 3001 3531 3072 si—

1993 3087 2179 3125 norum
2207 3069 2427 3141 figurate
2458 3071 2766 3139 intelligitur
2796 3071 2845 3123 in
2868 3085 3024 3141 cruce
3047 3069 3183 3123 facta
3207 3069 3526 3141 compactio.

1993 3087 2179 3125 norum
2207 3087 2427 3141 ngurate
2458 3087 2766 3139 mtetngnur
2797 3087 2845 3123 ιιι
2868 3087 3024 3124 cruce
3047 3087 3183 3123 taeta
3212 3087 3526 3138 eompacuo.

1955 3087 2046 3195 Eis
2067 3157 2193 3208 ergo
2223 3153 2366 3210 petra
2401 3141 2690 3210 percutitur
2709 3183 2724 3202 ,
2747 3157 2865 3194 cum
2896 3139 3134 3210 Christus
3151 3140 3252 3210 ,Ade
3279 3155 3383 3209 quo
3401 3140 3532 3193 dicit

1958 3208 2272 3280 Apostolus.
2307 3208 2460 3265 Petra
2487 3220 2651 3264 autem
2679 3221 2786 3263 erat
2815 3210 3040 3264 Christus
3091 3208 3130 3280 (Ι
3160 3208 3274 3280 Co_r.
3301 3208 3358 3264 7x
3384 3251 3396 3270 .
3425 3210 3482 3269 4)
3513 3251 3528 3272 ,

1958 3278 2018 3336 in
2041 3281 2247 3337 duobus
2271 3282 2423 3350 lignis
2448 3280 2619 3335 crucis
2639 3289 2892 3335 extensus
2916 3278 3431 3349 lancea-perforatur.
3456 3281 3533 3335 De

1959 3351 2060 3406 hac
2083 3361 2226 3420 petra
2257 3367 2391 3422 aqua
2437 3351 2718 3421 proﬂuxit,
2749 3368 2868 3404 cum
2913 3351 3124 3422 sanguis
3151 3351 3531 3416 redemptionis

1959 3433 2010 3475 et
2042 3438 2170 3491 aqua
2201 3422 2546 3490 baptismatis,
2565 3422 2756 3491 quibus
2778 3423 2828 3474 in
2851 3437 3040 3474 novum
3072 3421 3337 3474 hominem
3363 3431 3532 3474 trans-

1959 3489 2280 3557 fortnamttr,
2314 3493 2379 3546 de
2412 3489 2796 3545 latcreChrisli
2821 3491 3067 3544 manavit.

2029 3563 2080 3617 5.
2117 3561 2406 3632 Prtesertim
2453 3562 2790 3632 profunditas.
2845 3559 2922 3613 De
2971 3558 3534 3632 reparatiouisunostrte

1958 3631 2356 3701 mysterio.Deus
2370 3634 2421 3685 in
2450 3629 2736 3684 damnando
2761 3631 2959 3684 homine
2973 3632 3162 3700 justus,
3178 3631 3229 3682 in
3243 3629 3533 3684 redimendo

1958 3703 2252 3756 misericors.
2287 3701 2512 3771 Injustus
2534 3702 2737 3772 fuissrt,
2768 3703 2809 3755 si
2831 3701 3215 3772 impwniteutem
3231 3709 3532 3769 reparasset.

1960 3773 2222 3826 Praeterea
2253 3770 2390 3826 inter
2416 3775 2511 3826 bas
2536 3770 2711 3825 erucis
2740 3772 3099 3825 dimensiones
3123 3770 3347 3825 solerter
3372 3779 3537 3824 atten-

1959 3842 2131 3895 dcnda
2162 3853 2240 3896 est
2282 3842 2454 3896 crucis
2503 3841 2833 3911 profunditas
2876 3860 2889 3894 :
2931 3843 3053 3910 quia
3094 3839 3411 3910 profundum
3452 3849 3537 3896 est

1962 3914 2271 3983 mysterium
2319 3913 2520 3974 crucis,
2550 3912 2602 3966 in
2642 3929 2746 3980 quo
2777 3914 3095 3983 multorum,
3127 3911 3216 3983 qui
3269 3911 3536 3983 sapientes

1961 3979 2298 4047 dicebantur,
2333 3983 2539 4052 ingenia
2571 3979 2908 4046 defecerunt;
2959 3979 3098 4052 quod
3126 3980 3224 4032 hoc
3253 3980 3366 4034 ausi
3414 3990 3540 4052 sunt

1962 4053 2352 4120 reprehendere
2394 4051 2533 4122 quod
2579 4069 2682 4106 non
2730 4061 3014 4122 potueruut
3062 4051 3286 4122 humana
3335 4051 3538 4122 ratione

1962 4119 2427 4193 Comprehendere
2472 4142 2484 4176 :
2531 4122 2776 4176 videlicet
2820 4137 2917 4175 cur
2968 4119 3204 4193 verbtnu
3245 4119 3537 4193 Deo_Patri

1963 4189 2281 4248 coan'ernutn
2303 4234 2316 4255 ,
2349 4193 2524 4246 omnia
2551 4194 2854 4251 continem,
2884 4191 3060 4243 omnia
3084 4191 3305 4258 impleas
3324 4231 3340 4255 ,
3370 4189 3421 4242 in
3451 4204 3540 4244 as-

1964 4275 2174 4333 smnpto
2201 4263 2415 4317 homine
2440 4272 2605 4317 totum
2632 4278 2689 4315 se
2718 4261 3036 4314 concluserit
3057 4277 3071 4323 ;
3089 4270 3141 4314 et
3161 4269 3338 4333 tamen
3369 4268 3539 4333 totum

1965 4329 2218 4388 mnu—dum
2253 4348 2456 4400 regere,
2479 4333 2747 4402 complere
2769 4341 2821 4402 et
2842 4333 3114 4402 contini-re
3141 4346 3244 4383 non
3271 4329 3490 4402 desierit
3521 4346 3536 4382 :

1965 4421 2069 4458 non
2101 4407 2229 4458 satis
2256 4400 2654 4457 considerantes
2681 4401 2821 4469 quod
2862 4402 3000 4455 valet
3032 4401 3083 4454 in
3111 4401 3298 4454 minori
3322 4441 3338 4464 ,
3371 4400 3540 4454 multo

1966 4478 2132 4544 magis
2156 4490 2308 4542 posse
2352 4475 2527 4528 valere
2566 4474 2616 4544 in
2649 4472 2870 4540 majori;
2901 4488 3020 4544 cum
3054 4486 3286 4544 voxiuna
3331 4479 3388 4544 et
3432 4481 3540 4544 tota

1965 4545 2030 4599 de
2053 4539 2144 4599 ore
2157 4539 2427 4614 loquentis
2450 4543 2703 4613 prodeat,
2726 4539 2779 4597 et
2809 4541 3010 4614 tota'ad
3057 4542 3339 4614 multorum
3368 4539 3542 4594 homi-

1967 4632 2091 4670 num
2115 4612 2271 4670 aures
2299 4612 2589 4684 perveniat.
2615 4615 2712 4681 Qui
2752 4613 2819 4668 de
2847 4612 2944 4666 hac
2967 4612 3262 4684 quaestione
3313 4626 3541 4684 scrupu-

1968 4687 2131 4740 losius
2157 4681 2458 4754 disputant,
2491 4695 2545 4738 et
2571 4693 2814 4754 tattqttam
2833 4685 3014 4737 clauso
3037 4683 3172 4735 ostio
3199 4681 3264 4734 ad
3285 4682 3543 4754 parietem

1971 4759 2186 4826 palpant
2212 4750 2474 4819 {audiant
2513 4750 2736 4823 primum
2782 4753 3046 4826 diceniem
3074 4750 3542 4826 Δῥιιοειιιιιιιιιλυρ

1969 4820 2118 4880 homo
2142 4868 2156 4890 ,
2187 4837 2239 4879 tu
2267 4827 2376 4893 quis
2402 4843 2452 4879 es
2491 4820 2576 4895 qui
2598 4823 2900 4895 respondeas
2933 4820 3238 4895 Deoi(Rom.
3286 4838 3334 4876 ιιι
3357 4863 3372 4886 ,
3406 4820 3500 4893 20)
3518 4821 3546 4877 ἲ

1971 4897 2172 4952 Deinde
2199 4893 2511 4960 mitescant,
2536 4903 2590 4949 et
2617 4893 2734 4949 cum
2765 4894 2956 4961 pietate
2977 4893 3222 4961 pulsent,
3249 4902 3307 4946 ut
3334 4895 3547 4961 aperia-

1972 4975 2056 5021 tur
2077 4967 2154 5020 eis
2204 4984 2217 5020 :
2259 4976 2312 5022 et
2342 4965 2634 5034 intelligent
2671 4965 2867 5032 justum
2906 4961 3070 5018 fuisse
3123 4962 3460 5034 Conditorem
3492 4966 3546 5018 in

1971 5038 2406 5102 condcmnando,
2445 5045 2498 5088 et
2520 5033 2914 5088 misericordem
2961 5034 3013 5087 in
3058 5033 3400 5099 redimendo;
3447 5048 3548 5089 nec

1973 5112 2205 5178 potuisse
2233 5107 2406 5160 sanari
2433 5107 2546 5158 sine
2587 5105 2970 5178 misericordia,
3008 5103 3148 5172 quod
3179 5104 3323 5170 iuste
3345 5105 3547 5178 conde-

1972 5173 2244 5232 innaverat
2260 5174 2875 5243 Umnipotentisjustitia.
2898 5175 3032 5229 llinc
3044 5186 3431 5241 consequenter
3454 5173 3551 5228 ad-

1978 5258 2220 5313 vertent,
2243 5262 2341 5301 cur
2363 5261 2530 5314 usque
2556 5245 2620 5299 ad
2651 5247 2898 5314 captivati
2922 5246 3152 5316 hominis
3181 5253 3546 5316 paupertatem

1973 5328 2026 5372 et
2051 5318 2223 5372 crucis
2253 5316 2591 5386 ignominiam
2620 5329 2678 5370 se
2705 5316 3058 5371 humiliaverit
3100 5315 3550 5386 divina'omuipo-

1976 5390 2135 5443 tentia
2158 5431 2172 5454 ,
2202 5383 2318 5458 qu-Ie
2349 5388 2401 5441 in
2437 5386 2690 5458 paradisu
2727 5402 2877 5441 reum
2934 5387 3204 5458 hominem
3251 5383 3389 5452 iusta
3419 5383 3553 5458 con-

1974 5455 2316 5514 detnnat'erat
2340 5455 2620 5512 sententia.
2652 5455 2782 5511 Cum
2800 5459 2941 5511 enim
2971 5457 3038 5511 de
3066 5464 3366 5527 perpetrata
3389 5469 3420 5508 a
3446 5455 3553 5509 Do-

1976 5531 2122 5586 tniuo
2151 5538 2460 5595 argueretur
2485 5527 2872 5592 inobedientia,
2905 5543 3010 5581 non
3039 5523 3099 5581 se
3147 5523 3452 5595 humiliter,
3498 5533 3557 5578 ut

1976 5603 2129 5671 culpa
2155 5594 2426 5671 exigebat,
2453 5597 2754 5671 accusavit;
2781 5597 2881 5671 sed
2909 5604 3180 5671 auctorem
3207 5594 3440 5671 superbe
3463 5609 3558 5671 ac:

1976 5664 2181 5727 cusitvit
2207 5664 2422 5738 dicens,
2456 5667 2645 5723 Mulier
2669 5683 2823 5738 quam
2845 5665 3030 5738 dedisti
3054 5664 3180 5738 mihi
3200 5705 3215 5729 ,
3248 5664 3386 5738 dedit
3423 5665 3557 5738 mihi

1979 5743 2040 5796 de
2069 5743 2236 5812 fructu
2259 5781 2273 5805 ,
2322 5749 2369 5794 et
2410 5734 2606 5795 comedi
2633 5734 2800 5812 i(Gen.
2832 5753 2924 5804 ιιι,
2954 5734 3068 5812 12)-ἶ
3097 5735 3222 5812 litae
3247 5734 3474 5812 dicendo
3503 5751 3560 5790 se

1980 5804 2181 5884 putavit
2203 5804 2531 5884 excusatum,
2554 5818 2606 5868 et
2621 5804 2926 5866 Creatorem
2944 5804 3182 5863 mulieris
3198 5804 3552 5870 conditorem,
