4072 6362
553 364 688 419 2207

453 477 458 484 ’
549 481 652 533 deo
686 485 888 533 vestros
915 477 1120 528 animos
1145 483 1202 530 et
1225 472 1296 527 ad
1327 471 1616 527 timendum
1650 468 1902 540 judicium
1922 509 1936 530 ,
1965 476 2022 520 et
2049 467 2114 520 ad

547 547 952 604 desiderandum
978 544 1250 614 praemium
1283 544 1542 614 excitare;
1575 549 1634 595 ut
1654 539 1961 614 excepturia
1996 553 2116 614 san-

549 620 618 671 cti
651 618 874 686 pectoris
914 609 1077 670 vestri
1119 615 1184 668 ad
1223 613 1608 686 recondendam
1648 609 1970 686 spiritualem
1997 611 2114 686 vin-

548 678 808 749 demiam,
855 686 998 740 sicut
1036 700 1246 752 semper
1289 683 1516 744 fecistis,
1561 682 1845 752 auxiliante
1895 678 2117 752 Domino

550 757 774 810 fideliter
797 747 1121 825 prmparetis.
1145 747 1368 825 Quoties
1387 753 1536 825 vobis
1557 751 1744 825 durum
1765 747 1958 825 aliquid
1983 762 2117 825 pra:-

547 817 818 887 dicamus',
852 817 955 878 non
999 824 1098 877 hoc
1142 817 1260 877 ideo
1305 823 1562 885 dicimus,
1603 819 1742 890 quod
1773 834 1808 890 a.
1838 817 1985 871 vobis
2015 817 2116 870 tale

547 896 744 963 aliquid
774 895 882 947 fieri
903 896 1235 962 suspicemur
1258 911 1270 945 :
1296 893 1398 963 sed,
1418 889 1743 963 ideoiterum
1767 889 1988 954 illa-quae
2010 901 2112 963 non

549 955 720 1019 facitis
749 955 1119 1018 denuntiainus
1140 1004 1153 1025 ,
1187 973 1240 1015 ut
1271 963 1358 1015 illa
1389 962 1439 1013 iu
1469 961 1660 1030 quibus
1692 958 1839 1030 forte
1867 955 2114 1030 praeventi

521 1039 532 1100 ’ν
548 1034 785 1098 fueritis,
830 1048 1018 1087 sanare
1064 1033 1344 1099 possimus.
1375 1026 1520 1084 Solet
1547 1029 1688 1083 enim
1729 1027 1876 1100 fieri,
1907 1036 1963 1079 ut
1989 1026 2114 1100 dum

549 1104 746 1172 majora
771 1096 1038 1160 timentur.
1061 1096 1268 1155 minora
1283 1100 1506 1154 celerius
1522 1106 1825 1172 caveantur.
1843 1096 2117 1162 Quomodo
2139 1109 2144 1116 ‘

548 1167 688 1227 enim
728 1173 955 1226 theriaca
988 1173 1212 1236 bibitur,
1244 1185 1308 1224 ne
1339 1168 1645 1235 corporibus
1679 1167 1882 1236 possint
1912 1179 2114 1236 praeva-

549 1243 658 1297 lere
684 1257 918 1305 venena;
952 1243 1051 1295 hoc
1079 1251 1286 1296 austera
1317 1235 1694 1308 praedicatione
1712 1236 1941 1306 geritur,
1979 1235 2117 1289 unde

548 1313 841 1366 animarum
870 1319 1228 1380 praeparentur
1253 1311 1504 1380 antidota.

618 1383 676 1436 5.
705 1375 1066 1448 Beneﬁciorum
1112 1380 1205 1433 Dei
1255 1379 1491 1432 memoria
1524 1375 1787 1448 munimen
1827 1383 1910 1448 est
1933 1386 2118 1448 rontra

550 1462 770 1521 peccata.
801 1443 1016 1504 Certum
1044 1461 1145 1514 est,
1179 1450 1365 1521 fratres
1390 1443 1876 1521 charissimitquod
1903 1446 1946 1498 si
1977 1460 2116 1521 sem-

549 1515 647 1590 per
674 1522 924 1576 beneficia
956 1521 1044 1574 Dei
1073 1520 1266 1590 nostri,
1298 1533 1416 1587 qua:
1445 1517 1600 1570 nobis
1626 1515 1783 1590 nullis
1813 1515 2114 1590 prmceden-

550 1584 690 1645 tibus
707 1591 915 1644 meritis
943 1593 1134 1643 nostris
1161 1584 1351 1642 collata
1379 1596 1522 1653 sunt,
1552 1585 1762 1640 assidue
1788 1584 2112 1654 cogitamus;

551 1669 762 1729 peccata
789 1669 968 1713 nostra
998 1659 1150 1713 nobis
1176 1668 1266 1712 aut
1289 1672 1391 1729 non
1419 1657 1775 1729 dominantur,
1804 1653 1890 1706 aut
1913 1654 1959 1708 si
1983 1653 2116 1729 forte

550 1724 932 1801 subrepserint,
962 1729 1068 1782 cito
1096 1743 1202 1801 per
1218 1727 1589 1801 paenitentiam
1609 1724 1958 1801 corriguntur.
1986 1724 2116 1801 Quis

550 1800 693 1854 enim
712 1793 815 1853 'vel
857 1807 1032 1852 mente
1060 1793 1373 1866 concipere,
1405 1811 1518 1848 non
1539 1794 1710 1866 dicam
1745 1793 1922 1866 verbis
1951 1795 2118 1866 possit

551 1883 839 1937 exponere,
867 1878 1060 1936 quanta
1086 1862 1228 1922 circa
1255 1881 1351 1920 nos
1379 1866 1486 1919 sint
1515 1865 1605 1918 Dei
1633 1864 1796 1916 nostri
1824 1862 2123 1937 beneficia?

551 1933 699 1992 Fecit
737 1933 897 1992 enim'
921 1953 1052 1999 nos,
1092 1951 1211 1990 cum
1254 1951 1357 1989 non
1401 1947 1671 1994 essemus;
1719 1933 1979 1999 reparavit
2019 1947 2116 1986 uos

552 2017 764 2077 postea,
795 2023 913 2062 cum
945 2008 1284 2077 perissemus.
1304 2004 1534 2077 Mortem
1575 2001 1850 2077 suscepit,
1885 2002 2116 2077 pretioso

551 2070 649 2130 nos
677 2070 1223 2146 sanguine'liberavit.
1252 2075 1316 2128 ad
1338 2074 1548 2146 inferna
1574 2071 1874 2146 descendit,
1896 2071 1970 2146 de
2000 2070 2117 2146 fan-

549 2147 705 2200 eibns
721 2141 816 2200 nos
836 2156 1047 2199 aitcrnre
1069 2146 1252 2199 mortis
1273 2145 1488 2212 eripuit,
1508 2143 1762 2196 caelorum
1786 2141 1939 2212 nobis
1957 2141 2114 2212 etiam

551 2217 767 2285 praemia
812 2216 1072 2284 promisit.
1117 2215 1239 2268 Haec
1281 2214 1492 2285 omnia,
1541 2212 1730 2265 fratres
1767 2211 2117 2278 dilectissimi,

551 2284 638 2354 pio
666 2294 717 2340 et
745 2287 970 2351 benigno
993 2285 1169 2338 animo
1194 2284 1508 2354 cogitantes,
1533 2289 1784 2354 quantum
1817 2295 2115 2354 possumus,

551 2349 672 2409 cum
711 2349 878 2423 ipsius
909 2355 1169 2422 adiutorio
1198 2349 1466 2423 beneficiis
1493 2351 1604 2404 suis
1625 2349 1796 2423 vicem
1827 2350 2122 2423 rependere

552 2418 884 2478 festinemus.
913 2418 1025 2478 Non
1048 2423 1328 2477 reddamus
1348 2421 1483 2476 mala
1506 2435 1603 2489 pro
1625 2419 1809 2483 bonis;
1836 2418 1927 2473 sed
1951 2435 2117 2488 quan-

553 2503 664 2547 tum
702 2508 1012 2562 possumus,
1051 2492 1300 2562 voluntati
1336 2491 1474 2562 illius
1501 2490 1867 2556 obtemperare
1895 2489 2120 2562 fideliter

552 2558 876 2622 studeamus,
907 2564 1029 2616 totis
1052 2562 1248 2616 viribus
1269 2561 1574 2620 innitentes,
1598 2567 1654 2612 ut
1678 2569 1934 2626 praecepta
1957 2558 2127 2626 ipsius

553 2633 722 2702 magis
750 2633 900 2686 nobis
926 2634 1133 2702 pariant
1163 2631 1240 2702 de?
1261 2630 1584 2700 sequacitate
1609 2627 1899 2683 remedium
1919 2667 1934 2692 ,
1960 2643 2117 2700 quam

551 2701 620 2755 de
646 2701 1060 2771 transgressione.
1084 2701 1357 2767 judicium.

554 2781 556 2783 ’
622 2772 678 2824 4.
711 2764 836 2838 Quir:
864 2772 927 2824 de
953 2773 1013 2824 iis
1041 2764 1247 2842 ra:tio_in
1268 2769 1451 2842 judicii
1489 2767 1569 2822 die
1593 2765 1879 2842 repetenda.
1911 2764 2128 2842 Cruoent

555 2835 785 2911 peccator
822 2842 1032 2909 imponit
1067 2835 1284 2911 Cliristo'
1303 2841 1466 2911 prima
1497 2839 1803 2911 graviorem.
1824 2835 1965 2911 Nam
1993 2836 2120 2911 quid

554 2905 841 2976 faciemus,
877 2905 1204 2975 charissimi,
1242 2905 1311 2963 in'
1335 2910 1425 2963 illo
1466 2905 1748 2962 metuendo
1786 2905 1967 2976 judicii
2009 2905 2117 2970 die,

553 2993 674 3034 cum
701 3021 712 3042 ,
745 2975 1000 3034 tremente
1042 2979 1238 3034 mundo
1271 2979 1554 3041 Dominus,
1587 2975 1990 3044 prmeiuentibus
2015 2976 2126 3028 An-

554 3050 792 3119 gelomm
824 3051 1056 3103 buccinis
1075 3089 1091 3115 ,
1125 3049 1306 3119 inrillo
1345 3047 1633 3119 majestatis
1661 3061 1770 3119 sua;
1800 3045 1992 3119 throno
2018 3046 2124 3119 cir-

555 3114 833 3174 cumdatus
861 3114 1092 3172 cu-lestis
1129 3118 1327 3172 militiae
1356 3114 1471 3171 lnee
1495 3115 1825 3177 consederit;
1857 3114 2032 3183 ibique
2056 3114 2123 3169 de

556 3198 714 3242 terrae
755 3190 958 3257 gremio
999 3198 1050 3243 et
1092 3189 1306 3256 antiquo
1349 3187 1563 3255 pulvere
1600 3184 1852 3257 suscitato
1893 3183 2126 3257 humano

555 3254 782 3328 genere,
825 3267 1028 3312 astante
1071 3254 1370 3313 testimonio
1406 3255 1740 3328 conscientia:
1767 3254 2122 3328 _singulorum,

556 3323 742 3398 positis
771 3328 821 3380 in
852 3339 1134 3396 Conspectu
1179 3335 1512 3398 peccatorum
1556 3325 1726 3398 poinis
1759 3323 2124 3398 justorumque

557 3393 807 3478 praemiis.
830 3393 1228 3477 ratioriemyitﬁe
1249 3397 1475 3478 cmperit
1494 3395 1778 3478 postulare,
1802 3402 1857 3446 et
1879 3393 1994 3478 plus
2013 3393 2122 3478 ja‘m

554 3463 725 3536 justus
749 3483 903 3536 quam
933 3468 1256 3531 misericors,
1289 3466 1568 3520 severitate
1591 3463 2124 3536 judieiscontemptze

557 3531 930 3590 misericordizn
970 3553 1088 3590 reos
1120 3536 1338 3603 eruperit
1375 3549 1652 3593 accusare,
1687 3540 1741 3586 et
1767 3531 1942 3585 dicere
1969 3549 1984 3586 :
2012 3531 2125 3600 Ego

557 3613 638 3667 te,
671 3620 704 3657 ο
735 3606 921 3669 homo,
951 3607 1018 3659 de
1045 3607 1174 3658 limo
1197 3606 1437 3658 manibus
1463 3605 1596 3656 meis
1622 3603 1752 3666 feci,
1781 3616 1879 3669 ego
1903 3606 2126 3655 terrenis

557 3675 777 3727 artubus
807 3675 969 3728 infudi
999 3676 1276 3742 spiritum,
1307 3689 1406 3742 ego
1439 3673 1531 3725 tibi
1570 3672 1849 3740 imaginem
1888 3682 2124 3742 nostram

559 3741 1059 3811 similitudinemque
1082 3743 1325 3797 conferre
1348 3741 1592 3812 dignatus
1617 3757 1755 3812 sum,
1783 3755 1880 3812 ego
1911 3749 1962 3794 te
1989 3741 2126 3794 inter

560 3812 784 3880 paradisi
827 3809 1044 3867 delicias
1083 3812 1370 3874 collocavi;
1411 3809 1471 3864 iu
1512 3811 1685 3864 vitalia
1723 3809 1963 3880 mandata
1997 3825 2153 3880 ιιοιιέ⁵

560 3878 836 3950 temnens,
881 3884 1215 3949 deceptorent
1263 3881 1412 3950 sequi
1457 3895 1614 3950 quam
1657 3878 2126 3950 Deumgmaluisti?

557 3949 689 4004 Cum
713 3954 961 4022 expulsus
981 3948 1047 4007 de
1069 3951 1310 4020 paradiso
1329 3948 1447 4018 jure
1474 3948 1671 4022 peccati
1697 3948 1881 4022 mortis
1905 3949 2126 4022 vinculis

558 4017 817 4076 tenereri's
837 4065 852 4085 ,
881 4017 1185 4090 virginalem
1217 4017 1422 4075 uterum
1453 4017 1569 4075 sine
1595 4017 1874 4088 dispendio
1908 4017 2123 4090 virgini-

559 4091 682 4145 tatis
728 4089 1010 4160 pariendns
1060 4092 1303 4152 introivi;
1353 4092 1404 4160 in
1451 4091 1709 4158 prazsepio
1753 4089 2028 4160 expositus
2073 4096 2128 4140 et

558 4157 746 4229 pannis
772 4162 1051 4215 obvolutus
1088 4162 1229 4228 jacui
1251 4202 1264 4224 ,
1297 4157 1528 4214 infantiae
1564 4157 1916 4229 contumelias
1941 4158 2130 4229 huma-

559 4226 762 4300 nosque
785 4231 1015 4292 dolores,
1046 4226 1232 4299 quibus
1258 4231 1350 4285 tibi
1377 4230 1564 4283 similis
1590 4226 1883 4300 fierem,gad
1905 4226 2005 4300 hoc
2021 4228 2128 4300 sci-

509 4341 512 4344 .
559 4296 761 4355 licet'ut
788 4311 838 4353 te
862 4301 988 4354 mihi
1015 4296 1239 4354 similem
1267 4300 1513 4363 facerem,
1545 4299 1768 4368 pertuli;
1798 4296 2124 4368 irridentinm

561 4370 764 4437 palmas
789 4381 840 4424 et
867 4381 1019 4438 sputa
1049 4371 1284 4436 suscepi,
1316 4379 1520 4422 acetum
1546 4366 1671 4422 cum
1701 4366 1950 4438 felleAbibi
1982 4384 1995 4421 :
2027 4366 2125 4438 ila-

559 4435 708 4505 gellis
741 4435 942 4505 ea-sus',
975 4435 1220 4505 vepribus
1247 4449 1559 4501 coronatus,
1588 4439 1728 4492 cruci
1756 4435 1974 4496 affixus,
2007 4436 2124 4490 vul-

562 4523 689 4564 nere
733 4510 1032 4576 perfossus,
1065 4519 1120 4561 ut
1158 4518 1211 4562 tu
1247 4507 1529 4576 eripereris
1567 4509 1754 4569 morti,
1798 4507 2026 4576 animam
2073 4506 2125 4560 iu

560 4575 834 4632 tormentis
857 4578 1051 4634 dimisi.
1078 4579 1155 4633 En
1180 4575 1447 4632 clavorum
1475 4579 1712 4645 vestigia,
1734 4575 1921 4645 quibus
1939 4575 2127 4645 aflims

630 4647 781 4715 pendi
813 4666 825 4700 :
852 4663 916 4701 en
949 4651 1242 4718 perfossmn
1268 4647 1574 4718 vulneribus
1605 4644 1762 4700 latus.
1789 4644 2007 4718 suscepi
2031 4644 2127 4698 do-

580 4731 701 4771 ores
741 4726 858 4770 tuos
879 4759 894 4781 ,
940 4715 996 4772 ut
1025 4720 1114 4771 tibi
1144 4717 1365 4787 gloriam
1393 4717 1578 4787 darem
1606 4733 1619 4769 :
1651 4715 1856 4787 suscepi
1877 4723 2124 4787 mortem

560 4795 724 4850 tuam,
747 4796 804 4840 ut
829 4787 878 4839 in
905 4783 1169 4842 aeternum
1187 4789 1411 4842 viveres.
1435 4786 1690 4841 Conditus
1710 4784 1848 4853 jacui
1876 4784 1927 4836 in
1949 4783 2127 4852 sepuL

557 4870 680 4920 cro,
708 4867 764 4910 ut
794 4867 848 4910 tu
879 4873 1126 4926 regnares
1153 4858 1204 4912 in
1231 4859 1387 4912 coelo.
1415 4855 1524 4911 Cur
1550 4855 1689 4925 quod
1729 4869 1823 4924 pro
1857 4863 1908 4908 te
1937 4853 2124 4922 pertuli

559 4926 868 4996 perdidisti?
911 4942 1035 4989 cur,
1084 4929 1314 4996 ingrate,
1361 4926 1738 4996 redemptionis
1778 4933 2124 4996 tuai‘niunera

559 4992 813 5049 renuisti?
839 4996 951 5049 Non
975 5007 1027 5050 te
1046 4992 1228 5066 ego'de
1249 5006 1418 5051 morte
1439 4992 1562 5066 mea
1577 5010 1787 5066 quznro;
1811 4993 1972 5066 redde
1995 4992 2124 5066 mihi

559 5067 718 5117 vitam
747 5075 888 5118 tuam
909 5107 924 5130 ,
955 5082 1048 5134 pro
1081 5063 1182 5135 qua
1218 5082 1390 5121 meam
1428 5065 1568 5119 dedi.
1598 5063 1778 5119 Redde
1801 5063 1936 5135 mihi
1965 5064 2124 5116 vitam

559 5144 732 5197 tuam,
755 5152 917 5205 Aquam
951 5133 1251 5190 vulneribus
1283 5148 1614 5205 peccatorum
1648 5133 2004 5188 indesinenter
2031 5147 2123 5184 oc-

557 5205 707 5259 cidis.
736 5203 844 5257 Cur
871 5205 1220 5260 habitaculum
1239 5247 1255 5274 ,
1281 5203 1420 5275 quod
1447 5205 1571 5258 mihi
1605 5206 1654 5258 in
1691 5215 1740 5258 te
1767 5217 2122 5275 sacraveram,

558 5275 778 5328 luxuriae
807 5276 1049 5330 sordibus
1091 5273 1357 5345 polluisti?
1382 5291 1697 5345 curgcorpus
1727 5290 1901 5326 meum
1941 5273 2122 5345 illece-

559 5345 770 5398 brarum
795 5343 1114 5415 turpitudine
1136 5347 1406 5399 maculasti
1423 5347 1445 5398 ?
1465 5343 1570 5398 Cur
1592 5361 1676 5398 me
1697 5345 1935 5415 graviore
1954 5343 2124 5395 crimi-

559 5429 681 5468 num
710 5413 915 5469 tu0rum
938 5432 1114 5476 cruce,
1141 5416 1408 5484 qttant'illa
1437 5416 1486 5468 in
1515 5413 1902 5484 quaquondatn
1931 5427 2125 5480 pepen-

557 5486 757 5550 derant,
791 5484 1058 5539 amisisti?
1088 5483 1308 5540 Gravior
1335 5485 1473 5539 enini
1503 5483 1640 5553 apud
1672 5499 1756 5538 ine
1785 5492 2123 5553 peccatorum

561 5565 767 5608 tuorum
795 5570 923 5610 crux
952 5567 1051 5619 est,
1085 5556 1134 5608 in
1163 5571 1260 5624 qua
1291 5555 1480 5607 invitus
1511 5551 1740 5622 pendeo,
1770 5551 2040 5624 quam_ill_a
2070 5551 2121 5604 in

557 5640 657 5690 qua
682 5627 751 5676 tui
776 5627 1020 5680 misertus
1043 5621 1262 5678 mortem
1288 5636 1428 5676 tuam
1448 5625 1716 5677 occisurus
1735 5621 1966 5676 ascendi.
1991 5621 2120 5674 Cum

557 5707 728 5764 essent
761 5696 1121 5764 impassibilis,
1152 5711 1244 5763 pro
1273 5707 1320 5746 te
1348 5695 1452 5764 pati
1481 5695 1724 5764 dignatus
1751 5708 1865 5764 sum
1899 5709 1910 5743 :
1945 5690 2036 5744 sed
2065 5701 2119 5764 tu

559 5761 848 5833 despexiin
890 5765 942 5820 in
979 5761 1189 5820 homine
1218 5761 1409 5833 Deum,
1440 5763 1490 5818 in
1533 5761 1741 5818 inﬁrmo
1777 5763 1999 5818 salutem
2022 5801 2036 5827 ,
2066 5761 2119 5817 in

1995 345 2352 404 API'ENDIX.

3657 351 3814 410 2208i

2228 465 2311 546 via
2333 464 2864 546 reditum,_ln~judio_e
2883 468 3114 546 veniam,
3137 469 3371 546 in-cruce
3388 469 3570 546 vitam,
3592 472 3645 526 in
3668 488 3796 546 sup:

2226 534 2394 609 plieiis
2422 534 2760 609 medicinam.
2803 539 2869 592 Et
2907 541 3029 609 quia
3075 534 3204 609 post
3229 541 3404 595 omnia
3445 542 3580 595 mala
3611 552 3697 596 tua
3725 534 3795 595 ad

2225 605 2605 680 medicamenta
2628 605 2945 680 ptenitentim
2963 605 3250 680 confugere
3269 611 3506 678 noluisti,
3523 611 3591 665 ab
3609 613 3790 666 auditu

2223 674 2365 728 malo
2397 691 2501 728 non
2533 678 2820 731 mereberis
2851 679 3083 732 liberari.

2292 743 2346 798 5.
2379 745 2749 800 Damnatorum
2769 749 3091 816 supplicium.
3123 747 3438 811 Paenitentia,
3461 751 3581 804 dum
3603 751 3683 804 hic
3706 767 3810 804 stt--

2221 827 2334 868 ntus
2360 816 2606 869 obeunda.
2627 816 2724 882 Qui
2753 827 2876 872 tunc
2901 821 3003 872 erit
3023 819 3219 872 stridor
3241 820 3500 884 dentium,
3525 835 3648 874 cum
3671 835 3798 872 san-

2221 893 2426 938 ctorum
2456 887 2790 941 multitudine
2817 888 2889 941 ad
2911 889 3178 943 dexteram
3213 891 3353 957 regis
3387 902 3443 945 et
3479 891 3542 944 ad
3569 891 3815 957 gloriant-

2221 965 2513 1034 εεβτεειιμι.
2529 958 2730 1034 peceati
2755 959 2975 1034 populus
2997 960 3046 1034 i_n
3071 958 3327 1028 profunda
3351 961 3531 1034 tartari
3549 962 3664 1013 sine
3686 960 3806 1011 ulla

2222 1025 2576 1104 miserationis
2597 1041 2660 1080 ac
2685 1028 2851 1080 veniae
2877 1042 2972 1095 spe
2997 1025 3302 1104 demersus,
3327 1031 3534 1104 excludi
3560 1045 3618 1104 se
3643 1040 3794 1083 tene-

2221 1093 2343 1166 bris
2353 1095 2467 1166 suis
2505 1110 2534 1148 a
2563 1095 2714 1150 beata
2743 1093 3044 1151 sanctarum
3079 1100 3192 1152 luce
3221 1099 3441 1164 viderit,
3479 1110 3533 1153 et
3573 1100 3625 1152 in
3667 1113 3794 1166 pro-

2222 1163 2366 1216 fundi
2409 1164 2582 1218 sinum
2622 1166 2738 1220 sine
2775 1166 2880 1238 fine
2914 1168 3270 1231 descendens,
3301 1163 3518 1238 urgente
3545 1183 3606 1222 os
3634 1163 3794 1222 suum

2224 1243 2414 1313 puteo,
2463 1243 2659 1288 interna
2699 1237 2953 1313 supplicia
2992 1248 3048 1293 et
3086 1237 3388 1306 perpetuam
3433 1249 3653 1292 mortem
3687 1254 3814 1290 non.

2221 1306 2504 1382 moriturus
2529 1307 2833 1428 aspexerit?
2858 1306 3072 1362 Frustra
3098 1318 3272 1362 autem
3299 1325 3326 1360 a
3356 1323 3603 1376 paupere,
3632 1323 3795 1376 quem

2222 1385 2272 1423 In
2303 1371 2402 1426 hac
2436 1373 2542 1428 vita
2617 1376 2819 1428 esnexit
2838 1416 2852 1428 .
2882 1377 3296 1428 misericordiam
3325 1378 3607 1428 postulabit
3635 1394 3650 1428 :
3681 1376 3795 1428 fru—

2222 1371 2272 1423 in
2303 1371 2402 1426 hac
2436 1373 2542 1428 vita
2579 1371 2819 1446 despexit
2838 1416 2852 1438 ,
2882 1377 3296 1431 misericordiam
3325 1371 3607 1446 postulabit
3635 1371 3661 1429 τ’
3681 1376 3796 1429 fru-

2221 1452 2328 1492 stra
2355 1451 2649 1515 extremum
2679 1445 2858 1500 Lazari
2887 1447 3128 1514 digitum,
3159 1463 3264 1515 quo
3291 1445 3483 1500 ardens
3510 1447 3793 1514 refrigere-

2221 1518 2338 1585 tur,
2377 1513 2682 1568 ardentibus
2730 1515 2880 1569 labiis
2923 1513 3126 1585 rogabit
3169 1513 3383 1584 apponi.
3426 1517 3593 1584 Quam
3634 1513 3807 1569 vellet

2221 1583 2402 1645 miser,
2426 1597 2544 1660 cum
2572 1599 2855 1660 pauperum
2878 1583 3101 1660 gloriam
3124 1583 3501 1660 viderit,_du_ri_s
3523 1585 3808 1660 quondam

2221 1652 2543 1723 paupertatis
2570 1652 2898 1722 subjacuisse
2921 1657 3217 1720 laboribus,
3259 1665 3312 1709 et
3340 1656 3390 1709 in
3427 1656 3512 1708 illa
3539 1652 3643 1708 iiita
3671 1670 3797 1723 qua:

2219 1734 2337 1774 eum
2368 1722 2469 1775 vita
2495 1733 2824 1776 morerentur
2849 1725 2983 1778 mala
3013 1735 3282 1790 portasse;
3310 1741 3376 1779 ne
3399 1725 3465 1779 ad
3486 1725 3572 1780 illa
3591 1722 3809 1778 teter-na.

2221 1802 2518 1846 mereretur
2541 1793 2792 1863 supplicia
2821 1795 3127 1862 pervenire!
3161 1795 3229 1849 Ut
3246 1810 3372 1863 ergo
3392 1795 3508 1848 hzec
3529 1805 3634 1848 tam
3654 1791 3796 1863 dura

2219 1868 2273 1912 et
2315 1870 2420 1914 tam
2463 1862 2723 1916 terribilia
2756 1873 2879 1918 ante
2926 1864 3051 1918 illud
3094 1862 3324 1918 tribunal
3365 1865 3546 1920 a-terni
3587 1862 3812 1918 Judicis.

2219 1929 2405 2010 audire
2430 1947 2542 2010 ⁸ιιοιι
2574 1947 2906 1998 mereamur,
2934 1934 3057 1986 dum
3083 1933 3254 1987 adhuc
3285 1934 3434 2010 licet,
3465 1943 3520 1988 et
3545 1948 3668 1988 cum
3696 1931 3812 1986 Dei

2219 1999 2480 2067 adjutorio
2507 2001 2558 2054 in
2589 2010 2846 2071 potestate
2883 2013 3062 2057 nostra
3090 2013 3203 2068 est,
3231 2003 3630 2058 consideremus
3655 2017 3797 2055 cons

2221 2071 2470 2142 scientias
2495 2083 2701 2142 nostras
2729 2082 2823 2142 :et
2847 2073 2888 2125 si
2915 2073 3085 2142 aliqua
3109 2074 3329 2127 crimina
3355 2074 3440 2128 vel
3464 2079 3677 2142 peccata
3702 2085 3798 2126 ca-

2221 2137 2398 2222 pitalia
2419 2140 2686 2222 ,_pecdt_tm
2715 2137 3066 2222 eleemosynis
3091 2151 3146 2222 et
3178 2137 3507 2198 orationibus
3547 2151 3814 2222 purgata,

2222 2209 2373 2288 nobis
2397 2209 2569 2288 adhuc
2592 2211 2850 2266 dominari
2876 2209 3260 2288 cognoscimus,
3288 2222 3496 2288 partum
3524 2209 3796 2288 poeniten-

2223 2279 2342 2351 the,
2382 2279 2599 2334 devictis
2644 2279 2974 2348 peccatorum
3013 2279 3534 2346 fluctibus,7Christo'
3569 2283 3822 2351 iuvante-

2221 2345 2528 2402 festinemus
2577 2345 2806 2415 intrare;
2853 2361 2907 2405 et
2951 2352 2994 2406 si
3040 2352 3163 2420 quid
3209 2353 3261 2406 in
3307 2353 3547 2406 navicula
3570 2345 3798 2404 'anima:

2223 2426 2415 2498 nostra:
2441 2420 2620 2498 limitis
2649 2422 3043 2489 tempestatibus
3068 2433 3399 2498 peccatorum
3420 2464 3435 2486 ,
3464 2431 3555 2475 aut
3581 2437 3674 2490 per
3700 2435 3798 2474 su-

2223 2487 2455 2558 perbiam
2485 2488 2703 2543 fractum
2723 2531 2736 2550 ,
2760 2487 2857 2544 Vaut
2883 2506 2976 2558 per
3003 2487 3271 2545 avaritiam
3301 2501 3511 2558 ruptum
3531 2532 3545 2554 ,
3571 2487 3662 2544 aut
3697 2505 3796 2558 per

2226 2553 2482 2629 lusoriam
2528 2560 2813 2614 resolutum
2863 2553 2980 2614 esse
3025 2553 3427 2629 cognoscimus,
3468 2553 3796 2629 coinponere

2223 2625 2587 2706 velhreparare
2632 2630 2784 2706 bonis
2820 2630 3070 2706 operibus
3096 2625 3432 2706 festinemus.
3473 2625 3795 2706 Sutdeamus

2217 2699 2413 2764 iugiter
2432 2699 2674 2752 vitiorum
2698 2699 2977 2753 exhaurire
2997 2702 3274 2754 sentinam.
3298 2700 3412 2754 Non
3433 2703 3572 2754 enim
3597 2710 3796 2752 nocent

2225 2776 2436 2850 peccata
2465 2769 2773 2850 .prguterita,
2818 2770 2865 2824 si
2901 2784 3019 2850 non
3055 2770 3262 2850 placent
3306 2771 3602 2850 pnesentia.
3641 2770 3816 2823 Sicut-

2224 2837 2362 2887 enim
2390 2837 2515 2909 nulli
2537 2837 2799 2903 iustorum
2834 2839 3028 2892 sufficit
3057 2837 3259 2907 ]ustitia
3295 2855 3419 2903 sua,
3449 2840 3492 2892 si
3534 2857 3636 2892 non
3667 2855 3793 2909 per-

2223 2907 2544 2960 severaverit
2569 2922 2733 2975 usque
2759 2910 2809 2962 in
2841 2909 2996 2963 finem
3023 2926 3036 2961 :
3066 2911 3133 2962 ita
3169 2910 3295 2962 nulli
3328 2907 3795 2976 peecatorum‘no-

2224 2987 2346 3054 dere
2372 2977 2566 3054 poterit
2585 2977 2830 3054 initpiitas
2848 2994 2960 3040 sua,
2987 2981 3028 3030 si
3049 2989 3328 3054 antequam
3354 2977 3422 3054 de
3444 2994 3668 3054 corpore
3690 2978 3813 3032 isto.

2223 3041 2478 3124 discedat,
2502 3045 2568 3099 ad
2592 3041 3043 3124 eleemosvnamm
3068 3041 3300 3104 remedia
3329 3050 3410 3102 vel
3433 3048 3500 3102 ad
3526 3041 3795 3118 peniten—

2227 3115 2315 3184 tize
2340 3115 2718 3184 medicamenta
2748 3116 3058 3184 confugerit.

2295 3183 2348 3256 β.
2391 3183 2498 3238 Nec
2526 3185 2618 3256 ulli
2653 3183 3083 3256 procrastinanda.
3130 3186 3646 3256 Religionis/inbitas.
3685 3184 3814 3240 Sed.

2226 3253 2344 3325 quia
2372 3255 2584 3323 quando
2608 3249 2694 3308 vel
2731 3272 2830 3325 qua
2861 3257 2988 3309 hora
3018 3257 3085 3310 de
3127 3249 3457 3311 hoc'saiculo
3500 3258 3792 3324 rapientur,

2227 3323 2365 3394 scire
2400 3339 2510 3378 non
2530 3323 2984 3394 possumus;sine
3012 3327 3114 3380 ulla
3153 3326 3402 3379 dilatione
3439 3327 3517 3380 vel
3552 3323 3700 3380 mora
3726 3326 3795 3380 de

2227 3391 2437 3446 sinistra
2466 3391 2644 3462 fugere
2671 3396 2978 3449 festinemus
3002 3396 3064 3448 ad
3094 3395 3384 3449 dexteram.
3413 3395 3526 3448 Non
3555 3397 3808 3456 sanitati,

2229 3477 2332 3515 non
2357 3464 2497 3516 aetati
2527 3466 2847 3518 credendum
2891 3475 2990 3519 est.
3040 3464 3152 3519 Non
3193 3466 3263 3518 in.
3288 3465 3576 3518 remedium
3604 3466 3798 3518 salutis

2227 3547 2337 3584 sua:
2365 3547 2576 3599 seinper
2615 3533 2898 3588 Iardandus
2924 3545 3024 3598 est,
3051 3536 3139 3603 qui
3174 3536 3294 3587 vita:
3337 3551 3446 3587 sua:
3474 3551 3686 3600 semper
3712 3535 3795 3588 ine

2228 3612 2408 3674 certus
2444 3604 2559 3656 est‘
2600 3621 2612 3655 :
2651 3607 2770 3673 quia
2823 3606 2911 3674 qui
2966 3620 3062 3657 nos
3109 3621 3328 3658 securos
3376 3604 3498 3658 fecit
3539 3605 3808 3668 dicendo,‘

2234 3671 2472 3724 Peccator
2499 3674 2550 3725 in
2577 3671 2682 3737 qud
2710 3675 2792 3726 die
2814 3671 3076 3728 conversus
3099 3676 3270 3740 fuerit,
3307 3690 3476 3726 omnes
3504 3675 3809 3740 iniquitates.

2228 3741 2363 3795 illius
2391 3743 2626 3795 oblivioni
2657 3744 2925 3796 traduntur
2953 3743 3161 3813 (Ezeclt.
3190 3759 3337 3807 XVIII,
3363 3743 3425 3813 2i
3451 3753 3495 3813 et
3521 3741 3646 3813 2‘2);
3679 3744 3811 3809 ipse-

2229 3825 2325 3863 nos
2354 3813 2510 3864 etiam
2541 3822 2722 3866 cautos
2763 3829 2881 3867 esse
2926 3811 3091 3866 voluit
3128 3815 3331 3877 dicens,
3378 3811 3552 3866 Nolite
3588 3811 3794 3865 tardare

2228 3883 2444 3934 converti
2491 3883 2558 3934 ad
2589 3882 2880 3946 Dominum,
2928 3899 3018 3936 nec
3045 3883 3291 3948 (li/feratis
3337 3883 3399 3935 de
3442 3883 3523 3935 die
3563 3883 3614 3934 in
3657 3883 3792 3934 dimi

2231 3949 2414 4020 (Eccli.
2446 3967 2498 4012 v,
2546 3953 2624 4014 8).
2651 3953 2703 4005 Si
2738 3955 2872 4006 forte
2900 3955 3112 4021 quando
3149 3953 3468 4017 generaliter
3505 3969 3693 4005 omnes
3723 3954 3804 4004 ad.

2231 4021 2594 4090 pornitentiam
2639 4037 3017 4090 provocamus,
3064 4023 3255 4090 aliquis
3305 4024 3438 4076 intra
3490 4038 3548 4075 se
3596 4021 3793 4089 cngin-t

2228 4089 2428 4151 dicens,
2461 4093 2568 4159 Ego
2589 4089 2797 4158 juvenis
2824 4093 2982 4145 homo
3009 4089 3226 4145 nitorem
3271 4092 3490 4153 habens,
3522 4091 3806 4161 quomodo.

2231 4175 2443 4228 possum
2487 4171 2577 4213 aut
2605 4163 2822 4229 capillos
2850 4163 3104 4220 minuere,
3137 4172 3226 4214 aut
3253 4162 3484 4216 habitum
3524 4161 3792 4228 religionis

2229 4232 2533 4284 assumere?
2583 4247 2679 4284 nec
2705 4247 2801 4284 nos
2846 4233 2945 4284 hoc
2981 4233 3224 4294 dicimus,
3258 4231 3443 4284 fratres
3468 4229 3804 4291 cliarissinti..

2231 4314 2336 4352 non
2368 4302 2465 4352 hoc
2483 4301 2850 4369 praedicamus,
2884 4301 3282 4369 utjuvenesqni
3315 4301 3557 4368 conjugia
3596 4301 3792 4352 habere

2233 4369 2498 4430 videntur,
2532 4369 2765 4423 habitum
2794 4372 2956 4438 magis
2982 4386 3136 4438 quam
3178 4383 3352 4423 mores
3385 4371 3609 4422 habeant
3646 4383 3792 4422 cum,

2232 4450 2454 4492 mutare.
2479 4439 2613 4506 Quid
2643 4440 2795 4492 enim.
2824 4440 3020 4492 homini
3052 4456 3270 4493 osorem
3301 4439 3509 4492 habenti
3541 4449 3716 4500 nocet,
3746 4439 3788 4491 si

2230 4523 2406 4562 mores
2451 4510 2680 4575 perditos
2722 4510 2953 4562 voluerit.
2983 4510 3047 4561 ad
3079 4525 3247 4576 opera.
3286 4511 3419 4561 bona
3460 4511 3540 4562 vel
3572 4509 3801 4562 hom-Sta.

2229 4588 2559 4640 convertere,
2589 4580 2631 4630 si
2662 4589 2997 4648 peceatorunt
3037 4594 3253 4631 suorum
3300 4581 3516 4632 vulnera
3558 4580 3790 4629 elocuto-

2231 4653 2394 4717 synis.
2419 4649 2632 4716 jejuniis
2661 4659 2713 4700 et
2755 4649 3080 4701 orationibus
3104 4648 3168 4702 ad
3203 4649 3480 4701 sanitatem
3512 4649 3787 4716 pristinam

2230 4719 2435 4770 studeat
2488 4721 2772 4771 revocare?
2809 4718 2938 4772 Vera
2970 4721 3108 4770 enim
3157 4719 3434 4771 conversio
3471 4719 3587 4771 sine
3630 4717 3790 4770 vesti-

2231 4789 2949 4841 mentorumcommutatione
2969 4789 3160 4842 sufficit
3175 4788 3273 4841 sibi
3301 4805 3313 4839 :
3334 4787 3648 4840 vestimenta
3669 4801 3792 4839 vero

2229 4859 2473 4926 religiosa
2515 4859 2630 4912 sine
2684 4858 2834 4910 bouis
2865 4859 3114 4924 operibus
3145 4872 3257 4912 non.
3301 4857 3471 4909 solum
3501 4856 3788 4926 remedium

2230 4925 2426 4982 habere
2453 4943 2557 4980 non
2597 4937 2863 4995 poterunt,
2899 4926 2991 4980 sed
3018 4930 3174 4981 etiam
3201 4927 3401 4996 iustum
3428 4927 3515 4980 Dei
3533 4925 3788 4996 iudicunn

2229 4998 2580 5051 sustinelmnt.
2623 4998 3004 5050 Convertamur
3045 5013 3171 5067 ergo
3199 4995 3265 5050 ad
3308 4996 3545 5056 meliora,
3582 4995 3709 5048 dum
3740 4996 3787 5046 in

2229 5077 2408 5121 nostra
2426 5077 2543 5120 sunt
2569 5077 2824 5134 potestate
2846 5067 3076 5120 remedia
3103 5086 3114 5117 :
3140 5068 3224 5122 hic
3243 5067 3638 5129 exstiuguamns
3654 5079 3792 5116 mor-

2231 5147 2334 5189 tem
2365 5137 2636 5189 moriendo
2663 5138 2912 5204 peccatis,
2935 5137 3019 5190 hic
3049 5140 3203 5191 vitain
3233 5139 3352 5187 vita:
3385 5139 3586 5187 meritis
3616 5135 3792 5204 aequis

2231 5222 2447 5267 ramus;
2483 5203 2763 5274 pra-stante
2793 5208 3014 5260 Domino
3061 5217 3238 5260 nostro
3268 5206 3393 5258 Jt'SII
3441 5204 3676 5265 Christo,
3710 5203 3789 5256 cui

2229 5289 2309 5328 est
2341 5277 2508 5329 honor
2557 5285 2610 5328 et
2641 5277 2916 5340 imperium
2943 5293 3060 5329 cuni
3096 5278 3246 5330 l‘aire
3279 5286 3330 5328 et
3371 5277 3566 5343 Spiritu
3609 5285 3791 5328 sancto

2231 5347 2281 5398 in
2307 5348 2496 5401 εει-θυι.
2521 5348 2856 5399 seculorum.
2877 5349 3066 5401 Amen.

2293 5587 2308 5617 ι
2333 5591 2469 5634 Forte
2492 5582 2775 5646 legendum,
2793 5592 2848 5634 ut
2865 5583 3004 5635 infra.
3016 5595 3162 5634 serm.
3181 5582 3288 5646 260,
3306 5596 3354 5631 n.
3375 5582 3420 5640 9.,
3441 5589 3559 5632 Nam
3579 5580 3629 5631 in
3645 5593 3790 5646 rente-

2228 5647 2361 5696 dium
2383 5639 2670 5696 salutis'sute
2690 5639 2874 5707 semper
2888 5647 3058 5696 tardus
3079 5652 3166 5705 est;
3191 5639 3291 5707 qui,
3319 5639 3414 5694 etc.
3434 5657 3448 5707 ;
3481 5647 3586 5691 sive
3611 5652 3663 5692 ut
3701 5639 3790 5689 ilhc

2228 5709 2376 5756 habet
2399 5715 2477 5757 Ms.
2504 5717 2538 5756 t.
2559 5719 2575 5768 :7
2603 5715 2653 5754 In
2677 5705 2945 5760 remedium
2985 5707 3149 5761 salutis
3174 5705 3390 5760 anteriori
3405 5705 3464 5757 sit
3487 5716 3671 5768 semper
3693 5711 3789 5753 ωτ-

2231 5771 2339 5832 dus,
2355 5769 2436 5832 qui
2459 5769 2519 5819 dc
2535 5767 2629 5818 rita
2649 5781 2754 5829 sua,
2780 5778 2874 5820 ets.
