4072 6362
301 411 438 482 2221

303 613 400 670 sed
457 622 633 668 tamen
665 611 788 681 quia
815 609 960 666 illam
993 609 1170 664 statim
1199 623 1358 681 agere
1398 610 1680 666 noluerunt
1702 652 1718 677 ,
1769 613 1884 667 sine

307 686 473 752 ipsius
503 683 739 738 remedio
761 682 829 737 de
854 681 956 738 hoc
981 683 1178 736 saeculo
1203 690 1555 736 recesserunt.
1585 682 1885 737 Percutitur

303 757 450 809 enim
480 755 641 808 etiam
673 754 771 807 hac
797 753 1252 811 animadversione
1280 761 1541 821 peccator,
1572 761 1629 807 ut
1653 754 1883 807 moriens

304 826 652 879 obliviscatur
679 824 759 878 sui
784 865 799 890 ,
831 825 920 893 qui
953 824 1132 878 vivens
1159 824 1354 877 oblitus
1377 833 1459 878 est
1488 824 1598 878 Del.
1633 823 1763 878 Nam
1793 825 1882 893 qui

303 895 600 950 remedium
621 896 811 948 animm
833 910 961 958 sum,
985 895 1196 963 quando
1220 896 1406 963 potuit,
1433 895 1599 948 noluit
1619 909 1878 964 quzercre;

302 978 490 1036 postea
519 966 724 1020 etiarnsi
753 965 910 1031 velit,
941 965 1158 1020 dubium
1183 973 1264 1020 est
1291 975 1471 1021 utrum
1499 975 1768 1022 mereatur
1794 979 1882 1020 ae-

297 1051 344 1089 Cl
351 1053 498 1091 nere.

351 1054 536 1161 pireiﬂ
565 1107 756 1160 minuta
780 1115 828 1161 et
855 1107 1028 1177 gravia
1053 1115 1256 1177 peccata
1282 1108 1518 1162 continuo
1545 1107 1876 1161 redimantur.

301 1176 450 1232 Mala
473 1195 586 1248 spes
613 1187 661 1230 et
689 1177 822 1230 mala
849 1176 1150 1247 desperatio.
1183 1179 1245 1231 Et
1279 1177 1426 1242 ideo,
1457 1177 1650 1232 fratres
1673 1178 1882 1230 charis-

298 1248 448 1310 simi,
491 1257 698 1317 tempus
734 1248 916 1317 judicii
960 1257 1013 1302 et
1046 1249 1186 1302 diem
1219 1248 1500 1302 reddenda:
1536 1249 1755 1302 rationis
1796 1259 1881 1302 sa-

300 1319 511 1387 pienter
539 1329 590 1372 et
631 1319 826 1372 utiliter
850 1320 1175 1387 cogitemus,
1209 1328 1261 1372 et
1289 1319 1510 1372 crimina
1541 1320 1622 1372 vel
1664 1325 1879 1387 peccata

299 1389 504 1458 majora
534 1405 650 1443 cum
679 1391 961 1459 gemitibus
986 1398 1041 1444 et
1065 1391 1322 1457 suspiriis,
1351 1389 1597 1456 quamdiu
1628 1390 1874 1459 vivimus,

300 1459 609 1528 lugeamus;
633 1458 792 1514 etilla
817 1461 1014 1514 minuta
1037 1459 1225 1512 delicta
1249 1461 1327 1513 vel
1351 1473 1466 1528 quae
1487 1470 1610 1512 ante
1637 1458 1874 1522 fecimus,

298 1532 379 1583 vel
401 1547 522 1598 qua:
545 1531 905 1585 indesinenter
927 1529 1273 1594 admittimus,
1298 1530 1526 1585 assiduis
1552 1530 1878 1583 orationibus

298 1609 352 1654 et
387 1601 703 1671 largioribus
723 1601 1094 1670 ,eleemosynis
1137 1601 1478 1654 redimamus.
1519 1601 1584 1654 Et
1612 1599 1879 1670 quomodo

299 1686 404 1725 non
436 1671 629 1725 desunt
657 1671 959 1739 quotidiana
988 1679 1320 1739 peccatorum
1349 1671 1596 1735 vulnera,
1629 1672 1705 1724 sic
1746 1685 1880 1722 nun-

298 1757 456 1810 quam
483 1742 656 1797 desint
685 1745 1141 1810 eleemosynarum
1171 1741 1254 1794 vel
1288 1742 1581 1795 orationum
1619 1741 1874 1794 remedia.

297 1810 353 1866 Si
381 1813 525 1866 enim
556 1813 912 1882 nosmetipsos
938 1812 1148 1880 propria
1179 1812 1459 1866 severitate
1489 1812 1875 1880 distringimus,

299 1885 616 1937 sententiam
647 1883 806 1936 futuri
845 1882 1039 1950 judicis
1065 1883 1435 1951 praevenimus.
1466 1883 1565 1948 Qui
1602 1883 1742 1934 enim
1783 1892 1879 1950 pro

298 1954 533 2022 peccatis
560 1954 656 2008 sibi
689 1953 788 2022 ipsi
818 1968 921 2007 non
955 1954 1122 2022 parcit
1144 1994 1160 2015 ,
1193 1953 1332 2008 Deus
1360 1954 1465 2007 cito
1496 1954 1569 2006 illi
1598 1952 1879 2020 indulgen-

297 2023 426 2077 tiam
456 2025 698 2078 retribuit
723 2042 735 2077 :
765 2031 820 2077 et
846 2024 938 2091 qui
965 2039 1023 2078 se
1051 2023 1228 2091 ipsum
1255 2025 1414 2077 modo
1445 2039 1472 2075 a
1503 2025 1879 2078 communione

300 2109 396 2162 pro
428 2105 575 2149 reatu
618 2095 928 2163 suspendit,
957 2096 1022 2148 ab
1051 2094 1140 2147 illo
1168 2093 1322 2146 altari
1365 2095 1503 2162 quod
1529 2103 1612 2147 est
1653 2094 1702 2146 in
1742 2093 1880 2146 cwlo

298 2165 561 2234 removeri
592 2181 698 2219 non
739 2166 959 2232 poterit;
1001 2165 1294 2218 secundum
1323 2165 1482 2230 illud,
1515 2163 1610 2216 Dic
1658 2172 1711 2216 tu
1740 2164 1881 2234 prior

297 2233 584 2304 aequitate:
604 2246 738 2301 tuas,
765 2245 816 2287 ut
836 2235 1130 2304 justiﬁceris
1151 2234 1332 2302 (Prov.
1359 2249 1488 2288 xvnI
1507 2275 1520 2299 ,
1551 2235 1659 2304 l7).
1686 2232 1882 2302 Iniqui-

298 2313 459 2358 tatem
492 2315 630 2359 tuam
677 2309 720 2359 si
753 2316 806 2358 tu
837 2306 1100 2374 agnoSeis,
1119 2307 1256 2359 Deus
1288 2307 1526 2372 ignoscit.
1555 2305 1724 2358 Nemo
1751 2318 1880 2372 ergo

296 2375 576 2442 desperet;
604 2377 697 2430 sed
729 2392 884 2428 nemo
914 2376 1050 2429 male
1091 2385 1286 2444 speret.
1319 2377 1453 2429 Male
1479 2375 1760 2444 desperat,
1788 2374 1880 2443 qui

296 2446 466 2500 credit
513 2446 654 2510 quod
699 2447 905 2500 etiamsi
945 2447 1310 2515 paenitentiam
1353 2454 1474 2515 agat
1510 2459 1602 2514 pro
1653 2445 1880 2513 peccatis

298 2517 408 2571 suis
433 2553 448 2580 ,
480 2516 657 2571 divina
684 2517 1042 2570 misericordia
1069 2532 1172 2568 non
1205 2516 1488 2585 indulgeat.
1531 2516 1665 2569 Male
1704 2523 1880 2569 autem

297 2596 499 2653 sperat,
531 2588 621 2655 qui
651 2602 709 2642 se
737 2596 853 2656 post
873 2588 1040 2640 multa
1068 2596 1304 2656 tempora
1329 2587 1394 2639 ad
1421 2586 1744 2656 paenitentiae
1768 2601 1880 2639 meo

297 2656 598 2711 dicameuta
628 2666 884 2712 reservat.
915 2659 1192 2724 Quomodo
1219 2658 1360 2710 enim
1390 2658 1526 2711 male
1550 2657 1882 2726 desperanti-

297 2726 398 2780 bus
418 2728 630 2793 dicitur,
655 2728 898 2781 Pecca‘tor
917 2730 969 2780 in
989 2743 1297 2797 quacumque
1320 2728 1402 2780 die
1419 2743 1686 2780 conversus
1707 2728 1876 2796 fuerit,

297 2813 468 2868 onmes
489 2799 774 2868 iniquitates
793 2798 930 2852 illius
953 2797 1190 2851 oblivioni
1214 2799 1474 2850 tradentur
1495 2800 1512 2866 (
1523 2798 1705 2868 Eucti.
1730 2809 1877 2868 xvtII,

296 2866 417 2923 21st
437 2867 532 2937 22)
562 2866 582 2923 :'
613 2870 688 2924 sic
718 2870 854 2924 male
879 2869 1215 2938 sperantibus
1241 2868 1451 2934 dicitur,
1485 2867 1657 2921 Nolite
1683 2866 1885 2938 tardare

296 2941 514 2992 converti
544 2939 611 2992 ad
638 2937 917 2992 Dominum
941 2938 1123 3007 (Eceli.
1154 2955 1207 3003 v,
1242 2939 1320 3007 8).
1354 2939 1476 2992 Haec
1502 2954 1659 3007 ergo,
1693 2937 1883 2992 fratres

297 3011 619 3079 charissimi,
649 3020 754 3064 ιειιι]
774 3010 874 3065 viri
901 3025 1058 3079 quam
1081 3009 1314 3073 femi-tne,
1342 3018 1446 3062 tam
1469 3010 1697 3078 religiosi
1724 3023 1880 3077 quam

298 3078 458 3144 laici,
509 3088 617 3134 tam
662 3095 817 3135 senes
859 3078 1021 3150 quam
1065 3080 1318 3148 juvenes,
1369 3087 1482 3134 tam
1529 3080 1676 3149 pueri
1702 3093 1881 3150 quam

299 3152 491 3219 puellae
517 3192 529 3215 ,
569 3152 824 3206 attentius
851 3149 1144 3220 cogitemus
1172 3169 1186 3204 :
1218 3161 1271 3204 et
1298 3151 1413 3203 sine
1439 3151 1542 3203 ulla
1584 3149 1886 3203 dissimula-

301 3221 450 3276 tione
479 3224 816 3276 securitatem
846 3222 1178 3276 mortiferam
1205 3230 1538 3290 respuet-nes,
1563 3221 1884 3289 quotidianis

299 3291 492 3346 diebus
524 3295 753 3361 peccatis
789 3293 984 3347 nosu'is
1011 3292 1338 3362 poenitentiae
1383 3293 1767 3345 medicamenta
1794 3306 1886 3358 ap-

371 3377 501 3416 nere
539 3362 877 3427 Studeamus;
923 3361 1168 3416 timentes
1212 3361 1338 3415 illud
1369 3363 1510 3430 quod
1545 3363 1740 3415 dictum
1781 3371 1882 3423 est,

363 3443 558 3514 emerito
605 3434 838 3514 ᾳςῳιξᾳηι
881 3449 1016 3514 mors
1050 3449 1151 3486 non
1181 3431 1498 3514 tardat'tld.
1525 3448 1640 3514 μιν,
1673 3431 1782 3514 12).
1803 3432 1885 3514 'Si

302 3503 443 3557 enim
483 3502 859 3558 hsee'fideliter
884 3504 1120 3573 agimus,
1150 3511 1272 3556 ante
1310 3503 1538 3556 tribunal
1566 3502 1747 3557 asserui
1795 3502 1888 3556 Ju-

303 3573 435 3627 dicis
460 3615 475 3638 ,
523 3589 626 3628 non
667 3574 1019 3628 damnationis
1063 3574 1383 3628 sententiam
1424 3574 1748 3642 suscepturi,
1791 3573 1886 3626 sed

303 3645 518 3698 aeternis
550 3645 780 3711 prasmiis
805 3643 1177 3699 remunerandi
1202 3658 1325 3697 cum
1350 3644 1542 3712 gaudio
1569 3652 1625 3698 et
1650 3643 1888 3698 exsulta-

305 3712 450 3768 tione
485 3714 707 3770 feliciter
750 3716 1067 3770 veniemus:
1116 3714 1399 3782 adiuvante
1443 3717 1666 3768 Domino
1704 3723 1888 3768 nostro

304 3783 428 3912 l‘esu
449 3785 684 3856 Christo,
709 3785 800 3858 qui
821 3786 947 3842 vivit
975 3798 1028 3843 et
1051 3795 1238 3857 regnat
1260 3789 1314 3840 in
1332 3787 1524 3841 saaeuia
1546 3787 1882 3841 saeculorum.

355 3871 498 3912 men.

355 3871 498 3914 men.

785 3949 1016 4005 ssnno
1052 3947 1296 4005 CCLVIII
1328 3947 1424 4022 (a).

888 4039 1022 4089 Unde
1042 4051 1188 4102 supra
1211 4037 1302 4102 (b).

378 4122 431 4177 1.
466 4120 533 4176 Ut
555 4122 725 4193 lapsus
754 4123 850 4176 cito
875 4130 1122 4192 resurgat.
1150 4121 1311 4193 Quam
1335 4119 1672 4193 periculosum
1686 4130 1889 4193 peccata

310 4193 527 4263 peccatis
552 4190 828 4245 cumulare.
861 4193 1008 4262 Rogo
1021 4190 1140 4263 vos,
1172 4191 1364 4263 fratres
1381 4190 1676 4263 cltarissimi
1698 4201 1797 4263 ,ιιι
1841 4191 1886 4244 si

311 4259 447 4318 forte
464 4264 654 4331 aliquis
672 4278 737 4316 cx
765 4259 1021 4327 vobis,'ut
1046 4276 1104 4316 se
1122 4261 1281 4315 habet
1311 4260 1541 4315 humana
1590 4259 1843 4330 fragilitas
1869 4303 1884 4327 ,

310 4334 603 4388 calliditate
633 4332 828 4386 diaboli
853 4341 1152 4400 superatus,
1199 4341 1252 4386 et
1286 4332 1598 4402 capitalibus
1649 4333 1887 4386 crimini-

308 4404 408 4459 bus
443 4404 731 4469 involutus,
784 4403 1072 4458 secundum
1125 4402 1264 4471 quod
1321 4403 1606 4471 Apostolus
1626 4402 1719 4466 ait,
1754 4412 1888 4455 tem-

309 4476 456 4544 plum
492 4474 586 4528 Dei
621 4475 670 4527 in
701 4490 757 4526 se
788 4473 1031 4527 violando
1055 4473 1399 4538 destruxerit,
1425 4473 1490 4544 de
1522 4473 1625 4544 Dei
1673 4473 1886 4527 miseri-

307 4543 488 4599 eordia
519 4561 622 4599 non
644 4544 890 4612 desperet
923 4563 936 4597 :
963 4544 1054 4596 sed
1079 4545 1184 4596 cito
1214 4545 1278 4595 de
1299 4544 1436 4596 malo
1463 4543 1752 4611 iniquitatis
1777 4558 1888 4597 sua:

307 4627 609 4684 COusurgat,
647 4632 711 4667 ne
743 4613 1125 4670 consuetudine
1154 4613 1407 4682 peccandi
1437 4613 1488 4665 in
1520 4614 1647 4684 ipsis
1686 4630 1743 4667 se
1779 4614 1887 4666 rui-

307 4688 388 4739 nis
415 4683 662 4754 sel'ieliat.
695 4683 806 4738 NOII
841 4686 980 4738 enim
1009 4685 1092 4750 qui
1114 4685 1429 4751 peccaverit,
1459 4685 1552 4736 sed
1577 4685 1664 4752 qui
1684 4684 1734 4736 in
1762 4699 1887 4751 pec—

306 4757 440 4809 eatis
469 4756 908 4825 perseveraverit,
940 4754 1150 4808 odibilis
1165 4763 1219 4808 et
1238 4754 1607 4825 abominabilis
1633 4754 1741 4825 Deo
1763 4756 1882 4807 erit.

305 4825 439 4880 Nam
470 4822 526 4880 ut
547 4827 610 4879 dc
632 4826 951 4894 indulgentia
985 4825 1157 4878 divina
1181 4841 1337 4878 netno
1366 4822 1599 4884 difl‘idat,
1633 4824 1887 4878 Dominus

307 4913 406 4950 nos
429 4912 524 4966 per
543 4896 856 4966 prophetam
887 4895 1028 4949 velut
1073 4895 1356 4966 piiSsimus
1382 4903 1530 4962 pater
1559 4895 1884 4960 consolatur,

308 4964 517 5031 dicens,
546 4964 684 5018 Nolo
711 4976 920 5019 mortem
949 4967 1241 5034 peccatoris,
1271 4964 1433 5034 sedul
1467 4974 1806 5032 convertatur,
1839 4975 1888 5017 et

307 5040 439 5092 vivat
472 5037 693 5107 (IL'zcclt.
724 5053 906 5100 χχχιιι,
943 5033 1066 5107 ll);
1095 5045 1147 5107 et
1169 5035 1318 5100 illud,
1346 5033 1592 5107 Impietas
1616 5035 1760 5107 impii
1786 5052 1888 5107 non

311 5104 503 5162 nocebit
532 5109 595 5171 ei,
639 5109 688 5160 in
729 5104 1037 5177 quacumque
1068 5105 1148 5159 die
1187 5122 1451 5158 conversus
1494 5105 1645 5174 fuerit
1683 5104 1744 5158 ab
1790 5106 1890 5159 im-

310 5180 492 5248 pietate
521 5177 830 5249 sua(1bid.,
866 5177 976 5245 12).
1010 5177 1116 5232 Sed
1160 5178 1282 5249 licet
1311 5177 1378 5229 sit
1421 5177 1518 5249 ista
1551 5186 1655 5230 tam
1698 5191 1887 5245 magna

312 5246 706 5313 misericordia;
751 5257 925 5301 tamen
955 5258 1078 5302 tunc
1108 5248 1260 5302 nobis
1309 5246 1547 5317 prodest,
1567 5249 1610 5302 si
1641 5263 1747 5302 non
1773 5256 1885 5300 tar~

311 5319 500 5375 damus
525 5319 760 5373 converti
776 5319 841 5372 ad
873 5318 1174 5385 Dominum,
1199 5333 1297 5374 nec
1324 5317 1546 5373 crimina
1574 5317 1886 5373 criminibus

371 5441 444 5501 (a)
481 5439 619 5498 Alias,
637 5439 702 5487 de
722 5444 957 5501 (tempore
978 5437 1055 5486 58.

372 5496 445 5564 (b)
481 5509 530 5549 In
552 5496 821 5562 appendice
840 5496 981 5548 nunc
1005 5499 1212 5564 primum
1239 5496 1514 5564 collocatur.
1543 5500 1722 5564 minus
1756 5499 1886 5550 inter

312 5560 677 5626 Augustinianos
705 5567 947 5626 manserat
968 5560 1098 5626 apud
1128 5561 1448 5626 Lovanieuses
1471 5573 1484 5608 :
1509 5567 1561 5609 at
1584 5561 1814 5626 verlinus
1833 5568 1887 5614 et

311 5621 574 5687 viIidiIIgus
596 5625 764 5687 reponi
785 5621 949 5671 volunt
967 5621 1092 5671 inter
1116 5622 1455 5687 supposititios.
1486 5623 1675 5687 caesarii
1701 5631 1780 5672 est
1803 5623 1886 5687 ho-

312 5686 440 5734 milia
463 5683 512 5733 in
545 5683 831 5734 Bibliotheca
855 5693 1039 5732 Patrum
1071 5693 1239 5746 quarta
1270 5683 1482 5742 decima,
1506 5685 1656 5745 ipsius
1691 5685 1884 5734 nomine

313 5750 362 5796 in
393 5749 616 5795 omnibus
659 5748 834 5796 nostris
885 5748 1217 5807 manuscriptis
1254 5752 1531 5807 przcnotata.
1571 5752 1638 5794 De
1682 5759 1810 5794 num.
1856 5749 1879 5796 1

314 5810 426 5859 vide
448 5807 579 5870 Eligii
598 5807 758 5870 lion'iiL
789 5809 873 5868 15,
899 5817 950 5857 et
970 5821 1112 5868 supra
1145 5821 1292 5855 serm.
1319 5807 1404 5864 29,
1433 5821 1480 5855 n.
1523 5808 1578 5861 4;
1597 5808 1660 5856 de
1683 5821 1814 5856 num.
1835 5809 1881 5870 4‘,

317 5824 426 5859 Vluc
448 5824 510 5858 tu
547 5824 579 5858 ll
598 5824 758 5858 ιιοιιιιι.
789 5824 873 5868 ID,
899 5824 950 5857 Cl.
970 5824 1112 5868 Slllll'ii
1145 5824 1292 5855 SCI‘lll.
1319 5824 1404 5864 Συ,
1433 5824 1480 5855 ll.
1523 5824 1578 5861 4;
1597 5824 1660 5856 UB
1683 5824 1748 5856 nu

515 5824 680 5922 ἷοωιι.
703 5871 783 5930 55,
808 5879 858 5921 et
874 5883 1016 5932 supra
1038 5882 1185 5919 serm.
1215 5871 1288 5928 15,
1309 5884 1356 5918 ιι.
1381 5871 1429 5928 5,
1451 5878 1501 5920 et
1524 5869 1604 5930 29,
1628 5884 1677 5920 ιι,
1702 5871 1748 5918 4.

1647 421 1875 482 SERMO
1910 419 2165 482 CCLVIII.

3422 426 3564 485 2222

1992 541 2420 628 supersedimus.
2455 545 2694 628 Denique
2733 546 2894 628 etiam
2917 545 2973 602 ἱιι
2993 544 3123 616 ipsis
3142 546 3452 628 vulneribus
3475 557 3556 610 vel

1992 613 2238 690 fracturis
2258 627 2573 690 corporum,
2607 613 2942 690 inﬁrmitates
2994 613 3318 690 unguesccre
3369 637 3559 690 possn-

1991 700 2113 739 mus
2137 685 2454 756 animarum.
2488 684 2544 740 Si
2569 686 2708 741 enim
2737 687 2893 743 alicui
2922 701 3017 756 pes
3041 684 3308 755 {iungatur
3337 684 3425 745 aut
3447 711 3560 750 ma-

1993 771 2114 832 nus,
2144 771 2265 809 cum
2289 754 2469 832 labore
2499 754 3004 832 soletadpristinum
3031 754 3260 832 efficiunt
3280 768 3550 832 revocari,

1989 826 2046 882 Si
2081 841 2206 881 vero
2231 826 2465 882 secundo
2482 841 2543 880 ac
2565 826 2798 882 tertitfet
2825 828 3000 883 adhuc
3028 827 3355 896 frequentius
3382 835 3431 886 in
3473 826 3562 889 co-

1989 898 2111 976 dem
2133 897 2263 976 loco
2283 897 2524 952 membra
2551 899 2662 966 ipsa
2707 897 3046 976 frangantur,
3067 905 3242 966 potest
3257 899 3560 976 intelligere

1985 968 2234 1047 Charitas
2261 978 2437 1021 vestra
2458 981 2577 1047 cum
2611 969 2821 1036 quantis
2859 969 3133 1047 doloribus
3185 972 3402 1047 vulnera
3435 968 3554 1047 ipsa

1988 1039 2219 1093 curanda
2244 1049 2404 1110 sunt:
2435 1041 2488 1110 et
2515 1044 2694 1092 tamen
2741 1049 2855 1107 post
2899 1041 3081 1110 longas
3106 1050 3158 1094 et
3186 1044 3377 1098 multas
3405 1039 3559 1101 cu'rns

1985 1110 2074 1162 vix
2101 1109 2201 1163 erit
2232 1116 2288 1161 ut
2317 1108 2379 1162 ad
2406 1109 2681 1176 pristinum
2705 1115 2895 1163 statum
2943 1108 3177 1165 membra
3210 1111 3322 1176 ipsa
3353 1117 3562 1172 valeant

1987 1179 2242 1234 revocari.
2275 1178 2473 1233 Similis
2503 1181 2638 1233 ratio
2660 1178 2711 1233 in
2737 1181 3028 1235 animarum
3057 1178 3304 1238 fractul-is
3332 1199 3424 1240 seu
3447 1191 3556 1242 vul-

1991 1251 2207 1322 nuribus
2235 1264 2352 1304 esse
2375 1249 2638 1322 credenda
2666 1260 2764 1303 est.
2820 1250 2876 1306 Si
2919 1254 3082 1306 semel
3127 1254 3316 1322 aliquis
3358 1257 3440 1310 vel
3471 1275 3557 1314 se-

1987 1321 2163 1373 cundo
2195 1321 2523 1391 peccaverit,
2567 1331 2618 1373 et
2661 1322 2774 1375 sine
2821 1322 2992 1391 aliqua
3021 1321 3442 1381 dissimulatione
3492 1330 3557 1384 ad

1988 1392 2315 1462 poenitentia:
2347 1389 2732 1462 medicamenta
2763 1389 3079 1457 confugerit;
3104 1396 3381 1462 pristinam
3410 1399 3557 1451 ineo.

1988 1459 2277 1536 lumitatem
2298 1461 2612 1536 sine_aliqua
2641 1469 2786 1516 mora
2808 1463 2823 1493 ¹
2849 1459 3314 1536 recipiethivero
3341 1479 3557 1536 peccata

1986 1533 2216 1608 peccatis
2231 1529 2451 1608 coeperit
2468 1532 2684 1594 addere,
2705 1542 2758 1586 et
2775 1529 3067 1586 animarum
3088 1535 3307 1608 vulnera
3333 1529 3558 1608 tegendo

1986 1602 2069 1654 vel
2087 1602 2418 1676 defendendo
2441 1610 2764 1670 putrescere,
2792 1619 2951 1676 quam
2974 1603 3275 1676 conﬁtendo
3310 1617 3361 1661 et
3385 1602 3557 1676 paeni—

1988 1673 2203 1745 tentiam
2234 1671 2437 1745 agendo
2463 1687 2670 1745 curare,
2704 1671 2975 1745 maluerit;
3021 1675 3308 1745 timendum
3353 1671 3432 1732 est
3453 1723 3466 1745 ,
3492 1697 3560 1736 ne

1987 1741 2040 1794 in
2062 1743 2149 1796 illo
2175 1741 2458 1819 impleatur
2483 1743 2610 1819 illu_d
2633 1744 2770 1819 quod
2799 1745 3085 1819 Apostolus
3111 1744 3271 1819 dixit,
3296 1747 3388 1819 ΔΑη
3410 1741 3558 1819 igno-

1985 1829 2072 1865 ras
2099 1813 2223 1884 quia
2247 1813 2524 1884 benignitas
2554 1813 2646 1866 Dei
2663 1815 2732 1866 ad
2767 1816 3105 1884 paenitentiam
3132 1827 3180 1868 te
3201 1813 3453 1873 adducit?
3479 1819 3560 1875 Tu

1988 1892 2154 1958 autem
2176 1884 2452 1958 secundum
2477 1883 2716 1958 duritiam
2737 1883 2901 1958 cordis
2929 1885 3003 1936 tui
3023 1898 3172 1958 et_cor
3198 1887 3512 1958 impaenitens
3541 1935 3556 1958 ,

1985 1953 2306 2032 rites-aermna
2319 1954 2547 2032 tibiiran}
2572 1953 2729 2032 in__die
2751 1955 2840 2008 ira:
2865 1965 2911 2008 et
2945 1953 3281 2012 reuelationis
3289 1959 3421 2028 justi
3460 1953 3556 2032 ju;

1986 2023 2103 2095 dicii
2119 2023 2213 2095 [ξςὶ
2241 2023 2413 2095 (Rom.
2438 2040 2494 2089 II,
2516 2025 2603 2077 Ilet
2618 2024 2693 2094 5).

2055 2092 2109 2146 2.
2140 2093 2208 2149 Ut
2251 2092 2400 2147 nemo
2419 2092 2729 2165 quantumuis
2754 2103 2866 2165 reus
2890 2095 2952 2148 de
2980 2097 3323 2152 misericordia
3348 2099 3442 2154 Dei
3465 2108 3556 2156 de-

1985 2172 2168 2238 speret,
2197 2165 2287 2238 sed
2309 2164 2580 2238 sine_in9ra
2600 2181 2707 2217 eam
2721 2164 2814 2218 sibi
2833 2167 3101 2238 conciliare
3124 2169 3338 2238 festinet.
3363 2170 3554 2226 Exem-

1988 2235 2071 2308 plo
2112 2234 2292 2308 David.
2330 2233 2434 2289 Sed
2483 2233 2617 2288 forte
2666 2237 2860 2308 cogitat
2899 2237 3086 2308 aliquis
3111 2233 3216 2291 tam
3272 2243 3450 2308 gravia
3501 2260 3558 2298 se

1990 2304 2272 2382 admisisse
2300 2311 2515 2382 peccata
2540 2305 2786 2382 ,llbjttm
2838 2307 2928 2359 Dei
2967 2304 3382 2382 misericordiam
3432 2327 3554 2382 pro-

1987 2375 2181 2428 mereri
2206 2391 2314 2454 non
2339 2376 2524 2454 possit.
2550 2376 2698 2454 Absit
2720 2377 2819 2430 hoc
2846 2381 2877 2428 a
2899 2377 3142 2454 sep‘gihus
3158 2379 3392 2434 omnium
3433 2375 3557 2454 pec-

1988 2453 2246 2498 catorum.
2275 2447 2319 2499 Ο
2348 2447 2538 2509 homo,
2594 2447 2912 2516 quicumque
2953 2448 3044 2500 ille
3071 2463 3126 2500 es
3156 2491 3170 2513 ,
3223 2447 3557 2516 peccatorum

1987 2516 2381 2586 multitudinem
2433 2517 2690 2581 a‘ttendis;
2744 2526 2796 2570 et
2841 2518 3279 2586 omnipotentiam'
3323 2523 3557 2578 cu-lestis

1987 2585 2173 2638 Medici
2203 2602 2306 2638 non
2334 2588 2582 2641 attendis.
2610 2586 2741 2641 Cum
2772 2588 2914 2641 enim
2951 2585 3088 2642 Deus
3137 2591 3260 2644 velit
3314 2594 3557 2649 misereri

1988 2658 2108 2726 quia
2136 2657 2305 2710 bonus
2348 2667 2450 2734 est,
2501 2665 2555 2710 et
2583 2658 2749 2734 possit
2775 2660 2895 2734 quia
2926 2659 3264 2734 omnipotens
3293 2671 3373 2715 est
3405 2682 3419 2717 :
3445 2666 3557 2734 ipse
3591 2668 3604 2676 '

1989 2736 2175 2808 eontra
2207 2741 2287 2808 "se
2333 2727 2928 2808 divinze.misericordi_ae
2963 2730 3176 2808 januam
3207 2733 3435 2800 claudit,
3466 2727 3557 2808 qui
3590 2738 3612 2749 ‘

1990 2797 2154 2869 Deum
2178 2797 2274 2851 sibi
2305 2798 2648 2851 misereriaut
2673 2815 2777 2851 non
2803 2800 2939 2853 velle
2969 2805 3058 2853 a’nt
3087 2817 3192 2854 non
3242 2811 3394 2869 posse
3423 2797 3556 2860 cre-

1991 2867 2081 2938 dit,
2116 2876 2168 2920 et
2195 2877 2422 2921 enmaut
2452 2869 2644 2922 bonum
2681 2878 2770 2921 ant
2797 2872 3214 2938 omnipotentem
3244 2867 3371 2927 esse
3415 2875 3557 2930 difﬂ-

1995 2937 2427 3015 dit_._Nemo_ergo
2451 2953 2550 3015 nec
2594 2937 2968 3015 postcentunr
2998 2950 3240 3015 peccata,
3289 2958 3388 2998 nec
3439 2956 3558 3015 post

1990 3010 2135 3061 mille
2154 3011 2375 3082 crimina
2396 3010 2462 3063 de
2484 3010 2851 3082 misericordia
2869 3013 3046 3064 divina
3071 3014 3334 3082 desperet.
3368 3010 3456 3069 Sic
3478 3026 3556 3070 ta-

1991 3093 2113 3132 men
2138 3095 2239 3132 non
2265 3081 2530 3149 desperet,
2565 3090 2620 3133 ut
2648 3082 2762 3133 sine
2790 3081 2891 3134 nlla
2937 3095 3080 3135 mora
3135 3084 3298 3137 Deum
3344 3087 3442 3139 Sibi
3471 3101 3552 3142 re-

1992 3152 2285 3226 propitiare‘
2319 3149 2529 3226 festinet
2557 3165 2664 3226 :_ne
2687 3151 2847 3226 forte,
2876 3153 2919 3204 si
2948 3155 3388 3226 consuetudinem
3438 3173 3560 3226 pec-

1991 3221 2147 3296 ean‘di
2179 3221 2590 3296 feceritetiamsi
2608 3223 2762 3296 velit,
2784 3224 2891 3296 jam
2937 3235 2996 3278 se
3043 3239 3071 3296 a
3115 3225 3311 3279 diaboli
3359 3221 3558 3296 laqueis

1993 3289 2220 3365 liberare
2253 3306 2356 3365 non
2389 3293 2572 3364 possit.
2607 3292 2764 3365 David
2797 3295 2935 3345 enim
2967 3295 3053 3361 qui
3107 3305 3160 3347 et
3207 3311 3299 3349 rex
3342 3305 3395 3351 et
3426 3289 3560 3365 ’βιο-

1995 3363 2150 3444 pheta
2170 3362 2350 3444 divino
2369 3362 2586 3416 munere
2615 3363 2729 3415 ﬁeri
2750 3367 2962 3444 meruit,
2983 3371 3101 3444 post
3122 3375 3318 3444 tantam
3337 3362 3558 3435 gratiam

1994 3434 2068 3485 ita
2096 3443 2394 3499 pra-ventus
2419 3442 2520 3493 est,
2543 3443 2597 3485 ut
2628 3448 2730 3485 non
2753 3434 2921 3485 solum
2956 3435 3272 3488 adulterium
3326 3434 3564 3493 commit-

1997 3511 2150 3565 teret,
2181 3504 2276 3556 sed
2291 3504 2450 3557 etiam
2477 3504 2816 3557 homicidium
2846 3512 3174 3573 perpetraret
3199 3524 3211 3558 :
3243 3517 3344 3563 nec
3380 3517 3556 3563 tamen

1994 3583 2053 3626 se
2091 3573 2156 3650 ad
2185 3573 2285 3627 hoc
2309 3575 2617 3650 reservavit,
2651 3583 2706 3627 ut
2737 3575 2786 3650 in
2814 3582 3085 3627 senectute
3111 3593 3227 3650 _sua
3285 3579 3350 3631 ad
3390 3582 3561 3650 paeni-

1996 3645 2174 3698 tentiae
2219 3645 2598 3698 medicamenta
2642 3643 2981 3712 confugeret;
3033 3645 3125 3698 scd
3165 3649 3340 3701 statim
3384 3643 3561 3705 cilicio

1995 3725 2295 3784 prostratus
2320 3724 2372 3768 et
2398 3725 2714 3784 conspersus
2737 3717 2934 3787 cinere,
2950 3731 3066 3767 cum
3089 3717 3286 3786 ingenti
3312 3720 3483 3787 rugitu
3508 3732 3561 3775 et

1994 3787 2190 3858 gemitu
2216 3787 2576 3858 ptenitentiam
2597 3799 2756 3858 agens
2777 3785 2857 3858 (“ll
2888 3786 3008 3853 Reg.
3037 3799 3107 3858 ξι,
3139 3785 3205 3858 1‘2
3229 3793 3246 3858 )
3273 3830 3287 3852 ,
3321 3785 3559 3858 inipfevi:

1995 3857 2126 3932 illud
2145 3857 2285 3925 quod
2296 3857 2420 3932 ipse
2448 3857 2498 3909 in
2525 3855 2748 3932 Psalmis
2773 3855 2994 3932 dixerat,
3037 3855 3236 3932 bavabo'
3260 3875 3347 3926 per
3387 3855 3563 3932 singu-

1995 3925 2072 3979 las
2098 3936 2263 3980 noctes
2289 3928 2467 3979 lectum
2493 3937 2675 3990 Meum,
2705 3926 2939 3995 (amjmis
2969 3928 3088 3977 meis
3141 3925 3350 3981 stratum
3399 3925 3562 3984 meum

1995 3996 2170 4068 rigabo
2202 3996 2382 4067 (Psai.
2414 4012 2486 4059 Vl,
2515 3997 2592 4063 7);
2625 4007 2676 4048 et
2704 3997 2912 4059 iterum,
2946 3997 3171 4048 (litteram
3219 4000 3345 4052 sicut
3379 4017 3559 4068 panem

1994 4067 2360 4136 manducabam
2389 4108 2403 4131 ,
2451 4073 2496 4118 et
2547 4078 2717 4134 potant
2763 4082 2924 4117 nicum
2966 4081 3077 4118 cum
3127 4069 3248 4136 ﬂetu
3297 4071 3562 4125 miscebant

1997 4135 2184 4208 (Psat.
2217 4153 2269 4202 χ,
2297 4137 2404 4202 l0).
2434 4139 2500 4190 Et
2524 4139 2644 4208 quia
2692 4138 3049 4203 paenitentiam
3099 4135 3255 4205 agere
3291 4142 3559 4197 mortifera

1997 4207 2279 4260 securitate
2320 4223 2422 4260 non
2451 4207 2685 4271 distulit,
2710 4209 2815 4260 cito
2837 4208 2888 4259 in
2920 4223 2977 4259 se
3009 4208 3096 4260 Dei
3141 4210 3557 4272 misericordiam

1997 4279 2330 4346 provocavit;
2365 4287 2420 4330 ut
2450 4293 2551 4332 non
2581 4279 2750 4330 solum
2794 4292 3009 4346 regnum
3037 4291 3138 4329 non
3163 4283 3444 4344 amitteret,
3467 4284 3559 4336 sed

1997 4352 2153 4400 etiam
2184 4350 2406 4418 gratiam
2433 4350 2600 4402 sancti
2621 4347 2848 4416 Spiritus
2904 4350 3142 4413 recipere
3196 4365 3489 4404 mereretur
3517 4356 3558 4405 ³.

1998 4418 2104 4473 Sed
2135 4419 2268 4472 forte
2283 4428 2368 4474 est
2392 4419 2579 4486 aliquis
2606 4420 2694 4486 qui
2721 4418 2896 4489 dicat:
2931 4420 3040 4485 Ego
3074 4420 3122 4470 in
3154 4422 3334 4473 militia
3363 4424 3562 4489 positus

1997 4503 2136 4561 smn,
2160 4504 2378 4544 uxorem
2404 4489 2598 4561 habeo;
2633 4498 2684 4541 et
2714 4488 2832 4542 ideo
2855 4491 3214 4556 prenitentiam
3244 4488 3398 4560 agere
3431 4509 3562 4561 quo-

1997 4560 2158 4613 modo
2184 4562 2434 4629 possum?
2456 4560 2614 4626 Quasi
2647 4574 2772 4621 nos,
2796 4561 3005 4627 quando
3035 4563 3394 4626 ptenitentiam
3443 4560 3564 4616 Sua-

1997 4631 2218 4694 demus,
2252 4633 2350 4684 hoc
2371 4631 2624 4690 dicmnus,
2656 4640 2712 4682 ut
2739 4631 3095 4698 unusquisque
3123 4634 3290 4699 magis
3336 4634 3433 4686 sibi
3478 4650 3565 4687 ca-

1998 4701 2154 4770 pillos
2184 4702 2393 4754 studeat
2420 4701 2645 4761 auferre,
2675 4710 2729 4752 et
2771 4713 2877 4753 non
2921 4711 3138 4769 peccata
3183 4704 3476 4766 dimittere;
3513 4713 3566 4759 ct

1998 4773 2311 4826 vestimenta
2341 4773 2511 4842 potius
2541 4772 2755 4832 evellat,
2781 4786 2935 4838 quam
2966 4783 3160 4830 mores.
3199 4775 3297 4840 Qui
3329 4774 3424 4826 hac
3453 4777 3564 4829 dis—

1998 4841 2351 4896 simulatione
2373 4842 2620 4908 decipere
2646 4856 2701 4894 se
2733 4841 2898 4908 magis
2926 4855 3080 4910 quam
3119 4857 3375 4898 excusare
3403 4859 3562 4900 conan

1999 4919 2105 4975 tur,
2125 4913 2376 4973 attendat,
2401 4914 2518 4980 quia
2545 4926 2718 4980 regem
2749 4912 2908 4963 David
2934 4928 3029 4965 nec
3060 4912 3230 4967 honor
3269 4918 3415 4983 regni
3467 4931 3563 4970 nec

1963 4983 2538 5055 'dignitasvestimenti
2561 4984 2624 5035 ad
2671 4983 3032 5055 penitentiam
3087 4986 3346 5053 agendam
3395 4988 3564 5055 potuit

1999 5055 2255 5125 impedire
2275 5055 2292 5125 (
2315 5053 2353 5106 ll
2375 5052 2500 5123 Reg.
2533 5054 2768 5125 Iun-1‘5).

2069 5126 2120 5196 5.
2148 5122 2518 5196 ltenrexemplo
2544 5122 2746 5196 Achab,
2801 5122 3054 5178 Mentissa
3075 5161 3091 5191 ,t
3107 5136 3154 5179 et
3173 5127 3442 5180 inerc'ricis'
3457 5144 3568 5196 φιτ(

1997 5195 2145 5262 pedes
2173 5194 2378 5246 Domini
2400 5195 2536 5265 lavit.
2565 5193 2744 5246 Achab
2763 5209 2968 5265 quoque
3015 5212 3104 5249 rex
3131 5197 3419 5265 sacrilegus
3439 5193 3556 5260 ,de

1998 5279 2102 5334 quo
2130 5265 2397 5333 Scriptura
2414 5264 2541 5335 dicit
2571 5265 2713 5332 quod
2745 5280 2847 5317 non
2878 5264 3034 5320 merit
3060 5269 3190 5319 alius
3216 5264 3443 5335 talisqui
3480 5284 3566 5320 ve-

1997 5335 2459 5409 numdatussitut
2484 5334 2677 5388 faceret
2709 5338 2905 5409 malum
2943 5347 3124 5390 contra
3149 5334 3429 5409 Dominum
3461 5337 3569 5409 (Alll

1998 5403 2127 5476 Reg.
2152 5422 2259 5471 XXI,
2293 5405 2430 5475 9.0);
2468 5413 2808 5476 posteaquam
2829 5406 3148 5476 depravatus
3171 5408 3238 5461 ab
3267 5422 3435 5462 uxore
3468 5403 3569 5463 ’.18-

2062 5625 2075 5652 ί
2105 5624 2185 5671 Hic
2206 5621 2385 5672 addunt
2406 5629 2513 5689 Lov.
2541 5630 2650 5689 Am.
2667 5629 2716 5670 et
2733 5629 2830 5678 Er.,~
2852 5628 2900 5672 et
2919 5621 3118 5689 forsitan
3131 5620 3412 5688 sirwaliqua
3427 5628 3568 5689 [ardi-

1994 5691 2124 5743 tate;
2147 5697 2256 5746 qua:
2277 5686 2521 5744 ccam-ius,
2542 5685 2715 5746 hligius
2739 5691 2908 5732 et
2935 5697 3028 5732 non
3047 5685 3245 5736 habent.

2060 5749 2092 5809 ’_
2107 5745 2297 5808 Reliqua
2322 5747 2468 5808 hujus
2492 5745 2676 5794 numeri
2703 5746 2850 5793 verba
2871 5745 3206 5796 desiderantur
3227 5749 3273 5796 in
3297 5756 3422 5809 Mss,
3450 5759 3500 5799 et
3523 5755 3567 5802 in

1996 5807 2286 5858 Bibliotheca
2305 5819 2315 5852 ι
2335 5807 2489 5855 atrum
2508 5823 2518 5855 :
2540 5822 2565 5855 a
2589 5808 2772 5854 thesaro
2799 5813 2966 5856 tamen
2981 5809 3180 5870 ingenio
3205 5821 3297 5861 nOn
3319 5807 3431 5861 sunt
3449 5813 3567 5863 alie-

2000 5883 2076 5918 nu.
2100 5871 2211 5918 \‘ide
2234 5885 2379 5919 serui.
2405 5871 2513 5925 illi),
2541 5885 2585 5916 II.
2613 5873 2655 5916 Li.
