4072 6362
266 491 571 550 consideret
605 487 648 542 si
690 486 791 542 hoc
815 483 967 553 vult,
1012 490 1071 540 ut
1111 491 1229 553 post
1254 494 1423 537 annos
1441 479 1676 552 quinque
1702 481 1756 536 in
1784 495 1847 536 ea

298 580 367 619 ua
414 571 568 616 natus
598 569 679 617 est
715 556 1024 613 modicitate
1058 555 1293 609 infantiae
1332 563 1491 624 atque
1533 561 1687 624 aetate
1731 568 1854 622 per-

298 581 367 619 ua
414 581 568 616 natus
598 581 679 617 est
717 581 1024 613 llluuluulw
1058 581 1293 609 unauna:
1332 581 1491 624 atque
1533 581 1687 607 i1:ch
1731 581 1850 622 pcr-

264 581 442 690 ﬂeret.
486 634 619 687 Cum
646 626 1199 704 ergo_n_ullus__sit_cu_i
1233 625 1332 704 hoc
1358 623 1658 704 placeatnde
1687 625 1850 704 rebus

263 708 412 769 suis;
445 695 733 776 quomodo"
759 699 902 754 dolet
942 698 1148 776 aliquis
1164 697 1230 751 de
1262 697 1414 776 vinea
1431 704 1499 776 .et
1523 695 1723 776 pliveto
1743 695 1850 776 .vel

265 777 377 830 ﬁlio
399 763 445 829 si
465 763 671 827 imllum
695 763 1047 839 augmentum
1068 768 1368 839 habuerint,
1401 767 1477 820 sic
1504 763 1683 819 doleat
1712 766 1757 818 si
1789 781 1848 821 se

265 849 458 917 ipsum,
506 861 571 917 ex
615 858 679 917 eo
724 836 966 911 tempore
1000 853 1107 917 quo
1145 839 1200 917 in
1230 836 1442 917 Christo
1480 844 1699 917 renatus
1725 845 1845 905 est,

264 906 396 972 nihil
446 906 740 985 profecisse
781 906 1108 985 cognoverit.
1151 906 1643 985 Certissime_enim
1691 922 1850 985 nosse

261 976 524 1066 debemus
552 984 672 1066 quia
704 976 976 1066 quonion
1002 980 1249 1066 volumus
1287 991 1346 1062 ιιι
1370 976 1850 1066 (ιιιίᾶςῃιιίιξιςηοξ,

260 1059 511 1129 pertinet,
548 1048 771 1129 _sive__in
814 1053 1111 1129 gregibus,
1149 1051 1260 1105 sive
1314 1051 1365 1103 in
1429 1048 1849 1129 quibuscumque

261 1123 510 1198 agrorum
534 1125 818 1200 fructibus,
837 1125 908 1200 _iu_
928 1123 1070 1200 etnni
1101 1123 1238 1200 lieno
1276 1128 1701 1200 crescaut_atque_
1726 1135 1851 1200 pro-

263 1188 482 1262 ﬁciant;
533 1198 632 1251 hoc
668 1196 782 1249 sine
807 1188 983 1248 dubio
1028 1202 1080 1246 et
1120 1193 1260 1247 Deus
1298 1198 1478 1262 noster
1506 1189 1573 1262 de
1616 1188 1768 1243 nobis
1796 1199 1850 1245 et

267 1261 539 1325 desiderat
566 1276 620 1321 et
642 1273 932 1333 exspectat.
954 1263 1188 1332 Populus
1213 1277 1340 1332 ergo
1359 1261 1680 1333 Christianus
1697 1262 1845 1333 quasi

263 1340 478 1411 propria
520 1347 579 1411 et
625 1330 907 1411 peculiaris
936 1330 1143 1411 novella
1171 1350 1262 1411 sua
1279 1330 1428 1411 'uvss
1462 1330 1849 1411 poiiusnatl‘erat

262 1399 420 1480 quain
450 1399 675 1485 Spiiias_:
712 1407 868 1485 nende
895 1422 955 1461 ea
983 1405 1187 1485 dicatur
1216 1404 1285 1485 ita
1305 1445 1319 1470 ,
1350 1399 1489 1485 sicut
1536 1403 1587 1485 iu
1627 1399 1849 1485 Cantica

262 1476 404 1549 sirpe
431 1476 707 1542 caritastis,
751 1476 976 1549 Vineam,
1008 1476 1196 1549 inquit,
1224 1476 1469 1549 plantapi,
1491 1482 1545 1549 Aet
1566 1476 1848 1549 exspeciavi

264 1561 316 1605 ut
337 1543 529 1626 faceret
559 1565 679 1626 uvas
693 1564 715 1626 _;
745 1548 861 1626 fecit
892 1556 1057 1626 aufem
1083 1543 1343 1599 labi-nscas
1370 1543 1604 1626 (Isai._v,
1633 1544 1711 1626 2)ἶ
1741 1543 1845 1626 sed

262 1614 414 1692 quia,
445 1622 584 1675 sicut
604 1614 1064 1692 dicit'Apostoius,
1087 1631 1213 1692 eum
1236 1614 1734 1692 essemus‘oleastri,
1767 1617 1848 1669 in-

218 1742 229 1769 ἓ
263 1685 697 1769 serti'sumusjn
713 1685 904 1769 bonam
928 1689 1124 1769 olivam
1148 1687 1324 1769 (Rom.
1363 1703 1436 1751 χι,
1466 1685 1590 1769 ξῷζ
1626 1687 1694 1739 ila
1726 1702 1845 1769 Cll"!

210 1757 229 1786 ⁵
265 1762 358 1817 Dei
388 1760 657 1831 adjutorio
684 1759 1117 1831 bouisoperibus
1157 1757 1403 1831 insistere
1451 1757 1850 1831 debemushut

262 1849 382 1887 cum
410 1827 669 1901 propheta
714 1830 977 1901 possimus
1004 1827 1342 1901 dicere,AE_go
1375 1837 1542 1901 autem
1565 1828 1691 1901 sicut
1718 1828 1850 1901 oliva

263 1897 530 1972 fructifera
568 1903 620 1955 in
665 1897 815 1972 domo
862 1899 987 1965 Dei,
1025 1898 1222 1970 speravi
1269 1899 1320 1953 in
1371 1898 1715 1971 misericordia
1754 1897 1851 1953 Dei

264 1969 362 2027 inci
395 1969 564 2044 (Psal.
598 1988 667 2037 LI,

337 2040 833 2112 4.'Recapitutatio._
853 2042 917 2094 Et
943 2040 1062 2095 ideo
1085 2054 1184 2109 per
1210 2055 1281 2112 ea,
1303 2055 1419 2110 qua:
1448 2055 1605 2109 supra
1634 2054 1850 2110 sugges-

262 2116 453 2179 simus,
484 2110 613 2183 rogo
647 2127 776 2178 vos,
811 2110 1030 2183 fratres,
1082 2121 1136 2183 ut
1180 2110 1355 2165 nullus
1392 2126 1460 2183 es
1496 2111 1852 2183 vobiscu'cdat

263 2186 405 2255 quod
432 2187 481 2241 ei
503 2180 673 2239 solum
698 2184 800 2237 hoc
825 2182 1051 2255 sufﬁciat
1079 2182 1123 2255 si
1152 2196 1313 2255 opera
1342 2182 1481 2235 mala
1504 2196 1606 2235 non
1640 2180 1847 2255 iecerit;

264 2252 357 2310 sed
398 2256 612 2324 quantis
640 2262 813 2323 potest
842 2253 1039 2324 viribus
1083 2253 1161 2306 sic
1212 2252 1443 2324 divertat
1487 2267 1514 2304 a
1566 2252 1745 2324 male,
1796 2263 1854 2308 ut

266 2323 425 2380 faciat
450 2328 666 2388 bonum,
691 2335 745 2379 et
768 2324 944 2378 audiat
976 2323 1258 2377 Dominum
1293 2323 1556 2375 dicentem
1593 2323 1645 2376 in
1678 2323 1852 2377 Evan-

265 2398 424 2467 gelio,
463 2396 598 2460 Quid
619 2394 1156 2467 prodestquoddicitis
1187 2394 1327 2467 mihi,
1352 2393 1589 2467 potuine,
1612 2392 1848 2467 Dgntine,

266 2462 309 2521 Et
334 2484 435 2521 non
461 2462 630 2538 facilis
659 2482 771 2538 qua:
796 2462 906 2518 dico
938 2464 1086 2536 (Luc.
1118 2480 1203 2526 v1.
1345 2464 1368 2517 ?
1389 2473 1443 2518 et
1470 2462 1710 2538 illud,_‘Si
1736 2464 1856 2538 dili-

265 2540 381 2606 gitis
423 2534 520 2604 uie,
569 2534 831 2617 mandata.
855 2534 964 2617 mea
1003 2544 1194 2617 servate
1236 2534 1415 2617 (datm.
1446 2550 1549 2617 διν,
1586 2534 1696 2600 16).
1724 2536 1853 2617 Qus?

265 2605 443 2662 autem
490 2619 611 2662 sunt
654 2624 773 2678 quae
819 2608 889 2678 ius
922 2606 1204 2678 Evangelia
1248 2605 1492 2678 iacienda
1524 2606 1856 2678 Aprmceperit

262 2678 531 2743 Christus,
566 2675 689 2732 Ded
705 2677 931 2747 propitio
976 2676 1111 2731 bene
1156 2677 1344 2732 nostis.
1376 2675 1602 2745 Diligite,
1635 2676 1850 2746 inquit,

263 2751 497 2802 inimicos
521 2758 726 2812 uestros,
757 2747 1027 2817 benefacite
1049 2748 1121 2801 eis
1145 2747 1231 2817 qui
1259 2763 1344 2817 vos
1380 2747 1593 2800 oderunt
1613 2786 1629 2813 ,
1661 2755 1717 2799 ut
1743 2747 1854 2817 sitis

266 2821 363 2887 ﬁlii
395 2818 567 2874 Patris
593 2819 754 2890 vestri
784 2814 994 2889 (Matth.
1037 2834 1089 2883 v,
1126 2814 1213 2882 Η,
1247 2816 1338 2890 45)
1375 2834 1387 2869 :
1420 2828 1472 2890 et
1504 2818 1714 2890 iterum,
1751 2814 1853 2871 Ve-

263 2900 547 2943 rumtamen
572 2889 688 2943 date
710 2887 1091 2958 eleemosynam,
1122 2898 1169 2941 et
1196 2887 1497 2941 ecce'omnia
1524 2887 1712 2941 munda
1738 2897 1856 2942 sunt

265 2959 564 3031 uobis(Luc.
596 2976 671 3025 χι,
697 2959 811 3029 41).
838 2959 911 3031 De
939 2974 1038 3027 qua
1070 2974 1127 3012 re
1151 2958 1427 3031 audiamus
1455 2968 1508 3013 et
1531 2959 1741 3013 beatum
1768 2958 1855 3014 Ja-

264 3029 459 3086 cobum
486 3031 651 3085 libera
674 3045 807 3085 voce
835 3029 1176 3094 clamantem,
1211 3029 1355 3084 Sicut
1379 3031 1514 3083 enim
1539 3046 1721 3099 corpus
1748 3031 1858 3085 sine

266 3103 439 3155 anima
484 3111 735 3155 mortuum
772 3110 881 3166 est,
915 3101 985 3152 ita
1015 3111 1061 3153 et
1091 3101 1217 3168 ﬁdes
1253 3100 1361 3153 sine
1399 3099 1630 3170 operibus
1656 3111 1856 3155 mortua

266 3183 335 3226 est
368 3172 572 3241 (Jacobi
597 3188 657 3237 ll,
685 3170 797 3240 26).
827 3170 977 3225 Totis
1005 3186 1133 3239 ergo
1160 3172 1390 3238 viribus,
1433 3170 1624 3225 fratres
1654 3172 1856 3227 charis-

267 3245 413 3306 simi,
441 3243 580 3312 quod
619 3244 816 3296 bonum
848 3251 930 3296 est
959 3256 1277 3311 operemur;
1313 3256 1410 3296 nec
1451 3242 1602 3295 nobis
1628 3241 1859 3297 sufﬁciat

266 3316 311 3368 si
344 3315 477 3369 tales
513 3328 717 3379 sumus,
764 3312 949 3382 quales
996 3314 1189 3365 fuimus
1240 3328 1304 3365 eo
1351 3321 1589 3381 tempore
1621 3328 1726 3382 quo
1755 3313 1855 3366 Ba-

268 3384 451 3455 ptismi
492 3392 824 3455 sacramenta
852 3382 1319 3455 accepimusiiPer
1358 3382 1684 3455 Baptismum
1714 3386 1857 3455 enim

266 3452 477 3511 vacuati
508 3468 687 3511 sumus
718 3454 786 3508 ab
809 3452 1057 3508 omnibus
1082 3452 1264 3518 malis;
1294 3453 1385 3506 sed
1413 3453 1503 3507 Dei
1528 3454 1695 3523 gratia
1721 3454 1860 3510 bene

268 3526 476 3596 agendo
505 3525 762 3596 debemus
810 3524 1001 3596 repleri
1041 3523 1288 3596 omnibus
1323 3524 1473 3596 bonis
1503 3542 1515 3578 :
1554 3540 1620 3578 ne
1651 3524 1788 3579 forte
1813 3524 1859 3579 si

269 3593 388 3651 sine
430 3595 680 3666 operibus
722 3593 876 3649 bonis
904 3593 974 3648 de
1016 3594 1180 3666 solius
1226 3594 1477 3666 Baptismi
1520 3604 1860 3666 sacramento

268 3665 605 3732 conﬁdimus,
638 3665 857 3735 spiritus
883 3665 1210 3731 immundus,
1235 3668 1323 3734 qui
1354 3665 1419 3718 de
1444 3665 1597 3718 nobis
1625 3681 1721 3735 per
1740 3680 1865 3736 gra-

275 3739 401 3792 tiam
432 3737 631 3791 Christi
661 3736 919 3805 expulsus
943 3743 1046 3800 est,
1071 3744 1386 3799 revertatur,
1407 3736 1517 3789 etsi
1539 3751 1638 3790 nos
1656 3750 1689 3790 a
1705 3736 1862 3792 bonis

271 3808 524 3877 operibus
566 3807 828 3862 invenerit
876 3820 1110 3871 vacuos,
1153 3806 1381 3860 adducat
1433 3820 1613 3859 secum
1656 3815 1861 3877 septem

273 3876 493 3949 spiritus
516 3879 800 3948 nequiores
820 3891 898 3942 se,
922 3885 976 3949 et
1006 3876 1133 3931 ﬁant
1152 3876 1446 3949 novissima
1473 3887 1651 3931 nostra
1682 3878 1860 3948 pejora

274 3947 556 4020 prioribus.
595 3947 720 4011 Haec
738 3964 888 4018 ergo,
916 3947 1110 4020 fratres
1133 3947 1431 4020 charissimi
1455 3991 1470 4014 ,
1499 3949 1542 4001 si
1572 3947 1860 4003 secundum

277 4017 516 4074 sanctam
544 4029 776 4074 vestram
805 4017 1241 4088 consuetudinem
1288 4018 1516 4088 libenter
1544 4020 1784 4088 accipitis
1810 4027 1864 4074 et

276 4092 532 4145 attentius
564 4090 810 4159 cogitatis
831 4131 844 4151 ,
876 4103 979 4142 non
1006 4087 1074 4142 de
1102 4089 1213 4142 sola
1246 4088 1370 4153 ﬁde,
1403 4087 1495 4141 sed
1528 4087 1687 4142 etiam
1719 4101 1773 4144 et
1797 4090 1863 4144 de

277 4160 435 4216 bonis
463 4161 712 4229 operibus
737 4159 1088 4225 conﬁdentes,
1119 4174 1145 4211 a
1183 4159 1338 4213 malis
1366 4160 1571 4215 actibus
1601 4162 1672 4214 ita
1703 4160 1865 4215 absti-

278 4246 409 4285 nere
437 4232 697 4300 poteritis,
722 4241 777 4284 ut
797 4230 1009 4285 Christo
1030 4230 1318 4284 auxiliante
1341 4231 1391 4284 in
1420 4230 1671 4300 operibus
1712 4230 1866 4285 bonis

278 4316 373 4372 vos
416 4302 612 4372 jugiter
639 4305 933 4356 exerceatis
961 4318 973 4351 :
1009 4310 1063 4351 ut.
1106 4301 1249 4352 illam
1282 4304 1489 4372 beatam
1517 4309 1570 4372 et
1596 4300 1869 4357 desidera-

280 4371 441 4428 bilem
477 4370 661 4428 vocem
689 4386 809 4426 cum
843 4372 1198 4425 exsultatione
1222 4379 1276 4425 et
1301 4371 1492 4439 gaudio
1518 4370 1746 4427 feliciter
1768 4388 1865 4427 au-

278 4443 409 4514 dire,
438 4443 782 4508 mereamini,
834 4441 1041 4514 Venite,
1084 4440 1347 4514 benedicti,
1390 4443 1631 4514 percipite
1658 4459 1870 4514 regnum

279 4513 413 4580 quod
449 4514 585 4568 vobis
629 4522 862 4583 paratum
887 4522 958 4565 est
984 4512 1269 4584 abrorigine
1295 4512 1471 4567 mundi
1499 4512 1866 4584 (Matthfxxv,

282 4584 370 4656 54)
405 4601 418 4636 :
457 4584 597 4652 quod
623 4582 735 4654 ipse
760 4593 1015 4654 praestare
1039 4582 1305 4653 dignetur,
1329 4584 1418 4654 qui
1450 4582 1577 4638 vivit
1605 4595 1659 4640 et
1682 4594 1871 4656 regnat

282 4654 333 4708 in
354 4654 581 4721 saecula,
605 4665 712 4711 etc.

742 4789 970 4846 SERMO
1006 4788 1259 4845 CCLXIV
1290 4789 1388 4862 (a).

456 4904 700 4967 Expositio
720 4902 868 4963 ﬁdei,
894 4908 945 4952 et
967 4902 1312 4966 interpretatio
1335 4903 1543 4954 nominis
1566 4902 1691 4966 ejus.

350 5010 404 5064 ι.
442 5006 591 5062 Fidei
616 5008 790 5062 laudes
819 5008 881 5061 ab
906 5008 1136 5061 omnibus
1161 5007 1505 5062 celebrantur.
1542 5006 1696 5062 Fides
1725 5026 1756 5061 (ι
1786 5009 1872 5064 Fit

281 5088 623 5148 nuncupatur.
665 5079 722 5135 In
759 5080 1004 5133 omnibus
1046 5078 1238 5132 divinis
1276 5078 1595 5135 lectionibus
1620 5122 1633 5144 ,
1682 5082 1871 5137 fratres

280 5150 602 5222 charissimi,
629 5149 762 5222 ﬁdes
786 5149 966 5222 multis
994 5149 1279 5222 praeconiis
1316 5150 1685 5217 collaudatur;
1710 5167 1870 5222 quam

283 5236 387 5276 non
415 5221 588 5275 solum
610 5220 805 5292 divinae
834 5219 1122 5288 Scriptum
1142 5262 1156 5285 ,
1187 5219 1283 5275 sed
1316 5222 1475 5275 etiam
1509 5232 1675 5276 totum
1706 5219 1872 5292 genus

283 5292 573 5363 humanum
605 5291 817 5363 laudare
844 5306 950 5363 non
973 5300 1164 5363 cessat.
1189 5293 1362 5360 Atque
1386 5293 1587 5347 utinam
1604 5291 1872 5363 quomodo

281 5362 529 5417 laudatur
558 5363 755 5429 lingua,
778 5362 855 5415 sic
885 5361 1189 5416 laudaretur
1209 5370 1264 5416 et
1284 5363 1423 5425 vita;
1451 5361 1717 5432 quomddo
1738 5381 1873 5433 pra:—

282 5433 491 5490 dicatur
519 5448 584 5488 ex
613 5447 727 5498 ore,
760 5433 839 5487 sic
865 5440 919 5486 et
945 5440 1186 5487 teneatur
1207 5448 1271 5486 ex
1292 5433 1488 5500 corde;
1522 5446 1577 5490 et
1603 5435 1871 5505 quomodo

341 5632 429 5696 (a)_
449 5634 653 5682 Caesarie
668 5634 717 5682 in
732 5631 951 5696 pluribus
974 5631 1307 5696 manuscriptis
1329 5633 1557 5696 tribuitur
1570 5668 1584 5693 ,
1613 5641 1788 5696 estque
1807 5646 1873 5687 ex

280 5694 495 5744 uoiniliis
518 5707 546 5743 a
563 5694 803 5757 Stephano
830 5694 1028 5758 inaluzio
1048 5694 1200 5758 ipsius
1222 5695 1419 5758 nomine
1445 5694 1654 5758 vulgatis
1685 5694 1873 5748 duode-

280 5760 421 5809 cima.
448 5764 516 5819 De
549 5756 680 5806 num.
707 5760 740 5807 5
766 5757 876 5807 vide
897 5757 1082 5819 Caesarii
1119 5756 1370 5819 epistuad
1414 5756 1645 5819 quosdam
1682 5764 1876 5809 Germao

281 5818 653 5937 ἓωὺἃυῧξιιὲιὶη.
678 5818 1054 5882 5,Appendieis
1073 5813 1225 5868 serui.
1271 5813 1352 5879 39,
1386 5813 1447 5868 αἱ
1482 5817 1693 5881 53257,
1734 5822 1873 5885 m4;

488 5886 539 5928 th
564 5886 612 5927 7t

1682 356 1914 416 SEBMO
1949 356 2220 415 CCLXIV.

3409 359 3553 421 2256

1965 482 2121 558 labiis
2147 481 2495 558 promittitur,
2519 483 2598 558 sic
2625 485 2878 558 operibus
2897 485 3200 558 impleatur.
3218 489 3386 546 Tanta
3407 494 3551 549 enim

1963 561 2049 631 est_
2073 551 2241 607 virtus
2269 551 2414 617 fidei,
2444 565 2508 631 u_t_
2525 551 2696 631 etiam
2712 556 2785 611 illi
2811 572 2928 631 eam
2952 551 3170 615 laudare
3196 575 3545 631 praesumant,

2039 624 2051 676 i
2077 638 2195 678 eam
2221 639 2438 679 servare
2457 623 2814 681 dissimulant.
2845 628 2913 682 Et
2935 645 3058 684 vere
3089 623 3278 687 merito
3300 623 3549 690 laudatur

1959 638 2116 748 338$.
2144 695 2260 748 sine
2285 709 2388 748 ana
2430 695 2559 748 nihil
2601 713 2831 748 unquam
2871 699 2995 748 boni
3043 702 3221 748 oneris
3266 704 3547 748 inclinatur

1999 695 2116 761 des,
2144 695 2388 769 sineque
2430 695 2559 749 nihil
2601 713 2831 769 unquam
2871 699 2995 754 boni
3043 702 3221 769 operis
3266 704 3547 761 inchoatur

1957 766 2772 843 atqueiper‘ﬁcitur;secundum
2817 769 2947 824 illud
2981 766 3122 843 quod
3162 775 3415 843 scriptum
3438 786 3540 841 est,

1960 836 2212 914 Sine/ide
2234 836 2540 914 impossibile
2562 847 2633 892 est
2661 836 3191 914 quemquamjlacere
3217 836 3326 901 Deo
3355 836 3540 914 (Hebr.

1957 907 2139 980 xi,‘6).
2167 907 2383 980 Deipsa
2419 908 2560 980 enim
2597 907 2917 980 ex‘perSOna
2950 907 3149 967 Christi
3194 924 3248 971 et
3286 907 3540 973 Ecclesia!

1956 976 2359 1056 ἀίεἰιιιις-ε-γξειεὶ,
2393 979 2624 1056 proxima
2640 976 2766 1056 mea,
2793 982 2854 1035 ab
2883 984 3025 1037 initio
3052 983 3169 1051 ﬁdei
3197 985 3365 1056 (Cant.
3392 1004 3462 1052 tv,
3487 988 3539 1052 8,

1955 1063 2055 1124 sec.
2094 1047 2278 1124 LXX).
2304 1047 2475 1124 Ipsam
2506 1050 2665 1103 etiam
2699 1051 2884 1107 beatus
2909 1047 3180 1122 apost'olus
3206 1047 3412 1112 'Paulns
3431 1047 3458 1124 ,’
3488 1047 3539 1113 in

1956 1118 2048 1173 illo
2077 1120 2315 1192 catalogo
2342 1118 2430 1174 ubi
2457 1134 2645 1192 omnes
2669 1125 2915 1192 antiquos
2940 1118 3153 1180 sanctos
3178 1118 3493 1183 collaudavit
3524 1170 3537 1192 ,

1995 1205 2052 1242 er
2094 1189 2334 1263 singulos
2343 1190 2761 1263 _com_tnendavit
2801 1189 3025 1248 dicens:
3068 1195 3196 1252 Fide
3240 1200 3391 1263 Abel,
3438 1189 3541 1254 fide

2004 1259 2162 1339 noch.
2190 1259 2291 1339 ﬁde
2316 1260 2450 1339 Noe,
2478 1259 2583 1339 ﬁde
2604 1262 2868 1339 Abraham
2890 1266 3204 1339 placuerunt
3229 1269 3335 1322 Deo
3354 1259 3537 1339 (Hebr.

1954 1329 2060 1410 si),
2098 1340 2201 1410 etc:
2228 1331 2324 1410 _De
2370 1331 2467 1386 hac
2516 1333 2674 1410 etiam
2726 1329 3143 1410 ipseHDominus
3171 1340 3223 1410 in
3252 1329 3541 1410 Eva'ngelio

1955 1400 2110 1476 dixit,
2132 1400 2297 1476 Fides
2315 1410 2402 1476 tua
2423 1410 2470 1476 te
2495 1403 2688 1476 saluum
2709 1400 2824 1474 fecit
2844 1403 2991 1475 (Luc.
3016 1423 3141 1468 xvu.
3170 1408 3282 1476 19);
3311 1422 3361 1462 et
3386 1400 3535 1473 iilttd,

1956 1469 2032 1545 Si
2054 1472 2324 1545 habueritis
2368 1473 2529 1545 ﬁdem
2556 1474 2682 1527 sicut
2709 1469 2936 1544 'granum
2972 1478 3182 1545 sinapis,
3219 1469 3391 1535 dicetis
3423 1469 3538 1533 huic

1954 1540 2135 1617 arbori
2168 1558 2328 1607 moro,
2369 1540 2647 1617 Erudigare
2684 1540 2739 1598 εἰ
2774 1540 3180 1614 transptantare,
3209 1558 3251 1601 et
3284 1551 3366 1617 ﬁet
3404 1552 3541 1604 vobis

1985 1613 2168 1685 Matth.
2215 1629 2341 1685 xvu,
2378 1613 2485 1683 19).
2516 1614 2646 1669 Cum
2684 1631 2811 1685 ergo
2856 1613 3015 1672 tantis
3052 1613 3295 1673 laudibus
3342 1621 3536 1675 bonum

1976 1683 2075 1760 idei
2120 1683 2477 1760 praedicetur,
2509 1700 2554 1760 a_
2563 1683 2765 1760 multis
2781 1698 2981 1760 tamen_
2999 1690 3231 1760 nominis
3266 1694 3379 1759 ejus
3417 1706 3539 1760 pro-

1954 1757 2153 1827 prietas
2188 1755 2477 1823 ignoratur.
2514 1755 2671 1809 Fides
2713 1759 2853 1811 enim
2884 1775 2914 1812 a
2944 1758 3064 1824 Fit,
3112 1759 3163 1814 id
3211 1755 3328 1827 esti,
3371 1755 3439 1815 ab
3475 1777 3541 1816 eo

1955 1825 2098 1900 quod
2130 1828 2240 1900 ﬁai,
2262 1841 2466 1900 nomen
2496 1828 2721 1900 accepit,
2762 1829 2883 1900 quia
2932 1830 2982 1883 in
3027 1831 3139 1900 ipsa
3168 1825 3403 1885 omnium
3432 1847 3539 1888 non

1955 1896 2128 1951 solum
2171 1896 2503 1959 divinarum,
2537 1897 2628 1950 sed
2657 1896 2815 1951 etiam
2848 1896 3197 1955 humanarum
3230 1918 3407 1956 rerum
3443 1903 3537 1958 ﬁr-

1956 1967 2112 2021 mitas
2158 1968 2480 2023 continetur.
2532 1965 2686 2023 Unde
2734 1970 3056 2035 quibuslibet
3104 1973 3282 2027 verbis
3330 1974 3538 2030 etiamsi

1956 2053 2074 2112 cum
2130 2038 2311 2112 muliis
2345 2038 2663 2112 juramenitis
2717 2039 2859 2112 dicat
2899 2056 2958 2096 se
2996 2042 3185 2112 aliquis
3230 2042 3385 2098 ﬁdem
3438 2046 3535 2098 ha-

1956 2109 2100 2184 bere,
2133 2110 2177 2184 s_i
2210 2108 2261 2184 id
2296 2107 2435 2176 quod
2470 2123 2528 2162 se
2552 2109 2680 2184 dicit
2707 2109 2925 2184 credere
2952 2107 3153 2184 verbis,
3180 2114 3408 2184 implere
3435 2131 3535 2170 no-

1957 2180 2114 2233 luerit
2140 2178 2314 2242 factis,
2342 2193 2447 2251 non
2466 2186 2550 2233 est
2568 2179 2725 2247 ﬁdes;
2754 2181 2897 2251 quia,
2920 2183 3057 2238 sicut
3083 2183 3210 2249 dixi,
3243 2178 3376 2240 fides
3400 2200 3429 2240 a
3449 2185 3537 2241 Fit

1957 2264 2153 2304 nomen
2180 2250 2404 2317 accepit.

2026 2319 2080 2397 2.
2126 2319 2192 2374 Ut
2220 2320 2797 2397 intcgra_st't,_credatur
2820 2324 3017 2397 etquod
3055 2326 3297 2397 promittit
3331 2336 3377 2379 et
3400 2327 3536 2397 quod

1958 2390 2179 2443 minatur
2221 2389 2380 2463 Deus.
2416 2389 2482 2445 Ut
2521 2391 2586 2463 sit
2619 2407 2770 2463 uera,
2805 2389 3066 2463 agendum
3101 2396 3234 2451 unde
3259 2406 3302 2450 et
3330 2389 3424 2450 hoc
3446 2413 3538 2451 ca-

1957 2470 2150 2537 seatur,
2172 2470 2217 2515 et
2237 2461 2364 2515 illud
2387 2461 2695 2537 acquiratur.
2721 2461 3005 2537 Videamus
3029 2465 3153 2535 quid
3185 2468 3254 2521 sit
3278 2467 3417 2537 quod
3444 2467 3541 2523 de-

1957 2530 2083 2604 beat
2108 2530 2317 2604 facere,
2354 2532 2443 2600 qui
2462 2530 2624 2604 ﬁdem
2655 2533 2763 2587 vult
2793 2530 3060 2604 integram
3076 2530 3343 2592 custodire
3376 2556 3388 2590 :
3435 2538 3538 2594 hoc

1959 2602 2264 2677 sine_dubio
2291 2603 2344 2655 in
2369 2617 2475 2677 quo
2506 2602 3235 2677 fundamentum—christiana:
3264 2607 3539 2677 religionis

1960 2671 2263 2747 firmissime
2291 2671 2627 2738 continetur;
2659 2684 2716 2747 ut
2756 2684 2810 2730 et
2856 2676 2996 2745 quod
3027 2679 3289 2747 promittit
3315 2671 3454 2733 Deus
3482 2689 3538 2734 et

1958 2743 2100 2812 quod
2122 2745 2372 2810 minatur,
2407 2751 2517 2798 toto
2545 2744 2707 2800 corde
2744 2743 2929 2800 verum
2957 2743 3076 2802 esse
3104 2749 3354 2804 conﬁdat.
3388 2749 3538 2805 Tunc

1959 2813 2101 2890 enim
2128 2821 2183 2868 et
2205 2830 2397 2890 nomen
2426 2814 2548 2869 ﬁdei
2575 2815 2869 2890 intelligere
2887 2858 2902 2884 ,
2933 2826 2989 2890 et
3012 2818 3257 2874 virtutem
3289 2820 3404 2890 ejus
3425 2821 3538 2890 ple-

1960 2885 2079 2938 nius
2109 2885 2303 2953 poterit
2328 2900 2616 2954 agnoscere
2637 2927 2654 2953 ,
2703 2885 2765 2945 si
2794 2887 2893 2942 ista
2924 2888 3029 2943 duo
3071 2889 3173 2945 sibi
3203 2885 3332 2945 ante
3353 2885 3538 2947 oculos

1959 2963 2408 3027 suosproponat,
2461 2956 2513 3009 id
2555 2965 2671 3020 est,
2720 2960 2995 3027 praemium
3037 2962 3158 3014 vitae
3202 2971 3451 3027 ueterum,
3482 2971 3540 3017 et

1960 3025 2297 3100 supplicium
2315 3040 2483 3100 pinus:
2512 3025 2813 3100 perpetuae.
2835 3029 2899 3083 Et
2928 3032 3050 3100 quia
3080 3047 3241 3085 unum
3272 3025 3494 3088 credere
3517 3073 3534 3100 ,

1961 3106 2014 3174 et
2041 3095 2106 3150 de
2135 3097 2239 3149 alio
2268 3095 2661 3174 dubitare’uih'il
2690 3095 3085 3168 prodestfcum
3107 3102 3290 3174 grandi
3316 3095 3540 3174 diligen—

1962 3166 2425 3242 t_ia_runusquisquc
2452 3166 2743 3242 interroget
2761 3185 2854 3242 cor
2872 3186 3055 3242 suum,
3086 3166 3134 3226 si
3161 3166 3443 3242 utrumque
3476 3174 3539 3227 ﬁ-

1960 3236 2153 3292 deliter
2172 3236 2375 3292 credit:
2401 3239 2517 3292 etsi
2549 3239 2601 3293 in
2631 3236 2744 3294 istis
2764 3240 2968 3296 duabus
2989 3236 3147 3297 rebus
3172 3236 3539 3300 veram'ﬁdem

1962 3322 2021 3362 se
2084 3307 2281 3379 habere
2328 3311 2667 3379 cognoverit,
2716 3311 2876 3365 corde
2941 3312 3245 3367 ﬁrmissimo
3305 3315 3541 3369 retinens

1962 3377 2184 3455 quodet
2203 3379 2335 3455 justi
2362 3377 2645 3455 postbona
2669 3395 2830 3450 Opera
2857 3385 3124 3452 accepturi
3151 3385 3257 3455 sint
3283 3385 3536 3455 gloriam,

1963 3458 2019 3504 ct
2046 3449 2227 3525 injusti
2254 3450 2539 3525 posi_mala
2583 3449 2897 3525 perpetuam
2921 3449 3125 3524 passuri
3157 3454 3263 3509 sint
3287 3449 3496 3525 poenam
3522 3449 3539 3522 ᾖ

1963 3533 2085 3591 cum
2115 3522 2227 3574 haec
2254 3519 2479 3591 ﬁdeliter
2504 3519 2829 3591 crediderit,
2857 3523 2901 3578 si
2924 3519 3041 3579 toto
3070 3525 3248 3580 animo
3272 3519 3545 3582 contendit

1962 3588 2101 3666 bona
2132 3605 2292 3659 epera
2336 3590 2512 3666 facere
2553 3607 2645 3661 per
2675 3608 2794 3661 quae
2814 3588 2993 3666 possit
3020 3596 3085 3649 ad
3113 3596 3388 3665 prtemium
3418 3612 3544 3665 per-

1963 3660 2147 3736 venire
2167 3701 2180 3726 ,
2211 3670 2265 3715 et
2296 3664 2430 3715 mala
2461 3660 2565 3716 non
2595 3660 2753 3732 agere
2782 3660 2843 3717 ιιῐ
2861 3680 3072 3735 penam
3104 3660 3269 3736 possit
3293 3660 3543 3734 evadere,

1965 3730 2123 3785 fidem
2172 3739 2388 3809 rect:un_
2420 3748 2477 3809 se
2522 3730 2704 3809 tenere
2742 3730 3186 3809 congaudeatfet
3217 3738 3325 3793 Deo
3352 3730 3548 3809 gratias

1965 3810 2119 3871 agat,
2147 3810 2344 3879 etcum
2377 3804 2543 3879 ipsius
2569 3802 2834 3879 adjutorio
2850 3802 2910 3861 in
2955 3802 3264 3878 ipso'opere
3295 3802 3545 3879 peiscvc-

1966 3887 2086 3927 rare
2111 3873 2415 3949 contendat.
2447 3874 2571 3929 llaec
2589 3891 2746 3949 ergo,
2776 3873 2990 3949 fratres,
3017 3879 3061 3932 si
3087 3873 3365 3949 diligenter
3388 3881 3549 3935 vultis

1967 3943 2276 4019 attendere,
2324 3951 2379 3998 et
2424 3960 2618 4019 nomeg
2666 3943 2788 4002 fidei
2819 3958 2885 4019 et,
2902 3951 3149 4004 virtutem
3180 3943 3296 4018 éjus
3341 3952 3550 4019 plenius

1969 4015 2208 4089 poteritis
2235 4029 2543 4085 agnoscere.
2576 4017 2643 4071 Et
2667 4018 2789 4089 quia
2822 4018 2953 4074 ﬁdes
2977 4034 3005 4071 a
3040 4019 3161 4085 Fit,
3204 4015 3354 4075 sicut
3388 4035 3549 4089 supe-

1969 4085 2079 4157 rius
2104 4085 2252 4151 dixi,
2294 4101 2487 4157 nomen
2519 4085 2743 4157 accepit,
2776 4090 2819 4143 si
2851 4098 2902 4144 te
2944 4091 3135 4144 melius
3173 4090 3190 4122 ί
3219 4090 3365 4145 dicas
3393 4085 3550 4146 ﬁdem

1971 4153 2201 4231 habere,
2232 4164 2285 4211 et
2317 4156 2461 4231 quod
2488 4153 2666 4213 verbis
2709 4153 3003 4231 promittis,
3041 4161 3291 4230 operibus
3330 4163 3552 4231 implere
3619 4207 3622 4210 .

1973 4226 2210 4281 nolueris
2228 4268 2244 4291 ,
2285 4228 2493 4296 penitus
2517 4244 2624 4282 non
2645 4226 2730 4283 est
2754 4230 2907 4286 ﬁdes.
2939 4230 3007 4284 Et
3043 4226 3092 4285 si
3116 4241 3167 4285 Ie
3193 4226 3550 4286 asseras'cre-

1971 4296 2403 4371 derepraamium
2432 4299 2575 4367 quod
2620 4302 2879 4367 promittit
2924 4302 3096 4363 Deus.
3143 4310 3198 4357 et
3235 4302 3553 4371 supplicium

1971 4367 2112 4436 quod
2144 4368 2408 4442 minatur;
2436 4378 2491 4422 et
2527 4377 2704 4424 tamen
2730 4412 2745 4435 ,
2775 4381 2832 4426 ut
2867 4387 3008 4442 saepe
3046 4373 3154 4442 jam
3186 4367 3383 4427 dictum
3433 4382 3550 4439 est,

1973 4452 2135 4513 agere
2157 4438 2389 4513 uolueris
2415 4446 2472 4492 ut
2496 4454 2705 4509 ptenam
2738 4438 3063 4513 perpetuam
3081 4444 3254 4513 possis
3285 4438 3550 4509 evadere,

1974 4518 2028 4561 et
2059 4507 2137 4581 ad
2187 4510 2401 4577 praemia
2432 4507 2628 4564 aeterna
2670 4507 2981 4581 pervenire,
3009 4507 3227 4568 omnino
3252 4529 3356 4569 non
3387 4523 3469 4569 est
3497 4507 3551 4569 in

1978 4578 2181 4654 ieﬁdes
2210 4597 2223 4632 :
2253 4590 2305 4654 et
2325 4596 2436 4654 non
2463 4581 2633 4654 solum
2659 4578 2711 4637 te
2735 4584 2864 4638 nihil
2892 4585 3103 4654 adjuvat
3127 4585 3265 4654 quod
3296 4596 3346 4640 te
3375 4585 3554 4641 verbis

1975 4647 2188 4726 ﬁdelem
2236 4650 2403 4726 dicis,
2440 4652 2533 4706 sed
2558 4662 2613 4706 et
2642 4656 2863 4708 multum
2892 4647 2983 4710 tibi
3022 4647 3180 4709 etiam
3213 4664 3398 4719 nocet;
3429 4657 3554 4726 quia

1976 4720 2168 4796 melius
2195 4729 2279 4796 est
2307 4722 2552 4796 cuiquam
2580 4738 2696 4796 non,
2710 4726 3021 4796 promittere
3041 4768 3055 4789 ,
3087 4741 3245 4794 quam
3276 4743 3395 4796 quae
3424 4720 3552 4796 pro-

1977 4791 2180 4844 miserit
2208 4792 2429 4861 implere
2475 4809 2578 4845 non
2619 4791 2778 4849 velle.
2812 4796 2990 4849 Solum
3022 4791 3161 4850 enim
3204 4791 3398 4852 nomen
3427 4791 3552 4853 ﬁdei

1979 4869 2029 4916 te
2057 4861 2283 4917 liberare
2310 4878 2413 4939 non
2465 4864 2652 4939 poterii
2685 4883 2696 4917 :
2739 4867 2864 4933 quin
2907 4869 3113 4939 potius,
3144 4867 3283 4923 sicut
3320 4870 3430 4939 jam
3469 4869 3552 4922 di-

1976 4941 2119 5008 cium
2150 4941 2263 5008 est,
2291 4932 2430 5008 inde
2459 4934 2741 5008 dupliciter
2760 4932 3057 5001 ireus'eris;
3089 4932 3212 5008 quia
3242 4932 3382 5008 quod
3430 4955 3555 4994 ver-

1978 5002 2060 5080 bis
2089 5003 2375 5080 promisisti
2401 5002 2621 5074 implere
2645 5007 2892 5080 noiiaisti;
2921 5019 2971 5080 et
2997 5002 3195 5080 clamat
3223 5002 3317 5064 tibi
3345 5025 3440 5080 per
3463 5010 3554 5063 Ja-

1978 5072 2429 5149 cebumSpit-itils
2443 5072 2675 5141 sanctus,
2708 5076 2863 5132 Fides
2885 5079 2991 5132 sine
3014 5079 3245 5149 operibus
3265 5072 3462 5135 mortua
3482 5089 3555 5134 est

1984 5142 2212 5215 (Jacobi,
2246 5159 2282 5197 Il
2305 5184 2320 5210 ,
2349 5144 2463 5215 26).

2050 5215 2104 5292 1⁷)ἒ
2145 5211 2270 5292 Ideo
2298 5211 2429 5292 qua!
2463 5218 2739 5292 prwsertim
2769 5220 2821 5271 in
2867 5218 3125 5292 Baptismo
3157 5222 3403 5292 promissa
3440 5231 3557 5275 sunt

1978 5283 2253 5354 implenda.
2287 5283 2387 5337 Hic
2411 5302 2556 5338 nemo
2586 5289 2650 5340 sit
2681 5306 2901 5343 securus.
2944 5283 3099 5346 Fides
3128 5283 3277 5345 ciinnt
3313 5291 3375 5343 de
3399 5296 3558 5345 otioso

1979 5370 2203 5431 sermone
2229 5355 2558 5431 periclitatur.
2614 5358 2681 5414 Et
2722 5361 2845 5431 licet
2887 5370 3050 5416 totum
3097 5362 3350 5431 quidquid
3398 5364 3560 5417 homo

1978 5426 2316 5502 promiserit,
2369 5428 2413 5481 si
2462 5436 2671 5502 potest,
2723 5430 2911 5485 debeat
2946 5426 3193 5502 operibus
3223 5426 3556 5501 adimplere;

1980 5496 2125 5549 illam
2171 5504 2347 5552 tamen
2393 5500 2618 5568 primam
2663 5511 2716 5555 et
2763 5496 3067 5571 pra-claram
3113 5496 3559 5571 promissionem,

1978 5582 2229 5643 quameo
2256 5577 2494 5639 tempore
2518 5587 2623 5640 quo
2649 5570 2700 5627 in
2731 5570 2998 5643 Baptismo
3040 5570 3388 5635 renascimur.
3444 5570 3559 5630 Deo

1980 5639 2370 5714 promitiimus.
2418 5643 2722 5714 specialiter
2763 5639 2883 5700 cum
2932 5644 3096 5714 ipsius
3134 5643 3398 5714 adjutorio
3438 5659 3556 5701 ser-

1982 5723 2110 5765 vare
2159 5708 2465 5768 debemusf
2494 5712 2885 5786 lnterrogamur
2946 5708 3088 5771 enim
3146 5708 3217 5770 in'
3247 5715 3558 5788 Baptismo,

2043 5879 2456 5949 ίωωιιιω.
