4032 6356
457 406 604 465 2359

460 519 740 579 ecclesiam
770 514 1079 581 cucurrerit,
1109 521 1165 569 et
1191 512 1433 584 corporis
1459 510 1740 584 sanitatem
1774 507 2038 584 recipere,

461 600 517 649 et
538 601 872 662 peccatorum
884 579 1886 662 _indulgentiam_'inere_bit_ur.obtinere.
1908 579 2040 634 Cum

461 652 590 733 ergo
607 660 835 730 duplicia
883 658 1022 712 bona
1050 652 1263 733 possint
1284 655 1336 709 in
1357 653 1579 733 ecclesia
1610 652 1855 733 inveniui,
1871 665 2042 733 quare

459 721 558 805 per
576 721 1015 805 upriecantatores,
1047 721 1142 798 per
1166 724 1343 780 fontes
1368 735 1422 805 et
1456 724 1674 805 arbores
1697 732 1753 777 et
1773 721 2042 805 diebolica

460 791 811 874 phylacteria,
841 816 935 871 per
964 791 1302 874 characteree
1324 804 1398 874 _et
1425 796 1695 874 aruspiees
1732 802 1810 874 et_
1833 791 2042 874 divinos

460 818 533 874 pl]
577 818 811 869 laCleﬂa,
841 818 935 871 per
964 818 1302 854 cnaracteres
1344 818 1398 850 Bt
1425 818 1695 864 arusplccn
1736 818 1790 848 Cl.
1833 818 2042 846 Uivmus

460 818 854 943 velysortilegos
901 869 1209 943 multiplicia
1238 867 1336 923 sibi
1382 866 1519 921 mala
1568 864 1746 919 miseri
1798 863 2042 919 homines

460 954 722 1000 conantur
748 940 942 997 inferre
963 940 1058 1012 (a).

533 1016 587 1070 ι.
607 1014 742 1081 Quid
756 1004 1030 1068 cavendum
1050 1014 1102 1065 in
1113 1010 1393 1079 colloquiis.
1422 1005 1712 1081 Balutiones
1750 1016 1871 1081 auge
1908 1004 2044 1061 basi-

461 1076 935 1140 licaslsanclorum.
965 1076 1265 1149 Sicutjam'
1294 1094 1455 1150 supra
1501 1078 1753 1142 diximus,
1803 1076 1939 1131 ﬁlios
1988 1082 2045 1131 et

461 1170 650 1213 omnes
678 1156 903 1211 familias
933 1164 1134 1209 vestras
1159 1152 1461 1212 admonete,
1492 1150 1701 1212 fratres,
1720 1162 1954 1217 semper,
1983 1155 2042 1201 ut

461 1236 607 1282 casm
643 1237 697 1282 et
731 1227 874 1295 juste
913 1241 975 1280 ac
1016 1223 1298 1295 salubriter
1341 1223 1557 1295 vivant:
1595 1234 1693 1273 nec
1733 1219 1903 1271 solum
1948 1232 2042 1272 eos

462 1298 661 1370 verbis,
694 1292 789 1370 sed
821 1298 979 1370 etiam
1006 1294 1265 1370 exempiis
1292 1292 1363 1370 a_d_
1380 1293 1517 1370 bona
1547 1305 1707 1370 opera
1724 1297 2037 1370 ‘provocate.

462 1368 604 1423 Ante
633 1360 807 1423 omnia
839 1360 1415 1434 ubicumque—fueritis,
1455 1362 1566 1416 sive
1607 1362 1658 1414 in
1707 1360 1885 1422 domo,
1929 1360 2043 1434 sive

462 1439 515 1495 in
548 1440 759 1504 itinere,
793 1438 903 1492 sive
934 1437 987 1493 in
1017 1430 1282 1501 convivio,
1326 1435 1437 1488 sive
1476 1434 1526 1487 in
1557 1445 1833 1504 consessu,
1879 1430 2040 1504 verba

400 1514 410 1575 ξ
462 1511 634 1579 turpia
658 1518 710 1564 et
739 1498 1005 1563 luxuriosa
1030 1507 1193 1561 nolite
1222 1498 1287 1560 ex
1315 1520 1408 1560 ore
1432 1512 1611 1579 vestro
1642 1501 1877 1579 proferre
1902 1519 1915 1555 :
1946 1498 2041 1553 sed

462 1571 631 1652 magis
659 1580 859 1637 vicinos
885 1588 938 1652 cut
956 1579 1235 1652 proximos
1263 1585 1469 1652 vestres
1506 1574 1702 1643 jugiter
1735 1571 2036 1652 edmonete,

461 1660 521 1707 ut
546 1642 757 1721 semper
784 1650 924 1721 quod
954 1642 1165 1721 bonum,
1194 1655 1293 1721 est_
1315 1655 1370 1701 et
1410 1642 1691 1721 honestum
1737 1642 1880 1721 loqui
1928 1651 2041 1721 stu-

463 1712 677 1786 deant;'
707 1737 773 1776 ne
804 1712 956 1775 'fortc
1005 1716 1350 1782 detrahendo,
1385 1716 1543 1786 male,
1572 1712 1857 1786 loquendo,
1890 1720 1945 1786 et
1989 1712 2042 1766 in

463 1782 661 1848 sanctis
696 1791 1066 1847 festivitatibus
1102 1790 1297 1843 choros
1339 1785 1604 1850 ducendo,
1644 1782 1851 1838 cantica
1890 1782 2047 1836 luxu-

461 1864 601 1919 riosa
644 1872 699 1918 et
737 1863 903 1930 turpia
947 1857 1370 1931 proferendode
1402 1857 1596 1931 Alingua
1620 1869 1735 1921 sua,
1768 1853 1907 1931 unde
1943 1853 2041 1908 de-

464 1933 691 1988 buerant
730 1925 895 1987 Deum
937 1925 1175 1996 laudare,
1204 1928 1329 1984 inde
1371 1927 1475 1981 sibi
1499 1925 1730 1996 vulnera
1760 1925 2045 1996 videantur

464 2002 724 2074 inﬂigere.
755 2004 841 2059 Isti
890 2004 1032 2060 enim
1073 2000 1312 2056 infelices
1338 2007 1392 2074 et
1434 1997 1614 2074 miseri
1640 1995 1922 2074 homines,
1953 1995 2043 2065 qui

463 2068 758 2130 balaiiones
787 2085 842 2130 et
877 2074 1187 2128 saltationes
1223 2080 1346 2126 ante
1372 2070 1517 2148 ipsas
1542 2068 1786 2148 basilicas
1812 2076 2041 2148 saneto-

464 2160 581 2200 rum
612 2161 865 2201 exercere
890 2160 991 2201 nec
1015 2151 1259 2199 metuunt
1283 2155 1382 2196 nec
1395 2136 1749 2202 erubescunt,
1772 2138 1871 2191 etsi
1901 2136 2046 2191 chrio

368 2256 378 2266 .
465 2215 622 2279 stiani
660 2216 727 2271 ad
756 2216 1033 2271 ecclesiam
1075 2212 1339 2278 venerint,
1371 2210 1556 2280 pagani
1588 2208 1654 2280 de
1684 2208 1908 2280 ecclesia
1953 2222 2042 2261 re-

465 2294 776 2359 vertuntur;
815 2286 939 2359 quia
965 2287 1064 2339 ista
1089 2277 1430 2359 consuetudo
1443 2277 1671 2359 'balaudi
1689 2278 1762 2359 de
1799 2277 2044 2359 Paganof

412 2372 583 2421 agrum
605 2348 981 2412 observatione
1011 2353 1284 2410 remansit.
1312 2352 1380 2405 Et
1415 2349 1523 2421 jam
1562 2349 1734 2421 videte
1763 2348 1936 2418 qualis
1962 2356 2046 2403 est

465 2428 556 2481 ille
594 2428 936 2493 christianos,
966 2426 1056 2496 qui
1085 2424 1152 2496 ad
1181 2420 1461 2496 ecclesiam
1491 2420 1634 2474 venit
1664 2434 1835 2483 orare,
1870 2426 1926 2472 et
1951 2433 2046 2473 ne-

465 2498 634 2566 glecta
663 2492 929 2560 oratione,
952 2492 1223 2566 sacrilega
1239 2492 1398 2566 verba
1426 2505 1752 2566 paganorum
1787 2505 1891 2566 nou
1922 2504 2045 2566 eru-

466 2558 637 2624 bescit
662 2584 728 2623 ex
754 2583 850 2623 ore
875 2558 1353 2638 proferre.'Videte
1394 2558 1590 2638 tanien,
1620 2559 1812 2638 fratres
1836 2558 2043 2638 charie:

466 2638 607 2705 simi,
655 2639 709 2708 si,
746 2630 949 2708 justum
1000 2644 1188 2708 estut
1226 2650 1291 2708 ex
1319 2648 1411 2708 ore
1466 2631 1909 2708 Christianorum,
1954 2630 2045 2708 ubi

466 2700 660 2778 corpus
683 2700 878 2764 Christi
907 2706 1218 2779 ingreditur,
1243 2703 1568 2779 luxuriosum
1600 2703 1877 2779 canticum
1893 2700 2045 2779 quasi

470 2771 727 2833 vce-eoum
769 2771 991 2834 diaboli'
1021 2775 1358 2847 proferatur?
1388 2777 1538 2847 ante
1576 2776 1754 2847 omnia
1791 2771 2045 2847 quidquid

467 2851 623 2903 vultis
647 2850 799 2905 vobis
824 2850 892 2905 ab
920 2842 1037 2903 aliis
1064 2847 1198 2913 fieri,
1232 2846 1333 2899 hoc
1355 2844 1475 2899 aliis
1506 2842 1661 2897 facite
1687 2861 1697 2893 :
1728 2842 1867 2913 quod
1894 2842 2044 2897 vobis

466 2920 534 2974 ab
552 2920 670 2975 aliis
696 2935 801 2975 non
831 2919 992 2974 vultis
1017 2917 1152 2983 ﬁeri,
1183 2912 1308 2971 nulli
1339 2916 1425 2969 alii
1456 2912 1710 2968 feceritis.
1737 2912 1906 2980 Quam
1933 2927 2045 2966 rem

466 2990 511 3043 si
531 2991 807 3046 volueritis
832 2990 1075 3060 implere,
1093 2988 1161 3041 ab
1181 2988 1323 3060 omni
1352 2994 1570 3060 peccato
1594 2984 2046 3060 potestisvestras

468 3061 673 3116 animas
700 3052 927 3116 liberare
950 3079 963 3114 :
995 3060 1118 3129 quia
1148 3067 1203 3112 et
1240 3058 1328 3128 qui
1356 3052 1559 3111 litteras
1588 3052 1693 3109 non
1723 3054 1886 3129 novit,
1916 3052 2045 3129 isias

468 3130 600 3187 duas
628 3132 920 3188 sententias
960 3123 1274 3185 memoriter
1307 3134 1502 3192 teneat,
1526 3133 1581 3180 et
1614 3139 1736 3179 cum
1766 3124 1861 3179 Dei
1898 3123 2047 3193 adjuo

469 3202 607 3256 torio
634 3202 890 3272 operibus
915 3211 969 3257 et
994 3208 1165 3271 potest
1191 3198 1422 3272 etdebet
1447 3197 1687 3272 implere.

540 3273 592 3328 5.
625 3263 959 3327 Eihnicarum
996 3263 1409 3341 superstitionum
1453 3263 1712 3341 reliquiis.-
1740 3263 2046 3341 Superstitio

470 3344 521 3398 in
542 3345 670 3415 feria
690 3344 885 3415 quinta.
927 3342 995 3415 Et
1022 3334 1147 3415 licet
1171 3340 1383 3394 credam
1411 3334 1567 3415 quod
1586 3338 1670 3390 illa
1700 3334 1885 3415 infelix
1912 3350 2047 3415 eon-

468 3406 723 3486 suetudo;
769 3429 888 3486 quae
924 3413 993 3468 de
1027 3413 1367 3486 Pagauorum
1415 3406 1637 3486 profana
1669 3406 2050 3486 cheeryatioue

469 3476 756 3548 remansi't,
787 3476 912 3554 'jam
954 3476 1135 3538 nobis'
1152 3479 1532 3554 castigantibus
1571 3486 1625 3533 et
1651 3477 1719 3554 de
1749 3476 1891 3554 _l_ocis
1934 3477 2049 3532 istis

470 3555 646 3621 fuerit,
683 3546 1129 3625 Deo'inSpiraute,
1162 3546 1399 3625 sublata;
1425 3558 1600 3603 tamen
1628 3546 1875 3625 si_adl_i_uc
1887 3561 2050 3625 agno-

469 3615 644 3681 scatis
672 3625 878 3696 aliquos
907 3615 1067 3679 illam
1093 3615 1513 3696 sordidissimam
1556 3615 1942 3696 turpitudinem
1980 3615 2051 3696 de

472 3696 740 3751 liinnicula
763 3688 860 3750 'vel
899 3696 1111 3750 cervula
1141 3706 1422 3754 exercere,
1469 3690 1538 3744 ita
1572 3688 1857 3744 durissime
1884 3688 2050 3743 casti-

504 3775 623 3831 ate,
660 3775 718 3821 ut
763 3782 854 3820 eos
891 3766 1148 3831 paeniteat
1192 3778 1302 3817 rem
1348 3760 1659 3830 sacrilegam
1694 3758 2049 3814 commisisse.

521 3839 629 3902 tsi,
656 3836 871 3907 quando
893 3831 1013 3890 luna
1038 3835 1376 3907 obscuratur,
1395 3831 1568 3907 adhuc
1589 3831 1794 3907 aliquos
1820 3831 2053 3907 clamare
2104 3836 2115 3857 ‘

471 3898 809 3977 cognoscitis,
838 3916 892 3961 et
928 3907 1071 3975 ipsos
1094 3903 1379 3977 admonete
1407 3900 1779 3977 denuntiantes
1809 3900 1887 3954 eis
1909 3898 2053 3977 quod

568 3992 632 4032 ve
655 3978 755 4033 sibi
784 3971 1054 4047 peccatum
1085 3973 1304 4047 faciunt,
1332 3971 1545 4047 quando
1573 3972 1774 4047 lunam,
1801 3971 2053 4047 qua:_l_)eo

493 3992 632 4046 inve
655 3989 755 4033 Stbt
784 3989 1054 4047 peccatum
1085 3989 1304 4041 taetunt,
1332 3989 1545 4097 iuuanao
1573 3989 1769 4033 tunam,
1801 3989 1919 4040 qua:
1944 3989 2053 4025 ueo

493 4048 692 4104 ubente
734 4048 895 4102 certis
945 4045 1275 4117 temporibus
1325 4060 1358 4098 ο
1396 4051 1673 4117 scuratur_,
1731 4040 2054 4096 clamoribus

473 4112 586 4174 suis
614 4134 645 4173 a
671 4119 945 4174 maleficiis
989 4112 1248 4186 sacrilego
1291 4128 1425 4169 ausu
1450 4129 1528 4186 use
1573 4112 1852 4186 defeiisare
1894 4126 2055 4182 posse

473 4188 767 4244 confidunt.
802 4190 866 4243 Et
894 4190 938 4243 si
967 4188 1139 4244 adhuc
1180 4181 1372 4241 videtis
1416 4184 1623 4254 aliquos
1650 4182 1717 4237 ad
1741 4181 1928 4254 fontes
1965 4191 2056 4236 aut

475 4260 542 4315 ad
570 4260 789 4315 arbores
818 4268 939 4313 vota
985 4258 1238 4325 reddere,
1283 4264 1371 4322 et,
1414 4252 1551 4310 sicut
1587 4254 1697 4324 jam
1723 4252 1920 4325 dictum
1948 4261 2052 4325 est.

478 4331 758 4401 sortilegos
787 4331 946 4385 etiam
976 4338 1030 4385 et
1058 4324 1264 4401 divinos
1300 4326 1402 4401 _ve_l_
1437 4333 1850 4401 prmcaiitatores
1879 4324 2055 4394 inqui—

478 4416 596 4474 rere
619 4442 635 4467 ,
665 4394 1005 4474 'phylacteria
1031 4401 1198 4474 etiam
1212 4394 1470 4474 diabolica
1497 4404 1552 4450 et
1576 4394 1933 4474 chamcteree,
1963 4402 2059 4474 aut

480 4464 707 4547 herbas,
754 4464 843 4527 'vel
875 4485 1065 4527 succos
1103 4470 1203 4525 sibi
1246 4477 1338 4547 aui
1366 4469 1475 4521 suis
1500 4465 1846 4547 appendere;
1877 4464 2056 4546 duris-

478 4545 612 4599 siiue
641 4535 783 4598 tanta
824 4557 1010 4599 eorum
1056 4548 1269 4612 peccata
1319 4539 1656 4607 increpantes
1692 4535 1886 4604 dicite,
1935 4535 2061 4607 quia

540 4698 615 4762 (a)
646 4705 755 4763 Haec
764 4698 815 4763 iii
827 4695 1136 4763 sermonibus
1149 4692 1475 4763 sequentibus
1494 4690 1674 4763 saepius
1686 4688 2062 4763 reprelieudun-

478 4752 558 4813 tur
573 4752 705 4820 vitia,
717 4761 896 4822 quibus
921 4777 943 4805 ι
963 4758 1107 4808 ﬁdem
1117 4752 1361 4822 catholica
1370 4752 1624 4822 religionis
1638 4752 1848 4801 maxime
1860 4752 2062 4822 infesta.

478 4824 540 4882 ri,
555 4838 579 4868 s
607 4814 726 4886 dicit
737 4814 994 4886 concilium
1017 4819 1311 4883 Agathense,
1327 4830 1434 4886 can.
1461 4814 1540 4886 ἐξ
1566 4819 1800 4886 eteorum
1820 4826 1940 4886 reos
1946 4833 1981 4886 ἐ
2000 4817 2064 4866 ab

488 4904 508 4929 τ
526 4874 739 4934 ὶοοιεείει
762 4883 929 4932 haberi
955 4874 1219 4931 exii-“aneos
1240 4874 1421 4928 statuit.
1458 4893 1479 4922 ι»
1510 4884 1577 4925 De
1598 4875 1773 4925 iisdem
1809 4874 2063 4926 concilium

485 4947 929 5004 tutissiodorense,
962 4956 1069 4993 ean.
1092 4942 1140 5003 4,
1173 4960 1195 4988 α
1216 4949 1313 5004 Non
1355 4938 1473 5004 licet
1506 4937 1566 4988 ad
1603 4937 1864 5004 sortilegos
1901 4937 1981 4987 vel
2004 4940 2063 4989 ad

488 5024 509 5054 si
531 5008 733 5071 auguria
753 4999 1002 5068 respicere
1020 5040 1034 5064 ,
1054 4999 1151 5054 non
1183 5003 1244 5053 ad
1265 5002 1482 5071 caragios
1497 5034 1512 5061 ,
1532 5011 1631 5071 nec
1648 4999 1709 5071 _ad
1733 5004 1917 5071 sortes,
1942 5013 2065 5063 quas

487 5086 509 5116 ι
532 5059 806 5119 sanctorum
828 5059 999 5117 vocant
1009 5059 1049 5124 ,ὦ
1077 5074 1260 5126 etc.;et
1282 5059 1453 5126 can},
1484 5059 1624 5126 (non
1648 5059 1765 5126 licet
1780 5059 2067 5126 compensos

487 5148 510 5177 ι
533 5132 583 5180 in
609 5130 833 5196 domibus
866 5123 1548 5196 propriisnec'pervigiliasm
1578 5123 1927 5196 festivitatibus
1953 5136 2065 5196 san:

487 5208 511 5239 ι
531 5201 718 5244 ctorum
741 5184 925 5251 facere,
952 5184 1045 5240 nec
1066 5184 1405 5251 inter'sentés,
1419 5192 1503 5251 aut
1522 5186 1728 5251 arbores
1750 5185 1963 5251 sacrivos
1983 5184 2065 5236 vel

487 5270 512 5301 ι
532 5255 593 5305 ad
616 5254 775 5305 fontes
811 5248 921 5303 vota
958 5250 1235 5302 exsolvere.
1263 5267 1285 5294 ι
1315 5250 1520 5311 tusignis
1543 5253 1622 5297 est
1658 5248 1802 5311 etiam
1843 5258 1900 5311 ea
1921 5248 1986 5297 de
2008 5261 2066 5298 re

482 5328 633 5368 canon
648 5315 710 5366 22
730 5313 920 5366 concilii
935 5313 1136 5366 secundi
1151 5308 1457 5361 mronensis.
1498 5316 1637 5359 Forte
1654 5308 1714 5357 ad
1737 5308 1965 5357 eumdem
1987 5322 2066 5359 ar-

484 5378 630 5429 bores
662 5378 852 5429 colcndi
893 5380 1038 5428 ritum
1075 5375 1293 5439 pertinet
1335 5372 1557 5439 quodin
1584 5371 1707 5439 _Vita_
1744 5378 1788 5439 ξ.
1833 5369 2066 5439 \falarici,

484 5453 586 5504 esp.
606 5441 684 5501 22,
704 5439 916 5504 legimus
940 5454 952 5489 :
973 5456 1010 5504 _¢
1029 5431 1175 5504 iuxta
1209 5431 1371 5504 ripam:
1405 5435 1557 5504 ipsius
1578 5431 1788 5504 ﬂuminis
1806 5434 1926 5504 ξεῖνε
1963 5441 2068 5504 erat

490 5519 513 5549 α
535 5496 784 5566 magnus:
804 5502 1013 5568 diversis
1033 5496 1323 5568 imaginibus
1343 5496 1603 5568 ﬁguratus,
1628 5501 1775 5568 atque
1806 5496 1870 5543 ibi
1895 5496 1943 5542 in
1957 5503 2068 5568 ier-

491 5580 515 5610 ι
534 5559 641 5629 rain
657 5559 829 5629 magna
859 5559 1328 5629 virtute_immissus,
1342 5559 1436 5629 equi
1473 5559 1620 5606 nimio
1640 5559 1773 5629 cuiiu
1795 5564 2069 5629 moreGen-

492 5642 515 5671 ¢
537 5626 693 5676 tilium
714 5616 958 5675 avrusticis
977 5624 1248 5676 colebatur.
1272 5637 1296 5668 ι
1316 5616 1476 5669 'certe
1509 5632 1574 5668 ex
1597 5616 1851 5679 sacrilegis
1872 5617 1969 5668 illis
1987 5631 2068 5667 ar-

486 5688 683 5751 boribus
704 5700 764 5738 ea
800 5695 931 5751 erat,
955 5693 1165 5751 quam},
1191 5683 1444 5751 minus,
1485 5689 1539 5731 ut
1560 5680 1747 5751 imgine
1769 5684 1869 5751 vita
1909 5687 2070 5732 narrat

485 5749 718 5813 Sulpicius
734 5788 748 5810 ,
1037 5747 1205 5813 voluit.
1230 5744 1383 5813 Infra,
1406 5740 1555 5795 serm.
1580 5740 1691 5805 278',
1716 5755 1764 5791 ιι.
1789 5742 1845 5813 5,
1876 5754 2068 5793 rursum

640 5817 664 5861 t‘
687 5808 930 5862 invehitur
953 5811 1004 5861 in
1027 5810 1229 5860 eosdem
1249 5808 1387 5859 ritus.

1922 387 2280 447 APPENDIX.

3147 504 3324 575 perdit
3350 504 3608 578 Baptismi
3635 522 3691 563 sa
3704 539 3727 550 -

2145 574 2495 648 oramenium.
2546 574 2613 648 Et
2654 574 2785 648 quia
2811 575 3109 648 audivimus
3148 579 3290 646 quod
3332 574 3541 648 aliquos
3582 580 3733 636 viros

2145 646 2239 720 vel
2275 646 2529 720 mulieres
2566 646 2637 699 ita
2672 644 2925 720 diabolus
2969 644 3387 720 circum‘veniat,
3424 644 3492 703 ἰιι
3520 652 3723 720 quinta

2145 717 2273 772 feria
2303 730 2403 772 nec
2434 717 2532 771 viri
2562 731 2723 785 opera
2745 717 2956 780 faciant,
2998 731 3098 774 nec
3118 719 3369 775 mulieres
3397 717 3688 775 lanificium
3714 738 3731 787 ;

2145 802 2324 861 coram
2358 787 2468 842 Deo
2491 797 2545 861 et
2570 788 2767 861 sani-tis
2798 787 3012 857 Angelis
3037 788 3152 861 ejus
3181 799 3542 845 contestamur
3564 832 3581 857 ,
3608 791 3731 861 quia

2146 860 2469 931 quicumque
2507 860 2607 912 hoc
2643 858 2931 931 observare
2974 860 3276 925 voluerint,
3325 862 3424 914 nisi
3469 878 3564 931 per
3609 858 3732 931 pro-

2146 929 2321 1002 lixam;
2347 941 2399 983 et
2440 929 2625 1002 duram
2660 929 3025 1002 paenitentiam
3058 932 3163 986 tale
3193 929 3521 1002 sacrilegium
3550 929 3737 987 emen-

2146 1000 2389 1072 daverint
2411 1042 2427 1067 ,
2484 1000 2568 1053 ubi
2612 1014 2833 1072 arsurus
2872 1009 2955 1054 est
2982 1001 3241 1072 diabolus
3264 1044 3279 1067 ,
3323 1000 3400 1056 ibi
3419 1012 3471 1057 et
3500 1002 3600 1072 ipsi
3633 1002 3729 1057 da-

2146 1071 2360 1142 mnandi
2385 1078 2550 1142 _sunt.
2606 1069 2695 1125 Isti
2736 1072 2883 1142 enim,
2915 1070 3154 1126 infelices
3194 1082 3249 1125 et
3292 1073 3472 1127 miseri
3498 1069 3651 1142 {qui
3680 1073 3732 1128 in

2146 1141 2351 1196 honore
2378 1140 2525 1197 Jovis
2558 1141 2611 1195 in
2642 1141 2823 1209 quinta
2869 1141 2993 1195 feria
3026 1158 3185 1211 opera
3215 1158 3320 1196 non
3350 1140 3588 1207 faciunt,
3626 1158 3732 1198 non

2146 1213 2331 1267 dubito
2360 1212 2500 1281 quod
2533 1212 2644 1281 ipsa
2673 1227 2832 1280 Opera
2859 1211 2947 1266 die
2972 1213 3240 1267 dominico
3268 1212 3446 1269 facere
3472 1229 3573 1267 nec
3601 1229 3730 1269 eru-

2147 1285 2370 1337 bescunt
2416 1298 2514 1337 nec
2569 1292 2826 1336 metuunt.
2890 1284 2955 1336 Et
3011 1283 3129 1337 ideo
3185 1300 3549 1353 quoscumque
3597 1285 3735 1340 tales

2146 1369 2266 1408 esse
2293 1354 2647 1423 cognoveritis
2668 1394 2682 1415 ,
2728 1353 3010 1409 durissime
3036 1355 3324 1421 castigate;
3355 1365 3427 1421 et,
3461 1356 3506 1409 si
3538 1370 3729 1409 emen-

2146 1424 2273 1478 dare
2301 1425 2586 1485 noluerint,
2623 1439 2720 1477 nec
2748 1424 2813 1477 ad
2844 1425 3165 1492 colloquium
3199 1439 3297 1479 nec
3333 1425 3398 1478 ad
3425 1428 3731 1481 convivium

2144 1504 2377 1548 vestrum
2424 1510 2516 1549 eos
2553 1495 2735 1550 venire
2784 1496 3091 1562 permittite.
3139 1495 3194 1550 Si
3235 1510 3363 1551 vero
3394 1496 3459 1550 ad
3490 1513 3584 1549 vos
3615 1513 3736 1565 per-

2150 1567 2336 1627 tinent,
2365 1566 2523 1619 etiam
2555 1565 2778 1633 ﬂagellis
2803 1565 3029 1631 audite;
3060 1576 3119 1620 ut
3145 1567 3229 1621 vel
3260 1568 3462 1636 plagam
3491 1569 3735 1636 corporis

2147 1636 2401 1701 timeant,
2446 1637 2535 1707 qui
2564 1636 2629 1689 de
2656 1636 2845 1689 anima:
2876 1652 2986 1690 sua:
3025 1637 3194 1691 salute.
3233 1654 3337 1689 non
3364 1639 3600 1705 cogitant
3633 1637 3730 1707 (a).

2146 1707 2254 1761 Nos
2282 1708 2421 1760 enim
2450 1748 2465 1772 ,
2484 1730 2490 1736 -
2510 1705 2702 1760 fratres
2728 1707 3022 1761 charissiini
3050 1750 3064 1771 ,
3115 1708 3406 1776 cogitantes
3436 1705 3734 1777 periculum

2148 1787 2379 1831 vestrum
2408 1819 2420 1841 ,
2466 1788 2683 1846 paterna
2716 1793 2808 1829 vos
2858 1777 3215 1831 sollicitudine
3257 1779 3632 1832 admonemus.
3678 1778 3735 1833 Si

2148 1863 2245 1901 nos
2271 1849 2493 1902 libenter
2532 1848 2745 1913 auditis,
2773 1857 2827 1901 et
2852 1848 3003 1902 nobis
3031 1848 3233 1903 facietis
3262 1848 3535 1918 gaudium,
3564 1859 3621 1904 et
3640 1862 3739 1904 vos

2148 1918 2371 1972 feliciter
2415 1920 2733 1988 pervenietis
2758 1918 2823 1972 ad
2853 1933 3095 1988 regnum.
3148 1919 3299 1986 Quod
3331 1920 3443 1989 ipse
3480 1928 3739 1988 praestare

2148 1990 2393 2059 dignetur
2418 2029 2433 2054 ,
2481 1990 2568 2058 qui
2616 2006 2736 2043 cum
2786 1991 2938 2042 Patre
2977 1999 3032 2044 et
3068 1989 3267 2058 Spiritu
3313 2000 3498 2045 sancto
3534 1990 3663 2044 vivit
3682 1997 3740 2044 et

2149 2070 2335 2129 regnat
2362 2062 2412 2113 in
2442 2060 2638 2114 sarcula
2666 2062 3008 2115 saeculorum.
3041 2061 3233 2114 Amen.

2625 2150 2852 2222 SERMO
2895 2151 3139 2206 CCLXVI
3173 2151 3266 2222 (ιτ).

2338 2218 2512 2285 Quales
2531 2222 2629 2285 sint
2650 2221 2896 2270 christiani
2918 2222 3050 2281 boni,
3068 2230 3129 2285 et
3142 2218 3313 2285 quales
3329 2220 3441 2271 mali
3465 2219 3557 2283 (ο).

2220 2283 2272 2337 1.
2309 2282 2479 2348 Quare
2516 2284 2779 2337 christiani
2818 2285 2995 2338 simus.
3038 2282 3197 2354 Cujus
3241 2294 3344 2336 (om
3388 2282 3629 2353 cogitatio
3668 2283 3733 2338 de

2149 2354 2243 2408 hac
2271 2357 2403 2419 vita,
2432 2354 2599 2408 bestiis
2625 2364 2695 2407 est
2723 2354 2925 2409 similis.
2954 2354 3281 2418 Gaudemus,
3310 2354 3502 2408 fratres
3532 2354 3741 2409 charis-

2149 2424 2289 2490 simi,
2321 2435 2374 2480 et
2404 2426 2509 2478 Deo
2538 2426 2735 2494 gratias
2759 2426 2998 2493 agimus,
3045 2426 3166 2494 quia
3194 2440 3288 2479 vos
3313 2425 3610 2479 secundum
3637 2424 3737 2479 de-

2148 2495 2339 2550 sideria
2365 2506 2546 2550 nostra
2576 2496 2864 2549 incolumes
2891 2496 3132 2550 invenire
3154 2496 3461 2551 meruimus.
3496 2496 3562 2549 Et
3585 2511 3737 2563 vere,

2149 2566 2376 2630 fratres,
2413 2566 2555 2635 juste
2592 2575 2646 2621 et
2671 2566 2862 2621 merito
2901 2575 3051 2637 pater
3084 2567 3312 2636 gaudet,
3358 2566 3566 2637 quoties
3597 2565 3741 2637 filios

2149 2653 2274 2692 suos
2304 2646 2358 2691 et
2399 2651 2624 2706 corpore
2665 2651 2825 2691 sanos
2858 2636 2915 2692 et
2953 2638 3005 2691 in
3038 2637 3136 2691 Dei
3165 2638 3355 2692 timore
3392 2636 3614 2691 devotos
3653 2636 3742 2691 in-

2148 2708 2373 2761 venerit.
2405 2708 2467 2761 Et
2493 2709 2612 2777 quia
2646 2716 2750 2762 tam
2773 2706 2840 2761 de
2864 2715 3039 2763 vestra
3067 2723 3224 2775 quam
3256 2706 3323 2761 de
3352 2718 3537 2762 nostra
3558 2707 3737 2762 salute

2149 2778 2471 2847 duplicatum
2513 2779 2666 2833 nobis
2703 2778 2951 2846 gaudium
2996 2794 3137 2832 nunc
3187 2779 3353 2847 pietas
3396 2778 3573 2832 divina
3599 2792 3737 2832 con-

2150 2849 2332 2925 cessit,
2361 2848 2503 2925 quod
2533 2849 2599 2903 ad
2626 2849 2917 2925 profectum
2949 2850 3245 2925 animarum
3275 2858 3573 2925 vestrarum
3605 2863 3736 2919 per-

2152 2921 2316 2983 tinet,
2347 2917 2603 2974 debemus
2630 2917 2887 2974 Charitati
2911 2920 3115 2974 vestrae‘
3145 2935 3450 2989 suggerere.
3490 2917 3740 2989 Oportet,

2152 2990 2342 3045 fratres
2370 2990 2666 3044 charissiini
2693 3032 2706 3053 ,
2749 2999 2805 3044 ut
2848 2999 2954 3044 tota
2998 2992 3193 3045 mentis
3231 2991 3522 3045 intentione
3561 2989 3743 3059 inqui-

2152 3076 2269 3116 rere
2305 3061 2392 3115 vel
2437 3061 2732 3131 intelligere
2761 3061 3068 3131 Studeamus
3091 3102 3107 3127 ,
3147 3078 3312 3131 quare
3333 3060 3609 3115 christiani
3638 3075 3734 3114 suc

2151 3147 2303 3195 mus,
2351 3140 2406 3186 et
2448 3130 2625 3201 quare
2654 3146 2865 3187 crucem
2893 3130 3090 3186 Christi
3132 3130 3185 3186 in
3226 3131 3400 3185 fronte
3435 3140 3740 3202 portamus.

2152 3204 2436 3272 Agnoscite
2463 3212 2517 3256 et
2546 3204 2818 3270 intelligite
2838 3244 2852 3267 ,
2886 3203 3075 3257 fratres
3094 3244 3109 3268 ,
3143 3202 3283 3272 quod
3311 3216 3416 3256 non
3444 3202 3567 3257 ideo
3590 3202 3743 3257 chri-

2152 3274 2307 3326 stiani
2338 3272 2459 3326 facti
2484 3288 2687 3336 sumus,
2721 3273 2857 3327 iitdc
2878 3274 2974 3327 ista
3004 3273 3369 3327 tantummodo
3394 3274 3501 3327 vita
3522 3272 3743 3327 solliciti

2152 3343 2353 3407 simus,
2402 3345 2539 3397 sicut
2580 3345 2707 3396 dicit
2754 3344 3039 3412 Apostolus
3072 3362 3083 3396 :
3120 3344 3179 3398 Si
3227 3345 3359 3397 enim
3400 3345 3456 3396 in
3504 3344 3602 3396 hac
3639 3343 3745 3396 vita

2154 3423 2349 3467 tantum
2371 3415 2421 3467 in
2443 3414 2639 3467 Clu-isto
2662 3424 2916 3481 sperantes
2945 3431 3137 3479 sumus,
3162 3412 3547 3477 miserabiliores
3569 3429 3744 3467 sumus

2154 3485 2383 3556 omnibus
2430 3485 2709 3556 hominibus
2747 3485 2801 3552 (l
2832 3485 2947 3539 Cor.
2982 3501 3086 3556 xv,
3139 3484 3260 3556 19).
3314 3486 3413 3550 Qui
3458 3484 3601 3556 enim
3633 3499 3744 3539 non

2153 3555 2354 3625 cogitat
2391 3554 2492 3609 nisi
2522 3555 2589 3609 de
2620 3556 2716 3609 ista
2746 3555 3113 3611 tantummodo
3143 3554 3246 3610 vita
3271 3598 3287 3622 ,
3336 3555 3659 3610 animalibus
3685 3563 3745 3609 et

2152 3626 2438 3696 pecoribus
2464 3626 2653 3679 similis
2685 3635 2787 3680 est.
2834 3626 2966 3694 Quid
2999 3628 3141 3680 enim
3181 3636 3427 3695 quaerunt
3466 3627 3739 3696 animalia,

2156 3694 2258 3753 nisi
2287 3696 2608 3752 manducare
2634 3706 2687 3751 et
2730 3697 2910 3752 bibere
2930 3738 2944 3759 ,
2992 3697 3243 3752 luxuriari
3270 3707 3429 3767 atque
3467 3694 3745 3751 dormire?

2147 504 2468 575 quicumque
2509 502 2695 575 fecerit
2730 503 2838 575 hoc
2866 501 3061 558 malum
3090 541 3106 569 ,

2191 3848 2305 3920 .(oi
2322 3849 2453 3920 Quod
2477 3849 2555 3898 hic
2574 3849 2746 3920 dicitur
2760 3849 2825 3899 de
2838 3850 3258 3920 superstitionem
3277 3849 3580 3920 feijiaquiiita
3603 3863 3754 3920 egre-

2153 3912 2239 3971 gie
2258 3912 2523 3961 illustratur
2539 3919 2592 3962 et
2613 3912 2918 3962 conﬁrmatur
2934 3925 3122 3963 canone
3144 3913 3207 3963 15
3222 3915 3406 3962 concilii
3428 3912 3754 3965 {Narbonensis

2156 3973 2270 4023 anni
2311 3973 2422 4030 589,
2465 3972 2548 4020 ubi
2588 3972 2794 4033 primum
2832 3973 2966 4033 aiunt
2995 3974 3275 4033 antistites:
3308 3988 3331 4016 α
3357 3972 3422 4019 Ad
3450 3984 3539 4033 nos
3570 3982 3749 4033 perve-

2165 4053 2188 4083 α
2205 4036 2275 4085 nit
2285 4031 2600 4099 quosdemde
2609 4031 2795 4099 populis
2807 4032 3053 4099 catholicae
3068 4032 3180 4099 fidei
3197 4032 3484 4099 exsecrabili
3501 4033 3596 4099 ritu
3610 4032 3748 4081 diem

2166 4116 2189 4144 ii
2209 4093 2425 4161 quintam
2441 4093 2628 4154 feriam,
2652 4093 2736 4161 qui
2758 4102 2810 4144 et
2831 4095 3004 4144 dicitur
3043 4096 3188 4155 lovis,
3216 4093 3391 4161 multos
3415 4093 3664 4161 excolere,
3691 4100 3752 4144 et

2167 4177 2190 4206 ι
2210 4156 2545 4221 operationem
2575 4156 2874 4221 non'facere.
2900 4163 3078 4221 )L'I'lllll
3113 4158 3333 4206 sanciunt
3356 4170 3368 4204 :
3404 4174 3425 4201 ιι
3448 4158 3750 4221 Quicumque

2166 4239 2190 4268 ι
2212 4215 2391 4283 praeter
2428 4218 2718 4283 festivitates
2742 4220 2791 4268 in
2823 4218 2985 4283 eo_die
3017 4221 3277 4283 venientes
3307 4229 3455 4266 ausus
3486 4215 3635 4283 fuerit
3663 4215 3752 4283 va-

2169 4301 2191 4330 ι
2212 4277 2325 4353 care
2343 4289 2393 4330 ct
2408 4282 2739 4353 operationem
2758 4294 2853 4353 uon
2872 4279 3052 4353 facere,
3070 4282 3113 4353 si
3132 4282 3373 4353 ingenuus
3389 4286 3482 4336 est,
3498 4278 3561 4327 de
3587 4277 3751 4353 eccle:

2169 4362 2192 4391 ii
2213 4345 2284 4405 sia
2305 4342 2622 4405 repellendus
2640 4350 2691 4391 et
2713 4344 2806 4391 sub
2829 4342 3114 4405 pmnitentia
3145 4342 3412 4391 mittendus
3426 4346 3751 4405 auiioniinoet

2170 4423 2193 4453 ι
2218 4400 2526 4469 eleeniosyna
2552 4412 2603 4469 et
2616 4406 2752 4469 ‘ﬂetu
2776 4400 3062 4469 satisfaciat;
3087 4405 3127 4452 si
3144 4416 3318 4469 servus
3339 4409 3421 4450 aut
3443 4400 3633 4459 ancilla,
3657 4401 3751 4449 fla-

2171 4485 2194 4515 ι
2213 4466 2360 4526 gellis
2376 4465 2579 4516 eoi-recti
2602 4466 2793 4515 domino
2814 4465 3175 4525 consignentur.
3195 4482 3216 4508 ι)
3247 4465 3377 4513 Idem
3399 4475 3597 4526 quoque
3629 4475 3754 4513 cou-

2163 4524 2345 4589 cilium,
2370 4542 2555 4599 cauone
2577 4526 2623 4586 4,
2651 4540 2738 4576 eos
2753 4528 2842 4599 qui
2864 4524 3205 4599 die’dominico
3236 4524 3433 4589 operati
3443 4524 3658 4599 fuerint,_
3668 4526 3753 4574 in-

2202 4587 2355 4652 enuos
2370 4591 2567 4652 quidem
2589 4602 2680 4652 sex
2698 4587 2863 4652 solidis
2885 4587 3170 4652 multandos,
3196 4587 3366 4652 servos
3402 4599 3521 4652 vero
3549 4593 3755 4652 centum

2202 4606 2355 4640 CDUOS
2370 4606 2567 4652 ([llldCIIl
2589 4606 2680 4638 εει
2698 4606 2863 4638 5011018
2885 4606 3170 4647 muuanuos,
3196 4606 3366 4637 SCI'VUS
3402 4606 3521 4636 vero
3549 4606 3755 4635 centum

2164 4606 2373 4716 ﬁageilis
2388 4650 2715 4716 corripiendos
2729 4650 2966 4716 decernit.
2993 4656 3045 4716 iit
3069 4651 3182 4716 quia
3204 4650 3312 4698 huic
3336 4649 3521 4716 syuodo
3541 4648 3757 4716 subscri-

2166 4664 2373 4716 tlageuis
2388 4664 2715 4714 corripiendos
2729 4664 2966 4699 decernit.
2993 4664 3045 4698 bl.
3069 4664 3182 4713 quia
3204 4664 3312 4698 nuic
3336 4664 3521 4759 sinum
3541 4664 3755 4697 sunset-1-

2165 4722 2277 4778 ptus
2302 4713 2483 4785 legitur
2504 4712 2723 4785 sedatius
2752 4711 3040 4785 Biterrensis
3064 4712 3335 4822 etgiscopus,
3399 4711 3475 4759 inc
3497 4711 3755 4772 praebere-

2166 4783 2245 4822 tur
2267 4774 2564 4822 coniectandi
2587 4773 2739 4822 locus.
2763 4786 3044 4822 superiores
3113 4780 3246 4822 iuuot
3266 4785 3520 4822 sermones
3538 4785 3636 4819 non
3654 4770 3755 4819 fru-

2166 4770 2245 4826 ἰιιι·
2267 4770 2564 4837 coniectandi
2587 4773 2739 4833 locus,
2763 4775 3044 4837 superiores
3065 4770 3246 4837 aliquot
3266 4770 3520 4837 sermones
3538 4785 3636 4837 non
3654 4770 3758 4819 fru-

2166 4845 2268 4886 stra
2289 4833 2462 4886 Sedatii
2487 4838 2700 4899 episcopi
2721 4833 2899 4899 nomen
2924 4836 2972 4882 iii
2992 4833 3370 4899 fronte—habere,
3388 4834 3580 4899 ethune
3595 4835 3758 4899 ipsum

2170 4900 2331 4949 eidem
2354 4892 2547 4948 forsitan
2583 4892 2969 4956 adscribendum,
2994 4898 3083 4947 nisi
3108 4892 3363 4945 Caesarium
3398 4897 3446 4944 in
3480 4892 3653 4943 iisdem
3674 4892 3755 4942 lo-

2168 4959 2314 5024 quela
2345 4960 2535 5024 aliaque
2569 4959 2738 5024 iudicia
2774 4959 3077 5024 manifestum
3101 4957 3335 5024 facerent.
3360 4966 3537 5024 Nequeo
3552 4968 3669 5024 vero
3697 4956 3758 5006 in

2169 5019 2334 5072 verbis
2354 5019 2542 5073 concilii
2574 5022 2896 5070 Narbonensis
2918 5034 3002 5083 par
3022 5019 3423 5083 deprehenditur,
3448 5031 3504 5068 ac
3525 5019 3575 5068 in
3596 5021 3758 5069 rebus

2171 5085 2436 5143 expressis,
2460 5097 2569 5132 cum
2588 5083 2679 5131 hoc
2699 5082 2929 5133 sermone
2948 5082 3224 5132 consensio.

2256 5144 2306 5205 b)
2330 5145 2467 5204 Alias,
2494 5146 2558 5194 de
2576 5152 2813 5205 Tempore
2836 5143 2944 5193 216.

2256 5201 2378 5278 c)_t_n
2403 5201 2675 5278 Appendice
2696 5201 2828 5278 naue
2844 5201 3752 5278 primum‘eollocaturzptimum-relin-

2169 5266 2327 5333 quant
2342 5266 2663 5333 Lovai'iienses
2687 5282 2698 5316 :
2726 5266 2951 5330 rejiciunt
2972 5276 3025 5317 ut
3044 5266 3213 5333 falsum
3243 5267 3467 5333 verlinus
3490 5273 3542 5316 et
3565 5266 3762 5333 Vindiu-

2171 5327 2281 5394 gus.
2309 5327 3040 5394 Inter‘Anibrosianos'reperitur
3062 5330 3138 5388 58,
3158 5330 3220 5378 de
3245 5329 3536 5394 Ascensione
3554 5343 3566 5377 :
3587 5327 3762 5390 ibique

2171 5390 2331 5455 aliquo
2352 5391 2411 5440 ad
2433 5390 2578 5440 ﬁnem
2600 5390 2927 5455 additamento
2948 5394 3130 5441 auctior
3164 5398 3258 5451 est,
3284 5394 3334 5440 iii
3366 5390 3568 5440 exordio
3590 5398 3765 5439 autem

2172 5452 2362 5504 nonnisi
2385 5466 2482 5502 uno
2504 5460 2587 5502 aut
2608 5452 2765 5501 altero
2774 5456 2936 5515 verbo
2960 5462 3105 5503 tenus
3129 5458 3293 5513 variat,
3317 5455 3571 5515 ineipiens,
3601 5470 3623 5495 ei
3640 5458 3766 5500 lau-

2179 5516 2396 5565 xdemus
2442 5516 2716 5573 Dominum,
2767 5514 2942 5565 fratres
2984 5516 3272 5573 cliarissiini,
3319 5523 3371 5564 et
3414 5514 3597 5576 gratias
3636 5525 3763 5575 aga-

2180 5595 2201 5624 ς
2225 5590 2349 5635 mus,
2374 5594 2396 5622 ii
2429 5585 2521 5627 etc.
2556 5576 2777 5637 Ejusdem
2799 5586 2936 5626 certe
2971 5579 3178 5627 auctoris
3202 5589 3294 5635 est,
3324 5577 3462 5637 cuius
3493 5588 3657 5623 sermo
3681 5587 3767 5623 su-

2174 5652 2339 5711 perior
2351 5674 2364 5696 ,
2389 5638 2578 5711 Caesauii
2591 5639 2814 5711 nimirum
2830 5638 3138 5711 Aeelatensis.
3155 5640 3413 5711 uenuniul
3433 5637 3544 5711 vide
3565 5638 3763 5711 Caesari.

2174 5696 2310 5751 initio
2327 5700 2495 5750 homil.
2521 5699 2597 5749 20.
2620 5707 2670 5749 et
2689 5700 2974 5795 Appendicis
2987 5696 3136 5749 Serm.
3166 5701 3272 5759 141,
3297 5715 3344 5749 n.
3366 5699 3423 5748 4:
3448 5700 3512 5747 de
3545 5712 3680 5747 mini.
3708 5696 3761 5759 Ξ,

2174 5776 2302 5795 carni
2347 5762 2432 5795 HR
2476 5776 2504 5795 n
2558 5761 2617 5795 η·
2656 5762 2743 5795 Ιτί.
2786 5776 2816 5795 n
2855 5762 2883 5795 ’ἵ
2923 5770 2969 5795 nl
2989 5762 3076 5795 -ὶττ
3134 5776 3162 5795 n
3207 5762 3273 5795 ,ιο
3300 5763 3362 5795 rln
3385 5775 3494 5795 mlln
3530 5762 3561 5795 Ζ
3604 5773 3740 5795 cur“:

2172 5776 2323 5813 serm.
2347 5762 2450 5821 116,
2476 5776 2522 5810 ιι.
2558 5761 2618 5819 6;
2656 5761 2760 5821 142,
2786 5776 2835 5811 n.
2855 5762 2904 5822 7,
2922 5770 2973 5812 et
2989 5762 3104 5821 277,
3134 5776 3182 5810 ιι.
3206 5762 3238 5810 4
3261 5777 3274 5812 :
3300 5763 3363 5811 de
3383 5775 3511 5810 num.
3529 5762 3580 5822 5,
3603 5773 3761 5811 serui.

2174 5825 2254 5882 45,
2280 5839 2327 5873 [ι.
2353 5824 2411 5884 5;
2434 5824 2847 5883 serm.auteced.,
2880 5839 2931 5874 ιι.
2960 5826 3017 5884 l;_
3065 5825 3167 5884 115,
3202 5839 3251 5873 ii.
3289 5823 3481 5884 1;116,
3515 5837 3564 5871 n.
3614 5824 3659 5880 l,
3707 5831 3766 5884 et

2177 5861 2341 5947 ἷῖἒιῗιὶ
2349 5861 2411 5935 ."i
2425 5861 2587 5947 {iiii};
2603 5861 2977 5946 ἳέιῖιῖιῖἴάιςῗὶιῖ
2996 5861 3052 5947 ὃς
3065 5861 3311 5949 ’ἑῖᾌιῖιὶι-εἰ
3326 5861 3481 5937 ἔεὲἱιῖῖ
3496 5861 3604 5945 ι’ἐὶ),
3617 5861 3677 5934 ii.
3704 5861 3759 5933 Ξ.
