4032 6356
482 394 624 454 ΒΗ

487 530 590 586 qua
607 510 947 586 continentur
961 506 1138 586 omnia
1156 505 1316 572 bona,
1339 503 1470 586 nihil
1482 505 1688 586 poterit
1705 508 2064 586 praetgidere,

486 577 628 656 quod
652 584 761 654 jam
783 598 888 656 no_n
909 579 1079 656 possit
1103 578 1212 632 Deo
1239 577 1527 656 auxiliante
1559 578 1833 647 perlicere.
1853 581 1919 656 Et
1946 582 2066 656 ideo

492 648 578 726 qui
609 648 788 726 veram
817 648 1132 726 charitatem
1182 648 1413 726 noluerit
1456 657 1641 726 tenere
1663 691 1676 712 ,
1719 665 1822 726 no_n
1868 651 2067 706 invenit

487 718 628 796 quod
661 726 710 796 in
733 725 956 796 veritate
983 721 1118 796 aliis,
1153 719 1244 796 sed
1270 718 1410 790 quod
1423 719 1538 796 sibi
1562 719 1751 774 debeat
1779 722 2061 796 imputare.

556 799 609 852 4.
653 795 778 850 Sine
815 793 909 847 illa
945 791 1140 846 nullum
1182 790 1383 846 bonum.
1422 789 1622 846 Tcnete
1666 807 1792 861 ergo
1814 833 1830 858 ,
1858 789 2068 848 fratres

485 867 808 931 charissimi,
835 865 990 920 dulce
1017 878 1080 918 ac
1103 861 1312 916 salubre
1341 861 1606 916 vinculum
1631 863 1921 928 cbaritatis,
1953 866 2068 918 sine

483 955 586 1010 qua
615 939 767 992 dives
793 950 993 1010 pauper
1023 943 1121 996 est,
1163 941 1222 1010 et
1243 948 1362 1010 cum
1393 947 1502 1010 qua.
1529 933 1920 1010 pauper_d_ives
1962 943 2064 1010 est.

485 1003 645 1064 Dives
669 1010 714 1063 si
739 1003 1052 1062 cliaritatem
1077 1019 1181 1057 non
1209 1003 1386 1066 habet,
1417 1003 1542 1072 quid
1571 1003 1767 1058 habet?
1795 1005 2002 1073 Pauper
2023 1006 2068 1059 si

481 1080 794 1135 charitatem
827 1078 1004 1138 habet,
1031 1075 1156 1145 quid
1189 1091 1290 1128 non
1323 1074 1512 1128 habet?
1541 1075 1606 1128 Et
1631 1077 1776 1143 quia,
1809 1075 1946 1130 sicut
1981 1077 2066 1130 di-

483 1152 558 1204 cit
605 1151 792 1205 beatus
837 1148 1069 1204 Joannes
1119 1145 1480 1214 evangelista,
1527 1145 1760 1200 Charitas
1807 1145 1946 1199 Deus
1994 1157 2067 1201 est

485 1221 546 1294 (Vl
583 1219 738 1294 Joan.
771 1236 855 1294 Iv,_
875 1219 966 1286 i6)
989 1235 1002 1282 ;
1029 1216 1159 1294 quid
1191 1215 1410 1284 pauperi
1439 1214 1627 1294 deesse
1659 1217 1870 1285 poterit,
1899 1218 1944 1270 si
1973 1233 2067 1294 per

481 1287 797 1347 charitatem
829 1291 994 1345 Deum
1027 1287 1221 1341 habere
1247 1287 1538 1340 meruerit?
1562 1295 1616 1341 et
1642 1303 1672 1341 e
1695 1298 1901 1352 contra,
1939 1289 2066 1356 quid

482 1363 629 1417 diviti
663 1371 868 1417 terrena
902 1360 1126 1413 facultas
1153 1356 1410 1427 proderit,
1449 1359 1492 1411 si
1527 1358 1690 1412 Deum
1733 1358 1930 1414 habere
1961 1374 2064 1413 non

483 1433 772 1488 meruerit?
801 1435 988 1486 Amate
1017 1445 1143 1499 ergo
1172 1437 1226 1482 et
1271 1437 1444 1482 tenete
1475 1429 1790 1483 charitatem
1815 1471 1828 1492 ,
1875 1428 2066 1484 fratres

482 1503 817 1568 charissimi,
845 1505 961 1556 sine
990 1517 1090 1569 qua
1133 1499 1310 1554 nullus
1353 1515 1584 1566 unquam
1629 1501 1793 1554 Deum
1843 1500 2060 1554 videbit.

482 1575 656 1630 Nolite
681 1575 834 1628 vobis
861 1574 978 1627 sine
1005 1571 1264 1625 charitatc
1305 1569 1528 1624 blandiri
1549 1612 1564 1630 .
1609 1571 1818 1625 etiamsi
1861 1571 2064 1640 reliqua

483 1645 620 1700 bona
637 1661 798 1717 opera
817 1642 1144 1717 perfeceritis
1160 1659 1174 1694 :
1191 1641 1284 1694 sed
1305 1641 1491 1717 timete
1507 1641 1644 1717 illud_
1651 1641 1790 1717 quod
1808 1643 2062 1717 scriptum

481 1727 584 1782 est,
619 1711 719 1784 Qui
748 1711 1028 1768 universam
1057 1715 1216 1782 legem
1248 1714 1532 1784 servaverit,
1566 1711 1790 1784 offendat
1819 1722 1986 1784 autem
2011 1715 2064 1766 in

479 1781 602 1850 uno,
621 1781 781 1856 factus
800 1795 872 1839 est
889 1781 1242 1856 omniumreus
1267 1781 1545 1856 (Jacobin,
1565 1783 1674 1856 10).
1694 1783 1848 1851 Quod
1865 1785 2064 1856 esthoc

482 1852 670 1924 unum,
699 1857 800 1912 nisi
835 1871 960 1910 vera
1001 1863 1054 1908 et
1079 1853 1312 1922 perfecta
1338 1852 1601 1918 charitas;
1633 1852 1700 1910 de
1741 1869 1842 1924 qua
1873 1855 2060 1908 iterum

483 1930 766 1998 Apostolus
803 1927 955 1990 dixit,
990 1925 1166 1998 Omnis
1197 1924 1276 1977 lex
1311 1925 1363 1976 in
1393 1941 1494 1998 uno
1525 1941 1750 1998 sermone
1777 1924 2064 1998 implebitur

479 1995 714 2064 iri-vobis,
740 1998 932 2068 Diliges
963 1995 1246 2066 proximum
1273 2003 1415 2068 tuum
1438 1997 1566 2049 sicut
1595 2007 1640 2050 te
1663 1995 1876 2068 ipsum]
1891 1995 2059 2068 Galat.

480 2086 532 2134 ν,
577 2073 718 2140 14)?
760 2066 890 2124 Nam
919 2068 971 2121 in
1003 2077 1204 2140 tantum
1237 2066 1630 2140 reliquagopera
1661 2069 1774 2120 sine
1802 2067 2062 2140 charitate

481 2141 614 2196 nihil
653 2137 904 2210 prosunt,
939 2148 996 2210 ut
1035 2137 1198 2192 libera
1243 2151 1373 2190 voce
1412 2138 1627 2210 clamet
1651 2139 1956 2210 Apostolus,
1999 2139 2062 2192 Si

482 2208 778 2267 distribuere
815 2212 870 2264 in
903 2209 1036 2262 cibos
1078 2224 1356 2278 pauperum
1393 2225 1562 2260 omnes
1601 2208 1870 2278 facultates
1903 2226 2058 2276 meas,

479 2293 526 2337 et
549 2284 592 2338 si
631 2282 887 2337 tradidero
916 2296 1098 2348 corpus
1127 2295 1292 2330 meum
1319 2287 1371 2330 ut
1397 2279 1622 2342 ardeam,
1648 2280 1944 2332 charitatem
1969 2297 2064 2333 au-

479 2361 576 2407 tem
609 2371 712 2408 non
755 2353 995 2416 habuero,
1037 2350 1164 2402 nihil
1193 2349 1316 2402 mihi
1347 2349 1548 2418 prodest
1577 2349 1596 2417 (
1619 2351 1636 2404 I
1661 2349 1780 2405 Cor.
1813 2351 1928 2414 xlii,
1961 2352 1995 2406 5
2019 2352 2058 2420 ).

479 2423 546 2478 Ει
577 2425 696 2479 ideo
724 2424 846 2494 quia
877 2425 988 2492 ipsa
1017 2431 1098 2474 est
1125 2435 1248 2474 vera
1271 2421 1505 2494 charitas
1527 2437 1651 2494 quae
1671 2437 1860 2494 omnes
1887 2423 2058 2494 homi-

479 2511 575 2551 nes
605 2491 806 2564 diligit;
833 2491 920 2563 qui
949 2507 1008 2546 se
1037 2491 1308 2564 cognoscit
1333 2493 1421 2564 vel
1443 2508 1605 2564 mium
1643 2493 1909 2546 hominem
1936 2493 2060 2546 odio

479 2561 938 2630 haberefiestinet
961 2563 1368 2616 antaritudinem
1400 2561 1536 2616 fellis
1563 2579 1833 2624 evomere,
1865 2572 1920 2616 ut
1946 2565 2063 2617 dul-

477 2637 718 2692 cedinem
747 2637 798 2690 in
825 2651 883 2689 se
909 2633 1180 2689 charitatis
1206 2645 1475 2688 mereatur
1497 2635 1778 2703 excipere:
1801 2634 1922 2703 quia
1946 2637 2062 2690 sine

479 2707 566 2762 illa
596 2723 694 2763 nec
719 2707 942 2776 jejunia,
973 2718 1072 2758 nec
1101 2703 1315 2776 vigiliae,
1350 2719 1448 2758 nec
1475 2706 1762 2772 orationes,
1794 2721 1891 2760 nec
1921 2707 2060 2761 elec-

477 2775 735 2850 tnosyute,
769 2793 866 2850 nec
898 2776 1028 2850 fides
1069 2785 1226 2850 atque
1257 2775 1542 2850 _virginitas
1581 2777 1744 2829 ullmn
1791 2776 2058 2850 hominem

477 2845 728 2919 adjuvare
755 2849 948 2919 valent.
971 2847 1048 2919 _Et
1075 2845 1196 2919 quia
1236 2845 1302 2898 de
1333 2847 1592 2919 charitate
1637 2861 1736 2900 nos
1765 2847 2059 2919 adnnmens

475 2915 763 2990 Apostolus
785 2918 938 2990 dixit,
961 2915 1026 2970 In
1048 2915 1292 2990 charitate
1311 2917 1526 2970 radicati
1552 2927 1596 2970 et
1625 2919 1820 2990 fundati
1841 2917 2054 2989 (Epiros.

476 2987 554 3056 tu,
587 2991 650 3044 i7
672 2992 711 3060 ),
742 3001 796 3045 et
825 2989 970 3042 radix
998 2988 1234 3060 omnium
1265 2987 1521 3042 bonorum
1551 2987 1636 3042 est
1656 2987 1921 3060 Charitas;
1945 2992 2058 3044 evi-

476 3057 791 3116 dentissnne
845 3067 1050 3114 constat
1095 3057 1236 3126 quod
1283 3061 1552 3128 quomodo
1607 3059 1856 3128 quaalibet
1900 3063 2060 3116 arbor

477 3131 696 3214 pulchra
739 3139 797 3214 et
823 3144 1051 3212 anitena,
1087 3127 1386 3214 t-tbllori‘bus
1412 3144 1475 3183 ac
1489 3127 1757 3212 fructibus
1799 3131 1982 3214 plena,
2011 3133 2057 3214 si

476 3197 532 3257 in
563 3217 624 3256 ea
659 3201 808 3256 radix
851 3201 967 3254 viva
997 3215 1103 3270 non
1134 3197 1314 3270 fuerit,
1359 3201 1531 3253 omnis
1561 3201 1678 3268 ejus
1723 3197 2058 3270 pulchritudo

475 3273 790 3328 marcescit:
825 3275 892 3326 ita
920 3279 974 3324 et
1002 3269 1224 3339 quilibet
1247 3269 1586 3340 christianus,
1615 3271 1658 3324 si
1689 3269 1889 3340 reliqua
1921 3271 2058 3327 bona

473 3359 634 3414 opera
665 3353 910 3414 tanquam
939 3341 990 3414 in
1029 3341 1190 3414 ramis
1232 3353 1291 3395 se
1321 3339 1518 3396 habere
1547 3339 1960 3414 monstraverit,
2005 3351 2061 3398 et

474 3411 542 3470 de
571 3415 701 3484 ipsis
749 3411 864 3468 sine
906 3411 1164 3484 charitate
1193 3425 1524 3484 praesumens
1546 3453 1561 3478 ,
1590 3411 1843 3484 Aradicem
1891 3414 2058 3482 ipsius

479 3481 752 3540 charitatis
777 3484 978 3540 habere
1011 3481 1262 3549 noluerit,
1289 3483 1406 3536 sine
1435 3483 1554 3538 ullis
1582 3481 1840 3540 fructibus
1863 3481 2058 3541 sterilis

475 3557 788 3612 remanebit.

545 3629 598 3682 5.
640 3626 911 3680 Chai-italis
955 3626 1253 3678 encomium.
1291 3625 1422 3679 Vera
1453 3626 1595 3679 enim
1625 3625 1858 3680 charitas
1887 3627 1936 3680 in
1966 3627 2060 3680 ad-

475 3697 815 3752 versitatibus
845 3695 1060 3756 tolerat,
1107 3697 1158 3748 in
1197 3697 1635 3764 prosperitatibus
1681 3705 1972 3764 temperat,
2003 3699 2056 3752 in

475 3767 622 3822 duris
647 3767 978 3836 passionibus
1005 3765 1181 3829 fortis,
1215 3768 1268 3818 in
1297 3767 1450 3822 bonis
1478 3768 1726 3836 operibus
1752 3768 1934 3822 hilaris
1955 3811 1968 3836 ,
2003 3769 2054 3822 in

477 3835 765 3894 tentatione
795 3837 1054 3890 tutissima
1076 3877 1090 3898 ,
1121 3835 1256 3889 inter
1293 3853 1450 3890 veros
1493 3835 1682 3892 fratres
1709 3837 2012 3893 dulcissima
2037 3881 2052 3906 ,

479 3910 618 3964 inter
639 3909 800 3962 falsos
829 3906 1232 3977 patientissima,
1267 3907 1406 3960 inter
1425 3909 1642 3962 insidias
1673 3909 1945 3974 innocens,
1978 3912 2058 3964 in-

476 3989 558 4036 ter
583 3979 885 4048 iniquitates
908 3992 1148 4048 gemens,
1177 3978 1227 4030 iu
1259 3980 1480 4033 veritate
1507 3981 1772 4048 respirans
1793 3999 1806 4044 ;
1829 3990 1972 4034 casta
2003 3982 2053 4035 in

474 4051 714 4108 Susanna
741 4053 793 4103 in
817 4050 1008 4122 virum,
1030 4049 1079 4122 in
1103 4051 1252 4122 A_nna
1281 4057 1399 4122 post
1425 4049 1592 4122 virum
1617 4065 1631 4114 ;
1659 4051 1708 4104 in
1727 4051 1888 4104 Maria
1921 4067 2057 4122 prae-

475 4131 558 4176 ter
583 4127 754 4175 virum
777 4139 790 4186 ;
825 4119 1038 4173 humilis
1063 4120 1114 4172 in
1142 4119 1298 4174 Petro
1321 4120 1387 4172 ad
1415 4120 1790 4185 obedicndum,
1818 4119 1977 4176 libera
2001 4123 2055 4177 in

473 4192 639 4274 Paulo
665 4193 730 4246 ad
756 4191 1080 4274 arguentium
1103 4191 1376 4274 ,nltutnana
1405 4191 1456 4274 in
1475 4191 1794 4274 _Christian_is
1824 4193 1888 4246 ad
1919 4209 2053 4274 con-

474 4263 762 4330 ﬁtendum,
793 4261 966 4317 divina
1017 4262 1067 4314 in
1108 4261 1318 4316 Christo
1362 4261 1426 4314 ad
1474 4263 1872 4330 ignoscendum.
1919 4264 2054 4320 Vera

473 4337 614 4388 etaim
637 4335 897 4399 charitas,
931 4331 1120 4386 fratres
1149 4331 1482 4399 charissimi,
1506 4335 1678 4386 anima
1706 4346 1787 4388 est
1815 4336 2052 4390 omnium

474 4405 864 4476 Scripturarutn
886 4445 901 4469 ,
927 4402 1218 4476 pr0phetia;
1245 4403 1431 4468 virtus,
1463 4405 1696 4459 scientia:
1733 4407 2050 4462 solidamen-

475 4473 617 4544 tum,
652 4477 772 4530 fidei
811 4473 1032 4538 fructus,
1071 4473 1266 4527 divitia:
1309 4489 1620 4542 pauperum,
1667 4477 1770 4530 vita
1821 4479 2052 4532 morien-

476 4548 626 4602 tium.
659 4547 806 4602 Hanc
829 4561 956 4616 ergo
983 4544 1213 4616 fideliter
1237 4545 1458 4616 retinete
1475 4586 1490 4610 ,
1521 4545 1654 4616 hanc
1683 4557 1790 4601 toto
1817 4549 1978 4602 corde
2001 4557 2055 4603 et

474 4627 581 4672 tota
629 4619 788 4670 animi
833 4615 1026 4670 virtute
1071 4615 1308 4683 diligite,
1359 4615 1482 4668 huic
1519 4615 1717 4686 jugiter
1761 4619 2050 4674 adhrercte.

473 4689 663 4744 Suavis
695 4690 834 4742 enim
873 4697 954 4740 est
984 4687 1232 4739 Dominus
1257 4697 1308 4739 et
1337 4686 1480 4740 omni
1507 4688 1784 4741 dulcedine
1823 4689 2050 4744 dulcior.

477 4759 717 4814 Societas
761 4759 925 4828 ipsius
953 4773 1056 4811 non
1089 4757 1244 4810 habet
1269 4757 1674 4810 amaritudinem
1701 4799 1715 4824 ,
1769 4775 2054 4813 conversa—

477 4831 550 4884 tio
613 4829 780 4898 ipsius
833 4843 937 4884 nou
995 4829 1152 4881 habet
1223 4828 1424 4882 dolum.
1483 4828 1540 4882 Si
1597 4830 1736 4882 illam
1785 4832 2054 4888 volueritis

475 4915 542 4954 ex
585 4900 790 4968 integro
825 4899 984 4954 corde
1029 4909 1242 4961 tenere;
1276 4909 1330 4953 et
1357 4899 1407 4952 in
1436 4899 1536 4953 hoc
1562 4902 1756 4954 smculo
1779 4915 1872 4954 vos
1899 4905 2054 4958 faciet

473 4986 594 5026 cum
637 4971 828 5038 gaudio
859 4971 948 5024 Dei
979 4979 1238 5039 pra-cepta
1267 4970 1522 5040 perlicere
1543 5011 1556 5036 ,
1588 4981 1641 5026 et
1687 4973 1736 5025 in
1781 4973 1953 5028 futuro
1987 4975 2052 5029 ad

475 5041 694 5115 praemia
721 5051 916 5115 {eterna
946 5041 1416 5115 pervenire._Quod
1451 5042 1562 5112 ipse
1591 5051 1842 5112 praestare
1870 5045 2055 5115 digne-

475 5121 579 5176 tur,
609 5112 697 5188 qui
723 5128 852 5188 cnm‘
873 5111 1030 5166 Patre
1055 5122 1110 5166 et
1127 5113 1322 5182 Spiritu
1358 5124 1542 5168 sancto
1569 5111 1692 5168 vivit
1722 5123 1774 5170 et
1793 5111 1979 5188 regnat
2000 5117 2052 5172 in

475 5183 668 5238 saecula
695 5183 1030 5238 smculorum.
1067 5189 1252 5236 Amen.

921 5273 1150 5330 SERMO
1185 5273 1411 5332 CCLXX
1485 5277 1582 5350 (a).

473 5373 544 5418 De
559 5367 820 5434 dilectione
842 5367 1162 5434 charitatiSet
1175 5367 1287 5434 odio
1305 5369 1603 5434 cupiditatis;
1626 5376 1682 5434 et
1705 5369 1832 5434 quod
1847 5383 2058 5434 regnum

536 5430 765 5490 ctelorum
791 5444 884 5478 non
907 5427 1061 5478 solum
1077 5430 1266 5479 duobus
1289 5427 1509 5490 minutis,
1547 5427 1634 5480 sed
1659 5427 1802 5481 etiam
1824 5427 1948 5482 bou'a
1973 5448 2056 5484 vo-

537 5489 843 5616 luntatﬁ’fmi
867 5495 1046 5555 possit;
1086 5499 1138 5543 et
1167 5493 1232 5542 de
1257 5489 1565 5542 tribulatione
1607 5508 1805 5545 uvarum
1831 5503 1882 5545 et
1908 5495 2058 5546 oliva-

539 5565 648 5603 rum
763 5591 774 5602 .

554 5637 608 5692 1.
645 5635 874 5692 Charitas
903 5647 948 5690 et
973 5638 1224 5709 cupiditas
1253 5639 1404 5692 simul
1431 5655 1537 5694 esse
1565 5651 1829 5710 nequeunt.
1865 5641 2060 5698 Beatus

536 5750 610 5870 ξω)
635 5747 774 5808 Alias,
796 5749 828 5798 8
849 5763 922 5824 ex.
943 5751 1154 5802 Homiliis
1172 5752 1251 5822 5Q.
1845 5820 1853 5828 l
1955 5820 1964 5828 I

565 5813 614 5870 b)
639 5819 690 5860 In
715 5813 988 5870 Appendtee
1011 5827 1140 5866 nunc
1159 5826 1368 5870 prmmm
1385 5813 1666 5865 collocatur.
1681 5824 1964 5869 Lovamens:

565 5813 614 5890 ρ)
639 5819 690 5860 In
715 5813 1140 5890 Appendieemunc
1159 5813 2064 5890 miniumjcollocatur.rmvaniensihus

1933 389 2296 448 APPENDIX.

477 5874 764 5940 manus,
783 5875 974 5940 spurius
987 5874 1180 5937 Venitne
1198 5881 1250 5931 et
1264 5874 1498 5942 Vindingo
1515 5889 1636 5934 erat.
1661 5889 1829 5932 auctor
1843 5885 2060 5943 Augusti-

2175 506 2450 576 apostolus
2476 505 2670 561 Paulus
2691 549 2705 568 ,
2741 505 2934 562 fratres
2976 505 3306 571 charissimi,
3339 517 3398 564 ut
3431 509 3588 566 nobis
3627 527 3766 570 ver:e

2176 593 2238 633 ac
2267 577 2514 646 perfectae
2538 579 2810 632 charitatis
2832 578 3165 634 dulcedinem
3187 580 3606 642 commendaret,
3631 599 3766 636 ama-

2177 649 2460 722 ritudinem
2505 649 2815 722 cupiditatis
2853 651 3008 722 nobis
3053 652 3428 722 exposuitset
3449 653 3595 707 velut
3621 655 3764 722 peri-

2181 719 2418 774 tissimus
2457 734 2537 792 ac
2562 719 2848 788 spiritualis
2893 721 3158 786 medicus,
3187 723 3310 788 quid
3345 721 3528 792 fugere
3557 719 3765 792 tet—quid

2177 801 2425 861 expetere
2457 790 2772 850 debeamus,
2803 792 3050 846 ostendit.
3085 792 3152 845 Et
3181 796 3299 858 quia
3342 790 3492 847 radix
3521 790 3766 850 omnium

2175 863 2438 915 malorum
2467 871 2549 914 est
2571 861 2852 929 cupiditas,
2879 873 2933 918 et
2962 863 3108 916 radix
3134 865 3368 918 omnium
3391 863 3656 920 bonorum
3685 877 3766 922 est

2175 931 2424 996 Charitas,
2452 941 2504 986 et
2533 932 2686 985 simul
2719 933 2890 986 amba:
2934 949 3051 988 esse
3087 949 3190 987 non
3237 946 3484 1002 possunt;
3517 937 3618 990 nisi
3662 952 3766 990 una

2176 1003 2432 1056 radicitus
2458 1002 2850 1075 evulsafuerit,
2881 1005 2980 1058 alia
3009 1006 3231 1072 plantari
3261 1023 3364 1059 non
3394 1008 3606 1075 poterit.
3637 1007 3766 1062 Sine

2174 1089 2330 1128 causa
2358 1088 2484 1142 ergo
2503 1073 2696 1142 aliquis
2721 1084 2940 1128 conatur
2969 1092 3146 1128 ramos
3177 1073 3430 1138 incidere,
3455 1077 3498 1130 si
3529 1077 3766 1132 radicem

2175 1161 2279 1216 non
2309 1143 2580 1216 contendit
2603 1145 2857 1200 evellere.
2895 1145 2986 1200 Sic
3015 1146 3153 1199 enim
3179 1145 3314 1201 idem
3337 1147 3412 1200 ait
3437 1149 3714 1216 apostolus
3745 1164 3760 1201 :

2175 1213 2347 1266 Radix
2365 1215 2588 1267 omnium
2613 1215 2860 1268 malorum
2891 1227 2960 1270 est
2984 1217 3253 1284 cupiditas,
3275 1235 3426 1288 quam
3439 1213 3646 1289 quidam
3663 1237 3764 1284 ap-

2173 1293 2391 1356 petentes
2411 1289 2836 1356 naufragauerunt
2865 1304 2893 1338 a
2917 1289 3036 1355 ﬁde,
3068 1297 3112 1340 et
3141 1292 3456 1342 inseruerunt
3487 1307 3540 1343 se
3567 1289 3762 1342 dolori-

2174 1356 2265 1410 bus
2287 1355 2455 1409 maltis
2476 1371 2504 1430 ς⁵
2515 1365 2572 1430 tu
2600 1355 2800 1430 autem,
2831 1357 2980 1430 hoino
3014 1357 3268 1430 Dei,_htec
3297 1361 3434 1430 fuge.
3467 1360 3760 1416 Audiamus

2171 1443 2298 1495 ergo
2340 1427 2618 1480 Consilium
2669 1428 2840 1492 illius,
2875 1427 2926 1480 in
2969 1446 3070 1496 quo
3098 1427 3633 1484 ChristusvDominus
3677 1431 3760 1484 lo-

2171 1497 2432 1568 quebatur
2455 1517 2466 1548 :
2492 1508 2546 1552 et
2565 1509 2818 1568 quantum
2839 1514 3139 1568 possumus,
3169 1499 3478 1554 Studeamus
3497 1502 3758 1554 amaritu-

2171 1567 2348 1622 dinem
2379 1567 2611 1622 avaritim
2649 1567 2861 1638 fugere,
2893 1570 2936 1624 si
2971 1570 3216 1626 volumus
3241 1572 3306 1625 ad
3335 1571 3612 1626 charitatis
3637 1575 3758 1626 dul-

2171 1639 2411 1694 cedinem
2443 1642 2739 1707 pervenire.

2239 1709 2294 1764 2.
2335 1708 2490 1762 Diviti
2527 1712 2647 1782 quid
2685 1711 2936 1780 agendum
2979 1711 3040 1764 de
3079 1711 3264 1766 divitiis
3295 1713 3416 1765 suis.
3453 1711 3758 1768 Patrimonii

2169 1790 2493 1852 augmentum
2515 1783 2700 1852 injuste
2726 1792 2946 1851 optatur.
2981 1783 3084 1836 Sed
3117 1783 3328 1852 quando
3357 1783 3424 1836 de
3445 1797 3754 1852 contemptu

2169 1853 2468 1924 divitiarum
2517 1852 2800 1921 loquimur,
2835 1853 3120 1922 respondet
3169 1855 3298 1906 mihi
3329 1855 3520 1924 aliquis
3557 1855 3710 1909 dives
3741 1874 3753 1906 :

2170 1923 2336 1976 Didici
2365 1937 2470 1976 non
2501 1939 2717 1990 sperare
2747 1924 2798 1976 in
2829 1925 3033 1979 incerto
3075 1924 3376 1978 divitiarum
3398 1923 3431 1986 ,ί
3453 1927 3576 1980 nolo
3604 1927 3758 1980 dives

2168 2008 2412 2065 esse,_ne
2451 1993 2678 2046 incidam
2709 1995 2759 2047 in
2790 1997 3162 2060 tentatiouem;
3191 1997 3282 2050 sed
3312 1997 3432 2065 quia
3459 1997 3568 2065 jam
3599 2013 3754 2062 sum,

2167 2063 2551 2136 quidfacturus
2579 2080 2694 2118 sum
2738 2065 2805 2120 de
2843 2067 2924 2120 his
2953 2083 3069 2136 quae
3099 2065 3296 2136 habere
3325 2063 3588 2136 t'nihi'jam
3619 2084 3756 2122 con-

2169 2133 2318 2204 tigit?
2348 2133 2596 2201 Sequitur
2623 2137 2908 2204 Apostolus
2927 2179 2940 2198 .
2972 2133 3152 2190 Facile
3187 2137 3404 2190 tribuant
3427 2180 3442 2202 ,
3469 2133 3756 2192 centumui-

2167 2217 2274 2278 cent
2307 2205 2350 2276 (Ι
2379 2204 2512 2258 Tim.
2543 2221 2628 2272 v1,
2659 2207 2746 2272 10,
2773 2209 2858 2272 Η,
2899 2209 3009 2278 18).
3040 2207 3172 2274 Quid
3211 2219 3292 2262 est
3319 2209 3756 2264 communicare?

2166 2277 2515 2350 Qommuncm
2539 2287 2818 2350 remtuam
2851 2277 3024 2332 facere
3049 2293 3166 2331 cum
3201 2279 3293 2334 illo
3319 2279 3410 2350 qui
3437 2296 3538 2334 non
3571 2281 3752 2334 habet.

2165 2345 2218 2418 Si
2248 2361 2375 2416 ergo
2403 2349 2794 2403 communicare
2819 2350 3077 2416 coeperis,
3109 2365 3211 2402 nou
3243 2345 3350 2402 eris
3377 2351 3464 2405 ille
3491 2351 3670 2418 prmdo
3700 2361 3756 2405 et

2167 2417 2255 2488 ille
2281 2426 2481 2486 raptor,
2513 2420 2600 2488 qui
2643 2419 2959 2472 necessariis
2993 2433 3279 2488 pauperum
3313 2417 3556 2488 tanquam
3591 2421 3756 2476 rebus

2164 2487 2354 2544 alienis
2385 2487 2614 2542 incubat.
2645 2489 2854 2543 Etenim
2891 2487 3225 2544 communem
3259 2487 3429 2545 fecisti
3467 2507 3578 2546 rem
3609 2503 3754 2546 tuam

2165 2575 2288 2634 cum
2333 2557 2416 2614 his
2464 2561 2551 2628 qui
2597 2575 2700 2614 non
2749 2561 2977 2628 habent,
3004 2568 3059 2634 et
3097 2561 3624 2634 ampliusﬁpraestas,
3659 2563 3754 2634 qui

2163 2631 2325 2685 etiam
2359 2639 2680 2703 pra-rogator
2708 2647 2995 2703 pauperum
3026 2633 3194 2687 factus
3213 2648 3292 2685 es.
3317 2633 3393 2686 Tu
3423 2631 3752 2703 aliquantam

2165 2716 2346 2774 curam
2377 2701 2540 2774 geris,
2571 2711 2628 2754 ut
2651 2701 2718 2774 ad
2757 2717 3002 2758 securum
3033 2719 3324 2774 pauperem
3357 2701 3527 2759 victus
3557 2721 3754 2773 perve-

2165 2773 2294 2844 niat,
2327 2772 2455 2844 etin
2485 2771 2588 2844 hoc
2609 2771 3322 2844 misericordiam—prterogas
3347 2793 3358 2826 :
3385 2785 3438 2829 et
3465 2771 3752 2844 propterea

2163 2843 2336 2897 defert
2364 2843 2456 2896 tibi
2485 2843 2624 2898 Deus
2649 2843 2927 2911 honorem,
2952 2855 3006 2898 et
3034 2846 3184 2913 quasi
3214 2846 3304 2898 tibi
3335 2843 3479 2910 dicit,
3505 2847 3658 2902 Prior
3681 2847 3754 2902 de

2163 2929 2222 2968 re
2249 2914 2518 2984 communi
2545 2915 2670 2968 tolle
2701 2915 2840 2983 quod
2883 2915 3082 2970 sufticit
3123 2917 3528 2972 necessitatibus
3555 2917 3754 2973 domus

2163 2993 2304 3048 tuan;
2333 2983 2474 3054 quod
2501 2986 2760 3054 reliquum
2790 2997 2872 3040 est
2893 3029 2906 3050 ,
2930 2987 2996 3040 da
3023 2985 3258 3040 Christo.
3291 2987 3422 3042 Para
3453 2997 3504 3042 te
3527 2987 3750 3054 audire,

2177 3054 2368 3128 Venite,
2394 3055 2636 3108 benedicti
2652 3057 2844 3128 il’atris
2872 3059 2988 3122 mei,
3017 3057 3255 3128 percipite
3273 3075 3484 3128 regnum
3509 3059 3643 3128 quod
3663 3077 3754 3113 eo-

2163 3126 2238 3181 bis
2263 3137 2496 3196 paratum
2521 3137 2592 3180 est
2612 3127 2671 3180 ab
2693 3128 2837 3180 initio
2859 3127 3032 3182 mundi
3055 3143 3072 3181 :
3099 3126 3280 3181 esuriui
3298 3126 3446 3194 enim,
3473 3126 3526 3183 et
3539 3129 3752 3185 dedistis

2163 3199 2288 3270 mihi
2307 3197 2614 3270 manducare
2632 3197 2842 3270 (Matth.
2863 3214 2990 3262 xxv,
3012 3199 3100 3265 54,
3126 3199 3240 3269 55).
3261 3198 3420 3255 Forte
3439 3211 3754 3258 contemne-

2163 3267 2258 3322 bas
2299 3269 2497 3340 nescio
2527 3267 2684 3340 quem
2735 3285 3016 3340 pauperem
3059 3279 3149 3340 aut
3185 3267 3448 3338 egenum:
3479 3272 3584 3324 noli
3613 3289 3752 3326 con-

2165 3347 2403 3394 temnere
2442 3337 2710 3393 Christum
2742 3341 2794 3393 in
2823 3337 2962 3396 (ἷαξιυ
2989 3337 3299 3407 sedentem,
3331 3343 3382 3394 in
3415 3353 3556 3396 terra
3581 3361 3750 3410 egen-

2163 3417 2304 3476 tem;
2337 3410 2512 3484 veniet
2540 3425 2660 3463 cum
2687 3411 3056 3474 retributione,
3081 3421 3132 3464 et
3163 3415 3264 3466 vita
3291 3422 3522 3479 teter-ua,
3547 3423 3602 3467 et
3627 3415 3752 3484 igne

2163 3489 2382 3552 aiterno.
2405 3480 2514 3534 lloc
2537 3497 2663 3552 ergo
2683 3484 2921 3551 cogitans
2945 3495 3098 3552 potes
3125 3499 3246 3537 cum
3269 3485 3442 3552 aliqua
3471 3499 3564 3552 spe
3585 3480 3750 3540 etiam

2163 3551 2310 3606 dives
2339 3567 2474 3606 esse.
2509 3551 2566 3605 Si
2591 3561 2766 3606 autem
2797 3551 2970 3606 adhuc
2996 3552 3071 3606 vis
3101 3553 3214 3608 fieri
3245 3551 3392 3608 dives
3411 3595 3424 3614 ,
3453 3551 3634 3609 etnon
3661 3571 3754 3612 so-

2161 3622 2268 3696 lum
2319 3637 2544 3696 eaquae
2589 3622 2852 3696 superflua
2885 3624 2974 3675 tibi
3009 3623 3220 3692 jacent,
3256 3642 3358 3677 non
3395 3625 3474 3680 vis
3521 3642 3750 3696 erogare

2163 3693 2537 3764 indigentilms,
2561 3694 2652 3747 sed
2677 3695 2834 3748 etiam
2853 3709 3044 3762 augere
3068 3695 3143 3747 vis
3165 3697 3540 3764 patrimonium
3565 3693 3748 3764 tuum;

2163 3765 2297 3818 forte
2321 3777 2370 3818 et
2398 3763 2464 3816 de
2483 3765 2678 3832 rapinis
2710 3767 2937 3834 aliquam
2965 3781 3112 3832 spem
3146 3763 3326 3820 habes.
3351 3767 3460 3820 Nisi
3485 3769 3620 3822 forte
3647 3763 3754 3822 hoc

2162 3835 2307 3908 dicas
2333 3835 2476 3908 :Scit
2509 3835 2644 3887 Deus
2673 3835 2791 3908 quia
2820 3835 3024 3908 nonde
3051 3838 3244 3904 rapinis
3285 3839 3403 3891 volo
3427 3855 3622 3908 augere
3650 3855 3754 3907 pa-

2161 3907 2466 3960 trimonium
2493 3919 2686 3958 tneum.
2719 3905 2866 3960 Unde
2909 3907 2988 3958 vis
3025 3909 3257 3974 augere?
3289 3905 3545 3962 Emendo.
3591 3905 3752 3962 lllllO-

2161 3990 2289 4030 cens
2318 3978 2406 4029 tibi
2439 3977 2663 4048 videris,
2695 3978 2826 4048 quia
2873 3977 3098 4030 emendo
3145 3979 3224 4030 vis
3265 3981 3494 4047 augere?
3541 3981 3750 4048 Rapina

2161 4063 2266 4100 non
2293 4063 2352 4101 cs
2383 4047 2581 4106 malus,
2616 4046 2708 4100 sed
2730 4056 2862 4118 voto
2895 4049 3064 4102 malus
3089 4063 3169 4102 es.
3205 4050 3262 4103 Si
3299 4046 3418 4118 quis
3449 4053 3539 4104 tibi
3567 4046 3710 4106 dicat
3731 4093 3748 4116 ,

2163 4117 2346 4171 Vende
2373 4133 2458 4172 res
2485 4126 2631 4180 tuas;
2660 4117 3012 4183 exhorrescis,
3043 4117 3371 4188 expavescis.
3403 4121 3750 4176 maledictum

2161 4201 2332 4258 putas.
2363 4189 2505 4262 Cum»
2543 4204 2670 4262 ergo
2709 4205 2887 4262 emere
2925 4189 3104 4258 cupis,
3137 4207 3312 4246 nerine
3337 4191 3440 4246 hoc
3465 4203 3650 4262 Optas,
3686 4203 3752 4248 ut

2161 4273 2246 4332 res
2270 4275 2399 4332 suas
2421 4259 2508 4312 alii
2537 4259 2803 4332 vendant?
2829 4259 2958 4313 Nam
3001 4264 3266 4329 quomodo
3297 4259 3742 4332 poteris'emere,

2159 4331 2202 4385 si
2234 4331 2365 4383 alius
2396 4347 2496 4384 non
2521 4331 2823 4399 compulsus
2853 4333 3005 4385 fuerit
3031 4333 3369 4388 venundare?

2231 4401 2282 4456 5.
2307 4401 2477 4472 Minor
2501 4403 2566 4452 ad
2606 4401 2786 4472 bonum
2817 4419 2964 4472 quant
2995 4403 3060 4454 ad
3091 4406 3278 4458 malum
3309 4405 3469 4458 labor.
3511 4403 3750 4460 Pretium

2159 4473 2305 4544 regni
2324 4471 2583 4544 αιτιοι-ιαμ.
2618 4471 2858 4544 Omnibus
2885 4475 2936 4526 in
2965 4487 3198 4544 promptu.
3225 4485 3314 4528 est.
3349 4475 3492 4528 Bona
3513 4479 3750 4532 voluntas

2159 4555 2230 4596 est
2259 4543 2498 4615 Charitas.
2523 4543 2587 4595 Et
2619 4545 2718 4596 hoc
2738 4543 2912 4598 videte
2930 4583 2946 4609 ,
2973 4545 3160 4599 fratres
3181 4588 3194 4610 ,
3235 4559 3488 4615 quantum
3541 4550 3753 4603 laboret

2159 4615 2248 4685 qui
2284 4613 2582 4680 exspoliare
2611 4615 2720 4666 vult
2749 4616 3024 4673 vestitum;
3057 4625 3110 4669 ct
3133 4613 3289 4685 qmuii
3321 4619 3436 4670 sine
3463 4619 3644 4673 labore
3673 4621 3754 4674 sit

2161 4683 2248 4758 ille
2269 4689 2361 4758 qui
2383 4685 2577 4758 vestire
2605 4687 2716 4758 vult
2747 4685 2963 4758 nudum.
2992 4687 3046 4740 Si
3075 4683 3216 4740 enim
3245 4689 3424 4750 habet,
3457 4687 3658 4758 profert
3681 4701 3746 4744 et

2159 4754 2278 4816 dat;
2323 4755 2364 4808 si
2409 4771 2512 4807 non
2561 4754 2752 4822 habet,
2799 4757 2988 4810 sufficit
3033 4759 3078 4810 ei
3127 4773 3304 4814 coram
3349 4754 3469 4814 Deo'
3499 4763 3752 4816 voluntas

2161 4825 2316 4878 bona.
2349 4825 2488 4878 Ecce
2517 4843 2618 4879 non
2652 4827 2858 4880 laborat
2887 4829 2928 4880 si
2959 4827 3118 4880 habet
3144 4847 3156 4880 :
3187 4831 3230 4882 si
3260 4846 3384 4884 vero
3413 4848 3516 4884 Iunt
3549 4831 3706 4885 habet
3731 4849 3749 4896 ;

2161 4897 2279 4964 quia
2307 4897 2448 4968 quod
2476 4897 2628 4968 valde
2655 4901 3009 4951 necessarium
3037 4907 3121 4952 est
3147 4899 3324 4964 habet,
3355 4918 3556 4968 pauper
3581 4913 3662 4956 est
3689 4903 3748 4955 in

2161 4981 2282 5021 arca
2303 5010 2316 5030 ,
2348 4967 2440 5040 sed
2467 4967 2615 5040 dives
2641 4979 2720 5021 est
2757 4969 2807 5020 iu
2840 4971 3196 5032 consricutia;
3232 4967 3430 5040 pauper
3457 4967 3540 5026 est
3567 4973 3618 5026 in
3649 4975 3752 5026 do-

2160 5053 2270 5102 mo,
2320 5039 2410 5092 sed
2462 5039 2608 5092 dives
2656 5049 2736 5092 est
2783 5040 2832 5092 in
2880 5041 3076 5092 animo.
3109 5043 3188 5094 An
3219 5039 3350 5096 forte
3377 5045 3506 5096 nihil
3543 5043 3748 5106 habes,

2159 5111 2282 5179 quia
2327 5109 2518 5164 bonam
2567 5110 2888 5164 voluntatem
2923 5111 3120 5164 babes?
3165 5115 3298 5168 Audi
3345 5125 3467 5168 nato
3511 5115 3746 5170 Domino

2161 5277 2276 5330 num
2309 5265 2518 5330 imitatur
2551 5267 2922 5330 autenm-ibit:
2947 5267 3168 5330 quaedam
3195 5281 3316 5318 vero
3347 5271 3648 5322 intermiscet
3679 5275 3752 5321 ab

2160 5329 2266 5389 ipso
2283 5325 2457 5394 aliena,
2475 5325 2622 5394 quale
2639 5325 2752 5394 illud
2761 5337 2844 5394 est
2865 5330 2928 5377 de
2947 5325 3182 5394 chariuite
3207 5339 3256 5380 et
3277 5333 3539 5394 cupiditate
3559 5335 3752 5384 dictum

2163 5402 2297 5438 num.
2325 5392 2370 5456 1ἱ
2395 5405 2416 5433 ι
2441 5389 2530 5438 nisi
2555 5401 2651 5456 una
2671 5389 3082 5456 radicitusevulsa
3105 5393 3266 5456 fuerit,
3291 5389 3383 5442 alia
3418 5393 3620 5456 plantari
3647 5411 3754 5447 non

2171 5467 2194 5497 ι
2217 5451 2422 5516 poterit_;
2447 5468 2468 5494 ι)
2495 5457 2546 5516 et
2585 5452 2678 5500 iste
2701 5450 2930 5514 loquendi
2963 5453 3132 5516 modus
3171 5450 3365 5516 ibidem,
3409 5450 3434 5502 ἆ
3463 5458 3575 5506 sine
3597 5473 3754 5509 causa

2173 5531 2196 5559 ι
2218 5511 2340 5580 ergo
2371 5511 2553 5580 aliquis
2571 5511 2782 5562 conatui
2801 5527 2958 5564 ramos
2987 5515 3229 5580 incidere;
3261 5534 3282 5562 ι
3313 5511 3365 5567 et
3397 5531 3530 5568 num.
3555 5521 3602 5580 5’,
3635 5541 3658 5566 ει
3689 5531 3756 5571 ut

2174 5575 2384 5644 evinum
2412 5583 2469 5644 et
2512 5575 2675 5644 oleum
2719 5585 2982 5644 reponatur
3015 5578 3064 5644 in
3094 5575 3353 5644 ca‘navajo
3382 5595 3492 5644 quae
3517 5575 3668 5632 verba
3692 5591 3756 5633 et

2167 5637 2370 5699 phrases
2399 5637 2588 5699 Caesar-ii
2617 5649 2728 5686 esse
2769 5651 2832 5687 ex
2865 5637 2971 5688 aliis
3004 5640 3110 5696 ejus
3145 5640 3350 5690 homiliis
3369 5637 3637 5693 didicimus.
3674 5653 3754 5695 De

2167 5698 2300 5766 num.
2330 5699 2353 5748 1
2375 5698 2486 5766 vide
2523 5699 2810 5766 Appendicis
2823 5713 2972 5766 serm.
2999 5701 3107 5766 269,
3131 5715 3198 5766 An.
3225 5703 3248 5750 1
3269 5703 3506 5752 :denum.
3523 5707 3572 5766 3,
3589 5719 3750 5756 scrin.

2169 5759 2280 5826 μὶ,
2305 5759 2430 5826 n._2;
2461 5759 2883 5826 nuguStinit-lnarr.
2905 5765 2952 5812 in
2977 5759 3202 5826 I’sal.’49,
3231 5779 3280 5814 n.
3315 5767 3396 5826 l3,
3445 5777 3496 5818 et
3527 5759 3578 5817 ai
3621 5768 3750 5818 Psal.

2171 5821 2279 5896 ill,
2419 5836 2432 5869 :
2455 5821 2526 5896 de.
2541 5835 2674 5896 uuln.
2697 5824 2746 5886 5,
2771 5825 3022 5889 Augustini
3041 5821 3204 5877 enarr.
3227 5827 3276 5878 in
3297 5821 3414 5879 Psal.
3435 5831 3514 5892 83,
3541 5831 3668 5894 mi;
3691 5839 3752 5884 et

2168 5887 2358 5937 Cassarii
2383 5883 2548 5936 homil.
2575 5885 2653 5936 52.
