4072 6362
277 405 414 466 2257

277 537 449 581 totum
476 539 572 581 cor
601 533 842 579 nostrum
872 522 1108 578 obtineat
1133 519 1406 577 charitatis
1436 519 1684 588 dulcedo,
1721 528 1779 575 ιιι
1816 519 1867 574 in

277 598 433 653 nobis
452 595 753 652 amaritudo
771 593 879 650 odii
906 595 1080 649 locum
1110 593 1306 649 habere
1330 607 1436 648 non
1469 595 1654 663 possit.

349 668 404 723 2.
449 668 664 722 Frustra
692 667 815 720 dicit
843 666 954 736 quis
978 681 1030 720 se
1065 665 1296 720 inimicos
1325 664 1535 736 diligere
1567 681 1669 718 non
1707 680 1867 734 posse.

275 739 384 795 Sed
415 739 544 794 dicit
568 738 760 809 aliquis
781 755 792 790 :
817 737 967 809 Nulla
988 737 1202 809 ratione
1222 750 1443 809 possum
1463 737 1871 809 iuimieosmeos

273 810 521 881 diligere.
542 809 598 864 In
616 806 864 864 omnibus
881 807 1173 878 Scripturis
1196 808 1338 863 Deus
1355 807 1446 881 tibi
1471 807 1618 881 dixit_
1629 806 1748 881 quia
1761 821 1870 881 po-

275 877 400 937 tesE
427 891 481 936 tu
509 897 540 937 c
567 881 836 937 contrario
881 877 1190 948 non’posse
1221 879 1533 949 respondes.
1581 877 1870 949 Considera

273 968 444 1019 nunc,
473 961 649 1008 utrum
680 952 790 1006 Deo
818 967 884 1005 an
915 950 1008 1006 tibi
1033 947 1226 1006 debeat
1253 947 1397 1005 credi
1423 952 1460 1002 ί.
1500 949 1565 1002 Et
1600 947 1720 1002 ideo
1745 949 1868 1018 quia

273 1025 495 1080 mentiri
523 1039 629 1079 non
675 1031 849 1092 potest
876 1020 1104 1082 Veritas,
1134 1021 1243 1088 jam
1291 1036 1451 1075 vanas
1498 1019 1871 1092 excusationes

273 1109 404 1150 suas
445 1089 712 1165 relinquat
747 1093 974 1148 humana
1018 1092 1308 1165 fragilitas:
1332 1094 1452 1161 quia
1485 1105 1584 1146 nec
1623 1089 1867 1165 impossi-

271 1165 383 1220 bile
411 1161 616 1236 aliquid
651 1165 820 1236 potuit
848 1161 1118 1234 imperare
1140 1163 1228 1232 qui
1269 1163 1445 1236 justus
1473 1170 1556 1217 est
1588 1175 1742 1236 :‘ncc
1770 1161 1868 1214 da-

273 1231 562 1292 mnaturus
587 1231 669 1292 est
687 1231 956 1290 hominem
982 1250 1076 1303 pro
1100 1231 1329 1304 ecquod
1357 1249 1462 1288 non
1485 1231 1657 1304 potuit
1677 1231 1864 1304 vitare,

271 1308 366 1376 qui
413 1308 532 1378 pius
573 1316 674 1363 est.
719 1306 854 1375 Quid
903 1303 1315 1378 tergiversantur
1356 1303 1658 1378 incassum?
1701 1303 1870 1378 Nemo

273 1374 428 1449 enim
447 1388 701 1449 quantum
730 1374 1014 1449 possumus
1042 1376 1232 1449 melius
1263 1377 1427 1449 novit,
1455 1390 1613 1449 quam
1657 1374 1745 1443 qui
1773 1387 1870 1449 no:

273 1447 365 1504 bis
397 1445 571 1532 ipsum
602 1445 761 1519 posse
785 1447 1020 1532 donavit.
1049 1447 1151 1501 Tot
1179 1447 1299 1532 viri,
1332 1456 1410 1532 tot
1433 1446 1704 1532 mulieres,
1735 1445 1865 1498 tanti

273 1516 452 1590 pueri,
479 1516 639 1575 tamin
659 1529 714 1575 et
732 1529 838 1574 tam
864 1519 1103 1590 delicata:
1127 1518 1312 1587 puellm
1334 1516 1596 1590 ﬂammas,
1620 1524 1673 1569 et
1694 1516 1860 1584 ignes,

272 1587 330 1662 et
354 1590 582 1662 gladios,
611 1599 665 1645 et
687 1590 884 1662 bestias
909 1604 1006 1659 pro
1039 1589 1252 1662 Christo
1282 1587 1832 1662 mquanimiteepcrtu
1851 1616 1863 1623 -

275 1657 486 1716 lerunt:
520 1669 576 1717 et
601 1677 700 1717 nos
738 1657 1024 1716 stultorum
1065 1657 1603 1714 hominum'couvicia
1640 1657 1867 1711 dicimus

275 1733 510 1788 tolerare
540 1748 644 1787 non
674 1747 866 1802 posse;
892 1740 946 1787 et
985 1730 1252 1802 interdum
1281 1745 1378 1798 pro
1407 1729 1736 1802 parvissimis
1765 1727 1865 1781 da-

274 1805 440 1871 mnis,
469 1819 589 1875 quae
610 1798 764 1858 nobis
787 1803 1047 1857 malorum
1074 1801 1346 1875 hominum
1373 1798 1604 1875 nequitia
1630 1798 1865 1852 inferun-

274 1883 384 1939 tur,
417 1876 461 1928 si
485 1871 790 1944 possumus,
813 1875 970 1928 etiam
995 1871 1256 1944 usquead
1287 1881 1508 1944 mortem
1535 1871 1741 1944 illorum
1770 1885 1868 1944 no:

272 1955 416 2000 stras
434 1939 654 2016 injurias
674 1945 1004 2000 vindicamus
1021 1939 1222 2016 !7Unde
1245 1942 1427 2016 nescio
1455 1957 1557 2011 qua
1587 1940 1758 2016 fronte
1779 1939 1866 2016 vel

273 2030 379 2085 qua
409 2012 732 2071 conscientia
754 2031 874 2070 eum
897 2015 1142 2069 onmilms
1167 2013 1366 2069 sanctis
1391 2014 1440 2066 iu
1477 2023 1672 2067 aeterna
1701 2012 1867 2085 beati-

275 2083 464 2144 tudine
494 2097 695 2158 partem
720 2088 916 2141 habere
941 2085 1339 2158 desideramus;
1366 2099 1596 2158 quorum
1621 2083 1864 2152 exempla

273 2159 428 2228 sequi
466 2156 564 2214 nec
591 2160 641 2213 in
675 2158 833 2213 rebus
854 2157 1087 2211 minimis
1114 2156 1519 2228 acquiescimus.

351 2224 406 2285 3.
450 2229 730 2299 Scripturrv
769 2230 934 2283 locum
960 2229 1011 2281 in
1040 2227 1117 2282 sui
1141 2225 1359 2299 gratiam
1389 2225 1628 2291 afferunt,
1656 2224 1743 2278 sed
1772 2226 1867 2279 hoc

277 2301 538 2369 pracipue
562 2285 658 2354 I)ei
684 2316 827 2353 amor
850 2299 1097 2352 innuitur.
1129 2285 1264 2369 Deus
1279 2285 1466 2369 amavit
1490 2313 1588 2369 non
1614 2285 1863 2369 amantes,

275 2367 324 2423 et
346 2370 399 2424 in
431 2367 523 2424 hoc
543 2372 646 2424 vult
673 2387 763 2424 nos
793 2371 956 2438 ipsum
983 2369 1189 2422 imitari.
1218 2367 1505 2420 Phrenetici
1529 2377 1645 2420 sunt
1671 2367 1756 2437 qui
1778 2382 1868 2438 nos

274 2452 482 2495 vexant.
505 2441 608 2498 Sed
641 2452 763 2495 sunt
789 2437 952 2510 aliqui
977 2440 1066 2507 qui
1090 2438 1450 2510 testimonium
1473 2438 1762 2510 Scripturae
1789 2437 1867 2510 di-

276 2512 419 2566 vinae
447 2512 730 2566 iracundia:
759 2527 869 2565 suae
883 2508 1160 2565 ‘arstimant
1181 2509 1476 2578 sull‘ragari.
1513 2508 1702 2563 Dicunt
1721 2508 1865 2562 enim

276 2582 535 2651 scriptum
564 2597 703 2649 esse,
737 2582 885 2636 Amat
915 2582 1082 2636 anima
1108 2597 1216 2634 mea
1257 2590 1507 2633 amantem
1537 2595 1599 2651 se
1619 2594 1636 2632 :
1657 2589 1710 2634 et
1736 2579 1866 2651 dum

276 2649 650 2709 auctoritatem
691 2653 922 2707 divinam
967 2653 1105 2708 male
1148 2652 1470 2720 intelligunt,
1519 2649 1586 2704 de
1629 2649 1864 2703 medica-

276 2725 480 2779 mentis
508 2725 608 2779 sibi
633 2725 849 2778 vulnera
882 2724 1098 2778 larium.
1127 2722 1557 2790 Qualilcrautem
1578 2721 1679 2775 hoc
1701 2731 1751 2774 et
1770 2720 1867 2775 de-

278 2795 404 2849 beat
429 2806 479 2849 et
510 2796 675 2865 possit
703 2795 944 2864 intelligi,
965 2794 1198 2849 attendat
1214 2792 1460 2865 Charitas
1477 2801 1675 2865 vestra,
1697 2793 1864 2865 Amat,

279 2865 475 2935 inquit,
503 2862 672 2920 nuima
702 2883 810 2921 mea
831 2862 1082 2919 amantem
1111 2881 1181 2918 se.
1217 2864 1361 2920 Licet
1396 2873 1449 2917 et
1477 2862 1544 2918 de
1570 2863 1864 2935 omnibus’

278 2934 572 2991 secundum
619 2939 845 2991 litteram
891 2937 1073 2991 sentiri
1112 2935 1325 3001 debeat,
1375 2944 1549 2988 tamen
1579 2934 1776 2988 certius
1802 2934 1869 2989 de

280 3007 395 3078 Deo
426 3009 645 3078 intelligi
673 3008 850 3070 debet,
879 3009 999 3077 quia
1032 3007 1205 3061 nullus
1233 3021 1330 3078 nos
1355 3006 1541 3078 melius
1567 3020 1724 3074 quam
1756 3006 1869 3078 ipse

278 3077 476 3149 diligit.
505 3075 634 3134 Nam
673 3079 717 3132 si
751 3079 870 3132 boni
900 3075 1286 3133 tantummodo
1313 3077 1524 3130 amandi
1553 3085 1696 3149 sunt,
1741 3075 1869 3149 quid

279 3146 511 3205 dicimus
534 3149 602 3205 de
631 3150 740 3204 Deo
768 3158 970 3211 nostro,
997 3149 1063 3204 de
1083 3163 1188 3219 quo
1215 3149 1470 3218 scriptum
1498 3158 1596 3209 est,
1624 3146 1714 3202 Sic
1731 3146 1869 3219 Deus

278 3219 459 3275 dilexit
494 3222 758 3278 nmmlum.
810 3231 864 3274 ut
910 3216 1114 3274 Filium
1137 3237 1284 3274 suum
1329 3216 1641 3289 unigenitum
1686 3216 1869 3271 daret'

283 3289 463 3362 (Joan.
496 3309 569 3357 in,
600 3290 726 3362 16)?
751 3291 884 3356 Quid
915 3291 1056 3345 enim
1084 3291 1206 3347 boni
1230 3289 1426 3362 fecerat
1453 3290 1702 3362 mundus,
1726 3298 1783 3343 ut
1809 3289 1870 3344 il-

281 3360 392 3434 ium
422 3363 500 3417 sic
525 3360 769 3434 diligeret
798 3363 969 3434 Deus?
998 3363 1196 3434 Omnes
1223 3362 1363 3415 enim
1392 3360 1634 3415 homines
1657 3375 1869 3434 uouso-

280 3432 387 3486 lum
416 3434 606 3500 malos,
628 3431 730 3488 'scd
756 3433 914 3488 etiam
941 3433 1181 3504 originali
1207 3441 1426 3504 peccato
1448 3440 1686 3504 mortuos
1715 3431 1872 3486 Chri-

279 3514 395 3560 stus
417 3504 670 3560 Dominus
695 3513 877 3559 noster
901 3503 1121 3560 invenit.
1158 3503 1223 3558 Et
1263 3514 1439 3557 tamen
1466 3503 1624 3557 etiam
1647 3517 1765 3557 cum
1793 3511 1872 3556 ta-

279 3574 360 3630 les
385 3589 646 3639 essemus,
679 3575 863 3630 dilexit
889 3591 1007 3640 nos,
1049 3587 1102 3630 et
1143 3574 1359 3629 tradidit
1395 3574 1741 3642 semetipsum
1772 3587 1870 3643 pro

282 3645 471 3716 uobis:
500 3661 564 3702 ac
594 3663 688 3716 per
714 3646 814 3701 hoc
838 3647 1035 3700 auiavit
1055 3647 1212 3701 etiam
1240 3660 1343 3699 non
1371 3654 1634 3709 amantes,
1663 3644 1871 3700 sicutet

283 3715 482 3787 Paulus
507 3715 778 3786 apostolus
807 3717 954 3783 dicit,
977 3716 1207 3772 Christus
1234 3732 1326 3787 pro
1345 3716 1514 3784 impiis
1540 3724 1767 3769 mortuus
1796 3725 1869 3770 est

281 3785 459 3858 (Rom.
487 3785 662 3858 v,’6);
709 3799 762 3844 et
812 3804 905 3858 per
952 3785 1272 3858 iuell‘abilem
1320 3791 1570 3858 pietatem
1621 3788 1871 3858 universo

280 3857 516 3915 humano
541 3856 717 3929 generi
753 3856 853 3914 hoc
889 3860 1191 3930 exemplum
1231 3857 1647 3930 dedit,_d_icens:
1680 3856 1872 3930 Discite

278 3944 311 3982 α
349 3946 430 3983 me
457 3927 575 3998 quia
602 3932 735 3985 mitis
760 3947 871 3984 sum
893 3939 940 3984 et
968 3927 1174 3984 humilis
1199 3929 1350 3983 corde
1397 3927 1613 3988 (Matth.
1651 3945 1722 3993 XI,
1751 3929 1867 3999 29).

279 3999 432 4066 Quod
460 4011 514 4056 et
533 4003 720 4056 beatus
748 4002 934 4056 Petrus
955 4001 1228 4070 apostolus
1257 4002 1306 4054 in
1334 3999 1570 4069 Epistula
1600 4015 1692 4054 sua
1722 4000 1872 4055 simi-

280 4070 406 4126 liter
452 4074 725 4142 prmccpil,
755 4073 974 4127 dicens:
1003 4072 1230 4127 Christus
1256 4087 1435 4142 passus
1462 4079 1534 4123 est
1581 4087 1672 4142 pro
1706 4071 1867 4137 nobis,

280 4141 567 4214 relinquens
597 4141 730 4197 vais
759 4144 1061 4214 exemplum.
1096 4152 1151 4196 ut
1198 4141 1481 4214 sequamini
1524 4141 1740 4214 vestigia,
1762 4143 1872 4211 ejus

282 4160 567 4214 relinquens
597 4160 730 4197 vobis
759 4160 897 4196 ercm
938 4160 1061 4204 tuin.
1096 4160 1151 4196 ut
1198 4160 1480 4212 sequamini
1524 4160 1732 4211 vestiga:
1762 4160 1870 4211 (’qu

282 4212 322 4284 (Ι
358 4213 500 4267 Petr.
532 4230 588 4280 ll,
619 4214 733 4283 2t).
764 4160 1245 4282 Qumrexcmplum
1279 4213 1484 4267 Domini
1511 4213 1870 4284 sccuturiisu-

282 4283 433 4338 mus?
463 4286 717 4354 numquid
761 4293 821 4338 ιιι
860 4293 1100 4339 mortuos
1127 4283 1481 4339 suscitemus?
1522 4283 1775 4353 numquid
1813 4291 1873 4338 ut

281 4370 440 4427 supra
472 4371 618 4427 mare
648 4356 872 4427 pedibus
892 4356 1264 4410 ambulemus?
1289 4354 1403 4409 Non
1436 4354 1647 4427 utique;
1691 4354 1782 4409 sed
1815 4363 1872 4410 ut

285 4426 455 4480 simus
486 4426 725 4482 miteset
752 4427 982 4482 humiles
1011 4427 1201 4494 corde;
1225 4435 1280 4480 et
1311 4442 1414 4480 non
1443 4426 1617 4480 solum
1645 4427 1868 4494 amicos,

279 4497 372 4569 sed
404 4498 566 4552 etiam
593 4497 933 4569 adversarios
978 4499 1296 4569 diligamus:
1336 4496 1404 4553 Ut
1447 4497 1873 4569 sequamini,_in-

279 4568 416 4640 quit,
443 4569 648 4640 vestigia
672 4569 802 4639 ejus.
833 4568 974 4640 Dixit
1006 4567 1107 4640 hoc
1134 4569 1293 4623 etiam
1325 4569 1513 4623 beatus
1537 4567 1871 4640 evangelista

277 4637 545 4709 Joannes:
567 4637 670 4706 Qui
691 4637 813 4693 dicit
841 4656 895 4694 se
921 4639 975 4692 in
1004 4638 1202 4709 Christo
1222 4655 1445 4706 manere,
1463 4639 1605 4693 debet
1619 4637 1872 4709 quomodo

278 4708 367 4782 ilic
385 4710 678 4782 ambulavit,
708 4720 755 4764 et
773 4711 883 4778 ipse
891 4709 1157 4782 umbulare
1179 4708 1219 4782 (l
1241 4709 1397 4782 Joan.
1414 4726 1470 4782 tt,
1499 4709 1574 4780 6).
1594 4708 1873 4782 Quomodo

279 4779 524 4836 Christus
543 4781 868 4835 ambulavit?
891 4779 948 4834 ln
976 4795 1136 4835 cruce
1165 4779 1306 4834 enim
1341 4779 1546 4848 positus
1575 4796 1670 4849 pro
1697 4779 1874 4834 inimi-

279 4851 356 4904 cis
385 4853 576 4913 oravit,
617 4853 834 4906 dicens:
863 4850 1037 4913 Pater,
1085 4851 1289 4922 ignosce
1329 4849 1604 4919 illis:quia
1646 4852 1871 4905 nesciunt

277 4923 400 4990 quid
428 4924 620 4994 faciunt
647 4922 800 4991 (Luc.
826 4938 982 4987 xxiii,
1008 4923 1120 4994 54).
1147 4923 1445 4976 l’hrenctici
1472 4923 1615 4976 enim
1644 4931 1784 4986 sunt,
1819 4931 1873 4977 et

277 5010 306 5044 ιι
334 4993 608 5048 contrario
635 4994 823 5063 spiritu
868 4993 1226 5062 possidentur,
1253 5001 1306 5046 et
1333 5005 1388 5046 ut
1417 5008 1513 5045 uos
1543 5008 1871 5062 persequan-

278 5071 383 5121 tur.
417 5064 672 5131 majorem
713 5065 1137 5133 persecutionem
1177 5081 1204 5117 ιι
1232 5063 1445 5118 diabolo
1489 5065 1790 5133 patiuntur:
1819 5072 1874 5118 et

279 5134 399 5188 ideo
428 5137 595 5205 magis
618 5144 676 5190 ut
715 5134 1008 5190 liberentur
1045 5151 1202 5204 quam
1251 5143 1307 5189 ut
1349 5135 1669 5190 damnentur
1719 5150 1872 5189 orare

279 5205 557 5276 debemus.
591 5207 681 5262 Sic
723 5207 867 5261 enim
912 5207 1035 5260 fecit
1076 5208 1262 5260 beatus
1292 5206 1614 5275 Stephanus,
1645 5206 1731 5276 qui
1760 5207 1874 5276 glo-

279 5275 574 5348 riosissime
614 5278 819 5348 primus
863 5277 1056 5332 Christi
1090 5278 1307 5346 vestigia
1339 5287 1551 5332 secutus
1595 5275 1695 5332 est.
1739 5275 1870 5331 Cum

277 5347 421 5399 enim
448 5347 597 5403 duris
616 5347 866 5403 saxorum
897 5349 1154 5403 imbribus
1176 5349 1492 5411 Caedere-tur,
1522 5365 1618 5416 pro
1647 5364 1704 5402 se
1725 5357 1873 5403 stans

277 5419 484 5490 oravit;
521 5434 616 5488 pro
641 5419 870 5474 inimicis
887 5435 1016 5473 vero
1045 5421 1158 5490 suis
1177 5421 1360 5488 positis
1385 5421 1608 5490 genibus
1638 5421 1762 5474 totis
1789 5421 1869 5472 vi-

279 5488 429 5552 ribus
455 5490 705 5544 clamavit
729 5499 784 5545 et
831 5491 994 5544 dixit:
1030 5489 1264 5552 Domine.
1312 5508 1374 5544 ne
1395 5488 1604 5544 statuas
1645 5490 1748 5543 illis
1778 5492 1873 5544 hoc

279 5561 683 5633 perbatmn(Act.
702 5577 792 5625 vn,
814 5559 926 5633 59).
956 5560 1010 5614 Si
1039 5576 1164 5632 ergo
1194 5570 1436 5629 putamus
1464 5577 1560 5614 nos
1587 5577 1690 5615 non
1717 5576 1872 5630 posse

278 5632 477 5686 imitari
526 5632 806 5686 Dou'iinum
839 5632 1099 5698 uestrum,
1145 5633 1411 5687 imitemur
1439 5633 1623 5687 saltem
1652 5648 1874 5688 conser-

343 5812 359 5844 ¹
397 5818 480 5861 ωε.
505 5813 683 5862 't‘heod.
705 5812 874 5862 debeas
892 5813 1108 5864 credere.

343 5875 362 5906 ⁸
393 5883 470 5923 MS.
498 5888 562 5936 r.,
579 5874 844 5924 hominibus

345 5936 367 5972 ⁸
390 5943 473 5992 Its.
495 5945 530 5993 t.
555 5938 704 6000 addit.
727 5949 816 6002 pro
840 5938 1036 5989 minuto.

1610 397 1841 457 SERMO
1877 396 2220 456 CCLXXIIL

3431 403 3575 464 2358

1983 533 2105 571 vum
2139 525 2399 572 nostrum.
2439 517 2715 575 imitemur
2749 520 2910 577 etiam
2954 531 3008 579 et
3037 522 3251 579 beatum
3272 523 3569 582 Iacobum:

1981 590 2071 658 qui
2101 598 2155 644 et
2179 587 2294 670 ipse
2322 603 2443 643 cum
2479 605 2510 644 a
2534 590 2733 670 Iudicis
2760 593 3104 670 lapidaretur,
3159 596 3319 652 ﬂexis
3347 599 3572 670 genibus

1981 674 2078 729 pro
2111 660 2230 732 suis
2251 661 2678 732 persecutoribus
2697 660 3032 732 supplicavit.

2051 732 2103 785 4.
2146 730 2478 811 Ιιιὶηιὶςονιιηι
2507 733 2706 811 dilectio
2743 730 2843 811 agn
2869 746 2939 789 est
2964 737 3252 811 consilium,
3271 739 3360 794 sed
3382 757 3574 811 praece-

1981 811 2154 876 ptum._
2177 803 2430 876 Dominus
2455 819 2664 876 quoque
2682 806 2744 876 in
2773 805 3064 876 Evangelia
3087 819 3144 862 ut
3168 803 3416 866 inimicos
3440 813 3564 866 dili-

1977 889 2104 953 gere
2119 872 2413 953 debeamus
2441 889 2543 953 rion
2572 872 3041 953 deditcousilium,
3075 880 3169 933 sed
3215 893 3566 953 pruiceptum.

1977 943 2135 1019 Aliud
2188 953 2271 1000 est
2307 945 2636 1019 consilium,
2687 947 2827 1001 aliud
2875 943 3231 1019 praeceptum:
3273 943 3566 1010 Consilium

1977 1013 2154 1087 datur,
2183 1025 2242 1070 ut
2269 1015 2549 1086 virginitas
2576 1013 2941 1087 conservetur,
2970 1013 3075 1074 uta
3103 1023 3226 1075 vino
3249 1033 3302 1077 et
3338 1040 3366 1077 a
3394 1040 3540 1080 carni

1975 1084 2076 1140 bus
2101 1084 2447 1165 abstineatur,
2485 1098 2542 1143 ut
2574 1087 2874 1165 vendantur
2915 1084 3113 1158 omnia,
3147 1103 3201 1165 et
3244 1096 3563 1165 pauperibus

1977 1166 2284 1237 erogeutur.
2320 1158 2653 1237 Praeceptum
2682 1175 2810 1237 vero
2834 1162 3009 1228 datur,
3061 1174 3116 1237 ut
3150 1158 3364 1237 jusiitia'
3388 1176 3564 1222 custo-

1974 1225 2169 1291 diatur,
2203 1239 2256 1282 ut
2283 1230 2457 1300 omnis
2496 1225 2657 1284 homo
2686 1230 2914 1287 divertat
2939 1249 2969 1288 a
2998 1225 3168 1300 malo,
3196 1245 3249 1288 ct
3278 1236 3432 1292 faciat
3468 1238 3562 1291 bo-

1976 1312 2121 1378 num.
2160 1300 2394 1378 Denique
2410 1299 2477 1354 de
2502 1300 3029 1378 virginitatedicitur,
3057 1299 3156 1371 Qui
3182 1317 3337 1374 potest
3360 1324 3558 1378 capere,

1974 1370 2141 1445 gapiat
2171 1369 2383 1445 (Matth.
2415 1387 2526 1437 XIX,
2673 1391 2685 1426 :
2712 1372 2780 1428 de
2798 1373 3000 1445 iustitia
3039 1369 3306 1432 vero'non
3346 1369 3560 1445 dicitur,

2116 1449 2290 1518 potest
2323 1441 2517 1518 facere,
2552 1437 2744 1518 faciai:
2769 1437 2886 1510 sed,
2932 1445 3108 1518 Omnis
3135 1450 3287 1502 arbor
3324 1466 3436 1518 qutv
3463 1437 3564 1504 non

1975 1510 2102 1592 facii
2120 1514 2342 1592 [iaciam
2365 1513 2571 1592 bonum,
2598 1514 2856 1592 ere-idetur
2881 1526 2926 1569 et
2948 1516 3004 1592 in
3013 1518 3184 1592 ignem
3207 1510 3428 1592 mittetur
3449 1520 3559 1592 (Id.

1974 1595 2051 1661 in,
2083 1581 2516 1661 10)._Consili_uu_i
2542 1585 2630 1661 qui
2652 1585 2881 1661 libenter
2903 1581 3132 1661 audierit
3149 1601 3202 1643 et
3223 1588 3428 1652 fecerit.
3451 1581 3565 1646 ina-

1968 1653 2147 1731 jorem
2170 1653 2392 1731 gloriam
2425 1653 2660 1731 habebit.
2693 1656 3021 1731 Praeceptum
3047 1660 3134 1731 qui
3167 1676 3271 1712 non
3305 1661 3562 1731 impleve-

1973 1723 2062 1787 rit,
2098 1724 2196 1800 nisi
2217 1725 2537 1800 poenitentia
2570 1723 2900 1800 subvenerit,
2946 1723 3173 1785 evadere
3211 1723 3422 1800 poenam
3451 1749 3559 1788 non

1974 1796 2185 1860 poterit.
2213 1796 2300 1872 Sic
2329 1797 2471 1872 enim
2501 1798 2754 1872 praecepit
2779 1798 3070 1872 Dominus:
3100 1796 3307 1872 Diligite
3331 1804 3563 1860 inimicos

1970 1866 2480 1946 vestros,“benefacit_e
2509 1867 2586 1921 his
2611 1869 2697 1946 qui
2723 1869 2934 1946 oderunt
2963 1887 3066 1933 vos,
3092 1881 3141 1946 ei
3164 1866 3304 1946 afate
3329 1891 3421 1944 pro
3443 1893 3561 1946 per-

1972 1938 2283 2013 ggquentwus
2296 1939 2483 2013 vestris
2509 1946 2554 1992 et
2579 1939 3003 2013 calumnitmtibus
3031 1942 3166 1996 vobis
3213 1938 3403 2013 (Idfv,
3443 1938 3558 2013 ΖΜ).

1972 2004 2116 2085 Et_si
2145 2006 2840 2085 qusurisqua‘tunlerccdem
2867 2013 3130 2085 accipies;
3160 2004 3280 2085 audi
3311 2004 3448 2085 quod
3477 2004 3564 2072 se-

1971 2076 2152 2158 qiiitur
2172 2095 2198 2158 :_
2214 2077 2280 2132 Ut
2308 2076 2417 2158 sitis
2439 2078 2541 2158 filii
2559 2079 2732 2158 Patris
2755 2083 2904 2158 vestri
2930 2076 3014 2154 qui
3043 2085 3094 2137 in
3113 2084 3250 2158 cretis
3271 2076 3341 2140 esl
3364 2086 3412 2158 (1
3422 2088 3554 2153 bid.,

1971 2147 2085 2225 έὸ).
2121 2148 2414 2216 Advertite,
2441 2147 2576 2219 quia
2619 2151 2661 2203 si
2699 2147 2952 2225 inimicos
2992 2169 3097 2207 non
3144 2147 3434 2225 diligimus,
3466 2147 3560 2214 lilii

1973 2217 2066 2298 Dei
2089 2233 2212 2298 esse
2238 2235 2342 2274 non
2375 2217 2676 2298 possumus.
2699 2222 2763 2298 Et
2788 2238 2888 2292 qua
2910 2225 3088 2298 [rente
3109 2217 3334 2280 dicimus
3360 2217 3563 2282 in'ora-

1975 2289 2135 2366 tione,
2168 2289 2324 2344 Pater
2344 2303 2530 2366 noster,
2561 2293 2656 2366 qui
2675 2309 2726 2366 es
2746 2289 3000 2366 iacietis?
3028 2305 3119 2366 aut
3145 2312 3247 2366 qua
3279 2299 3562 2353 conscien-

1973 2359 2040 2412 tia
2071 2360 2248 2438 dicere
2269 2359 2588 2438 poterimus,
2617 2361 2829 2438 Dimiue
2856 2366 2999 2420 nobis
3027 2359 3192 2421 debita
3221 2377 3411 2438 nostra,
3434 2370 3563 2424 sicut

1971 2438 2019 2483 et
2043 2431 2452 2504 nosidimittimus
2482 2432 2590 2503 (Id.
2622 2450 2695 2500 v1,
2727 2434 2839 2504 12).

2044 2502 2097 2555 5.
2129 2503 2227 2568 Qui
2252 2504 2452 2557 nonnisi
2481 2502 2533 2558 se
2557 2515 2783 2560 amantes
2799 2502 2967 2574 amat,
2991 2507 3054 2562 ab
3084 2508 3293 2563 ethnicis
3319 2518 3366 2564 et
3392 2509 3564 2566 bestiis

1972 2587 2085 2652 uon_
2099 2574 2271 2628 distat.
2300 2574 2533 2652 Charitas
2560 2591 2701 2652 vera:
2725 2576 2829 2632 Sed
2857 2577 2985 2652 dicit
3006 2579 3198 2650 aliquis
3223 2599 3236 2635 :
3263 2581 3376 2652 Ego
3403 2582 3564 2638 audio

1971 2642 2297 2713 Scripturam
2333 2646 2598 2701 dicentem
2621 2688 2634 2710 ,
2667 2648 2816 2702 Amat
2854 2650 3026 2703 anima
3061 2642 3176 2713 mea
3205 2642 3460 2706 amantem
3484 2667 3560 2708 se.

1972 2711 2138 2770 Amas
2161 2717 2296 2793 ﬁlios
2318 2725 2371 2793 ei
2392 2719 2678 2786 parentes?
2702 2720 2858 2793 Amat
2878 2728 2932 2793 et
2949 2711 3108 2793 latro,
3132 2732 3276 2777 amat
3300 2733 3354 2778 et
3374 2723 3559 2793 draco,

1972 2796 2152 2857 amant
2183 2797 2238 2841 et
2265 2787 2408 2857 lupi,
2441 2799 2621 2842 amant
2650 2799 2702 2844 et
2731 2791 2860 2844 ursi.
2904 2791 2961 2847 Si
3000 2795 3141 2846 enim
3175 2801 3424 2849 amantes
3453 2787 3563 2851 non

1973 2855 2240 2936 diligimus
2261 2900 2275 2923 ,
2309 2855 2353 2911 si
2386 2859 2536 2936 ﬁlios
2559 2860 2642 2936 vel
2673 2871 2928 2936 parentes
2955 2863 3314 2933 despicimus,
3349 2865 3563 2936 pejores

1973 2927 2216 2982 leonibus
2242 2937 2298 2983 et
2322 2928 2642 2995 supradictis
2673 2927 2855 2988 bestiis
2884 2927 3071 2988 sumus
3098 2953 3111 2988 :
3141 2937 3185 2990 si
3215 2927 3563 2992 vero-ainan-

1975 3007 2057 3074 tes
2099 3007 2316 3074 tantum
2346 3000 2654 3074 diligimus,
2696 3003 2827 3058 nihil
2869 3005 2938 3058 ab
2977 3005 3104 3074 ipsis
3145 3007 3330 3062 bestiis
3361 3007 3564 3064 distare

1973 3068 2237 3150 videmur.
2266 3069 2430 3150 Sieet
2455 3068 2573 3141 ipse
2602 3074 2854 3128 Dominus
2884 3068 3017 3150 dixit
3049 3075 3159 3150 :_Si
3192 3079 3324 3150 enim
3349 3077 3564 3150 diligitis

1973 3156 2057 3193 eos
2084 3141 2530 3216 quivosdiligunt
2547 3185 2562 3211 ,
2592 3161 2770 3216 quanL
2769 3148 3043 3200 mercedem
3066 3147 3351 3204 habebitis?
3377 3141 3566 3206 Νόιιηε

1949 3220 2022 3264 -ει
2053 3211 2308 3281 publicani
2335 3211 2429 3266 hoc
2458 3211 2654 3288 faciunt
2675 3217 2700 3288 ?_
2724 3213 2792 3268 Et
2821 3217 2865 3288 si
2902 3218 3238 3288 salutaveritis
3263 3221 3447 3288 fratres
3479 3236 3567 3274 ve-

1973 3291 2104 3356 stros
2138 3293 2375 3356 tantum,
2409 3284 2533 3356 quid
2560 3285 2778 3356 amplius
2811 3286 3047 3355 facietis?
3086 3284 3272 3343 Nonne
3300 3299 3346 3345 et
3377 3292 3566 3346 ethnici

1974 3353 2068 3430 hoc
2104 3355 2297 3430 facian;
2328 3352 2436 3430 (Id_.
2467 3371 2532 3430 v_,
2696 3356 2792 3430 747)
2811 3352 2973 3430 ileriti
3014 3375 3142 3430 ergo
3185 3361 3330 3416 solos
3359 3362 3564 3418 amicos

1976 3423 2397 3502 diligitutksiciit
2418 3426 2518 3495 ipsi
2541 3423 2964 3502 Avidetispadhuc
2995 3431 3047 3484 in
3075 3423 3175 3486 hac
3204 3443 3354 3501 parte
3384 3433 3564 3502 publi-

1973 3497 2196 3572 caniset
2223 3495 2491 3572 Gentibus
2511 3498 2711 3572 similes
2741 3509 2884 3554 sunt.
2917 3501 2988 3556 Ut
3016 3516 3143 3571 ergo
3177 3495 3483 3572 superiores
3508 3511 3566 3559 et

1974 3564 2235 3620 Gentibus
2264 3578 2318 3620 et
2339 3568 2525 3622 bestiis
2552 3570 2740 3635 simus,
2772 3573 2930 3624 etiam
2960 3564 3204 3628 inimicos
3230 3564 3284 3628 ét
3311 3575 3566 3630 adversa-

1974 3637 2082 3714 [ξος
2111 3637 2425 3714 diligamus;
2456 3649 2529 3714 et_
2540 3643 2822 3696 timeamus
2865 3643 2994 3696 illud
3033 3644 3175 3714 quod
3217 3645 3470 3699 Dominus
3509 3646 3565 3700 in

1976 3706 2421 3790 Evangelioﬁdixit
2451 3728 2463 3764 :
2490 3709 2644 3766 Serve
2666 3714 2797 3766 male
2815 3755 2829 3778 ,
2859 3706 3247 3790 cameli-(mitam
3273 3716 3442 3790 dimisi
3475 3717 3566 3771 tibi

1973 3781 2091 3846 quia
2124 3781 2313 3855 rogasli
2350 3797 2463 3846 me;
2488 3798 2654 3855 nonne
2682 3792 2727 3835 et
2754 3792 2801 3837 te
2829 3786 3048 3855 oportuit
3077 3787 3300 3842 misereri
3327 3805 3566 3844 conservo

1977 3851 2250 3928 iuo,_si_cut
2287 3860 2334 3905 et
2372 3868 2461 3920 ego
2488 3854 2578 3928 tui
2603 3855 2835 3928 misertus
2863 3851 3023 3910 sum?
3069 3858 3136 3912 Et
3175 3859 3300 3928 quid
3345 3862 3566 3928 postea?

1975 3919 2210 3975 Tradidit
2242 3939 2354 3976 eum
2381 3919 2679 3990 tortoribus,
2721 3926 2878 3979 donec
2902 3928 3130 3982 redderet
3155 3919 3442 3983 universum
3471 3919 3564 3984 de-

1976 3991 2151 4070 bitum.
2179 3993 2285 4070 Sic,
2312 3993 2765 4070 inquitDoininus
2785 4037 2799 4062 ,
2835 3995 2992 4070 Pater
3021 4015 3159 4052 meus
3179 4002 3388 4054 caelestis
3413 4003 3567 4070 faciet

1976 4065 2112 4138 vobis
2133 4107 2146 4130 ,
2176 4065 2220 4116 si
2246 4065 2663 4138 nondimiseiitis
2693 4069 3032 4138 unusquisque
3056 4070 3204 4138 fratri
3239 4088 3329 4124 suo
3361 4065 3424 4124 de
3447 4088 3567 4126 cor-

1977 4134 2120 4188 dibus
2140 4135 2321 4210 vestris
2349 4134 2458 4210 (Id.
2484 4153 2610 4190 .vvm
2631 4178 2648 4201 ,
2678 4134 2896 4207 Eii-55).
2929 4134 2996 4192 Et
3024 4134 3212 4194 iterum
3243 4143 3354 4210 ipse
3387 4143 3567 4197 Domi-

1976 4220 2076 4283 nus
2103 4206 2180 4283 aii
2218 4224 2230 4260 :
2273 4204 2339 4283 In
2361 4204 2472 4283 hoc
2498 4204 3006 4283 cogn_oscent_ontnes
3044 4211 3162 4278 quia
3198 4204 3293 4265 mei
3329 4213 3566 4283 discipuli

1976 4277 2114 4354 estis,
2138 4278 2180 4330 si
2201 4293 2286 4331 vos
2311 4279 2518 4354 invicem
2539 4280 2762 4350 diligatis
2779 4279 2956 4354 oau.
2977 4277 3093 4345 xm,
3111 4283 3222 4354 35).
3239 4283 3308 4338 Ει
3328 4277 3519 4338 iterum
3544 4301 3562 4343 :

1981 4347 2096 4425 _H_oc
2116 4358 2188 4425 est
2209 4347 2704 4425 utandatummeuiu,
2729 4347 3018 4425 utiinvicem
3042 4347 3267 4425 diligatis
3285 4357 3302 4387 ¹
3320 4354 3432 4425 (Id.
3456 4371 3530 4410 xv
3547 4397 3564 4423 ,

1977 4417 2089 4496 12).
2119 4420 2186 4473 Et
2213 4419 2404 4496 iterum
2437 4437 2449 4471 :
2480 4421 2578 4496 Qui
2606 4422 2889 4477 universam
2911 4421 3069 4494 legem
3089 4417 3372 4496 cinnplevit,
3397 4417 3565 4493 offert;

1977 4491 2072 4567 dat
2093 4499 2262 4567 autem
2279 4491 2344 4567 _in
2383 4507 2483 4567 uno
2503 4533 2517 4557 ,
2551 4495 2717 4564 factus
2745 4504 2817 4547 est
2844 4491 3070 4567 euntium
3098 4491 3215 4550 reus
3243 4491 3460 4562 (Jacobi
3490 4513 3564 4567 tt,

1978 4562 2046 4637 it)
2065 4563 2104 4631 ).
2134 4561 2293 4637 Quod
2322 4570 2406 4616 est
2441 4561 2769 4637 hoc'unum,
2797 4565 2896 4619 nisi
2924 4566 3065 4634 quod
3105 4561 3264 4636 supra
3292 4561 3564 4637 diximus,

1979 4631 2285 4712 Mandatum
2327 4649 2512 4712 riguum
2553 4634 2830 4712 do_vo_bis,
2862 4645 2917 4689 ut
2944 4631 3050 4690 'vos
3092 4631 3301 4712 invicem
3340 4631 3568 4712 diligatis

1979 4700 2162 4778 (.loau.
2196 4719 2287 4778 xm
2308 4745 2336 4778 ,γ
2354 4704 2487 4776 54)?
2516 4705 2692 4778 quod,
2715 4706 2962 4778 inquam,
2995 4715 3078 4762 est
3107 4707 3208 4763 hoc
3234 4725 3398 4764 unum
3417 4700 3568 4778 ,'nisi

1978 4775 2109 4830 illud
2145 4775 2286 4843 quod
2313 4775 2603 4843 Apestolus
2629 4776 2755 4830 dicit
2776 4775 2804 4841 ,ί
2823 4777 2999 4831 Omnis
3025 4778 3108 4833 lex
3127 4779 3181 4832 in
3206 4797 3308 4834 uno
3337 4775 3570 4836 sermone

1977 4844 2518 4925 completurhlliliges
2541 4848 2825 4925 prnoximuni
2854 4858 2992 4925 tuum
3009 4851 3148 4925 sicut
3168 4858 3219 4925 te
3238 4852 3403 4922 ipsth
3427 4850 3568 4925 (Ga-

1979 4917 2069 4970 lat.
2098 4934 2148 4983 v,
2182 4916 2320 4988 ll)?
2347 4916 2452 4972 Sed
2483 4933 2548 4971 ne
2589 4918 2720 4972 forte
2759 4920 2949 4988 aliquis
2989 4920 3162 4987 dicat,
3211 4916 3384 4977 locum
3427 4916 3569 4982 hunc

1979 5003 2083 5042 non
2113 4992 2190 5042 sic
2215 4987 2409 5042 debere
2448 4988 2664 5056 intelligi
2696 5005 2708 5040 :
2742 4987 2922 5044 audiat
2950 4990 3016 5045 de
3043 4991 3144 5047 hoc
3183 4995 3434 5048 mandato
3471 4996 3572 5051 ιω.

1979 5075 2096 5112 rum
2126 5060 2433 5127 Apostolum
2459 5059 2668 5112 sublimi
2699 5075 2826 5114 voce
2852 5061 3187 5129 clamantem,
3224 5065 3283 5119 Si
3309 5065 3568 5122 tradidero

1979 5145 2162 5203 corpus
2183 5145 2344 5203 meum
2365 5139 2417 5203 ut
2433 5130 2637 5203 ardeam
2654 5172 2668 5193 ,
2697 5132 2993 5186 rharitatem
3013 5144 3180 5189 autem
3199 5153 3298 5190 non
3320 5137 3531 5192 habeant
3547 5181 3564 5203 ,

1980 5201 2106 5254 nihil
2137 5201 2259 5279 mihi
2282 5200 2482 5279 prodest
2505 5200 2559 5272 (Ι
2591 5200 2709 5255 Cor.
2745 5219 2853 5279 xui,
2881 5203 2956 5276 5).
2990 5203 3100 5275 Ipsa
3125 5217 3208 5279 est
3227 5223 3351 5262 vera
3374 5217 3428 5262 et
3447 5200 3571 5279 geri-

1981 5288 2135 5346 mana
2167 5272 2425 5346 Charitas,
2450 5289 2567 5346 qua:
2597 5289 2698 5326 non
2726 5277 2896 5329 solum
2917 5272 3095 5346 'iisque
3118 5277 3184 5332 ad
3204 5272 3568 5345 amicosfsed

1979 5343 2137 5399 etiam
2166 5358 2333 5413 usque
2363 5343 2428 5396 ad
2457 5345 2600 5414 ipsos
2630 5348 2870 5414 pervenit.
2896 5343 3138 5403 inimicos
3167 5366 3180 5402 :
3213 5350 3351 5404 sicut
3375 5343 3429 5405 et
3459 5350 3570 5404 Do-

1979 5416 2366 5492 miuusuosmr
2407 5425 2603 5492 tantum
2645 5417 2782 5470 circa
2822 5433 2989 5488 genus
3032 5419 3318 5492 humanum
3363 5435 3569 5492 cogno-

1979 5486 2364 5563 scituriiabcre
2385 5487 2727 5563 charitatcm,
2755 5486 2938 5563 utnon
2961 5491 3142 5563 solum
3169 5508 3328 5562 supra
3359 5486 3527 5548 bonos
3545 5536 3568 5563 ,

1980 5556 2072 5611 sed
2100 5557 2258 5630 etiam
2301 5573 2457 5630 supra
2489 5559 2656 5630 malos
2683 5560 2909 5629 pluviam
2941 5561 3068 5616 dare
3087 5604 3102 5630 ,
3132 5572 3186 5617 et
3211 5556 3378 5618 solem
3407 5556 3571 5625 suttni

1979 5628 2216 5697 quotidie
2243 5628 2368 5682 oriri
2397 5629 2673 5685 concedat.

1987 5871 1994 5879 .
2044 5812 2191 5881 {lucc
2215 5809 2407 5888 verba}.
2431 5814 2483 5858 Et
2510 5807 2683 5888 itlei'am
2709 5821 2726 5857 :
2749 5816 2847 5888 Hoc
2881 5814 2971 5888 est).
2987 5811 3266 5888 mamlghuu
3304 5832 3480 5888 meum,
3518 5832 3575 5884 ut

1979 5872 2180 5986 igneam
2217 5872 2457 5936 diligatis,
2497 5872 2734 5922 adduntur
2772 5884 2833 5923 ex
2869 5873 3036 5924 codice
3067 5874 3262 5944 collegii
3299 5872 3572 5948 ciui-6.11053

2029 5950 2091 5986 ιιι.
