4050 6352
502 377 646 448 2279

503 512 628 554 care
657 507 760 550 non
787 489 1012 555 dubitet,
1039 487 1166 566 dum
1194 485 1370 542 divina
1395 482 1648 566 mysteria
1672 481 1894 566 deserit,
1921 491 2082 566 erga:

504 553 771 636 cerdotem
794 576 974 636 prose
999 553 1282 615 sollicitum
1304 553 1582 636 contristat
1603 565 1655 610 et
1679 555 1920 623 deSpicil.
1941 553 1996 635 Si
2021 553 2088 636 ad

504 628 1014 706 exercendaaliqua
1041 640 1250 685 terrena
1279 639 1337 706 c_t_
1363 628 1624 706 laboriosa
1651 641 1810 706 opera
1835 639 1930 706 vos
1956 628 2090 706 invi-

503 717 640 764 taret
665 695 944 760 humilitas
963 711 1164 766 nostra,
1195 701 1461 755 credimus
1487 697 1626 768 quod
1657 697 1808 750 nobis
1835 695 2089 768 obedienf

505 781 630 835 tiam
675 784 953 847 praestaret
997 765 1240 847 Charitas
1279 781 1475 847 vestra.
1505 765 1653 823 'Cum
1696 781 1821 847 vero
1865 765 2088 847 non_ad

505 835 738 914 terren'a,
767 847 862 902 sed
889 844 955 899 ad
991 843 1250 914 etelestia,
1281 857 1379 896 nec
1412 841 1478 894 ad
1525 838 1832 914 temporalia
1853 878 1868 902 ,
1911 835 2002 890 sed
2035 837 2086 890 in

503 911 762 976 reternum
805 917 995 972 animo:
1039 913 1310 984 profutura
1351 911 1657 984 vosistudia
1697 921 2045 984 provocamus
2069 949 2084 972 ,

503 1007 601 1046 nec
624 991 796 1060 aliqua
825 990 968 1043 lucra
994 979 1296 1062 transitoria
1327 983 1670 1062 requirimus,
1689 980 1783 1062 sed
1831 979 1896 1032 ad
1928 979 2090 1059 coele-

504 1073 612 1120 stcs
629 1053 903 1117 thesauros
919 1072 1014 1112 vos
1032 1057 1348 1120 invitamus;
1377 1053 1712 1108 considerate
1737 1053 1789 1104 in
1817 1064 1924 1120 quo
1949 1053 2089 1120 peri-

503 1135 622 1188 culo
647 1139 978 1202 remaneant,
1001 1129 1089 1197 qui
1117 1127 1272 1202 nobis
1297 1124 1655 1202 obedientiam
1679 1120 2088 1202 accommodare

503 1203 861 1274 dissimulant.
895 1193 1176 1274 Ego'vero,
1218 1197 1408 1274 fratres
1426 1194 1732 1274 charissimi
1759 1206 1926 1274 ἱ,Λιιοιι
1967 1193 2088 1274 ideo

505 1284 708 1330 tantum
733 1272 890 1328 doleo
914 1260 1184 1340 ,vquando
1225 1269 1292 1322 de
1315 1265 1556 1340 ecclesia
1600 1263 1871 1340 disceditis
1891 1302 1904 1325 ,
1925 1260 2089 1340 quod

504 1345 633 1401 mihi
659 1344 836 1400 damni
865 1333 1061 1412 aliquid
1083 1339 1436 1412 corporaliter
1461 1337 1697 1412 faciatis;
1725 1333 1822 1412 sed
1847 1337 1970 1403 quia
1994 1347 2088 1388 vos

503 1415 769 1486 perfectos
792 1428 912 1470 esse
947 1405 1214 1478 desidero,
1249 1419 1353 1463 tam
1383 1408 1614 1479 graviter
1639 1408 1692 1460 in
1725 1405 1836 1460 Deo
1864 1419 2088 1475 peccare

502 1501 637 1542 COEII
643 1501 788 1541 0500.

613 1597 626 1612 .
671 1555 909 1628 Mysterii
923 1555 1076 1628 hujus
1089 1551 1413 1628 _e_a:c_elle_ntia.
1447 1549 1556 1616 Quo
1587 1549 1756 1628 sititet
1785 1545 1970 1614 a/fectu
2005 1546 2088 1599 be-

503 1619 1062 1700 nedictiovexcipienda.
1089 1623 1242 1679 Unde
1287 1624 1478 1700 iterum
1506 1619 1894 1700 atque_iter_um
1927 1631 2084 1700 rogo,

503 1709 564 1754 ut
591 1700 711 1767 quia
739 1713 838 1752 nos
859 1689 1298 1766 qualescumque,
1328 1692 1428 1768 etsi
1462 1693 1634 1768 minus
1663 1689 1830 1768 digni,
1859 1689 2089 1768 imitato-

503 1785 594 1825 res
610 1761 830 1840 'Domini
858 1761 1063 1828 sumus.
1097 1775 1151 1820 et
1177 1761 1399 1840 quando
1427 1761 1495 1840 ad
1523 1762 1806 1840 ecclesiam
1837 1761 2089 1840 conveni-

505 1841 596 1905 tis,
629 1855 734 1894 non
763 1839 830 1892 ad
853 1832 1234 1910 terrenumvos
1249 1833 1548 1910 convivinm
1572 1832 1886 1910 invitamus,
1906 1832 1964 1910 in
1983 1843 2089 1910 quo

504 1900 1397 1982 ministraturcibushominumﬁed
1410 1903 1476 1958 ad
1492 1903 1708 1982 caeleste
1711 1917 1782 1982 _ae
1792 1900 2086 1982 spirituale,

504 1981 558 2037 in
581 1995 685 2051 quo
707 1981 855 2051 panis
883 1977 1490 2051 ponitur‘Angclorum;
1520 1975 1683 2051 nolite
1707 1972 1963 2051 fastidire,
1987 1987 2086 2024 no-

503 2043 900 2124 lite'des'picere'
915 2043 1656 2124 convivium'Dotninivestri,
1683 2053 1738 2098 ut
1761 2057 1854 2124 vos
1876 2043 1962 2124 ille
1983 2057 2088 2124 non

506 2111 766 2195 despiciat
793 2122 846 2176 in
867 2119 1193 2195 beatitudine
1221 2117 1494 2195 regnisui.
1523 2111 1734 2170 Timere
1759 2113 1900 2195 enirn
1927 2111 2091 2194 debet

506 2194 574 2250 tis
605 2183 747 2247 illam
773 2192 1135 2260 evangelicum
1163 2183 1503 2254 sententiam,
1522 2201 1634 2260 per
1659 2200 1817 2256 quam
1849 2183 1968 2237 illos
1997 2183 2089 2250 qui

505 2264 807 2336 adinuptias
831 2258 1038 2336 invitati
1063 2261 1294 2336 fuerant,
1315 2267 1388 2336 _et
1415 2258 1596 2336 venire
1609 2263 2054 2336 contempserant
2071 2293 2086 2320 ,

503 2327 753 2404 indigtios
777 2332 1021 2406 convivio
1047 2347 1144 2406 suo
1171 2331 1285 2406 ipse
1314 2329 1567 2406 Dominus
1589 2327 1742 2406 dixit,
1766 2333 1821 2380 ct
1844 2327 2089 2406 aliosin-

503 2397 955 2477 vitareprtecepit
993 2402 1010 2472 (
1037 2397 1222 2477 Matth.
1254 2415 1364 2477 x_xn
1388 2439 1403 2464 ,
1437 2399 1500 2477 _8,
1531 2398 1626 2468 9).
1675 2397 1889 2477 igtur-ton
1915 2397 2090 2477 otiose

504 2467 954 2548 considerandum
994 2467 1096 2538 est,
1129 2471 1232 2548 sed
1252 2469 1542 2548 timendum
1569 2467 1710 2548 quod
1738 2467 1814 2520 illi
1842 2467 1935 2548 qui
1965 2481 2088 2547 pro-

546 2555 625 2601 ter
648 2545 1024 2615 impedimenta
1052 2541 1236 2615 mundi
1267 2541 1549 2615 noluerunt
1574 2539 1774 2602 venire,
1805 2553 1898 2615 ore
1923 2539 2090 2615 ipsius

546 2561 625 2601 ter
648 2561 1024 2615 impedimenta
1052 2561 1236 2597 Inuum
1267 2561 1549 2594 llUiUCl’lllll.
1575 2561 1774 2602 ventre,
1805 2561 1898 2618 pre
1923 2561 2090 2605 Ipsius

505 2561 724 2690 Bomini
745 2615 944 2690 indigni
969 2623 1094 2690 sunt
1116 2611 1357 2690 judicati.
1386 2610 1454 2665 Et
1481 2611 1708 2690 ideo__ne
1747 2619 1906 2690 etiam
1946 2617 2000 2661 et
2023 2607 2092 2690 de

505 2687 661 2743 nobis
689 2686 790 2742 hoc
816 2679 918 2740 dici
947 2679 1133 2756 possit,
1161 2684 1298 2756 sicut
1317 2681 1430 2756 jam
1469 2679 1784 2756 supplicari,
1817 2679 1975 2732 unius
1999 2687 2091 2756 aut

504 2758 729 2814 duarum
752 2748 1023 2830 ihorarutn
1062 2748 1234 2830 spatio
1261 2748 1592 2830 patientiam
1611 2751 1960 2830 pra:_beamus,
1989 2748 2090 2830 do_-

506 2843 605 2884 nec
635 2829 687 2884 in
729 2829 818 2900 illa
857 2821 1117 2897 spiritual'i
1147 2821 1343 2900 mensa
1354 2825 1652 2900 animarum
1679 2821 1830 2874 cibus
1861 2822 2092 2900 apponi-

507 2909 609 2966 tur,
638 2910 693 2955 et
727 2891 1074 2972 Sacramenta
1089 2895 1399 2972 Διιρὶςίιιιιειιίει
1427 2903 1835 2972 consecrantur.-
1861 2891 1929 2944 Et
1971 2891 2092 2972 quia

545 2962 782 3026 rtclnissa
811 2970 1048 3024 oratione
1071 2962 1358 3028 dominica,
1385 2964 1688 3019 benedictio
1719 2962 1868 3015 vobis
1897 2977 2003 3016 non
2026 2962 2094 3016 ab

545 2986 782 3026 rtmntssa
811 2986 1048 3024 oratione
1071 2986 1358 3028 uonnmca,
1385 2986 1688 3019 Delicatum
1720 2986 1868 3015 vuum
1897 2986 2003 3016 ιιυιι
2026 2986 2089 3016 au

503 2986 746 3107 Remitte,
777 3039 872 3096 sed
903 3055 995 3109 per
1019 3038 1292 3112 hominem
1317 3035 1492 3101 datur,
1507 3045 1657 3105 grato
1681 3043 1736 3089 et
1763 3034 1849 3102 pio
1871 3035 2089 3112 animo,

506 3104 782 3184 humiliato
803 3104 1043 3184 corpore
1055 3118 1111 3184 et
1137 3107 1298 3162 corde
1323 3104 1662 3184 compuncto,
1691 3117 1868 3184 rorem
1901 3104 2094 3184 divitue

507 3175 1159 3254 benedictionisiaccipite
1183 3185 1300 3254 ;‘_ut
1347 3175 1650 3254 secundum
1687 3175 2094 3254 promissionem

507 3253 716 3308 Domini
779 3252 871 3306 fiat
915 3251 968 3306 in
1006 3245 1158 3306 vobis
1211 3247 1330 3302 fons
1368 3262 1518 3317 aqute
1557 3245 1794 3300 salientis
1835 3245 1888 3298 in
1931 3245 2094 3300 vitam

505 3331 781 3378 mternam.

577 3395 630 3450 5.
676 3393 811 3462 Quid
838 3409 1080 3464 quemque
1112 3392 1331 3464 detineat
1366 3405 1427 3442 ne
1457 3388 1512 3464 in
1541 3387 2092 3464 ⁸εειςζςιςίᾳλιειηιιιιηεαῑ.

510 3457 738 3532 ρααιίιέι·
781 3457 861 3520 (ψ’
886 3457 1182 3537 unoquoque
1226 3461 1325 3537 sint
1366 3459 1687 3537 corripiendi.
1735 3457 1990 3537 Ut__enim
2037 3471 2098 3511 se

506 3528 694 3591 omnes
740 3551 845 3590 non
885 3528 1427 3608 possintlinecclesia
1457 3528 1748 3608 centinere,
1790 3528 2015 3582 diversae
2043 3539 2099 3608 et

507 3609 668 3661 varite
697 3601 1071 3676 occupationes
1097 3604 1314 3659 faciunt.
1347 3602 1492 3676 Alios
1515 3601 1656 3676 enim
1683 3607 1828 3676 tenet
1856 3601 2096 3676 corporis

507 3677 810 3752 infirmitas,
834 3671 966 3752 alios
991 3676 1196 3752 publica
1221 3672 1508 3752 necessitas
1529 3689 1554 3752 ς.
1568 3671 1701 3752 alios
1721 3671 1849 3752 ligat
1873 3676 1927 3724 et
1947 3671 2094 3752 quasi

507 3749 744 3814 captivos
772 3742 932 3800 trahit
955 3742 1234 3810 cupiditas.
1263 3744 1459 3814 Quanti
1488 3744 1646 3796 etiam
1675 3749 1798 3795 tunc
1829 3742 1880 3794 in
1907 3742 2097 3814 plateis

507 3812 592 3872 vei
615 3817 666 3892 in
696 3817 882 3892 atriisf
914 3818 1250 3892 basilicarum
1273 3822 1363 3892 aut
1389 3813 1616 3892 litigant,
1647 3820 1738 3865 aut
1757 3812 1984 3892 negotiis
2007 3825 2094 3864 va-

505 3889 667 3943 cant?
693 3887 882 3954 Quanti
913 3887 966 3940 in
993 3886 1284 3956 porticibus
1313 3883 1672 3956 basilicarum,
1705 3882 1871 3956 veliu
1914 3897 2096 3936 secre-

509 3959 658 4013 tariis
679 3953 732 4026 π
759 3953 1178 4014 detractionibus
1219 3962 1308 4010 aut
1340 3954 1526 4026 otiosis
1553 3953 1888 4026 sermonibus
1933 3967 2097 4006 occu-

506 4024 724 4100 pantur,
745 4031 881 4084 inter
915 4045 1048 4099 quos
1072 4043 1174 4082 non
1197 4041 1392 4096 parvus
1411 4025 1546 4100 solet
1576 4037 1696 4100 esse
1720 4024 2095 4100 etiam_nume-

507 4093 600 4155 rus
626 4093 963 4166 clericorum,
997 4100 1078 4154 vel
1107 4093 1359 4152 laieorum
1391 4111 1484 4150 seu
1515 4093 1869 4166 feminarum?
1892 4095 1980 4166 lsti
2015 4105 2095 4147 ta-

507 4169 586 4227 les
639 4172 848 4242 qualem
893 4165 960 4225 de
1004 4171 1198 4225 divinis
1240 4165 1853 4242 Scripturis‘profectum
1897 4165 2098 4242 babere

507 4235 758 4312 poterunt
781 4283 794 4307 ,
825 4242 914 4319 qui
944 4255 1045 4296 nec
1087 4242 1258 4319 ipsum
1301 4235 1494 4319 sonum
1523 4235 1811 4319 Scriptura:
1844 4235 1912 4317 ad
1937 4249 2098 4319 aures

507 4306 633 4370 suas
672 4306 946 4383 pervenire
975 4306 1324 4383 permittunt?
1349 4309 1446 4383 sed
1482 4307 1732 4383 impletur
1761 4307 1814 4361 in
1852 4307 1930 4383 eis
1969 4306 2097 4360 illud

507 4383 648 4455 quod
672 4377 930 4454 scriptum
953 4377 1053 4444 est,
1071 4382 1224 4455 Sicut
1246 4379 1438 4455 aspidis
1463 4379 1632 4433 surdte
1653 4377 1930 4455 obturantis
1951 4394 2098 4430 aures

505 4450 646 4522 suos,
676 4466 731 4508 ut
764 4450 865 4508 rion
897 4453 1168 4508 exaudiant
1194 4451 1586 4520 Scripturarum
1625 4465 1806 4522 vocent
1827 4450 2095 4522 incantan-

510 4519 642 4579 tiuni
665 4524 835 4598 (Psat.
870 4539 997 4590 LVII,
1017 4525 1071 4590 5,
1091 4523 1167 4594 6).
1193 4523 1260 4577 Et
1287 4519 1406 4575 ideo
1425 4535 1544 4598 v95,
1575 4521 1766 4598 quibus
1789 4520 1926 4574 Deus
1946 4527 2000 4574 et
2029 4519 2095 4574 ti-

507 4589 712 4650 morem
762 4606 815 4652 et
865 4589 1301 4650 amorem'suum
1349 4589 1609 4661 conferre
1637 4591 1882 4661 dignatus
1911 4599 2011 4654 est,
2045 4599 2099 4645 et

507 4679 628 4722 cum
657 4668 842 4737 grandi
885 4665 1295 4736 compunctione
1333 4662 1397 4717 ad
1447 4660 1726 4737 ecclesiam
1768 4661 2094 4737 convenitis,

506 4751 602 4792 eos
631 4730 720 4807 qui
750 4737 932 4792 venire
951 4730 1053 4792 luic
1083 4751 1253 4806 usque
1275 4744 1366 4788 aut
1391 4733 1691 4807 noluerunt,
1715 4739 1805 4785 aut
1829 4730 1968 4786 forte
1992 4747 2096 4786 non

507 4805 824 4878 potuerunt,
853 4805 1278 4878 frequentissime
1302 4805 1584 4878 castigate,
1623 4812 1902 4858 monentes
1920 4817 2019 4878 eos
2045 4812 2100 4878 et

508 4873 718 4934 salubre
739 4873 1019 4955 consilium
1056 4879 1264 4942 dantes,
1299 4873 1522 4955 utuillud
1551 4873 1768 4955 timeant
1795 4873 1936 4955 quod
1963 4875 2097 4955 scri-

509 4958 656 5020 ptum
682 4959 783 5020 est,
809 4948 1174 5018 Impedimenta
1205 4947 1381 5002 mundi
1407 4947 1559 5020 hujus
1587 4945 1813 5014 fecerunt
1832 4961 1914 4998 eos
1947 4945 2096 5020 nrise:

506 5016 611 5076 ros.
650 5019 764 5075 Non
809 5016 948 5075 enim
987 5021 1213 5075 dicimus
1258 5030 1442 5072 utnon
1473 5016 1704 5070 debeant
1729 5031 1848 5071 esse
1887 5016 2100 5071 solliciti

507 5091 575 5146 de
601 5093 739 5146 virtu
765 5101 816 5145 et
846 5092 1038 5144 vestitu
1063 5106 1182 5156 suo,
1207 5089 1304 5145 sed
1331 5088 1432 5143 hoc
1458 5102 1728 5154 rogamus,
1757 5096 1814 5141 ut
1835 5088 1988 5141 unius
2008 5095 2101 5140 aut

507 5163 730 5217 duarum
760 5162 1016 5216 horarum
1042 5163 1233 5230 spatio,
1268 5160 1394 5214 dum
1429 5159 1684 5214 Iceliones
1713 5159 1976 5230 leguntur,
2017 5158 2099 5212 vel

507 5235 682 5288 divina
731 5232 982 5305 mysteria
1022 5229 1376 5305 celebrantur,
1421 5230 1487 5284 de
1528 5231 1750 5305 ecclesia
1795 5245 1899 5284 non
1927 5229 2100 5282 disce-

508 5305 668 5370 dant;
693 5313 748 5359 et
771 5302 854 5358 vel
881 5311 1085 5358 tantum
1115 5302 1358 5356 laborent
1385 5315 1482 5372 pro
1508 5303 1686 5356 anima
1706 5317 1822 5366 sua,
1845 5312 2099 5369 quantum

509 5392 604 5446 pro
625 5391 785 5430 carne
811 5389 908 5430 sua
934 5374 1176 5429 laborare
1203 5373 1549 5446 contendunt.
1581 5372 1648 5426 Et
1672 5373 1912 5446 quamvis
1935 5373 2100 5446 multo

509 5443 740 5516 amplius
767 5447 958 5500 anima:
985 5461 1142 5515 quam
1162 5445 1328 5516 icarni
1368 5444 1612 5516 debeant
1635 5443 1914 5516 providere
1937 5459 1949 5506 ;
1978 5443 2100 5511 quia

513 5514 704 5571 melior
729 5525 812 5572 est
841 5517 926 5570 illa
967 5514 1084 5586 quin
1111 5515 1178 5570 ad
1209 5515 1490 5585 imaginem
1527 5515 1618 5569 Dei
1645 5514 1779 5570 facta
1805 5523 1909 5578 est,
1941 5527 2100 5586 quam

511 5587 596 5641 illa
634 5603 753 5658 qua:
775 5587 862 5658 de
901 5583 1026 5642 limo
1057 5597 1211 5642 terra:
1251 5583 1472 5640 formata
1505 5595 1588 5640 est
1620 5601 1632 5636 :
1664 5602 1781 5658 nos
1831 5597 2004 5658 tamen
2033 5583 2101 5638 ad

510 5655 748 5728 praesens
769 5657 872 5713 hoc
895 5659 1200 5726 suademus,
1227 5667 1284 5713 ut
1302 5659 1380 5713 eis
1399 5659 1485 5712 vel
1505 5657 1780 5728 aequaliter
1799 5655 1940 5727 quod
1967 5669 2102 5725 opus

575 5812 597 5878 ξ
613 5816 696 5860 Ms.
715 5819 772 5878 ι⁸2
798 5812 1002 5878 angulis.

576 5873 599 5906 ³
619 5879 701 5924 Its.
727 5873 880 5936 idem;
899 5875 972 5927 vel
989 5874 1232 5926 sae-raris.

1954 368 2315 428 APPENDIX.

3646 369 3794 432 2280

2196 481 2394 536 habent
2435 481 3108 560 providereucontendant;
3135 483 3286 560 carni
3311 495 3614 560 prtepareut
3643 489 3812 560 quod.

2195 567 2366 632 parvo
2383 551 2624 624 tempore
2649 551 2876 632 sufficiat
2906 555 2955 609 in
2981 555 3082 612 hoc
3108 551 3330 627 mundo,
3355 565 3409 614 et
3427 551 3618 616 anima:
3643 551 3791 632 quod

2197 627 2312 679 sine
2338 623 2442 694 line
2463 623 2596 694 opus
2623 633 2707 679 est
2733 625 2783 678 in
2811 635 3088 682 :eternum.

2265 695 2329 774 4L
2361 693 2428 774 E_t
2452 697 2638 774 auditis
2655 697 2708 749 in
2734 697 3062 774 concionibus
3079 699 3412 770 informandi.
3445 699 3569 774 ῌωε
3593 701 3789 774 obliga-

2198 765 2266 839 tio
2291 765 2570 839 scripturis
2599 767 2894 839 ostenditur.
2922 769 2988 822 Et
3015 765 3290 839 ideo'rogo
3309 787 3422 834 vos,
3447 771 3638 828 fratres
3657 765 3790 830 cita-

2194 837 2413 902 rissimi,
2447 846 2504 890 ut
2531 837 2671 906 quod
2701 837 2752 891 in
2791 838 2906 891 istis
2933 837 3418 907 praedicationibus,
3449 842 3676 898 Domino
3703 845 3790 898 in-

2195 907 2454 981 Spirante,
2485 907 3006 981 libenteraccipitis,
3055 911 3376 978 ubicumque
3430 913 3674 981 fueritis,
3704 915 3790 969 vi-

2193 978 2334 1052 cinis
2379 979 2460 1032 vel
2509 980 2766 1052 proximis
2813 981 3037 1047 vestris,
3083 983 3178 1052 qui
3207 983 3480 1038 vobiscum
3507 985 3574 1039 ad
3605 978 3789 1040 eccle-

2194 1047 2326 1124 siam
2353 1047 2640 1124 convenire
2669 1059 2758 1104 aut
2783 1065 2888 1124 non
2921 1047 3301 1124 possunt,'aut,
3333 1055 3474 1124 quod
3503 1055 3652 1124 pejus
3679 1067 3788 1118 est.

2197 1117 2330 1174 forte
2357 1135 2456 1176 nec
2485 1121 2688 1186 volunt,
2711 1131 2766 1176 et
2795 1121 2896 1174 illis
2921 1117 3014 1191 qui
3047 1124 3319 1178 venientes
3347 1117 3454 1178 cito
3478 1117 3786 1188 discedunt,

2195 1199 2363 1263 totum
2395 1193 2534 1262 quod
2556 1193 2777 1246 audistis
2805 1207 2924 1246 cum
2949 1194 3136 1263 grandi
3159 1195 3334 1250 studio
3361 1194 3618 1252 referatis.
3649 1197 3789 1253 Nam

2195 1261 2331 1316 sicut
2355 1261 2454 1332 ego
2477 1277 2602 1316 reus
2619 1277 2715 1318 ero
2735 1263 2780 1318 si
2806 1261 2971 1318 vobis
2987 1265 3088 1320 ista
3111 1281 3216 1320 non
3245 1266 3430 1320 dixero
3451 1284 3466 1330 ;
3491 1267 3560 1320 ita
3586 1277 3642 1323 et
3667 1285 3788 1332 vos,

2194 1332 2239 1386 si
2270 1332 2321 1388 id
2349 1333 2493 1402 quod
2521 1333 2744 1388 audistis
2785 1349 2889 1387 non
2931 1335 2998 1388 ita
3047 1337 3358 1392 memoriter
3387 1339 3682 1398 tenueritis.
3735 1351 3790 1396 ut

2195 1403 2354 1474 etiam
2384 1405 2502 1458 aliis
2541 1405 2808 1460 insinuare
2838 1406 3078 1474 possitis,
3115 1408 3300 1462 timere
3326 1407 3530 1462 debetis
3550 1452 3564 1470 .
3599 1426 3667 1464 ne
3694 1427 3792 1464 vo—

2194 1473 2276 1528 bis
2303 1489 2522 1530 necesse
2545 1476 2616 1529 sit
2639 1490 2732 1545 pro
2759 1473 2864 1530 illis
2893 1475 3112 1532 reddere
3134 1479 3414 1534 rationem.
3443 1478 3511 1533 Et
3537 1479 3657 1534 ideo
3683 1482 3787 1534 Do-

2196 1547 2344 1617 mino
2371 1545 2522 1600 vobis
2543 1616 2546 1617 ν
2567 1546 2858 1614 inSpirante
2886 1547 3109 1617 implere
3133 1548 3436 1616 contendite
3489 1551 3616 1604 illud
3643 1552 3790 1616 quod

2193 1615 2480 1692 Apostolus
2505 1616 2597 1680 ait,
2623 1617 2702 1692 ‘Si
2727 1615 3106 1692 prwoccupatus
3147 1621 3296 1692 fuerit
3330 1615 3479 1692 homo
3517 1621 3568 1673 in
3607 1621 3790 1692 aliqua

2195 1685 2398 1760 delicto,
2423 1704 2508 1760 vos
2547 1687 2635 1760 qui
2654 1685 2944 1760 spirituales
2960 1685 3101 1752 estis,
3133 1685 3424 1758 hujusmodi
3465 1685 3709 1746 instruite'
3737 1697 3791 1750 in

2193 1758 2374 1830 spiritu
2399 1757 2619 1830 lenitatis
2643 1757 2835 1828 (Galat.
2863 1775 2936 1830 vl,
2967 1761 3022 1829 1)
3047 1777 3060 1812 :
3084 1769 3140 1815 et
3163 1757 3292 1814 illud
3321 1761 3456 1830 quod
3481 1778 3586 1816 non
3609 1765 3788 1819 solum

2194 1827 2422 1904 clericis,
2471 1829 2564 1904 sed
2603 1827 2772 1904 etiarn
2807 1829 2955 1904 laici‘s
2999 1827 3055 1904 et
3093 1830 3300 1904 feminis
3331 1827 3468 1886 idem
3513 1835 3793 1904 apostolus

2195 1900 2466 1974 p_r_:_ndi_cat,
2499 1899 2708 1974 dicens,
2733 1899 2982 1974 Corripite
3009 1902 3278 1974 inquietos,
3309 1899 3640 1958 consolaniini
3689 1924 3792 1974 pu-

2194 1969 2492 2043 sillanimes,
2523 1971 2758 2040 suscipite
2775 1971 3006 2040 inﬁrmos
3037 1969 3083 2042 (l
3105 1971 3284 2028 Thess.
3325 1989 3380 2038 v,
3413 1975 3523 2043 Η).
3560 1975 3612 2028 Si
3639 1969 3791 2030 enim

2195 2038 2248 2094 in
2277 2055 2611 2110 quocumque
2641 2038 2859 2110 peccato
2888 2057 2982 2096 vos
3007 2038 3230 2098 invicem
3261 2059 3382 2098 cum
3409 2038 3674 2101 charitate
3701 2062 3794 2102 ca-

2195 2110 2391 2180 stigare
2405 2113 2807 2184 volueritis,aut
2826 2112 3040 2168 difficile
3058 2123 3148 2168 aut
3175 2131 3442 2184 nunquam
3473 2117 3623 2170 vobis
3643 2116 3754 2172 sub
3767 2148 3788 2157 -

2195 2197 2384 2254 repere
2417 2183 2608 2254 poterit
2647 2183 2921 2254 inimicus;
2951 2193 3044 2238 aut
3083 2186 3125 2239 si
3155 2183 3498 2254 subrepserit.
3541 2189 3648 2241 cito
3671 2204 3792 2242 ma-

2195 2250 2304 2326 lum
2325 2250 2478 2326 quod
2490 2251 2686 2326 factum
2708 2253 2868 2326 fuerit
2891 2255 3260 2326 emendabitur
3281 2250 3439 2326 atque
3464 2259 3790 2326 corrigetur:

2194 2331 2250 2377 et
2269 2323 2572 2392 implebitur
2597 2323 2723 2378 illud
2751 2325 2802 2379 in
2829 2325 2978 2380 vobis
3006 2325 3144 2395 quod
3173 2323 3428 2395 scriptum
3457 2337 3561 2395 est,
3601 2323 3794 2384 Frater

2197 2397 2403 2467 fratrem
2427 2395 2675 2464 adjuvans
2694 2395 2996 2467 exaltabitur
3022 2395 3202 2466 (Prov.
3227 2413 3373 2461 xvtn,
3405 2397 3493 2467 19)
3515 2415 3530 2462 ;
3559 2407 3614 2453 et
3633 2399 3788 2466 illud,

2199 2462 2299 2538 Qui
2323 2462 2538 2538 converti
2559 2466 2729 2537 fecerit
2751 2462 3060 2538 peccatorent
3079 2467 3141 2520 ab
3167 2484 3335 2520 errore
3355 2469 3448 2522 via:
3465 2462 3593 2536 sum,
3623 2462 3796 2524 salua;

2197 2535 2268 2588 bit
2295 2537 2517 2611 animam
2545 2535 2652 2611 ejus
2672 2535 2910 2611 unione,
2939 2547 2985 2590 et
3005 2535 3585 2611 operietgmultitudinem
3611 2559 3797 2611 pecca-

2197 2613 2362 2678 tgrum
2390 2606 2591 2678 (Jacobi
2619 2623 2670 2670 ν,
2712 2607 2829 2678 90).
2861 2607 3154 2663 Prtestante
3193 2609 3415 2664 Domino
3443 2606 3628 2666 nostro
3661 2611 3794 2666 Jesu

2196 2674 2431 2752 Claristo,
2460 2677 2552 2752 cui
2574 2688 2654 2732 est
2687 2674 2856 2752 honor
2875 2688 2928 2734 et
2953 2679 3232 2752 imperium
3257 2697 3377 2734 cum
3405 2681 3562 2737 Patre
3589 2691 3641 2737 et
3665 2681 3796 2752 Spi-

2199 2747 2304 2802 ritu
2329 2757 2512 2804 sancto
2541 2749 2594 2802 in
2619 2751 2814 2805 szecula
2843 2747 3181 2805 saeculorum.
3213 2752 3400 2806 Amen.

2611 2861 2842 2917 SERMO
2879 2861 3230 2918 CCLxxxm
3270 2861 3368 2934 (a).

2198 2947 2462 2998 Admonitio
2487 2951 2719 3000 orandum
2745 2963 2858 3001 esse
2881 2957 3088 3013 attente,
3116 2959 3168 3002 et
3188 2953 3252 3001 de
3276 2955 3586 3004 sermonibus
3603 2956 3796 3006 otiosis.

2273 3033 2334 3108 1._
2369 3031 2616 3108 Hortatur
2645 3043 2704 3108 ut
2718 3036 2963 3108 maturius
2987 3035 3272 3108 advigilias
3293 3038 3540 3102 veniatur,
3563 3054 3656 3092 nec
3689 3049 3800 3094 tum

2199 3103 2474 3176 garriatur.
2509 3104 2657 3176 Licet
2693 3107 2744 3159 in
2783 3106 2963 3160 multis
2993 3103 3186 3172 rebus,
3216 3107 3408 3164 fratres
3451 3109 3794 3176 cbarissimi,

2201 3189 2298 3227 nos
2329 3175 2437 3246 Deo
2463 3175 2782 3246 propitiante
2811 3179 3142 3232 conversatio
3167 3189 3342 3232 vestra
3364 3179 3614 3246 laetiiicet,
3645 3191 3704 3236 et
3729 3175 3800 3236 de

2201 3245 2766 3319 vestris__proiectibus
2817 3246 3147 3316 frequentius
3201 3248 3554 3319 gaudeamus;
3599 3245 3798 3308 tamen

2201 3324 2326 3370 sunt
2354 3315 2526 3387 aliqua
2561 3315 2628 3372 de
2667 3318 2858 3387 quibus
2886 3315 3060 3372 vestra
3097 3315 3340 3374 Charitas
3369 3320 3562 3376 debeat
3601 3321 3799 3376 admo-

2201 3387 2316 3440 neri
2345 3403 2358 3437 :
2388 3385 2758 3460 etideoiro'go
2803 3397 2860 3442 ut
2897 3391 3286 3460 suggestionem
3331 3401 3600 3456 nostram,
3655 3393 3802 3448 sicut

2201 3455 2574 3529 consuevistis,
2604 3455 2832 3514 libenter
2859 3455 3152 3529 accipiatis.
3180 3461 3419 3528 Gaudeo,
3448 3455 3642 3518 fratres
3663 3463 3802 3520 dile-

2201 3527 2445 3601 ctissimi,
2461 3537 2522 3601 et
2547 3530 2656 3584 Deo
2673 3532 2868 3601 gratias
2893 3527 3013 3601 ago.
3044 3532 3166 3600 quia
3193 3547 3291 3586 vos
3313 3531 3378 3586 ad
3407 3527 3704 3588 audiendas
3721 3535 3802 3590 le-

2201 3599 2406 3653 ctiones
2445 3599 2651 3656 divinas
2683 3599 2839 3656 video
2868 3599 3238 3658 ad'ecciesiam
3271 3602 3495 3658 fideliter
3527 3619 3797 3662 curreret:

2201 3669 2294 3743 sed
2317 3671 2361 3723 si
2385 3679 2442 3743 et
2461 3669 2752 3743 profectum
2776 3681 3012 3727 vestrum
3037 3682 3090 3727 et
3111 3673 3358 3743 gaudium
3383 3683 3622 3729 nostrum
3648 3691 3804 3732 com-

2241 3741 2352 3811 lere
2381 3739 2446 3794 ad
2465 3739 2736 3811 integrum
2763 3743 2943 3808 vultis,
2971 3739 3230 3800 maturius
3253 3745 3541 3800 convenire
3559 3745 3799 3804 debetis.

2251 3827 2333 3886 :an
2365 3811 2421 3864 in
2450 3820 2556 3865 tam
2597 3813 2826 3886 prolixis
2865 3815 3138 3879 noctibus,
3170 3831 3326 3886 quem
3367 3831 3472 3869 non
3513 3816 3803 3874 infirmitas

2202 3881 2438 3946 detinet,
2471 3899 2577 3936 non
2603 3881 2722 3939 'siue
2751 3891 2900 3940 reatu
2925 3887 3116 3940 animae
3143 3881 3254 3940 suae
3284 3887 3480 3941 tardius
3518 3887 3584 3942 ad
3616 3889 3802 3944 eccle-

2203 3954 2338 4025 siam
2364 3954 2525 4006 venit.
2561 3953 2707 4025 Rogo
2745 3971 2839 4010 vos
2859 3997 2875 4022 ,
2909 3955 3133 4023 fratres,
3161 3957 3208 4012 si
3237 3967 3447 4012 sutores
3465 3999 3481 4024 ,
3509 3957 3798 4025 aurifices,

2203 4021 2364 4084 fabri,
2397 4025 2478 4098 vel
2503 4021 2690 4095 reliqui
2711 4021 2942 4098 artifices
2962 4021 3221 4098 maturius
3243 4021 3480 4098 vigilant,
3511 4037 3568 4082 ut
3589 4021 3806 4098 possint

2203 4094 2770 4168 corporisneceSSaria
2791 4097 3103 4168 providere;
3136 4113 3234 4153 nos
3255 4094 3360 4154 non
3383 4094 3644 4154 debemus
3667 4111 3804 4156 ante

2205 4163 2374 4240 lucem
2401 4165 2466 4219 ad
2493 4167 2774 4222 ecclesiam
2786 4163 3039 4240 Surgere,
3067 4178 3126 4222 ut
3151 4179 3489 4238 peccatorum
3519 4171 3804 4240 indulgen-

2207 4235 2329 4311 _tiam
2362 4251 2663 4311 mereamur
2688 4235 2966 4311 accipere?
2990 4239 3048 4294 Si
3075 4235 3431 4309 negotiatores
3458 4235 3805 4311 vigilare—so-

2205 4305 2318 4360 lent
2345 4308 2616 4382 proluero
2643 4305 2880 4382 pecuniae
2894 4327 2914 4382 5
2945 4325 3042 4364 nos
3071 4305 3236 4379 quare
3264 4326 3366 4366 non
3393 4305 3670 4380 vigilemus
3699 4328 3812 4382 pro

2203 4391 2392 4450 amore
2404 4377 2535 4450 vitae
2561 4379 2866 4448 perpetuae?
2892 4377 3160 4440 lntesdum
3189 4381 3350 4450 aliqui
3377 4377 3551 4436 ventis
3573 4397 3634 4437 se
3659 4377 3808 4439 tém-

2203 4447 3014 4522 pestatibusquecommittam,
3041 4461 3114 4522 iet
3159 4447 3406 4522 navigant
3455 4452 3525 4506 ab
3575 4453 3810 4512 Oriente

2205 4533 2374 4587 usque
2392 4518 2459 4571 ad
2480 4518 2846 4593 Occidentem,
2866 4533 2920 4576 et
2938 4523 3005 4577 ab
3023 4518 3312 4578 Occidente
3331 4537 3498 4593 usque
3521 4523 3587 4578 ad
3608 4523 3808 4580 Orien-

2207 4597 2343 4654 tem,
2389 4590 2712 4661 sustinentes
2741 4592 2974 4661 pcricula
3007 4594 3194 4660 multa,
3223 4590 3486 4650 interdum
3518 4596 3676 4650 etiam
3727 4597 3806 4650 fa-

2204 4675 2344 4714 mem
2381 4673 2445 4713 ac
2471 4660 2612 4716 sitim
2639 4660 2970 4717 amarissime
2997 4664 3312 4730 tolerantes;
3341 4665 3437 4720 sed
3465 4665 3578 4720 haec
3617 4667 3806 4721 omnia

2205 4730 2281 4784 illi
2305 4731 2565 4800 patienter
2584 4733 2849 4806 salierunt
2865 4745 3080 4806 prepter
3099 4736 3444 4790 substantiam
3467 4737 3805 4806 perituram:

2204 4809 2260 4856 ct
2286 4816 2387 4858 nos
2415 4817 2580 4872 quare
2609 4805 2783 4875 pigeat
2806 4805 3023 4876 vigilare
3061 4816 3282 4877 propter
3309 4805 3762 4862 vitamteternatn
3783 4807 3810 4862 2

2267 4948 2340 5010 (a)
2363 4949 2566 5016 Homilia
2589 4957 2693 5000 erat
2715 4953 2906 5016 Ctesarii
2945 4953 3194 5016 trigesima
3234 4955 3378 5004 tertia
3417 4956 3465 5004 in
3503 4954 3810 5008 Bibliotheca

2205 5017 2412 5060 Patrum.
2435 5013 2544 5074 Ejus
2557 5015 2935 5080 nomennostris
2949 5013 3146 5080 quoque
3159 5017 3207 5064 in
3221 5017 3555 5080 manuscriptis
3577 5018 3809 5080 praefert.

2229 5079 2446 5122 Attamen
2471 5074 2836 5142 non__silendum
2860 5085 2936 5126 est
2957 5074 3091 5142 hunc
3107 5089 3384 5142 sermonem
3405 5074 3500 5129 283
3523 5074 3729 5142 insuper
3755 5091 3814 5133 et

2205 5145 2484 5184 sermonem
2507 5135 2599 5184 286
2615 5171 2628 5194 ,
2655 5149 2843 5186 necnon
2865 5139 3054 5187 Cmsarii
3079 5139 3318 5188 bomiliam
3340 5141 3403 5190 33
3425 5143 3474 5191 in
3507 5135 3813 5194 Bibliotbea

2207 5203 2413 5264 nstrum,
2430 5209 2541 5259 qua:
2565 5199 2747 5264 incipit,
2762 5215 2803 5264 _«
2825 5200 2868 5248 si
2890 5199 3154 5264 diligenter
3177 5203 3443 5263 attenditis,
3457 5220 3479 5248 ι
3499 5212 3616 5264 etc.,
3643 5206 3695 5254 in
3719 5218 3812 5256 co-

2205 5257 2315 5324 dice
2337 5257 2706 5324 Conmendien'si
2721 5257 2792 5324 ab
2815 5262 2954 5324 annis
2970 5257 3142 5312 s'altem
3153 5264 3246 5314 700
3259 5257 3476 5324 exarati),
3495 5275 3548 5316 et
3559 5257 3614 5315 in
3633 5267 3814 5318 codice

2207 5319 2428 5368 Ecclesiae
2450 5319 2760 5371 Carnutensis
2777 5323 2917 5372 nobis
2930 5325 3198 5376 occurrisse
3221 5339 3332 5376 cum
3353 5319 3550 5376 nomine
3569 5344 3594 5372 ι
3615 5331 3812 5380 Domini

2215 5396 2236 5425 ι
2259 5381 2431 5430 Elirem
2453 5399 2474 5426 ιι
2507 5383 2556 5430 in
2577 5383 2752 5432 fronte.
2778 5391 2875 5434 Nec
2913 5386 3006 5436 alia
3027 5393 3100 5436 ωι
3121 5387 3170 5436 in
3194 5389 3368 5438 iisdem
3389 5391 3576 5439 Ctesarii
3611 5403 3815 5441 sermo-

2207 5443 2350 5514 nibus
2388 5444 2708 5514 inseribcndis
2739 5445 3070 5514 diversitatum
3107 5451 3317 5514 occurrit
3353 5452 3490 5511 ratio,
3540 5452 3634 5500 nisi
3673 5455 3816 5514 quod

2207 5504 2523 5576 Optinlusnille
2546 5507 2751 5558 antistes
2783 5521 2896 5558 suas
2931 5511 3037 5576 ipse
3073 5513 3333 5576 conciones
3365 5504 3507 5563 modo
3537 5504 3774 5564 Faustino
3795 5553 3812 5576 ,

2207 5567 2350 5640 modo
2375 5566 2564 5640 ιςιιιχᾳιιιἲ
2607 5582 2735 5619 nunc
2756 5566 3032 5640 Augustino
3047 5571 3237 5640 aliisve
3255 5573 3442 5640 soleret
3479 5566 3813 5640 adscribere;

2209 5638 2350 5690 prout
2385 5629 2572 5679 scilicet
2607 5644 2776 5680 eorum
2807 5629 2932 5681 dicta
2955 5633 3036 5682 vel
3058 5648 3202 5685 sensa
3227 5638 3276 5686 in
3307 5635 3402 5687 illis
3431 5639 3790 5690 exnressisset.

2209 5697 2291 5763 ne
2323 5705 2455 5763 nutu.
2485 5693 2519 5763 1¹
2530 5693 2660 5763 _v_ide
2692 5695 3149 5763 sppendicissertn.
3181 5699 3366 5763 292.7711.
3397 5701 3450 5760 i;
3490 5693 3616 5763 2-65,
3653 5713 3700 5748 ιι.
3745 5701 3813 5763 3,

2210 5751 2320 5819 281,
2345 5767 2392 5801 ιι.
2425 5755 2482 5819 l;_
2503 5756 2609 5814 175,
2635 5751 2775 5819 11.3;
2795 5757 2901 5818 174,
2921 5759 3015 5806 11.5
3039 5759 3134 5807 :dc
3153 5751 3349 5819 num.5,
3371 5751 3518 5810 scrin.
3537 5751 3644 5812 MO.
3667 5775 3715 5809 n.
3747 5751 3810 5814 ίξ

2209 5813 2275 5864 de
2297 5827 2428 5863 num.
2453 5817 2484 5865 5
2501 5852 2516 5877 ,
2543 5813 2603 5866 et
2617 5817 2712 5866 vid.
2739 5813 2905 5868 confer
2933 5819 3290 5871 conclusionem
3328 5813 3565 5874 sermonis
