4088 6372
301 354 442 410 2285

297 471 498 528 debere
518 509 536 536 ,
561 467 630 524 de
661 480 764 537 qua
783 464 989 537 lt-[oyses
1018 457 1530 537 dicit,_E;cspectetur
1557 454 1684 537 s’cut
1719 450 1890 537 pluvia

297 523 554 612 eloquium
573 523 948 612 meu'm‘(De'at.
973 548 1139 612 XXXII,
1158 530 1236 600 9.).
1259 523 1476 608 Certum
1497 535 1576 612 est
1591 525 1754 612 enim,
1777 523 1890 576 fra-

295 597 410 668 tres
437 597 800 671 dilectissimi,
823 606 944 673 quia
975 603 1146 673 qualis
1182 597 1265 654 est
1293 597 1482 673 messis
1504 597 1604 650 ista
1635 605 1843 648 terrena
1871 634 1888 658 ,

295 685 507 754 quoties
526 679 756 754 pluviam
778 669 870 730 aut
898 669 1045 754 tarde
1077 680 1168 726 aut
1190 680 1308 754 post
1335 669 1529 754 limites
1557 681 1767 754 menses
1789 679 1882 754 ac-

295 736 502 827 Eénérit
519 736 546 815 ἱ
565 750 683 827 talis
703 745 1008 827 .estani'ra
1025 758 1168 827 ,(ιυτεὶ
1191 736 1429 827 term"?
1443 738 1546 827 99?.
1563 736 1890 827 ‘Iﬁﬂﬁ‘fmﬂ‘f

294 806 482 879 audire
510 806 760 876 noluerit.
786 817 854 870 Et
876 817 997 885 quia
1024 806 1106 868 lex
1131 812 1222 885 Dei
1252 826 1356 885 non
1380 809 1550 864 solum
1574 807 1770 885 pluvia,
1794 806 1888 861 sed

295 875 558 949 alumen
593 898 704 953 est,
739 875 1030 943 secundum
1065 883 1208 951 quod
1241 882 1496 953 scriptum
1519 875 1631 945 est,
1659 875 1890 953 Lucerna

297 948 510 1034 pedibus
527 961 650 1015 meis
674 948 882 1034 uerbum
901 967 1064 1034 tuum,
1085 948 1301 1007 Domine
1320 948 1493 1033 (.Psal.
1525 948 1884 1034 cXVIII,‘105);'

295 1019 386 1105 qui
412 1035 593 1105 lumen
614 1029 762 1085 verbi
792 1029 884 1083 Dei
905 1019 1221 1105 dedignatur
1245 1023 1524 1105 acciperet,
1545 1020 1815 1105 ti‘meat‘ne

297 1089 521 1160 decesse
553 1103 624 1157 sit
653 1109 881 1155 aeternas
907 1089 1152 1152 tenebras
1180 1089 1460 1148 sustinere.
1492 1089 1597 1146 Sed
1623 1089 1888 1144 credimus

294 1182 365 1230 de
390 1176 483 1230 Dei
501 1169 884 1233 misericordia,
916 1166 1056 1241 quod
1086 1181 1179 1236 per
1208 1173 1442 1219 sanctam
1470 1161 1886 1241 admonitionem

294 1229 358 1299 et
383 1229 492 1300 Deo
531 1243 776 1313 placitam
799 1229 1197 1308 castigationem
1233 1241 1495 1313 vestram,
1529 1235 1688 1313 etiam
1718 1229 1888 1313 neglif

297 1327 486 1384 gentes
514 1300 581 1368 ad
610 1312 873 1384 fervorem
901 1300 1033 1384 sunt
1049 1317 1240 1384 vestra:
1261 1305 1379 1384 fidei
1399 1300 1726 1384 suscitandi';
1759 1309 1816 1384 με.
1835 1309 1888 1355 et

295 1371 366 1440 ile
403 1395 579 1440 vestra
616 1393 670 1438 et
706 1380 1130 1452 illorumgsalute
1165 1375 1360 1444 duplex
1396 1373 1655 1452 gaudium
1691 1371 1887 1452 habere

299 1457 568 1525 possimus
587 1475 601 1509 :
630 1460 918 1525 praestante
937 1449 1162 1525 Domino
1185 1443 1365 1525 nostro
1389 1446 1517 1499 Jesu
1536 1443 1766 1525 Christo,
1794 1443 1884 1511 qui

297 1517 419 1581 rum
446 1527 556 1580 Deo
582 1517 736 1580 Patre
757 1533 811 1576 et
829 1521 1027 1590 Spiritu
1048 1527 1233 1575 sancto
1258 1517 1387 1571 vivit
1411 1525 1466 1570 et
1488 1523 1674 1584 regnat
1699 1517 1750 1568 in
1781 1528 1884 1567 sa:-

296 1599 418 1653 eula
439 1597 772 1653 saeculorum.
799 1594 988 1648 Amen.

686 1683 912 1741 SERMO
955 1680 1303 1739 chXXXVI
1355 1679 1460 1749 (a).

297 1789 354 1831 L‘t
385 1791 546 1844 genua
580 1778 834 1828 flectantur
858 1788 907 1824 In
935 1775 1184 1883 oralioilie,
1230 1779 1280 1821 ct
1315 1771 1380 1820 de
1413 1769 1578 1821 verbis
1615 1769 1782 1820 otiosis
1813 1767 1884 1818 vi-

997 1845 1100 1883 tant
1119 1849 1174 1883 IS.

997 1845 1174 1885 ιιιηαιδ.

369 1926 425 1980 1.
465 1923 544 1978 Ad
583 1938 752 1994 preces
798 1936 960 1994 genua
989 1920 1422 1994 ﬂectan_tur,__aut
1445 1931 1550 1985 pra:
1591 1913 1885 1994 inﬁrmitate

298 1999 509 2051 dorsum
535 1984 593 2048 et.
611 2002 760 2063 caput
799 1984 1120 2063 inclinentur.
1158 1986 1224 2040 Id
1268 1984 1582 2063 Publicamts
1620 1984 1884 2063 observans

296 2068 541 2129 auditur;
573 2065 625 2118 id
657 2055 910 2134 negligens
955 2057 1591 2134 Pliariswus_¢lespicitur._
1637 2055 1786 2123 Rogo
1833 2061 1886 2108 et

297 2126 561 2191 admoneo
589 2149 686 2188 vos
709 2126 738 2198 ,⁷
770 2126 960 2185 fratres
989 2127 1287 2184 charissimi
1312 2170 1327 2194 ,
1359 2137 1418 2180 ut
1445 2126 1884 2198 quotiescmnque

296 2209 445 2277 juxta
476 2195 935 2277 altarea'elericis
974 2209 1176 2277 oratur,
1207 2207 1299 2277 aut
1322 2195 1493 2277 oratio
1519 2197 1744 2277 diacono
1772 2195 1884 2249 cla-

299 2267 480 2332 inante
503 2276 772 2338 indicitur,
805 2288 908 2326 non
937 2272 1108 2326 solum
1137 2268 1318 2331 corda,
1352 2268 1443 2321 sed
1471 2267 1628 2338 etiam
1660 2281 1884 2334 corpora

302 2349 526 2402 fideliter
556 2337 839 2400 inclinetis.
873 2342 1003 2396 Nam
1022 2342 1144 2394 dum
1163 2339 1489 2408 frequenter,
1507 2337 1882 2408 sicutoportet,

297 2429 354 2473 et
380 2419 660 2489 diligenter
673 2423 910 2478 attendo,
932 2412 1156 2489 diacono
1176 2407 1462 2489 clamante,
1488 2407 1786 2489 Flectamus
1803 2422 1886 2476 ge-

302 2505 440 2552 nua;
474 2479 764 2542 niaximum
798 2493 1000 2554 partem
1018 2483 1170 2554 velut
1194 2479 1476 2554 columnas
1506 2487 1712 2554 erectas
1743 2487 1886 2532 stare

297 2548 572 2629 conspicio
609 2575 623 2612 :
654 2548 811 2629 quod
835 2549 1305 2629 Christianisdum
1336 2550 1386 2603 in
1426 2548 1652 2629 ecclesia
1674 2557 1883 2629 oratur,

297 2620 521 2685 omnino
549 2642 647 2682 nec
674 2620 818 2692 licet,
851 2639 951 2680 nec
978 2623 1212 2692 expedit,
1237 2620 1505 2692 nongenim
1535 2627 1882 2692 propternos,

299 2701 394 2756 sed
425 2708 640 2770 propter
667 2688 1293 2770 vosudiacoults'clamat.
1321 2691 1387 2770 E_t
1414 2688 1542 2770 ideo
1557 2691 1678 2770 quia
1703 2688 1886 2770 advos

300 2759 606 2840 speciali-ter
631 2782 731 2821 vox
769 2766 889 2831 illa,
921 2765 1003 2819 vel
1029 2763 1262 2840 maxime
1287 2760 1364 2840 ad
1395 2761 1722 2840 negligentes
1749 2759 1882 2840 diii-

297 2829 462 2912 gitur,
490 2840 687 2912 justum
717 2846 800 2912 est
827 2829 886 2912 ut
922 2834 1145 2912 a__vobis
1181 2832 1407 2912 fideliter
1458 2829 1756 2912 impleatur.
1788 2829 1888 2912 _Sit

301 2900 562 2981 Ergo—vox
589 2909 679 2981 illa
706 2905 1077 2981 obedientibus
1104 2904 1157 2957 in
1188 2901 1515 2981 remedium;
1547 2901 1668 2981 quia
1696 2900 1885 2981 inobe-

300 2971 577 3037 dIEntibus
599 2979 699 3034 crit
721 2978 772 3032 in
800 2975 1179 3039 testimonium,
1206 2981 1424 3042 propter
1446 2972 1569 3042 illud
1591 2971 1732 3040 quod
1755 2971 1888 3025 scri-

304 3061 454 3122 ptutu
503 3060 601 3112 cst,
645 3046 948 3122 Maledictus
981 3046 1072 3122 qui
1103 3045 1235 3122 facit
1262 3041 1402 3122 opus
1425 3041 1542 3122 _Dei
1586 3042 1889 3122 negligenter

303 3111 520 3190 (Jereni.
551 3111 733 3184 XLvIII,
754 3119 868 3190 10).
891 3111 1068 3190 Sedet
1085 3111 1213 3169 Illud
1239 3111 1530 3190 timendum
1549 3111 1662 3177 est,
1675 3111 1884 3190 fratres,

304 3182 447 3261 quod
491 3182 777 3261 Apostolus
809 3182 972 3261 diXit,
1021 3195 1084 3261 et
1113 3183 1434 3261 οιιιηῆιῃορὶδ
1473 3182 1884 3261 observandum,

308 3252 505 3317 instate
528 3252 740 3315 orationi
772 3259 1031 3329 vigilantes
1067 3257 1118 3309 in
1156 3271 1216 3329 ea
1246 3252 1460 3329 (Coloss.
1487 3268 1559 3317 Iv,
1587 3252 1676 3329 2);
1706 3255 1890 3329 erile:

311 3350 451 3396 rum,
478 3323 1145 3391 Sineintermiisimieorate,
1167 3323 1467 3396 ineuntibus
1491 3326 1679 3394 gratias
1694 3324 1824 3394 agite
1845 3323 1888 3393 (l

308 3395 489 3457 Thess.
510 3417 562 3462 v,
593 3403 674 3462 l7,
695 3401 806 3469 18).
825 3398 1179 3469 EtDominus,
1197 3395 1430 3467 Vigilale,
1456 3395 1640 3469 inquit,
1660 3405 1706 3469 et
1728 3404 1884 3460 orate,

311 3490 373 3528 ne
400 3473 594 3526 intretis
624 3473 673 3525 in
697 3464 1418 3537 ιεηὶιιιιὶοηεηι(ΜαιιΙι.ἰικγι2
1447 3465 1569 3535 41);
1595 3473 1648 3518 et
1673 3464 1887 3537 iterum,

311 3545 525 3610 Oportet
553 3557 746 3608 semper
771 3549 985 3610 orareiet
1006 3534 1108 3610 non
1127 3538 1338 3606 deﬁcere
1366 3534 1687 3608 (Luc.xvttt,
1717 3534 1892 3610 l).-l£t

312 3603 433 3669 ideo
458 3613 562 3683 qui
591 3603 685 3683 pro
721 3611 893 3680 aliqua
921 3603 1227 3683 infirmitate
1258 3603 1572 3683 non'potest
1593 3603 1764 3683 genua
1791 3603 1890 3683 fle-

309 3694 458 3740 ctere
479 3675 567 3738 'ch
591 3675 1078 3744 dorsum'eurvare,
1101 3678 1183 3732 vel
1208 3685 1366 3746 caput
1395 3691 1499 3729 non
1526 3675 1699 3746 pigeat
1738 3675 1890 3728 incli-

313 3768 474 3818 nare;
510 3751 856 3808 considerans
883 3763 976 3818 per
1004 3749 1141 3802 hanc
1167 3745 1514 3802 humilitatem
1547 3745 1890 3818 Publicanum

315 3814 471 3879 Illum'
496 3823 585 3878 Dei
614 3814 1031 3876 miscricordiam
1057 3827 1420 3881 consecutum,
1472 3814 1562 3886 qui
1601 3815 1666 3869 ad
1699 3816 1892 3871 ccelum

311 3896 501 3950 oculos
547 3895 724 3948 levare
765 3907 867 3944 non
912 3890 1176 3954 audebat,
1209 3887 1301 3942 sed
1333 3886 1587 3940 inclinato
1614 3886 1665 3939 in
1695 3895 1892 3942 terram

313 3965 490 4034 capite
517 3974 698 4033 pectus
722 3961 1079 4034 tnndebat,_ct
1108 3967 1320 4034 peccata
1348 3959 1489 4034 intus
1511 3956 1714 4034 inclusa
1741 3956 1892 4034 quasi

313 4027 472 4105 judcs
499 4027 866 4105 severissimus
902 4029 1223 4105 verberabat
1251 4036 1348 4105 :__et
1376 4027 1495 4105 idee
1523 4027 1718 4105 meruit
1747 4037 1808 4105 ut
1829 4027 1896 4081 de

316 4095 384 4161 eo
410 4103 664 4160 Dominus
688 4103 866 4156 dicere
893 4100 1217 4170 dignaretur,
1247 4097 1514 4151 Descendit
1543 4096 1624 4148 liic
1641 4095 1898 4170 (Publica-

317 4192 414 4229 nus
433 4175 741 4244 justiﬁcatns
775 4165 1060 4244 inidoniuni
1095 4186 1240 4244 suam
1268 4169 1428 4244 magis
1451 4183 1602 4244 quam
1634 4166 1721 4220 ille
1750 4165 1896 4244 Pliaj

320 4237 497 4300 νὶειῑῦιε
521 4261 538 4298 ;
564 4237 679 4312 quia
709 4243 870 4295 omnis
899 4242 982 4311 qui
1007 4237 1711 4312 se_exultat,liuiniliabitur;
1739 4241 1898 4312 etqui

237 4336 240 4337 ν
320 4332 372 4369 se
403 4308 656 4375 lnnniliat,
688 4308 992 4367 exaltabiiur
1032 4309 1214 4379 (lbid.,
1252 4309 1362 4380 14).
1393 4308 1708 4380 Exemplum
1737 4308 1898 4380 etiam

323 4387 491 4455 ipsius
540 4377 1278 4455 Phariszei_considerandum
1322 4377 1413 4455 est
1455 4387 1511 4433 et
1564 4377 1900 4455 timendum;

323 4448 390 4510 ne
437 4471 536 4524 pro
575 4468 640 4509 eo
683 4453 824 4523 quod
869 4462 1016 4508 stans
1058 4451 1322 4516 oraverit,
1363 4449 1484 4504 ideo
1512 4464 1617 4505 non
1647 4448 1903 4504 meruerit

321 4525 580 4580 exaudiri.

390 4596 448 4650 2.
491 4595 591 4661 Qui
615 4602 762 4664 negat
792 4593 843 4646 in
867 4608 921 4664 se
947 4603 1336 4664 peccatmuesse
1360 4606 1529 4664 grave.
1561 4590 1639 4664 Si"
1662 4593 1714 4644 in
1751 4590 1902 4644 vesti-

322 4667 416 4721 bus
444 4660 756 4727 maculafin
797 4660 968 4716 anima
993 4664 1159 4732 potius
1186 4660 1438 4716 timeatur.
1479 4661 1584 4716 Sed
1616 4660 1753 4716 forte
1779 4669 1906 4732 sunt

323 4737 508 4807 aliqui,
532 4737 622 4805 qui
644 4735 764 4790 ideo
784 4749 952 4807 genua
977 4731 1423 4807 nolunttleetere,
1451 4732 1587 4807 quia_
1599 4746 1659 4786 se
1682 4731 1907 4786 credunt

324 4803 1126 4877 peccata—gravianouAhabere.
1156 4806 1374 4877 Avertat
1413 4803 1514 4856 hoc
1559 4803 1698 4877 Deus
1726 4817 1756 4854 a
1782 4817 1906 4856 seu-

324 4872 473 4932 sihus
496 4872 817 4931 Christianis.
848 4873 938 4928 llle
978 4873 1326 4942 periculosius
1355 4880 1556 4942 peccat,
1589 4872 1678 4942 qui
1700 4886 1759 4926 se
1782 4887 1905 4942 gra-

324 4949 462 5002 viter
487 4961 708 5017 peccare
747 4961 852 4999 non
892 4941 1041 5017 putat
1071 4962 1085 4998 :
1113 4953 1166 5017 et
1195 4952 1320 4997 tunc
1357 4941 1588 5017 maxime
1613 4941 1909 5017 impugnat

327 5012 526 5072 tionem
554 5017 800 5080 sustinet,
825 5012 1037 5084 quando
1057 5027 1116 5069 se
1144 5013 1439 5084 impugnari
1470 5027 1575 5067 non
1597 5013 1779 5067 sentit.
1801 5012 1908 5068 Sed

323 5089 453 5142 dicit
469 5089 692 5157 aliquis;
713 5086 842 5153 Quis
861 5086 1049 5157 estqui
1071 5099 1130 5140 se
1151 5096 1482 5154 peccatorem
1511 5097 1764 5157 essenon
1793 5098 1911 5138 cre-

325 5160 449 5213 dat?
479 5154 606 5212 Sine
652 5155 817 5211 dubio
859 5156 944 5210 ille
970 5171 1030 5211 se
1072 5163 1341 5224 peceatum
1381 5169 1542 5224 grave
1566 5154 1765 5210 habere
1802 5168 1910 5208 non

326 5229 518 5294 credit,
550 5229 640 5299 qui
671 5236 967 5298 prostratus
993 5236 1083 5280 aut
1111 5226 1416 5281 incurvatus
1443 5226 1635 5281 animae
1677 5241 1788 5281 sua:
1824 5239 1914 5280 re-

387 5373 462 5436 (a)
485 5371 775 5436 cassat-ianos
796 5370 924 5420 inter
945 5380 1198 5436 sermones
1222 5375 1384 5436 exstat
1413 5369 1464 5418 in
1484 5370 1839 5436 uiantiscriptis,
1864 5378 1916 5422 et

330 5430 408 5485 est
505 5433 794 5504 Bibliotheca
817 5438 1008 5504 Patrum
1035 5430 1231 5504 homilia
1264 5431 1701 5504 tpsius_trige_sinla
1723 5430 1911 5504 quarta.

350 5497 544 5546 Duobus
568 5496 617 5543 iu
640 5493 976 5546 manuscriptis
997 5492 1146 5541 habet
1162 5492 1340 5541 nomen
1369 5510 1393 5538 ι
1413 5492 1597 5542 Domini
1615 5492 1790 5542 Eﬂ‘reiu
1812 5512 1834 5539 ν
1867 5498 1916 5544 in

331 5551 490 5608 fronte
507 5570 530 5620 ;_
544 5569 642 5620 qua
662 5556 727 5604 de
747 5568 806 5620 re
827 5551 904 5620 adi
919 5566 1067 5616 supra
1386 5556 1624 5620 sermonis
1643 5554 1754 5620 283.
1795 5564 1917 5620 Prte-

329 5627 470 5670 terea
503 5615 579 5668 de'
601 5617 784 5678 num.l
811 5615 935 5678 vide
972 5615 1268 5678 Aeppeudicis
1296 5629 1429 5678 serm
1493 5615 1612 5676 285,
1649 5630 1700 5665 [ι.
1738 5618 1755 5666 i
1804 5632 1816 5665 :
1851 5618 1916 5667 de

330 5695 464 5731 mnu.
481 5681 531 5743 A5,
562 5693 715 5743 seru}.
741 5676 858 5743 ἓξὲξ,
889 5691 940 5726 n.
964 5676 1141 5743 {fde
1164 5691 1307 5743 num:
1321 5677 1370 5739 6,
1393 5691 1540 5738 supra
1554 5691 1706 5731 serm.
1728 5678 1835 5743 265,
1863 5694 1909 5728 n.

329 5744 379 5799 5.
399 5750 452 5796 et
471 5741 583 5804 285,
605 5755 654 5792 η.
672 5739 704 5790 ’2
728 5754 740 5792 :
759 5740 823 5791 de
846 5752 978 5788 nunt.
1002 5740 1053 5800 7,
1075 5752 1223 5791 serm.
1252 5741 1328 5800 l7,
1348 5755 1398 5790 η.
1420 5744 1466 5793 1.

1609 333 1837 386 δΕιιλιο
1873 329 2243 386 CCLXXXVI.

3445 330 3586 389 228d

2000 445 2233 501 medium
2261 460 2368 500 non
2405 445 2612 515 quierit.
2650 445 2760 501 Sed
2803 445 2941 500 forte
2971 445 3120 500 timet
3146 445 3339 516 aliquis
3363 462 3432 502 ne
3457 462 3579 516 pre-

2003 518 2153 571 tiosis
2193 516 2525 572 vestimentis
2584 517 2696 571 suis
2744 516 2990 586 injuriam
3041 516 3219 571 faciat.
3279 516 3378 584 Qui
3432 520 3582 574 timet

2001 605 2064 641 ne
2094 587 2296 643 orando
2341 587 2682 656 inquinentur
2720 586 3036 641 vestimenta
3075 601 3168 640 sua
3191 625 3208 652 ,
3240 587 3360 657 plus
3399 588 3582 644 timeat

2000 676 2068 713 ne
2116 673 2222 713 non
2266 657 2468 712 orando
2523 657 2737 713 sordida
2785 668 3058 712 remaneat
3099 658 3275 711 anima
3303 673 3418 714 sua.
3455 660 3582 716 Plus

1996 729 2138 783 enim
2185 727 2325 798 apud
2373 742 2471 798 nos
2513 729 2690 784 valere
2731 728 2891 784 debet
2936 728 3112 782 anima
3156 737 3372 793 nostra,
3416 745 3580 798 quam

1996 800 2172 854 tunica
2207 797 2232 853 :7
2253 808 2308 854 et
2336 797 2492 852 valde
2533 798 2826 853 timendum
2853 807 2935 853 est
2963 814 3031 854 ne
3061 798 3185 852 dum
3215 799 3376 854 vestis
3413 797 3576 855 nitida

1995 870 2314 994 cludstoditur,
2345 868 2525 924 multis
2550 871 2779 939 peccatis
2803 885 2866 924 ac
2892 869 3226 940 negligentiis
3251 869 3428 926 anima
3458 886 3580 926 sor-

1995 959 2047 994 (ι
2089 951 2226 994 etur.

1994 951 2226 996 uidetur.

2067 1013 2119 1067 ὅ.
2154 1010 2303 1066 Hunc
2344 1009 2573 1079 corporis
2619 1009 2966 1065 demissionem
3017 1011 3208 1065 homini
3265 1011 3576 1066 exhibemus.

1997 1081 2126 1134 Eam
2150 1083 2202 1135 in
2230 1082 2456 1151 precibus
2492 1079 2825 1151 exhibuerunt
2863 1083 3065 1144 sancti,
3098 1090 3145 1134 et
3185 1081 3293 1151 ipse
3322 1081 3574 1136 Christus.

1999 1152 2200 1207 Vellem
2232 1161 2410 1207 tamen
2447 1151 2584 1205 scire
2626 1150 2694 1204 de
2731 1152 2832 1205 illis
2859 1152 2949 1222 qui
2995 1166 3094 1206 nec
3119 1150 3290 1221 genua
3339 1152 3578 1216 flectunt,

1996 1237 2094 1276 nec
2120 1223 2376 1278 inclinare
2395 1222 2565 1290 capita
2597 1222 2796 1286 volunt,
2827 1223 2871 1274 si
2897 1222 3096 1291 aliquid
3117 1223 3216 1276 sibi
3242 1223 3371 1276 satis
3394 1238 3581 1278 neces-

1993 1293 2190 1346 sarium
2221 1300 2312 1347 aut
2334 1308 2366 1347 a
2389 1292 2568 1362 judice
2587 1300 2678 1344 aut
2705 1291 2774 1344 ab
2803 1291 2974 1360 aliqua
2998 1295 3200 1362 potenti
3231 1306 3455 1362 persona
3484 1310 3580 1348 ex—

1993 1371 2263 1432 peterent,
2295 1373 2473 1417 utrum
2510 1370 2714 1433 stantes
2743 1370 2798 1415 et
2821 1371 2998 1416 erecto
3037 1362 3579 1433 capiternegligenter

1993 1431 2048 1486 et
2074 1433 2248 1503 tepide
2277 1434 2659 1502 supplicarent.
2687 1431 2820 1487 Rem
2844 1442 3106 1503 terrenam
3128 1433 3196 1486 ab
3223 1431 3440 1488 homine
3469 1445 3578 1488 ter-

1993 1501 2456 1573 I'enoiquaerimus,
2483 1513 2539 1559 et
2565 1517 2733 1572 prope
2758 1517 2926 1572 usque
2950 1501 3019 1557 ad
3047 1512 3242 1557 terram
3271 1519 3371 1559 nos
3397 1504 3576 1558 inuni-

1993 1575 2113 1629 liter
2138 1574 2455 1630 inclinamus
2495 1590 2508 1625 :
2549 1583 2604 1628 et
2631 1589 2662 1627 a
2704 1574 2815 1627 Deo
2845 1573 3214 1628 remissionem
3239 1583 3580 1643 peccatorum

1990 1652 2045 1698 et
2068 1653 2321 1699 aeternam
2367 1644 2604 1714 requiem
2637 1643 3005 1714 inquirentes,
3051 1657 3152 1714 nec
3179 1645 3354 1714 capita
3393 1657 3580 1702 nostra

1992 1715 2250 1786 inclinare
2278 1712 2575 1786 dignamur.
2605 1712 2727 1786 Non
2750 1715 2825 1768 ita
2845 1714 3071 1786 legimus
3089 1712 3158 1786 de
3181 1712 3338 1786 beato
3363 1714 3485 1786 Elia
3522 1725 3581 1770 et

1992 1785 2186 1860 Elissac
2211 1785 2311 1860 (Ιὶχ⁷
2339 1783 2470 1860 Βεθ.
2494 1784 2562 1855 4)
2593 1785 2676 1840 vel
2700 1783 2917 1860 caeteris:
2946 1783 3164 1860 sanctis,
3192 1783 3261 1838 de
3285 1785 3476 1860 quibtts
3497 1787 3577 1840 le-

1988 1857 2130 1925 gitur
2165 1855 2307 1926 quod
2335 1855 2645 1925 frequenter
2671 1855 2919 1925 prostrati
2962 1855 3023 1926 in
3043 1863 3240 1926 terram
3260 1896 3276 1920 ,
3309 1855 3375 1909 ad
3406 1855 3575 1910 Deum

1989 1924 2110 1980 cum
2136 1924 2280 1981 omni
2321 1924 2638 1982 contritione
2665 1924 2954 1980 araverint.
2987 1925 3055 1978 Et
3083 1924 3150 1980 de
3191 1926 3308 1995 ipso
3348 1927 3583 1987 Domino

1990 2007 2173 2052 nostro
2201 1997 2256 2052 in
2293 1996 2581 2067 Evangelio
2618 1996 2874 2066 scriptum
2900 2003 3000 2059 est,
3041 1995 3180 2064 quod
3213 1996 3492 2064 procidens
3520 1997 3576 2052 in

1992 2077 2185 2120 terram
2215 2068 2286 2121 ita
2313 2067 2580 2131 oraverit,
2611 2075 2667 2120 ut
2704 2068 2771 2120 ab
2809 2082 2874 2119 eo
2914 2075 3076 2136 guttae
3105 2067 3378 2136 sanguinis
3403 2068 3577 2136 stilla-

1993 2081 2185 2120 terram
2215 2081 2286 2121 Ita
2313 2081 2546 2122 oraverit
2566 2108 2580 2131 ,
2611 2081 2667 2120 ut
2704 2081 2771 2120 an
2809 2082 2874 2119 eo
2911 2081 3076 2190 ἕιιιιλῐε
3105 2081 3378 2136 sanguInIs
3403 2081 3577 2121 suna-

1993 2147 2111 2192 rent
2133 2137 2290 2205 (Luc.
2322 2153 2478 2204 XXII,
2505 2139 2568 2192 41
2588 2146 2635 2190 ει
2655 2137 2718 2191 44
2740 2137 2787 2207 ).ί
2808 2136 2926 2202 Qui
2970 2135 3112 2207 enim
3142 2135 3577 2207 indigebatClu-i-

1990 2216 2106 2261 stus
2119 2217 2177 2260 ut
2191 2208 2364 2262 taliter
2379 2207 2734 2276 supplicaret?
2749 2206 2862 2260 Non
2883 2207 2970 2261 ille
2980 2206 3268 2276 quidquam
3283 2207 3572 2276 indigebat,

1990 2278 2085 2348 sed
2109 2277 2262 2333 nobis
2279 2279 2525 2346 exemplo
2551 2293 2650 2332 suo
2677 2278 2934 2331 orationis
2961 2279 3192 2348 remedia
3218 2277 3572 2348 pra‘parabat.

1990 2347 2120 2402 Orat
2148 2348 2536 2410 misericordia,
2564 2356 2619 2401 et
2643 2362 2749 2401 non
2783 2355 2902 2402 orat
2926 2346 3156 2410 miseria,
3179 2346 3297 2401 orat
3321 2346 3572 2412 charitas,

1991 2426 2046 2472 et
2075 2432 2180 2472 non
2221 2427 2340 2473 orat
2376 2418 2647 2487 iniquitas.
2679 2417 2980 2472 Prostratus
3007 2417 3061 2487 in
3091 2426 3228 2470 terra
3259 2427 3376 2470 orat
3402 2418 3574 2473 Medi-

1989 2502 2114 2554 cus,
2151 2498 2205 2542 et
2246 2504 2354 2543 non
2393 2486 2676 2542 inclinatur
2709 2496 2959 2558 aegrotus.
2991 2486 3120 2541 Orat
3161 2487 3492 2558 innocentia,
3521 2497 3577 2542 et

1991 2575 2096 2612 non
2125 2566 2243 2612 orat
2275 2559 2509 2628 nequitia
2540 2576 2553 2612 :
2585 2567 2703 2612 orat
2725 2556 2816 2626 qui
2856 2568 3131 2628 peccatum
3160 2573 3266 2612 non
3301 2556 3444 2620 fecit,
3476 2575 3577 2613 nec

1988 2628 2143 2684 dolus
2168 2629 2414 2684 inventus
2455 2637 2539 2684 est
2581 2629 2636 2683 in
2665 2643 2760 2682 ore
2788 2629 2940 2697 ejus;
2969 2636 3023 2697 et
3067 2642 3173 2682 non
3219 2629 3575 2697 prosternitur

1989 2700 2169 2754 multis
2212 2699 2444 2769 peccatis
2481 2698 2768 2754 obnoxius.
2809 2695 2940 2769 Orat
2973 2696 3182 2769 iudex,
3216 2695 3270 2753 et
3308 2697 3577 2754 desiderat

1992 2767 2242 2839 parcere;
2271 2779 2326 2825 et
2361 2785 2465 2824 non
2495 2777 2613 2823 orat
2642 2784 2783 2834 reus,
2814 2776 2871 2822 ut
2897 2767 3277 2838 indulgentiam
3306 2779 3575 2824 mereatur

1990 2841 2231 2910 accipere
2250 2848 2414 2910 gziorat
2430 2840 2761 2908 judicaturus
2777 2880 2790 2902 ,
2807 2846 2877 2910 et
2915 2853 3070 2910 prare
3097 2839 3407 2910 dissimulat
3429 2839 3574 2908 judi-

1989 2907 2212 2991 candus.
2246 2907 2517 2991 Non-ergo
2546 2911 2741 2991 pigeat,
2775 2909 2818 2962 si
2849 2907 3130 2991 inﬁrmitas
3159 2924 3264 2991 non
3295 2907 3564 2991 prohibet,

1991 2990 2049 3034 ut
2070 2996 2130 3036 se
2156 2979 2516 3050 unusquisque
2544 2979 2824 3035 iuterram
2856 2987 3150 3050 prostratus
3171 2979 3430 3050 humiliet.

2060 3052 2116 3106 4.
2146 3049 2498 3118 Aliter’nequit
2531 3051 2593 3104 de
2628 3055 2765 3120 fonte
2793 3051 2970 3120 gratia:
3005 3049 3122 3103 bibi.
3160 3049 3240 3120 Ad
3271 3049 3574 3115 ecclesiam,

1993 3121 2184 3176 fratres
2201 3162 2213 3186 ,
2237 3122 2388 3190 quasi
2419 3121 2484 3175 ad
2515 3119 2718 3175 fontem
2741 3119 2916 3173 viVum
2943 3127 2996 3172 et
3024 3120 3090 3174 ad
3115 3119 3444 3188 Spiritualem
3473 3121 3574 3173 ηιμ

1992 3192 2157 3257 vium,
2189 3191 2475 3247 convenire
2498 3191 2776 3255 debemus,
2802 3198 2858 3244 ut
2879 3190 3202 3258 accipiamus
3220 3205 3411 3259 aquam
3435 3190 3578 3244 illam

1993 3263 2187 3328 vivam,
2217 3261 2284 3316 de
2305 3277 2406 3331 qua
2429 3262 2688 3316 Dominus
2706 3259 2860 3325 dixit,
2884 3260 2980 3324 Qui
3001 3259 3126 3324 sitit,
3151 3261 3315 3314 veniat
3339 3269 3384 3314 et
3406 3260 3538 3313 bibat
3559 3275 3580 3314 :

1992 3332 2076 3402 qui
2101 3333 2258 3402 credit
2282 3333 2336 3385 in
2365 3348 2462 3395 me,
2501 3333 2715 3401 ﬂumina
2736 3332 2798 3383 de
2825 3338 2993 3383 ventre
3017 3331 3125 3402 ejus
3157 3331 3316 3402 ﬂuent
3334 3339 3480 3402 aqum
3501 3331 3578 3384 ui-

1992 3401 2068 3457 ua:
2095 3401 2394 3474 (Joan.vu,
2435 3403 2525 3468 57,
2549 3402 2678 3474 '58);
2713 3409 2767 3455 et
2801 3402 2992 3455 iterum
3011 3440 3051 3474 ,_
3071 3401 3364 3474 Quibiberit
3393 3416 3580 3469 aquam

1993 3470 2144 3543 quam
2157 3472 2417 3543 egodabo,
2437 3489 2537 3525 non
2551 3472 2682 3525 sitiet
2697 3486 2952 3543 unquam:
2964 3470 3148 3543 sedﬁet
3163 3472 3288 3543 ineo
3309 3474 3579 3543 [ausaque

1993 3537 2218 3597 salientis
2245 3542 2298 3596 in
2325 3543 2479 3613 vitam
2506 3537 2882 3613 aeternamAUd.
2905 3556 2976 3613 Iv,
3003 3537 3074 3613 l3
3097 3547 3150 3613 et
3169 3537 3280 3613 14).
3307 3537 3388 3613 Ad
3409 3537 3579 3613 istum

1994 3628 2122 3683 ergo
2152 3613 2350 3683 fontem
2379 3611 2602 3683 feliciter
2622 3609 2810 3676 currit,
2837 3612 2926 3680 qui
2950 3611 3018 3665 ad
3043 3609 3323 3666 ecclesiam
3355 3609 3582 3683 fideliter

1994 3681 2160 3737 venit.
2192 3682 2298 3737 Sed
2335 3683 2472 3736 sicut
2499 3681 2566 3736 de
2603 3683 2746 3735 fonte
2787 3691 3000 3737 terreno
3039 3689 3095 3736 et
3131 3681 3394 3750 corporali
3421 3681 3583 3735 ﬂuvio

1997 3769 2102 3808 non
2135 3761 2310 3823 potest
2337 3752 2530 3822 aliquis
2556 3752 2756 3823 bibere,
2789 3752 2833 3805 si
2854 3766 2914 3807 se
2931 3752 3164 3807 noluerit
3188 3751 3477 3823 inclinare;
3510 3752 3583 3806 ita.

1996 3833 2049 3880 et
2077 3822 2149 3879 de
2174 3825 2293 3878 vivo
2320 3823 2464 3878 fonte
2487 3822 2700 3877 Christo
2719 3829 2773 3875 et
2795 3823 2962 3878 sancti
2983 3823 3211 3892 Spiritus
3235 3822 3396 3877 ﬂuvio
3424 3837 3584 3876 nemo

1997 3910 2189 3965 aquam
2204 3896 2374 3949 vivam
2392 3895 2604 3948 haurire
2623 3892 2837 3965 poterit,
2853 3892 2956 3965 nisi
2974 3907 3032 3948 se
3048 3892 3315 3965 humiliter
3327 3893 3584 3947 inclinare

1998 3963 2260 4029 voluerit;
2282 3974 2496 4032 propter
2527 3964 2655 4018 illud
2677 3963 2818 4031 quod
2850 3964 3102 4032 scriptum
3129 3973 3230 4028 est,
3256 3963 3388 4016 Deus
3404 3978 3585 4032 super—

2000 4037 2072 4090 bis
2099 4031 2300 4097 resistit,
2325 4031 2596 4088 humilibus
2623 4043 2792 4087 autem
2811 4032 2899 4086 dat
2919 4031 3136 4102 gratiam
3161 4031 3363 4102 (Jacobi
3385 4047 3455 4102 Iv,
3470 4031 3516 4086 ⁷6
3537 4031 3578 4102 ).

2072 4107 2125 4160 5.
2148 4107 2246 4158 Aut
2271 4104 2627 4158 benedictionis
2653 4103 2835 4156 divina:
2853 4100 2936 4156 ros
2961 4100 3260 4172 percipi.'Et
3286 4100 3412 4156 illud
3437 4100 3586 4158 sitni-

2001 4176 2122 4230 liter
2149 4175 2412 4230 admoneo
2432 4215 2446 4239 ,
2489 4173 2679 4229 fratres
2717 4172 3016 4242 charissimi
3041 4213 3055 4239 ,
3097 4173 3306 4242 quoties
3331 4172 3586 4228 diaconus

2001 4245 2312 4302 clamaverit
2332 4253 2391 4299 ut
2417 4259 2510 4299 vos
2537 4243 2605 4298 ad
2629 4241 3054 4298 benedictionem
3085 4241 3363 4298 humiliare
3385 4242 3587 4297 debea-

2005 4317 2092 4382 tis,
2119 4325 2173 4370 et
2195 4330 2420 4384 corpora
2449 4323 2502 4369 et
2529 4315 2703 4383 capita
2732 4312 2959 4368 fideliter
2999 4313 3299 4378 inclinetis;
3336 4313 3458 4382 quia
3486 4313 3584 4384 be-

2003 4385 2235 4441 nedictio
2274 4383 2456 4451 vobis,
2499 4385 2626 4439 licet
2667 4399 2760 4452 per
2799 4383 3093 4448 hominem,
3140 4400 3244 4440 non
3290 4392 3467 4437 tamen
3517 4383 3587 4437 ab

2005 4457 2221 4512 homine
2251 4455 2425 4509 datur.
2473 4454 2580 4509 Nec
2621 4453 2905 4510 attendatis
2943 4456 2987 4509 si
3033 4454 3168 4510 forte
3203 4454 3476 4524 negligens
3505 4464 3590 4508 est

2007 4528 2094 4596 qui
2117 4527 2361 4591 exhibet;
2393 4526 2488 4581 sed
2516 4525 2797 4580 Dominum
2838 4525 3085 4594 respicite
3109 4526 3199 4596 qui
3237 4525 3545 4596 transmittit
3572 4543 3586 4576 :

2006 4595 2306 4652 benedictio
2322 4597 2464 4650 enim
2491 4611 2610 4666 quae
2635 4596 2789 4650 vobis
2818 4596 2994 4660 datur,
3024 4610 3113 4651 ros
3129 4595 3188 4650 et
3215 4595 3588 4666 pluviapaale-

2008 4669 2105 4723 stis
2132 4682 2254 4722 esse
2279 4664 2638 4738 cognoscitur.
2659 4666 2748 4738 Sic
2775 4668 2916 4721 enim
2939 4675 2992 4720 et
3015 4666 3225 4738 Moyses
3246 4667 3320 4720 ait
3347 4682 3360 4718 :
3391 4664 3593 4738 Exspe-

1951 4791 1956 4798 ,
2008 4749 2166 4793 ctetur
2192 4739 2321 4808 sicut
2349 4736 2518 4808 pluvia
2543 4737 2796 4808 eloquium
2838 4753 3026 4808 meum,
3066 4736 3113 4790 et
3149 4741 3276 4808 sicut
3313 4752 3396 4790 ros
3441 4736 3594 4808 verba

2010 4825 2122 4862 inea
2151 4807 2326 4878 (Deut.
2349 4805 2523 4873 XXXII,
2549 4805 2737 4879 2)(Ει
2760 4807 2960 4875 optime
2977 4808 3166 4879 nostis
3185 4846 3200 4872 ,
3231 4805 3442 4879 fratres,
3469 4805 3592 4879 quia

2010 4877 2183 4948 pluvia
2205 4879 2249 4932 si
2273 4889 2508 4933 montem
2531 4877 2691 4932 nimis
2709 4886 2947 4948 erectum
2974 4877 3254 4948 invenerit,
3283 4878 3388 4932 cito
3413 4877 3464 4930 in
3482 4877 3595 4948 val-

2014 4947 2116 5003 lem
2158 4948 2413 5003 decurrit.
2442 4948 2512 5003 Et
2537 4948 2656 5003 ideo
2684 4948 2772 5017 qui
2799 4961 2858 5002 se
2881 4947 2948 5001 ad
2981 4947 3342 5015 accipiendam
3370 4947 3592 5017 benedi-

2011 5020 2242 5074 ctionem
2289 5018 2557 5073 humiliter
2592 5016 2945 5080 inclinantes,
2987 5019 3135 5088 quasi
3165 5019 3329 5074 valles
3369 5016 3592 5080 faciunt,

2015 5090 2113 5158 ipsi
2148 5089 2379 5159 pluviam
2409 5089 2602 5143 divina:
2629 5088 3012 5159 benedictionis
3056 5089 3320 5158 accipiunt
3351 5098 3452 5159 :et
3490 5088 3596 5159 im-

2016 5157 2189 5227 pletur
2225 5160 2279 5213 in
2321 5159 2400 5214 eis
2445 5159 2575 5213 illud
2616 5159 2755 5228 quod
2799 5157 3053 5228 scriptum
3081 5157 3184 5224 est,
3237 5158 3413 5212 Omnis
3453 5158 3597 5228 uallis

2015 5226 2352 5301 implebitur,
2380 5240 2426 5283 et
2453 5231 2615 5301 omnis
2635 5226 2856 5301 nionset
2881 5226 3025 5284 collis
3061 5229 3407 5301 humiliabitur
3435 5226 3593 5301 (Luc.

2017 5298 2100 5366 tu,
2118 5298 2194 5372 5).
2222 5299 2368 5372 Quid
2384 5308 2487 5366 est,
2519 5300 2699 5372 Omnis
2722 5298 2870 5372 uallis
2890 5301 3237 5372 implebitur‘;
3265 5300 3389 5366 nisi,
3421 5298 3598 5372 Omnis

2017 5372 2102 5439 qui
2125 5368 2178 5424 se
2210 5370 2461 5435 humiliat,
2512 5369 2850 5425 exaltabitur?
2874 5368 3010 5438 Quid
3039 5381 3152 5436 est,
3185 5369 3339 5424 Mons
3379 5380 3426 5424 et
3454 5368 3600 5422 collis

2021 5441 2396 5503 humiliabitur;
2422 5441 2543 5507 nisi,
2579 5441 2678 5508 Qui
2703 5458 2756 5494 se
2774 5443 2982 5508 exultat,
3011 5440 3353 5510 deprimetur?
3391 5439 3494 5509 ipsi
3525 5449 3603 5491 tae

2020 5528 2142 5568 men
2173 5513 2224 5566 in
2251 5511 2492 5567 oratione
2515 5526 2686 5582 genua
2716 5512 2930 5566 ﬂectere
2950 5555 2964 5578 ,
2988 5513 3071 5566 vel
3098 5511 3268 5582 capita
3301 5526 3398 5565 sua
3434 5511 3601 5582 bene-

2022 5583 2240 5638 dictioni
2263 5580 2600 5638 dissimulant
2624 5583 2900 5646 inclinare,
2927 5583 3014 5652 qui
3044 5580 3246 5636 stantes
3281 5582 3334 5635 in
3375 5580 3601 5636 ecclesia

2024 5653 2414 5725 magis_eligunt
2441 5653 2712 5710 verbosari
2741 5669 2901 5723 quam
2929 5653 3175 5725 psallere.

2095 5720 2148 5779 li.
2193 5723 2257 5778 In
2287 5720 2495 5779 Ecclesia
2520 5725 2596 5779 vel
2617 5720 2867 5778 orandum
2896 5720 2971 5777 vel
2995 5722 3333 5793 psallendum.
3365 5720 3604 5793 Garrien-

2024 5798 2146 5850 tium
2166 5795 2354 5868 duplex
2378 5797 2545 5866 culpa.
2570 5794 2722 5850 Unde
2747 5809 2877 5864 rogo
2899 5792 3014 5861 vos,
3045 5792 3256 5862 fratres,
3287 5792 3604 5852 admonitio-
