4088 6372
323 430 462 489 2239

322 560 540 604 servare
587 548 695 597 tota
736 536 1030 595 intentione
1075 533 1422 599 Studeamus;
1470 541 1526 588 ut
1558 534 1655 589 ista
1698 536 1903 591 cmlesti

320 627 381 674 et
398 610 938 699 spirituaquttadriga
962 608 1027 662 ad
1037 605 1282 699 paradisi
1312 605 1656 699 prittcipalem
1679 607 1902 699 patriam

320 675 616 757 rapiantur.
648 675 845 757 Eamus
874 675 999 749 illuc
1037 675 1246 733 interim
1289 675 1488 741 corde;
1538 684 1601 757 et
1630 675 1749 757 enm
1788 676 1905 757 dics

318 748 504 841 iudicii
542 753 777 841 vene‘eit,
814 748 1097 841 sequemur
1138 758 1206 841 et‘
1234 762 1456 841 eaet-tote
1496 748 1701 841 :Mut‘in
1751 749 1906 803 nobis

322 815 608 897 impleatur
652 815 781 897 illud
820 815 959 897 quod
988 818 1276 897 Apostolus
1299 815 1695 897 dixituIi/pstra
1738 828 1906 897 autern

323 886 636 954 conversatio
683 896 737 948 in
783 886 920 947 milis
964 886 1050 945 est
1085 888 1340 958 (Philipp.
1374 903 1449 952 ιιι,
1480 886 1609 957 ‘20);
1661 897 1715 943 et
1753 887 1902 953 illud,

324 968 452 1025 Cum
482 967 707 1021 Christus
745 964 1039 1031 apparuerit
1077 962 1177 1013 vita
1220 967 1622 1031 vest_r_a,_et_uos
1660 975 1774 1011 cum
1815 959 1905 1031 illo

322 1037 631 1109 apparebitis
651 1037 711 1109 in
740 1028 905 1105 gloria
937 1030 1160 1109 (Coloss.
1191 1045 1275 1095 ιιι,
1302 1029 1393 1097 4).
1432 1028 1808 1109 Nullamhergo.
1839 1029 1906 1083 de

323 1098 443 1165 istis
468 1098 761 1163 virtutibus
786 1098 1014 1174 quatuor
1041 1102 1216 1174 minus
1258 1114 1415 1174 quam
1460 1098 1677 1174 expedit.
1707 1099 1907 1174 diiiga-

325 1196 464 1235 mus.
507 1178 642 1247 Quid
682 1168 950 1247 enimtibi
969 1171 1226 1247 prodest,
1273 1168 1318 1226 Si
1356 1168 1670 1247 citaritatem
1707 1168 1907 1247 habere

324 1240 579 1316 videaris,
606 1257 660 1303 et
684 1246 940 1316 justitiam
969 1240 1165 1316 habere
1195 1257 1298 1316 non
1328 1240 1503 1316 velis?
1548 1243 1653 1293 Aut
1691 1241 1816 1316 quid
1855 1248 1907 1295 te

324 1309 579 1391 adjuvare
619 1309 832 1389 poierit,
874 1311 1366 1391 simisericordiam
1410 1309 1608 1391 habere
1647 1309 1903 1391 te’dicas,

322 1380 717 1447 et'castitaiem
760 1380 866 1441 non
912 1383 1173 1444 habendo,
1223 1392 1273 1437 te
1314 1382 1485 1450 ipsum
1520 1380 1645 1434 odio
1684 1380 1902 1445 habeas,

321 1461 617 1516 secundum
648 1458 772 1513 illud
802 1455 940 1525 quod
980 1455 1234 1525 scriptum
1262 1451 1497 1525 est,Qui
1525 1450 1691 1520 diligit
1720 1452 1903 1522 iniqui-

324 1543 500 1596 tatem,
529 1532 634 1585 odit
663 1523 882 1582 animam
910 1542 1055 1579 suam
1082 1524 1250 1591 (Psal.
1282 1539 1340 1587 χ,
1370 1523 1478 1648 (ἱὲῖ

396 1605 451 1648 ‘2-
487 1602 702 1648 Castitas
739 1615 878 1648 rara.
922 1595 1149 1648 Adulteri
1190 1594 1354 1647 multi.
1423 1595 1478 1648 ‘ai

396 1605 451 1657 2.
487 1592 702 1657 Castitas
739 1615 878 1652 rara.
922 1595 1149 1649 Adulteri
1190 1594 1354 1647 multi.
1396 1592 1547 1664 Swpe
1580 1592 1642 1645 ab
1673 1592 1906 1662 episcopo

324 1676 679 1727 admonentur.
711 1670 816 1724 Sed
845 1677 891 1721 et
916 1665 976 1719 ab
1004 1681 1301 1734 unoquoque
1326 1664 1501 1718 debent
1526 1664 1734 1732 corripi.
1763 1664 1906 1734 Alias

328 1753 648 1813 peccatorum
675 1741 744 1813 fit
789 1738 1071 1813 particeps,
1107 1733 1334 1813 Correpti
1374 1746 1419 1788 et
1458 1750 1559 1787 non
1596 1734 1806 1813 correcti
1839 1733 1907 1787 ad

326 1805 620 1882 episcopum
649 1805 976 1882 deferantur;
1008 1806 1083 1860 0b
1108 1807 1403 1882 sceleratum
1432 1805 1908 1882 unumquandoque

328 1874 537 1954 punitur
570 1874 894 1947 Respublica.
936 1878 1005 1954 Et
1040 1878 1160 1947 quia
1201 1876 1496 1954 castitatem
1523 1874 1675 1954 valde
1711 1889 1907 1954 paucos

327 1944 545 2008 Servare
584 1944 719 2007 velle
760 1944 1277 2021 coguoscinius,__de_
1300 1946 1409 2016 ipsa
1442 1946 1691 2021 castitate
1732 1953 1908 1999 alten-

327 2026 434 2078 tius
473 2016 851 2085 admonemus,
894 2027 1109 2088 propter
1152 2016 1278 2071 illud
1319 2016 1457 2086 quod
1501 2016 1760 2088 scriptum
1803 2024 1902 2082 est,

329 2094 508 2162 Neque
567 2092 828 2162 fornicarii
848 2133 862 2156 ,
894 2086 1062 2162 neque
1108 2089 1284 2162 molles
1306 2128 1319 2149 ,
1360 2104 1519 2157 neque
1545 2086 1906 2162 Δῃιαέςειιζρνιιυι

327 2155 672 2219 concubitores
699 2155 906 2233 regnum
930 2155 1023 2233 Dei
1050 2158 1371 2233 possidebunt
1410 2155 1443 2211 :V
1461 2157 1690 2233 ettitlud,
1719 2155 1908 2233 illeque

327 2237 571 2299 adulteri,
614 2226 775 2303 neque
794 2232 974 2303 ebriosi
1006 2226 1213 2303 regnum
1240 2227 1335 2281 Dei
1362 2226 1682 2303 possidebunt
1702 2226 1757 2303 _(l
1786 2226 1902 2303 Cor.

328 2322 403 2372 vt,
433 2307 483 2371 9,
516 2298 626 2373 10).
657 2298 764 2359 Sed
787 2302 927 2372 quod
968 2298 1141 2373 pejus,
1166 2307 1249 2353 est
1287 2299 1437 2353 multi
1476 2307 1600 2373 sunt
1626 2298 1905 2373 quietiam

325 2367 687 2430 cn'm'uxo'res
721 2367 996 2427 videantur
1035 2367 1255 2435 habere,
1301 2367 1654 2438 persuadente
1692 2367 1906 2421 diabolo

326 2448 628 2500 castitatem
655 2443 989 2498 dissimulant
1026 2440 1332 2505 custodire;
1374 2439 1468 2494 sed
1504 2447 1596 2493 aut
1635 2454 1754 2494 cum
1795 2438 1906 2492 suis

327 2526 421 2570 aut
458 2517 644 2570 alienis
677 2513 884 2569 ancillis
907 2553 923 2578 ,
964 2513 1048 2566 vel
1076 2512 1235 2567 etiam
1274 2510 1527 2565 uxoribus
1564 2518 1654 2563 aut
1694 2508 1905 2563 ﬁliabus

327 2588 637 2649 extraneis,
689 2584 922 2639 libidinis
972 2584 1149 2637 furore
1195 2581 1469 2653 succensi,
1522 2580 1593 2633 ita
1643 2578 1903 2634 adulteria

325 2659 664 2711 committere
717 2671 815 2710 nec
859 2662 1103 2708 metuunt
1157 2666 1256 2706 nec
1306 2650 1664 2716 erubescunt,
1706 2658 1764 2704 ut
1806 2664 1906 2704 nec

329 2728 613 2781 Dominum
665 2727 917 2788 timeant,
966 2740 1065 2779 nec
1106 2723 1350 2777 homines
1393 2731 1753 2777 revereantur.
1801 2719 1905 2775 Sed

324 2798 527 2871 justum
568 2806 716 2861 erat,
749 2795 975 2871 fratres,
1016 2804 1075 2848 ut
1113 2792 1248 2863 apud
1289 2794 1406 2847 illos
1448 2792 1536 2861 qui
1584 2790 1716 2871 tales
1757 2798 1903 2871 sunt,

328 2861 586 2923 deberent
625 2877 731 2921 tam
760 2867 1064 2935 frequentes
1093 2861 1161 2919 et‘
1186 2871 1566 2935 tottannortun
1590 2861 1907 2935 admonitio:-

328 2954 425 2993 nes
454 2947 650 2992 nostra:
690 2930 982 3008 prolicere;
1024 2944 1081 3008 ut
1118 2947 1222 3008 nec
1260 2934 1329 2988 de
1370 2932 1777 3008 medicamentis
1805 2930 1908 2986 sibi

328 3009 548 3064 vulnera
587 3001 857 3072 facerent,
902 3021 1001 3060 nec
1044 3004 1167 3060 inde
1203 3020 1261 3059 se
1291 3003 1630 3068 occiderent,
1669 3001 1813 3057 unde
1847 3016 1907 3056 se

326 3079 597 3133 vivilicare
637 3086 882 3148 poterant
910 3095 923 3130 :
955 3076 1077 3146 quia
1117 3074 1395 3148 castigatio
1417 3073 1730 3148 sacerdotis,
1765 3072 1909 3148 sicut.

329 3141 700 3204 obcdientibus
744 3148 809 3202 ad
851 3141 1095 3216 gloriam,
1130 3146 1200 3199 ita
1240 3141 1666 3216 inobedientibus
1701 3143 1803 3216 erit
1839 3141 1906 3197 ad

330 3235 565 3288 pcenam.
594 3220 661 3274 Et
694 3220 812 3288 quia
841 3214 931 3281 illi,
962 3218 1099 3271 sicut
1125 3216 1235 3286 jam
1262 3216 1405 3281 dixi,
1428 3230 1601 3284 neque
1628 3214 1905 3288 Dominum

330 3282 662 3355 reverentur,
703 3282 801 3343 nec
841 3288 1084 3343 homines
1126 3282 1401 3347 metuunt;
1447 3282 1540 3338 vos
1578 3285 1667 3354 qui
1692 3282 1907 3355 Christo

330 3360 623 3430 inSpirante
652 3354 708 3413 et
738 3360 897 3415 ﬁdem
927 3367 981 3412 et
1006 3358 1318 3430 charitatem
1350 3355 1576 3409 fideliter
1605 3354 1902 3430 custoditis,

330 3431 375 3484 si
412 3426 621 3500 quando
650 3431 859 3500 aliquos
894 3439 999 3483 tam
1040 3428 1291 3500 sacrilega
1333 3435 1547 3495 peccata
1573 3426 1909 3500 committere

328 3496 705 3570 cognoveritis,
733 3496 787 3553 et
810 3500 971 3554 semel
999 3508 1053 3570 et
1078 3498 1311 3553 secundo
1336 3500 1575 3570 etttertio
1612 3496 1907 3570 castigate:

327 3581 385 3625 et
400 3566 449 3624 si
488 3585 583 3624 vos
610 3571 795 3625 audire
834 3568 1138 3633 noluerint,
1178 3583 1275 3621 nec
1312 3568 1629 3635 colloquium
1667 3580 1787 3619 cum
1829 3566 1908 3621 eis

329 3640 543 3706 habete,
570 3655 668 3695 nec
700 3639 765 3695 ad
789 3648 1025 3694 vestrum
1059 3637 1358 3693 convivium
1397 3652 1488 3690 eos
1523 3644 1783 3705 revocate,
1811 3650 1910 3689 nec

329 3711 383 3764 in
428 3711 635 3764 illorum
663 3710 860 3765 mensis
899 3710 1072 3764 cibum
1112 3724 1233 3762 cum
1262 3707 1340 3762 eis
1377 3706 1589 3772 sumite,
1617 3706 1907 3761 secundum

331 3780 461 3835 illud
499 3782 636 3850 quod
677 3781 961 3850 Apostolus
1000 3780 1104 3845 ait,
1137 3779 1263 3834 Cum
1302 3778 1591 3850 hujusmodi
1622 3793 1711 3850 nec
1747 3777 1911 3831 cibum

328 3848 529 3921 sumere
570 3851 679 3921 (Id.
707 3848 758 3916 v,
796 3853 854 3905 ll
882 3852 938 3919 );
981 3850 1156 3921 uttvel
1196 3850 1273 3903 sic
1300 3848 1641 3921 erubescant,
1683 3849 1808 3902 dum
1847 3864 1906 3921 se

330 3920 513 3975 vident
554 3919 621 3976 ab
666 3923 903 3976 honestis
951 3930 1005 3976 et
1049 3920 1214 3975 Deum
1274 3919 1581 3973 timentibus
1619 3920 1906 3974 exsecrari.

329 3990 386 4062 Si
415 3993 554 4045 enim
589 3992 728 4062 quod
756 4007 979 4062 suggero
1004 4005 1110 4045 non
1153 3989 1310 4062 fuerit
1334 3988 1550 4051 factum,
1590 3990 1909 4062 quicumque

330 4060 421 4115 ille
446 4071 527 4115 est
552 4059 638 4131 qui
671 4059 886 4117 fratrem
918 4077 1070 4116 suum
1098 4072 1189 4114 aut
1215 4060 1444 4114 vicinum
1472 4074 1624 4131 suum
1650 4059 1908 4131 adulteria

328 4129 666 4188 committere
702 4133 865 4195 novit,
896 4134 940 4186 si
980 4132 1123 4185 illum
1158 4145 1381 4200 arguere
1415 4129 1660 4200 uoluerit,
1697 4130 1749 4184 in
1783 4144 1908 4200 pec:

330 4203 467 4275 catis
503 4202 618 4269 ejus
652 4206 910 4275 particeps
944 4202 1088 4275 illius
1121 4199 1242 4263 erit,
1284 4200 1592 4275 secundum
1614 4199 1741 4253 illud
1767 4199 1908 4269 quod

328 4272 586 4340 scriptum
609 4270 708 4336 est,
735 4273 794 4327 Si
824 4270 1022 4326 videbas
1048 4276 1229 4343 furem,
1256 4271 1405 4325 simul
1428 4270 1663 4343 currebgs
1688 4286 1803 4343 cum
1829 4287 1906 4335 eo,

329 4349 389 4413 et
407 4339 519 4395 cum
548 4342 789 4397 adulteris
829 4339 1109 4413 portionem
1137 4341 1534 4413 tuanttponebas
1561 4339 1731 4413 (Psal.
1760 4350 1905 4413 XLlX,

329 4411 471 4479 18);
512 4422 564 4467 et
611 4414 740 4473 illud
787 4409 926 4482 quod
972 4413 1045 4466 ait
1087 4409 1411 4479 Apostolus,
1456 4409 1577 4463 Non
1617 4411 1784 4482 solum
1823 4412 1909 4481 qui

329 4483 523 4562 faciunt
552 4499 634 4562 ett,
659 4485 749 4537 sed
774 4480 926 4537 etiam
949 4482 1379 4562 qui-consentiunt
1405 4480 1701 4562 facientibus
1727 4480 1904 4550 (Rom.

330 4570 369 4623 ι,
409 4551 519 4623 52).
560 4553 636 4607 Illi
673 4563 849 4609 autem
876 4551 1255 4623 qui—adulteros
1276 4566 1374 4606 nec
1407 4551 1506 4621 ipsi
1536 4561 1783 4622 arguunt,
1810 4567 1909 4607 nec

328 4621 385 4675 in
423 4621 664 4678 uetitinm
706 4621 1071 4678 sacerdotibus
1118 4624 1405 4692 sacrilegos
1445 4632 1685 4691 ponunt,
1728 4623 1908 4691 susin-

326 4692 537 4748 cionem
566 4694 718 4749 nobis
758 4693 974 4756 faciunt,
1016 4693 1159 4763 quod
1199 4694 1318 4747 ideo
1353 4692 1471 4763 illos
1513 4708 1619 4746 non
1656 4702 1904 4763 arguunt,

325 4763 447 4835 quia
490 4773 544 4819 et
579 4765 693 4835 ipsi
734 4764 857 4821 talia
907 4762 1123 4835 peccata
1183 4762 1546 4835 committunt:
1587 4762 1735 4835 Mihi
1762 4765 1905 4835 enim

326 4834 521 4905 sufficit
559 4832 698 4901 quod
729 4832 931 4905 grandi
947 4835 1130 4889 dolore
1166 4832 1327 4905 animi
1363 4841 1417 4905 et
1461 4832 1667 4905 infinito
1707 4834 1905 4903 gemitu

325 4904 517 4959 clamo.
562 4905 672 4960 Vos
710 4902 838 4960 vero
876 4905 919 4960 si
962 4920 992 4959 a
1018 4904 1209 4958 vestris
1250 4913 1304 4957 et
1347 4902 1414 4956 ab
1454 4903 1640 4957 alienis
1674 4902 1908 4973 peccatis

325 4973 477 5029 liberi
518 4990 637 5030 esse
675 4977 835 5030 vultis
856 5017 882 5040 ,
909 4975 1073 5029 nolite
1109 4988 1331 5044 parcere
1373 4973 1601 5044 talibus;
1642 4983 1695 5028 et
1732 4974 1776 5028 si
1813 4990 1907 5029 vos

324 5045 584 5117 secretius
605 5054 660 5100 et
687 5046 1015 5117 frequentius
1032 5043 1383 5117 admonentes
1409 5043 1590 5117 audire
1619 5044 1905 5117 noluerint,

322 5114 479 5168 facite
515 5116 615 5169 hoc
653 5116 723 5169 ad
763 5114 1075 5170 humilitatis
1106 5125 1300 5168 nostrae
1325 5114 1563 5183 notitiam
1603 5115 1901 5183 pervenire,

323 5185 615 5256 secundum
657 5186 786 5240 illud
826 5187 965 5256 quod
1014 5186 1064 5239 in
1099 5182 1391 5256 Evangelio
1431 5182 1654 5256 dicitur,
1696 5183 1908 5256 Corripe

244 5318 247 5319 ν
322 5253 465 5307 illum
508 5256 637 5309 inter
665 5265 711 5309 te
743 5266 787 5309 et
817 5253 983 5326 ipsum
1008 5256 1171 5311 solum
1199 5271 1217 5308 :
1254 5254 1298 5307 si
1339 5264 1386 5311 te
1417 5254 1651 5326 audierit,
1685 5253 1905 5326 Ingratus

322 5325 420 5377 eris
444 5330 653 5395 fratrem
679 5324 861 5389 tuum;
886 5328 929 5381 si
953 5336 1119 5380 autem
1152 5336 1197 5378 te
1223 5342 1321 5378 non
1350 5325 1586 5391 audierit,
1617 5325 1698 5378 dic
1725 5324 1903 5380 Eccle-

321 5395 410 5467 sia:
439 5412 458 5467 ς
489 5396 551 5449 id‘
584 5406 667 5451 est
690 5439 705 5461 ,
752 5412 890 5467 pone
935 5399 986 5451 in
1036 5395 1577 5467 notitiatsacerdotis.
1630 5396 1693 5449 Si
1720 5406 1904 5467 autem

319 5463 605 5519 Ecclesiam
649 5463 777 5520 τιον(
792 5468 1039 5531 audierit,
1086 5471 1151 5522 sit
1190 5465 1277 5518 tibi
1314 5475 1552 5535 tanquam
1590 5466 1816 5519 ethnicus
1858 5477 1904 5521 et

320 5536 618 5601 publicanus
662 5537 878 5599 (Matth.
922 5536 1219 5603 xvut,15,
1255 5536 1320 5589 l7
1346 5536 1384 5604 ).
1414 5534 1532 5589 Sed
1572 5537 1712 5605 quod
1753 5537 1904 5605 pejus

318 5617 420 5677 est,
455 5606 581 5659 dum
611 5607 686 5660 illi
722 5609 811 5677 qui
849 5616 1050 5662 tantum
1085 5607 1280 5660 malum
1315 5606 1672 5669 committunt,
1702 5606 1769 5661 ab
1802 5608 1901 5661 ali-

317 5676 514 5743 quibus
558 5693 663 5731 non
703 5676 875 5731 solum
924 5693 1030 5731 non
1069 5676 1463 5745 corripiuntur,
1509 5691 1691 5729 verum
1739 5678 1900 5731 etiam

318 5746 601 5820 palpantur
640 5756 695 5803 et
724 5748 915 5803 blande
939 5748 1304 5820 accipiuntur;
1351 5746 1448 5820 ipsi
1477 5745 1597 5800 ideo
1626 5747 1899 5820 sacrilegia

317 5824 373 5869 et
400 5818 622 5872 erimina
666 5820 923 5883 nutriunt,
952 5830 1007 5873 et
1046 5819 1161 5872 sine
1191 5818 1300 5871 ullo
1332 5817 1520 5871 timore
1550 5831 1611 5870 ac
1638 5817 1899 5875 verecun:

319 5884 402 5940 dia
431 5899 756 5958 perpetrant.
788 5889 893 5946 Sed
932 5904 1032 5946 nos
1076 5892 1264 5945 timere
1294 5886 1421 5943 illud
1455 5886 1711 5945 debemus
1754 5890 1897 5961 quod

1562 418 1789 476 SERMO
1826 417 2244 476 CCLXXXVIII.

3459 421 3609 480 2190
3631 472 3635 476 .

2010 532 2075 605 de
2121 532 2333 605 Achar,
2376 531 2464 602 qui
2508 531 2579 588 de
2619 531 2832 589 Iericho
2870 534 3104 605 regulam
3145 550 3360 590 auream
3393 535 3595 592 furatus
3620 571 3635 577 ι»

2014 604 2213 667 fuerat,
2234 602 2485 671 scriptum
2512 613 2624 677 est;
2665 604 2875 677 quando
2906 602 3001 677 pro
3028 606 3182 659 unius
3212 606 3445 661 hominis
3473 622 3598 677 pec-

2012 682 2132 726 cato
2160 688 2321 747 super
2347 687 2534 728 omnes
2548 674 2643 747 ira
2669 675 2764 747 Dei
2791 676 3049 734 desmviit.
3097 685 3151 730 et
3188 693 3293 731 non
3333 674 3597 747 requievit

2016 746 2159 816 (ιιι-ιιι·
2192 744 2283 816 Dei
2325 759 2363 816 _a
2403 744 2630 813 populo,
2667 744 2839 800 donec
2878 747 2980 816 ille
3002 750 3089 816 qui
3131 748 3328 801 malum
3368 744 3592 813 fecerat,

2013 815 2240 890 Dinnino
2262 814 2899 890 jtubente,‘contereretu_r
2926 814 3104 886 (JoSue
3131 833 3223 890 vu,
3248 817 3301 883 2,
3335 816 3447 890 11).

2083 886 2135 940 5.
2152 883 2416 959 Adulteria
2427 884 2526 959 sibi
2543 895 2720 959 putant
2736 887 2829 959 uiri
2841 883 3009 959 dicere
3024 905 3041 941 :
3054 905 3153 941 non
3169 888 3245 959 eis
3262 883 3424 959 magis
3446 888 3597 943 licent

2011 972 2161 1023 quam
2183 955 2400 1027 feminis.
2417 954 2551 1009 Cum
2568 957 2709 1029 enim
2733 958 2806 1011 illi
2822 957 2891 1012 de
2906 957 3095 1027 quibus
3110 954 3374 1029 loquimur
3401 974 3593 1014 uxores

2012 1041 2135 1080 suas
2159 1026 2332 1081 eastas
2355 1039 2474 1097 esse
2504 1026 2685 1097 velint,
2718 1043 2817 1097 qua
2844 1026 3421 1083 conscientia—nefanda
3449 1042 3595 1083 com-

2012 1097 2246 1168 mittunt,
2266 1104 2320 1151 et
2345 1096 2634 1151 dicuntsibi
2656 1096 2813 1152 licere
2834 1099 2972 1168 quod
2988 1100 3065 1153 eis
3081 1100 3299 1154 omnino
3318 1115 3422 1153 non
3439 1100 3591 1163 licet;

2011 1167 2162 1237 quasi
2192 1168 2293 1221 alia
2320 1175 2585 1237 prmcepta
2616 1167 2744 1221 viris
2778 1167 2915 1223 Deus
2941 1169 3184 1233 dederit,
3208 1170 3307 1224 alia
3339 1169 3593 1224 feminis?

2014 1236 2162 1310 Dicat
2186 1236 2611 1310 quicumque’illc
2630 1249 2846 1310 est,qua
2870 1241 2983 1310 lege
3007 1241 3343 1307 permittente
3369 1240 3592 1295 crimina

2012 1307 2464 1380 istatcommi‘ttat;
2488 1323 2607 1362 cum
2631 1318 2688 1380 et
2714 1308 2889 1363 divina
2919 1307 2973 1364 et
2999 1310 3227 1365 humana
3256 1312 3374 1380 lege
3414 1310 3590 1364 omnia

2011 1377 2270 1450 adulteria
2300 1380 2600 1447 puniantur.
2631 1379 2753 1433 Ideo
2778 1391 2953 1434 tamen
2976 1381 3079 1435 hoc
3106 1377 3437 1436 malum'non
3468 1395 3590 1450 pro-

2013 1447 2244 1522 hibetur,
2266 1450 2388 1522 quia
2406 1465 2434 1503 a
2454 1450 2632 1522 multis
2653 1450 3019 1504 committitur.
3050 1452 3153 1506 Sed
3180 1460 3376 1522 quanto
3396 1447 3593 1506 ab'ho-

2011 1518 2245 1591 minibus
2275 1521 2447 1591 minus
2472 1520 2823 1589 distringEtur,
2851 1530 2998 1575 tanto
3025 1518 3429 1590 divindjudicio
3467 1536 3591 1591 gra-

2012 1589 2129 1661 vius
2165 1589 2479 1661 vindicatur.
2513 1591 2645 1645 Nam
2689 1591 2814 1645 illud
2846 1592 3001 1661 quale
3043 1600 3158 1656 est,
3182 1589 3322 1660 quod
3360 1593 3411 1646 in
3456 1589 3594 1647 lianc

2012 1659 2387 1730 impudentiam
2420 1670 2789 1730 prorumpunt,
2820 1659 2878 1715 ui
2900 1662 3079 1716 dicant
3105 1659 3218 1715 lucc
3248 1672 3351 1715 tam
3397 1662 3587 1717 crude-

2014 1728 2246 1784 lia’mala
2274 1732 2400 1785 viris
2423 1728 2705 1797 licere,_et
2735 1731 2947 1787 feminis
2984 1748 3089 1786 non
3136 1732 3328 1786 licere?
3361 1731 3470 1786 Nec
3512 1741 3593 1786 ato

2012 1801 2234 1873 tendunt
2272 1801 2411 1873 quod
2448 1803 2547 1856 viri
2572 1811 2640 1873 et
2673 1801 2883 1858 femina:
2942 1803 3216 1873 a-qualiter
3256 1802 3362 1857 sint
3396 1801 3594 1857 Christi

2011 1872 2614 1942 sanguine'redempti,
2685 1882 2738 1928 et
2785 1873 2940 1927 simul
2984 1872 3325 1929 sacrosancto
3382 1874 3594 1928 lavacro

2012 1942 2119 1996 sint
2144 1943 2327 2010 abluti,
2352 1952 2408 1999 et
2431 1942 2497 1997 ad
2523 1944 2690 1999 altare
2720 1944 2926 1998 Domini
2953 1944 3289 2009 accedentes,
3316 1958 3512 2013 corpus
3538 1953 3603 1998 et,

2012 2013 2322 2085 sanguinem
2366 2014 2572 2068 Domini
2608 2014 2765 2068 simul
2792 2014 3095 2085 accipiunt,
3128 2024 3181 2069 et
3211 2030 3314 2068 non
3344 2025 3427 2069 est
3451 2016 3590 2083 apud

2012 2083 2178 2138 Deum
2202 2084 2452 2139 discretio
2478 2085 2697 2139 masculi
2728 2095 2781 2139 et
2816 2083 3027 2139 femina:
3051 2127 3065 2152 ,
3103 2102 3203 2139 nec
3228 2094 3310 2139 est
3340 2099 3594 2153 persona-

2010 2168 2128 2208 rum
2156 2163 2402 2224 acceptor
2429 2154 2610 2209 Deus?
2637 2156 2774 2223 Ergo
2803 2156 2945 2225 quod
2973 2155 3185 2211 feminis
3214 2170 3316 2209 non
3346 2156 3491 2220 licet,
3521 2155 3595 2209 si-

2010 2225 2289 2296 militeret
2322 2226 2446 2279 viris
2475 2241 2578 2279 non
2607 2226 2754 2296 licuit
2779 2241 3032 2296 unquam,
3062 2242 3159 2281 nec
3188 2227 3348 2281 licere
3373 2225 3591 2296 poterit.

2009 2293 2114 2349 Sed
2148 2294 2330 2349 infelix
2354 2295 2681 2351 consuetudo
2709 2293 3008 2350 intromissa
3035 2306 3145 2362 est,
3180 2306 3234 2350 ut
3265 2296 3308 2351 si
3337 2293 3471 2350 uiror
3500 2297 3589 2350 in-

2011 2374 2167 2419 venta
2198 2365 2355 2419 fuerit
2396 2379 2514 2419 cum
2563 2380 2717 2420 servo
2751 2383 2869 2432 suo,
2897 2368 3173 2436 puniatur;
3211 2367 3256 2420 si
3295 2375 3471 2420 autem
3512 2367 3613 2425 vir,

2011 2450 2131 2490 cum
2160 2436 2338 2491 multis
2372 2435 2579 2491 ancillis
2610 2437 2661 2490 in
2692 2435 2926 2492 libidinis
2955 2436 3133 2492 cloaca
3167 2437 3453 2503 volutetur,
3486 2451 3595 2490 non

2010 2507 2183 2577 solum
2206 2522 2309 2560 non
2334 2508 2602 2577 puniatur,
2626 2523 2807 2561 verum
2828 2507 2986 2562 etiam
3013 2524 3044 2562 a
3072 2507 3181 2561 suis
3200 2507 3462 2562 similibus
3485 2506 3598 2561 col-

2013 2575 2290 2648 laudatur;
2313 2575 2366 2632 et
2391 2577 2489 2631 sibi
2520 2578 2741 2648 invicem
2773 2579 3068 2648 loquentes,
3094 2578 3213 2646 quis
3242 2578 3341 2632 hoc
3364 2577 3596 2648 amplius

2012 2645 2221 2708 fecerit,
2252 2662 2372 2701 cum
2405 2649 2514 2702 risu
2543 2657 2597 2701 et
2621 2645 2879 2701 cachinno
2906 2645 3218 2702 stultissimo
3244 2645 3588 2703 confitentur.

2010 2716 2115 2772 Sed
2147 2718 2369 2772 istorum
2398 2719 2535 2772 risus
2562 2717 2717 2772 indie
2738 2718 2924 2787 judicii
2946 2726 3184 2773 vertetur
3211 2719 3263 2772 in
3294 2718 3588 2787 planctum,

2010 2794 2269 2842 eteorum
2297 2788 2417 2856 joca
2442 2796 2822 2842 convertentur
2842 2789 2893 2843 in
2917 2790 3154 2843 vulnera.
3188 2788 3255 2843 Et
3284 2788 3387 2843 hnc
3408 2788 3592 2851 illifa-

2010 2857 2178 2924 ciunt,
2232 2860 2318 2928 qui
2352 2858 2587 2915 futurum
2629 2857 2721 2914 Dei
2757 2858 3016 2931 judicium
3061 2873 3162 2915 nec
3202 2859 3469 2925 credunt,
3495 2873 3595 2914 nec

2010 2937 2269 2983 metuunt.

2084 3000 2136 3054 4.
2172 2998 2391 3053 Pcccata
2426 3008 2542 3054 sunt
2568 3001 2819 3055 mortalia.
2857 3002 3169 3072 Quandoque
3207 3003 3355 3056 etiam
3387 3017 3594 3055 uxorem

2012 3085 2307 3152 cogitoecere
2331 3086 2431 3124 non
2460 3082 2531 3125 est
2560 3072 2667 3152 sine
2694 3083 2917 3142 peccato.
2956 3075 3066 3143 Ego
3109 3089 3242 3152 cum_
3261 3073 3425 3152 libera
3459 3086 3593 3126 cou-

2011 3140 2233 3213 scientia
2256 3141 2429 3195 clamo
2464 3143 2660 3210 pariter
2695 3140 2752 3197 et
2784 3140 3074 3209 contestdr,
3102 3143 3244 3212 quod
3275 3142 3595 3213 quicumque

2013 3209 2215 3283 habens
2241 3209 2479 3283 uxorem,
2506 3212 2763 3267 adulteria
2792 3209 3137 3276 commiserit,
3159 3213 3258 3267 nisi
3282 3209 3593 3283 pwnitcntia

2014 3281 2217 3353 prolixa
2239 3292 2293 3336 et
2320 3281 2511 3336 uberes
2540 3283 2893 3353 eleemosyna:
2924 3281 3302 3347 subvenerint,
3331 3293 3387 3339 et
3409 3298 3438 3336 a
3465 3298 3592 3352 pce-

2012 3361 2132 3407 cato
2160 3351 2274 3421 ipso
2293 3353 2603 3423 cessaverit,
2632 3361 2685 3408 et
2714 3355 2759 3408 si
2778 3351 3052 3423 quomodo
3077 3356 3213 3408 solet
3238 3354 3351 3407 fieri
3370 3394 3387 3421 ,
3417 3351 3594 3408 subito

2013 3432 2256 3494 mortuus
2292 3422 2471 3487 fuerit,
2508 3424 2562 3478 in
2599 3422 2857 3479 aeternum
2904 3425 3113 3494 peribit,
3159 3439 3260 3480 nec
3286 3424 3359 3479 illi
3397 3438 3591 3478 nomen

2013 3491 2359 3576 ehristianum
2382 3494 2621 3576 proderit
2649 3513 2662 3549 :
2694 3495 2815 3576 quia
2837 3491 2939 3549 non
2967 3496 3275 3576 solutnuton
3303 3494 3590 3576 fecit‘quod

2012 3562 2255 3618 Christus
2276 3562 2457 3635 jussit,
2482 3580 2665 3618 verum
2694 3566 2854 3619 etiam
2877 3566 3018 3635 quod
3039 3566 3283 3621 Christus
3324 3562 3596 3635 prohibuit

2016 3635 2354 3708 perpetravit.
2383 3632 2517 3708 Cum
2533 3635 2672 3708 enim
2695 3636 2852 3690 etiam
2878 3632 3096 3692 uxorem
3118 3632 3462 3708 cognoscere,
3499 3651 3593 3690 exs

2012 3714 2167 3777 cepto
2187 3703 2449 3761 desiderio
2479 3707 2726 3767 filiorum,
2751 3715 3025 3777 peceatum
3052 3709 3151 3773 sit;
3174 3703 3298 3777 quid
3323 3707 3389 3763 de
3415 3721 3476 3761 se
3500 3722 3591 3762 co-

2012 3776 2290 3849 gitareaut
2307 3791 2465 3846 quam
2486 3793 2634 3847 spem
2649 3778 2745 3849 sibi
2766 3779 3074 3847 promittere
3097 3776 3339 3849 possunt,
3363 3777 3451 3848 qui
3468 3791 3594 3832 con-

2009 3846 2153 3915 jugia
2177 3846 2454 3917 habentes,
2486 3863 2579 3917 per
2613 3846 2928 3903 adulterium
2969 3850 3071 3903 hoc
3099 3846 3210 3904 _sibi
3252 3846 3553 3917 przeparant
3577 3889 3591 3913 ,

2016 3917 2152 3970 unde
2170 3918 2220 3971 in
2252 3916 2513 3972 infernum
2544 3917 2886 3981 descendant,
2916 3936 3016 3976 nec
3042 3920 3225 3974 volunt
3248 3916 3432 3973 audire
3452 3922 3594 3987 Apo-

2013 3989 2208 4058 stolutn
2237 3988 2523 4055 dicentem,
2551 3988 2771 4058 Tempus
2801 3990 2944 4042 breve
2966 3997 3039 4043 est
3059 3998 3327 4057 ;,su.percst
3352 3996 3405 4058 ut
3429 3998 3476 4041 et
3508 3989 3595 4056 qui

2014 4057 2195 4129 habent
2222 4074 2422 4123 uxores,
2451 4057 2703 4129 itanqutnn
2742 4076 2842 4113 non
2878 4060 3112 4114 habentes
3140 4061 3238 4114 sint
3275 4059 3324 4129 (Ι
3347 4057 3466 4112 Cor.
3494 4073 3589 4129 vn,

2012 4126 2145 4200 29);
2176 4137 2229 4183 et
2260 4128 2411 4193 illud,
2446 4128 2512 4183 Ut
2533 4126 2661 4200 sciat
2688 4130 3024 4200 unusquisque
3046 4146 3194 4184 suum
3231 4126 3318 4184 vas
3342 4128 3597 4197 possidere

2013 4198 2065 4250 in
2095 4198 2283 4254 honore
2312 4209 2357 4252 et
2381 4199 2805 4267 sanctiﬁcatione;
2827 4198 3014 4254 nonin
3058 4201 3289 4267 passione
3322 4200 3591 4261 desiderii,

2012 4269 2139 4342 sicut
2162 4279 2343 4342 Agentes
2382 4284 2495 4339 qum
2518 4286 2781 4342 spemnon
2818 4270 2999 4325 habent
3031 4269 3071 4342 (Ι
3104 4269 3277 4324 Thess.
3309 4285 3384 4342 tv,
3412 4270 3474 4342 4,
3499 4269 3594 4342 5)"

2013 4339 2358 4410 Considerate
2404 4340 2545 4408 quod
2592 4340 2683 4409 qui
2731 4342 3007 4407 uxoribus,
3039 4339 3283 4410 excepto
3328 4340 3596 4395 desiderio

2014 4408 2271 4469 filiorum.
2304 4418 2560 4476 utuntur,
2590 4408 2633 4465 si
2665 4412 2911 4466 assiduas
2958 4408 3325 4476 eleemosvuas
3354 4426 3458 4464 non
3500 4410 3593 4464 de-

2012 4479 2208 4553 derint,
2236 4480 2351 4553 sine
2379 4470 2595 4553 peccato
2621 4496 2740 4553 esse
2770 4498 2875 4537 non
2917 4492 3159 4553 pOsSUttl.
3192 4470 3255 4536 Et
3298 4482 3341 4535 si
3362 4480 3482 4553 hoc
3528 4480 3595 4535 de

2015 4551 2353 4623 matrimonio
2380 4551 2615 4623 legitimo
2651 4552 2867 4620 dicitur,
2890 4551 3044 4623 putas
3078 4553 3201 4623 quid
3228 4553 3295 4606 de
3322 4552 3424 4605 illis
3452 4551 3595 4623 lltlllv

2014 4636 2139 4677 rum
2157 4622 2225 4676 sit
2246 4623 2295 4675 in
2320 4621 2405 4676 die
2425 4621 2628 4692 judicii,
2647 4625 2735 4693 qui
2762 4634 2852 4679 aut
2874 4621 3195 4692 publicafaut
3216 4623 3418 4678 occulta
3445 4621 3595 4677 adul—

2014 4694 2145 4744 teria
2177 4694 2511 4749 committere
2551 4693 2665 4748 sine
2705 4695 2807 4749 ulla
2836 4695 2999 4750 divini
3038 4695 3243 4749 timoris
3289 4693 3594 4747 considera-

2015 4763 2158 4817 tione
2182 4772 2533 4834 praesumunt;
2569 4764 2851 4834 dequibus
2879 4765 3130 4834 scriptum
3153 4773 3236 4819 est
3254 4807 3269 4831 ,
3297 4762 3596 4834 Peccatores

2013 4841 2059 4885 et
2087 4834 2341 4904 adulteros
2358 4833 2609 4902 judicabit
2636 4832 2881 4890 Dominus
2907 4832 3092 4902 (Ilebr.
3122 4850 3231 4896 XIII,
3260 4835 3350 4904 4);
3383 4844 3436 4887 et
3466 4833 3594 4887 illud

2013 4903 2251 4971 Apostoli
2275 4904 2420 4975 quod
2456 4904 2565 4974 jam
2596 4919 2754 4975 supra
2793 4906 2991 4959 dictum
3019 4914 3131 4971 est,
3163 4903 3343 4975 Neque
3379 4904 3596 4975 adulleri

2012 4989 2219 5046 regnum
2263 4972 2357 5026 Dei
2412 4972 2947 5046 possidebuntKQuid
2989 4975 3083 5030 tibi
3124 4972 3371 5046 prodest,
3403 4973 3597 5046 infelix

2013 5044 2333 5114 quicumque
2354 5058 2410 5097 es
2444 5044 2554 5107 ille,
2585 5044 2727 5112 quod
2753 5044 3075 5101 christianus
3101 5044 3329 5110 vocaris,
3371 5044 3416 5098 si
3460 5058 3590 5114 pec-

2012 5122 2131 5167 cato
2158 5112 2402 5183 adulterii
2426 5128 2455 5166 a
2482 5129 2648 5183 regno
2677 5115 2766 5170 Dei
2794 5116 2997 5171 excludi
3021 5117 3314 5172 merueris?

2083 5185 2136 5238 5.
2177 5181 2567 5258 concubinatus
2588 5186 2732 5240 valde
2760 5191 3008 5258 frequens.
3047 5188 3318 5242 Peccatum
3357 5202 3460 5258 non
3500 5202 3598 5256 puo

2012 5262 2168 5307 tatur.
2198 5253 2458 5308 Adulterio
2487 5256 2631 5325 pejus
2658 5253 2914 5324 peccatum
2942 5268 3035 5313 est.
3068 5258 3387 5313 Consuetudo
3420 5253 3599 5311 Rointe

2012 5325 2155 5398 circa
2185 5324 2420 5398 nubentes
2459 5342 2579 5398 non
2601 5326 2833 5397 virgines.
2893 5328 2959 5383 Et
3016 5332 3115 5385 hoc
3172 5343 3340 5398 rogo,
3403 5327 3599 5383 fratres

2010 5393 2310 5449 charissimi
2342 5436 2358 5462 ,
2413 5405 2467 5451 et
2516 5393 2779 5453 admoneo
2826 5398 3150 5454 Charitatem
3204 5393 3471 5461 vostram,
3540 5406 3600 5450 ut

2009 5466 2328 5541 quicumque
2393 5481 2586 5541 uxores
2654 5470 2923 5541 accepturi
2990 5479 3163 5534 sunt,
3193 5467 3593 5541 _virginitatem

2011 5550 2179 5617 usque
2201 5538 2266 5590 ad
2288 5538 2499 5619 nuptias
2520 5547 2733 5622 servent
2761 5538 2797 5593 ε’
2818 5540 2938 5622 quia
2978 5538 3246 5621 quomodo
3285 5538 3460 5620 nullus
3492 5546 3592 5622 “est

2008 5607 2397 5678 qui_sponsam
2446 5608 2694 5663 violatam
2753 5607 2881 5665 velit
2940 5607 3214 5678 accipere,
3271 5609 3349 5663 sic
3415 5607 3597 5665 nullus

2009 5691 2067 5730 se
2105 5676 2262 5731 debet
2313 5688 2436 5733 ante
2487 5680 2699 5747 nuptias
2744 5679 3036 5735 adulterina
3058 5676 3447 5735 commixtione
3481 5693 3595 5733 cor-

2010 5763 2275 5821 rumpere.
2320 5748 2452 5821 Sed,
2496 5750 2643 5819 quod
2685 5750 2836 5819 pejus
2878 5760 2981 5816 est,
3021 5749 3198 5821 plures
3218 5759 3342 5805 sunt
3369 5750 3591 5820 quisibi

2009 5818 2350 5891 concubinas
2372 5818 2648 5884 adhibent,
2676 5818 2958 5891 antequam
2987 5818 3179 5877 ttkores
3208 5818 3470 5890 accipiant
3500 5838 3513 5874 :
3537 5831 3593 5874 et

2008 5889 2129 5959 quia
2168 5889 2384 5960 grandis
2413 5890 2692 5947 multitudo
2732 5889 2847 5961 est,
2893 5889 3359 5949 excommunicare
3406 5905 3607 5959 omnes
