4088 6372
361 389 504 446 2295

360 507 529 572 licuit,
559 519 826 574 nunquam
863 503 1062 574 licebit.
1110 501 1213 560 Sed
1242 500 1378 574 quod
1413 499 1559 574 pejus
1595 509 1696 564 est,
1728 499 1928 574 faciunt

359 579 464 656 hoc
481 571 633 630 multi
665 571 906 656 virijlure
941 573 1062 656 fori,
1091 589 1192 655 non
1236 573 1353 656 jure
1375 572 1540 656 gmli;
1572 586 1676 651 non
1713 571 1929 656 Ajustitia

360 647 598 710 iubente.
631 645 722 699 sed
763 642 980 702 libidine
1016 645 1341 698 dominante.
1372 642 1504 696 Cum
1533 643 1674 694 enim
1703 643 1930 710 Aposto-

381 665 598 707 tlDenle,
631 665 722 699 seu
763 665 980 702 lIDIuIne
1016 665 1341 698 uulnlututw.
1372 665 1504 696 Ulllll
1533 665 1674 694 υιιιιιι
1703 665 1930 710 ιηιυδιυ·

351 665 441 771 ius
492 715 735 786 conjugia
785 715 1096 781 habentibus
1145 714 1305 771 dicat,
1350 711 1568 778 Tempus
1595 713 1734 786 breve
1765 721 1855 786 est,
1885 720 1932 764 et

354 781 608 856 superest,
635 781 688 839 ιῖι
729 785 1030 856 ιιιιὶίΙιαὺεηι
1070 801 1245 856 uajores
1266 823 1280 846 ,
1313 793 1549 856 tanquam
1576 799 1673 856 non
1701 781 1933 836 habentes

355 853 457 910 sint
481 857 523 925 (Ι
550 855 665 909 Cor.
690 853 761 909 vn
781 897 796 920 ,
818 855 948 925 29);
978 864 1034 910 et
1080 854 1230 920 illud,
1259 853 1508 925 Abstinele
1533 853 1598 925 ad
1615 862 1837 925 tempus,
1879 861 1933 904 ut

355 922 541 980 vacetis
562 927 777 980 orationi
806 924 963 994 (Ibid.
994 941 1048 989 v,
1078 926 1131 995 5)
1163 943 1176 979 :
1205 923 1469 995 quomodo
1506 922 1772 976 adulteras
1801 937 1930 995 cou-

354 997 580 1051 cubinas
611 992 865 1065 permittit
891 992 1232 1064 habere,qui
1251 994 1550 1065 castitatem
1575 1008 1788 1046 servare
1810 1003 1862 1046 et
1879 992 1929 1044 in

353 1064 625 1136 conjugiis
652 1066 836 1136 positis
869 1067 1152 1135 praecepit?
1183 1066 1286 1119 Pro
1312 1080 1411 1134 qua
1441 1079 1498 1136 re
1543 1064 1730 1136 iterum
1760 1071 1930 1136 atque

353 1133 548 1190 iterum
591 1133 720 1191 voce
768 1133 932 1190 libera
959 1133 1152 1202 clamo,
1197 1133 1461 1204 quiaqui
1510 1142 1632 1187 ante
1669 1133 1931 1204 legitimas

355 1208 568 1276 nuptias
595 1207 940 1282 concubinam
995 1207 1100 1282 sibi
1136 1203 1402 1282 adhibere
1435 1203 1725 1282 przesumit,
1785 1203 1930 1282 pejus

354 1274 634 1345 peccatum
665 1277 804 1339 facit,
832 1292 988 1344 quam
1016 1279 1102 1346 qui
1129 1275 1442 1329 adulterium
1460 1274 1740 1328 connnittit
1769 1291 1781 1326 :
1809 1274 1927 1346 quia

353 1343 447 1416 qui
474 1347 756 1405 adulterat.
786 1343 960 1402 adhuc
987 1343 1093 1400 ta'm
1131 1360 1290 1416 grave
1331 1346 1528 1416 malum
1577 1352 1784 1416 secrete
1824 1343 1930 1396 vult

352 1415 532 1486 agere,
563 1418 613 1470 in
643 1417 854 1485 publico
877 1426 1053 1471 autem
1075 1415 1166 1470 aut
1192 1415 1376 1470 metuit
1401 1415 1929 1486 auterubescitcom-

354 1484 598 1557 mittere;
628 1484 715 1541 ille
744 1503 870 1542 vero
895 1486 982 1555 qui
1015 1488 1219 1557 publice
1240 1487 1587 1541 concubinam
1613 1484 1808 1557 habere
1832 1499 1928 1535 vo-

352 1558 532 1618 luerit,
565 1556 737 1612 fronte
770 1555 1226 1624 impudentissima
1260 1572 1368 1610 rem
1393 1555 1797 1618 exsecrabilem,
1820 1564 1928 1608 toto

353 1629 551 1698 pepulo
580 1627 816 1691 vidente,
843 1629 1067 1682 licenter
1083 1642 1145 1698 se
1179 1635 1325 1694 putat
1349 1627 1644 1680 admittere.

424 1699 476 1752 5.
495 1699 538 1749 Α
569 1697 736 1750 multis
752 1699 1050 1750 admittitur.
1071 1697 1133 1749 Et
1162 1698 1272 1749 ideo
1295 1695 1800 1750 excommunicationi:
1829 1711 1927 1748 non

354 1769 578 1836 punitur.
607 1766 1006 1822 Benedictionem
1033 1768 1307 1837 nuptialem
1331 1783 1431 1819 non
1457 1775 1672 1819 uteretur
1686 1766 1770 1833 qui
1791 1766 1927 1834 virgo

352 1849 565 1892 nonest.
593 1838 694 1892 Sed
728 1838 862 1892 forte
890 1839 962 1892 illi
984 1839 1070 1907 qtti
1095 1840 1194 1891 isto
1222 1847 1436 1906 peccato
1464 1852 1568 1890 non
1590 1845 1712 1888 sunt
1740 1850 1923 1890 macu-

352 1910 466 1973 lati,
499 1908 678 1962 dicunt
708 1926 720 1960 :
754 1908 927 1975 Quare
957 1906 1042 1977 qui
1071 1907 1171 1960 hoc
1197 1914 1404 1976 agunta
1432 1906 1804 1977 communione
1822 1921 1924 1960 non

353 1979 783 2048 suspenduntur?
813 1978 936 2032 Ideo
964 1975 1104 2032 cnim
1133 1975 1332 2030 tantum
1363 1976 1539 2048 scelus
1573 1991 1602 2048 ξι
1624 1975 1920 2048 sacerdoti:

351 2045 694 2102 bus'minime
718 2049 1033 2114 vindicatur,
1088 2048 1207 2116 quia
1237 2063 1267 2101 a
1295 2047 1476 2101 multis
1529 2045 1838 2099 admittitur.
1870 2045 1924 2100 Si

348 2120 490 2171 enim
523 2133 657 2171 unus
682 2129 772 2171 aut
800 2120 1022 2188 duo_aut
1048 2127 1274 2188 quatuor
1301 2116 1384 2171 vel
1409 2117 1640 2188 quinque
1671 2117 1803 2169 mala
1828 2117 1923 2170 ista

350 2191 525 2242 facere
553 2185 970 2256 praesumerent;
1002 2185 1326 2258 tat—poterant
1354 2197 1409 2241 ct
1429 2185 1694 2241 debebant
1717 2203 1819 2258 non
1847 2201 1926 2258 so-

353 2260 462 2312 lam
492 2275 518 2310 a
548 2260 923 2314 communione
958 2257 1231 2326 suspendi,
1262 2258 1356 2312 sed
1385 2258 1544 2310 etiam
1587 2271 1615 2308 a
1662 2257 1924 2326 colloquio

351 2337 407 2381 et
435 2330 678 2383 convivio
698 2330 968 2382 christiani
996 2329 1177 2398 populi
1205 2328 1439 2397 separari
1461 2326 1750 2398 secundum
1798 2327 1921 2380 illud

347 2399 608 2470 Apostoli,
655 2399 783 2452 Cum
839 2397 1128 2470 hujusmodi
1173 2415 1260 2450 nec
1296 2398 1458 2470 cibum
1485 2397 1924 2470 quidein‘sumere

347 2468 485 2537 (Id.,
512 2470 600 2537 14)
633 2488 644 2520 :
676 2467 952 2524 multitudo
968 2478 1141 2523 tamen
1171 2468 1519 2536 peccantium.
1543 2468 1680 2519 sicut
1703 2467 1809 2534 jam
1839 2469 1921 2520 di-

345 2549 494 2592 ctum
524 2549 623 2595 est.
658 2539 901 2607 prohibet
939 2540 1240 2593 sacerdotes
1272 2537 1475 2590 Domini
1509 2538 1560 2590 in
1597 2537 1700 2590 illis
1729 2537 1921 2590 distin-

345 2624 528 2676 guere.
564 2609 783 2662 Faciunt
813 2618 987 2663 tamen
1017 2609 1142 2663 boni
1183 2607 1486 2662 sacerdotes
1509 2607 1648 2675 quod
1680 2615 1919 2675 possunt,

344 2687 402 2732 et
428 2693 546 2732 cum
586 2678 814 2746 perfecta
840 2679 1099 2735 charitate
1127 2678 1454 2733 contendunt
1476 2693 1628 2746 orare
1663 2686 1716 2732 et
1742 2679 1918 2746 suspi-

345 2763 469 2820 rare
493 2745 717 2820 iugiter,
760 2758 815 2804 et
853 2749 1080 2818 gemitus
1107 2763 1169 2804 ac
1199 2748 1403 2820 rugitus
1441 2745 1748 2813 effundunt;
1782 2745 1918 2802 ut’in

345 2819 539 2886 quibus
559 2817 790 2890 propter
834 2817 1089 2874 infinitam
1136 2817 1524 2890 multitudinem
1556 2832 1662 2872 non
1701 2828 1923 2886 possunt

345 2888 688 2959 severitatem
713 2890 797 2944 vel
833 2890 1164 2959 disciplinam
1205 2888 1616 2959 ecclesiasticam
1644 2902 1916 2952 exercere,

347 2958 614 3014 monendo
638 2961 720 3014 vel
747 2961 947 3014 orando
971 2958 1064 3029 pro
1084 2961 1162 3014 eis
1188 2960 1390 3028 possint
1415 2973 1508 3011 eos
1529 2958 1613 3012 vel
1639 2959 1921 3026 aliquando

345 3029 414 3081 ad
441 3030 800 3098 pmnitenliam
825 3045 1131 3099 provocare.
1159 3029 1307 3085 Unde
1331 3031 1520 3082 iterum
1545 3037 1704 3097 atque
1725 3029 1919 3083 iterum

346 3113 476 3168 rogo
502 3100 700 3169 pariter
727 3108 780 3154 et
807 3109 1102 3166 contestor,
1147 3109 1205 3154 ut
1229 3099 1320 3169 qui
1351 3113 1569 3169 nitorem
1606 3107 1754 3167 optat
1777 3101 1918 3154 acci-

351 3167 656 3235 pere—sicut
684 3171 824 3224 illam
851 3171 1105 3240 virginem
1134 3167 1675 3240 inve—niredesiderat,
1705 3171 1774 3223 ita
1806 3170 1918 3238 ipse

345 3254 516 3308 usque
544 3240 609 3294 ad
640 3243 851 3310 nuptias
889 3237 1037 3310 virgo
1065 3240 1133 3293 sit
1162 3259 1174 3294 :
1201 3241 1320 3310 quia
1345 3238 1389 3292 si
1420 3255 1523 3292 non
1547 3237 1722 3310 fuerit,
1753 3237 1918 3295 bene-

349 3310 636 3380 dictionem
663 3308 906 3380 accipere
941 3308 1063 3365 cum
1101 3308 1294 3379 sponsa
1321 3324 1414 3362 sua
1439 3308 1560 3380 non
1591 3311 1916 3380 merebitur;

345 3388 400 3432 et
424 3379 670 3452 impletur
699 3383 751 3435 in
771 3377 834 3436 eo
855 3381 994 3452 quod
1021 3377 1272 3452 scriptum
1299 3387 1400 3442 est,
1425 3377 1600 3452 Noluit
1623 3379 1921 3452 benedictio-

345 3466 476 3521 nem,
502 3449 556 3503 et
589 3449 896 3521 elongabitur
929 3451 990 3504 ab
1027 3467 1084 3504 eo
1116 3449 1174 3520 (1
1204 3450 1320 3521 Cor.
1367 3464 1461 3516 vlt,
1494 3449 1624 3519 29).
1655 3449 1771 3521 Jam
1799 3451 1920 3506 vide

344 3520 389 3573 si
418 3520 744 3589 pmoitentiae
769 3522 1059 3576 remedium
1085 3535 1189 3575 non
1222 3520 1562 3582 subvenerit,
1589 3520 1713 3589 quid
1741 3520 1806 3575 de
1829 3522 1920 3576 illo

341 3588 467 3652 erit,
495 3589 578 3643 vel
619 3605 720 3658 qua
746 3592 1008 3647 sententia
1035 3606 1156 3644 eum
1185 3590 1535 3658 necesseierit
1558 3589 1611 3641 in
1637 3588 1813 3644 futuro
1835 3591 1920 3658 ju-

341 3659 486 3712 dicio
527 3657 836 3727 subiacere,
886 3663 974 3729 qui
1018 3659 1126 3728 jam
1176 3660 1229 3713 in
1274 3657 1469 3729 saculo
1499 3657 1919 3716 benedictionem

342 3744 467 3782 cum
489 3743 684 3796 sponsa
713 3745 808 3784 sua
833 3728 938 3784 non
962 3731 1058 3782 luit
1081 3730 1270 3798 dignus
1291 3728 1553 3798 accipere.

417 3798 472 3852 6.
501 3797 756 3853 Adulteris
781 3801 914 3854 deest
940 3799 1085 3868 ﬁdes.
1123 3797 1190 3854 Et
1217 3797 1344 3852 illud
1373 3797 1629 3852 attendite
1648 3839 1662 3862 ,
1694 3797 1917 3865 fratres,

342 3870 391 3922 si
421 3870 473 3922 in
511 3879 614 3923 tam
650 3872 794 3939 gravi
821 3870 1053 3940 periculo
1075 3878 1203 3940 sunt
1228 3869 1316 3938 qui
1346 3883 1670 3940 uxoresnon
1703 3869 1916 3940 habent,

342 3948 397 3992 et
426 3949 518 3994 aut
545 3938 864 3995 concubinas
893 3940 991 3994 sibi
1021 3939 1292 4001 adhibent,
1325 3946 1415 3991 aut
1442 3938 1696 3992 adulteria
1726 3939 1919 3993 admit-

342 4018 464 4062 tunt
493 4027 506 4062 :
539 4009 664 4078 quid
710 4011 775 4064 de
820 4025 879 4064 se
927 4008 1166 4063 infelices
1211 4009 1286 4062 illi
1328 4008 1596 4078 cogitant,
1629 4009 1734 4078 qui
1782 4011 1920 4064 forte

341 4076 586 4148 conjugia
631 4081 885 4135 habentes
931 4079 1251 4143 adulterant,
1296 4085 1351 4132 et
1376 4076 1581 4148 insano
1619 4076 1797 4132 furore
1836 4082 1917 4134 vel

340 4146 545 4203 crudeli
591 4150 890 4203 infelicitate
915 4149 980 4202 de
1012 4149 1210 4218 judicio
1239 4148 1332 4202 Dei
1359 4146 1675 4218 desperant;
1704 4149 1792 4216 qui
1819 4165 1918 4204 nec

340 4219 598 4286 supplicia
645 4219 831 4274 inferni
883 4216 1191 4286 formidant,
1222 4232 1322 4272 nec
1359 4216 1664 4272 desiderant
1704 4221 1919 4284 prmmia

344 4289 581 4342 a:terna?
607 4289 660 4344 Si
691 4290 831 4343 enim
874 4289 1029 4343 fidem
1063 4289 1318 4344 haberent
1341 4327 1355 4351 ,
1383 4287 1569 4356 utique
1601 4286 1709 4341 Deo
1736 4288 1919 4344 crede-

343 4367 480 4421 rent,
511 4369 564 4411 et
591 4368 870 4414 venturum
892 4359 1148 4428 judicium
1185 4373 1305 4411 cum
1343 4366 1571 4412 tremore
1598 4365 1914 4412 metuerent.

344 4429 603 4510 Probatur
631 4431 930 4510 enim_quia
963 4429 1262 4510 hominibus
1290 4428 1537 4510 credunt,
1579 4435 1634 4510 et
1668 4428 1788 4510 Deo
1811 4445 1915 4510 non

340 4499 593 4563 credunt;
625 4511 679 4552 ιιι
710 4497 932 4568 publice,
965 4499 1052 4553 ubi
1082 4499 1323 4553 homines
1342 4497 1538 4557 vident.
1569 4497 1822 4568 adulteria
1855 4500 1916 4553 ti-

340 4579 548 4632 meant;
581 4578 634 4622 et
661 4567 886 4632 secrete,
921 4569 1006 4622 ubi
1052 4569 1191 4622 Deus
1221 4569 1395 4633 videt,
1446 4567 1662 4620 omnino
1702 4583 1806 4621 non
1851 4570 1913 4623 ti-

341 4647 540 4692 meant.
584 4640 636 4692 Si
677 4639 1112 4707 qualemcumque
1149 4638 1426 4691 scintillam
1471 4636 1595 4691 ﬁdei
1625 4636 1910 4706 haberent,

340 4711 480 4762 sicut
525 4725 628 4762 non
675 4709 982 4777 permittunt
1026 4723 1209 4761 servos
1247 4722 1371 4760 suos
1397 4709 1449 4760 in
1493 4708 1773 4777 praesentia
1819 4724 1913 4764 sua

343 4793 597 4847 peccare;
630 4776 699 4832 ita
731 4793 828 4832 nec
867 4778 938 4831 illi
968 4779 1016 4831 in
1048 4786 1333 4844 conspectu
1366 4776 1573 4830 Domini
1601 4778 1681 4831 sui
1705 4777 1912 4834 adulte-

340 4865 460 4902 rare
477 4860 886 4930 ‘pricsumercnt.
910 4847 1016 4930 Sed
1026 4847 1110 4930 de.
1131 4847 1327 4926 talibus
1341 4847 1534 4927 clamat
1561 4862 1656 4927 per
1686 4848 1915 4930 prophe-

340 4927 449 4972 tam
476 4918 704 4984 Spiritus
725 4928 959 4981 sanctus,
993 4917 1151 4980 Dixit,
1190 4917 1359 4986 inquit
1377 4959 1389 4978 ,
1407 4917 1660 4986 insipiens
1687 4917 1739 4970 in
1765 4919 1912 4972 corde

339 5005 455 5051 suo,
489 4987 608 5041 Non
635 4999 707 5042 est
751 4988 882 5042 Deus
908 4988 1074 5058 (Psal.
1123 5003 1238 5049 xm,
1266 4985 1355 5058 ll),
1385 4985 1602 5058 Certum
1645 4995 1745 5058 est
1768 4989 1909 5042 enim

339 5060 462 5125 quia
490 5074 595 5111 non
623 5058 790 5112 credit
825 5055 987 5111 Deum
1019 5072 1170 5120 esse,
1202 5057 1293 5125 qui
1323 5057 1375 5110 in
1403 5055 1633 5110 tenebris
1658 5067 1710 5110 et
1736 5057 1788 5110 in
1817 5073 1909 5113 oc-

340 5131 484 5182 culto
509 5128 597 5182 illa
619 5138 880 5197 praisente
907 5129 1017 5182 Deo
1040 5127 1180 5189 facit,
1203 5143 1318 5194 quae
1346 5126 1554 5197 publice
1578 5125 1750 5197 facere
1772 5143 1909 5197 pra:-

340 5198 582 5252 sentibus
623 5195 922 5252 hominibus
963 5197 1284 5265 pertimescit
1310 5213 1330 5267 :_
1351 5196 1519 5250 nescit
1565 5195 1746 5250 infelix
1773 5195 1909 5267 'quia

341 5269 508 5322 vultus
532 5267 736 5322 Domini
775 5284 932 5338 supei:
969 5268 1204 5338 facientes
1229 5265 1384 5330 maia,
1414 5277 1464 5320 ut
1493 5267 1667 5336 perdat
1692 5268 1754 5322 de
1775 5265 1910 5322 terra

345 5339 643 5392 memoriam
668 5335 847 5390 eorum
872 5335 1038 5406 (Psal.
1063 5353 1249 5400 xxxtn,
1280 5338 1390 5406 l7).

413 5409 467 5465 7.
506 5407 854 5478 Excusantmse
893 5423 1015 5476 quos
1044 5408 1239 5478 negotia
1284 5407 1461 5478 diuab
1493 5407 1731 5462 uxoribus
1758 5423 1908 5478 sepa-

342 5487 478 5531 rant.
519 5477 648 5530 lnde
674 5493 726 5530 se
752 5476 1010 5530 danmant.
1057 5477 1160 5530 Sed
1203 5476 1336 5531 forte
1363 5476 1488 5530 dicit
1514 5478 1700 5545 aliquis
1725 5495 1739 5532 :
1775 5476 1910 5534 Ecce

343 5549 692 5616 compellcntc
732 5548 942 5614 negotio
978 5557 1067 5600 aut
1091 5548 1310 5615 jubente
1358 5562 1481 5614 rege
1525 5547 1593 5599 ab
1635 5563 1802 5602 uxore
1833 5558 1909 5603 tot

345 5619 614 5672 mensibus
655 5626 746 5670 aut
786 5617 938 5670 annis
987 5625 1290 5685 separatus,
1319 5617 1586 5685 quomodo
1613 5619 1906 5674 castitatem

343 5703 558 5743 servare
581 5687 813 5756 possim?
846 5686 939 5741 Cui
965 5685 1248 5755 iustissime
1277 5685 1583 5754 responderi
1616 5695 1822 5755 potest,
1853 5700 1910 5743 ut

344 5759 526 5814 redeat
569 5756 636 5810 ad
679 5771 894 5812 uxorem
925 5773 1092 5812 suam.
1145 5757 1247 5812 Sed
1295 5771 1414 5810 cum
1463 5757 1561 5811 hoc
1599 5758 1905 5826 negotiatori

344 5828 547 5896 dixero,
571 5834 744 5898 potest
769 5827 894 5884 ntihi
919 5829 1093 5885 dicere
1112 5829 1234 5898 quia
1262 5827 1303 5882 si
1333 5827 1596 5898 negotium
1627 5828 1901 5897 dimiserit,

1772 381 1998 438 SERMO
2037 381 2234 438 CCXC.

3487 397 3624 452 22οὶ

2046 514 2165 571 non
2193 497 2386 571 habeat
2425 500 2563 556 unde
2595 503 2752 556 vivat.
2786 503 3014 560 Militans
3041 507 3204 571 dicit,
3238 509 3294 564 Si
3326 514 3619 567 exercitum

2040 568 2315 644 dimisero,
2350 570 2672 644 iracundiam
2709 575 2848 644 regis
2889 575 3124 632 incurro.
3156 568 3272 633 Istis
3307 581 3497 637 talibus
3527 598 3618 636 ve-

2042 640 2234 714 raciter
2263 639 2366 694 dici
2395 651 2585 709 potest,
2620 643 2664 697 si
2700 639 2851 698 timet
2881 661 3058 714 regem
3083 689 3096 711 ,
3124 658 3177 703 et
3207 649 3327 704 ideo
3352 666 3454 705 non
3487 653 3622 708 redit

2038 712 2104 762 ad
2135 724 2357 764 uxorem
2400 725 2549 788 suam
2599 716 2898 788 propriam;
2942 712 3104 788 debet
3127 719 3315 774 timere
3346 720 3534 788 Deum,
3571 734 3624 776 ut

2039 794 2144 860 non
2197 789 2374 860 tangat
2420 781 2669 860 alienam.
2701 781 2849 838 Nam
2878 787 3146 860 quomodo
3194 789 3363 854 illum,
3395 791 3483 860 qui
3514 781 3619 847 non

2034 849 2215 918 jussus
2234 849 2420 924 relicto
2445 854 2678 908 exercitu
2702 849 2979 911 revertitur
2998 856 3065 910 ad
3086 874 3301 913 uxorem
3328 849 3497 924 suam,
3526 879 3617 918 rex

2039 928 2213 988 potest
2237 920 2516 997 occidere_;
2545 924 2622 976 sic
2651 934 2702 977 et
2732 925 2878 978 illum
2918 927 3008 996 qui
3037 928 3191 997 longe
3224 931 3424 996 positus
3467 920 3619 986 adul-

2039 999 2208 1072 terat.,
2252 1001 2438 1072 potest
2490 993 2626 1072 Deus
2655 993 3441 1072 perpetua'pmna'da'mnare.
3472 1001 3620 1072 llogo

2036 1057 2354 1143 vos,fratrcs
2370 1057 2689 1143 cbarissimi,
2716 1057 2992 1143 si'prOpte'r
3021 1069 3214 1143 negotii
3243 1057 3614 1127 necessitatciii

2034 1137 2090 1206 et
2117 1137 2258 1206 regis
2296 1137 2590 1206 jussionem
2625 1137 2981 1206 unusquisque
3025 1137 3108 1192 ab
3136 1155 3299 1194 uxore
3327 1156 3420 1195 sua
3452 1143 3615 1196 inter-

2034 1201 2158 1281 dum
2186 1204 2343 1255 etiam
2375 1204 2529 1281 longo
2557 1201 2793 1272 tempore
2829 1201 3137 1281 separatur;
3185 1226 3348 1278 quare
3394 1224 3612 1281 propter

2035 1269 2199 1351 Deutn
2243 1281 2296 1324 et
2345 1269 2574 1327 animum
2605 1269 2759 1351 suum
2800 1269 2904 1329 tam
2950 1269 3311 1347 longospatio
3361 1269 3615 1351 tétnporis

2032 1341 2252 1419 castitas.
2275 1357 2381 1419 non
2406 1347 2684 1419 servatur?
2715 1347 2946 1419 Meretur
2967 1341 3094 1418 ergo
3123 1341 3407 1419 negotium,
3442 1341 3615 1408 mereo

2034 1418 2118 1463 tur
2145 1411 2284 1488 regis
2306 1413 2495 1482 jussio,
2525 1425 2582 1467 ut
2612 1417 2768 1469 tantis
2794 1417 2977 1471 diebus
3001 1411 3104 1473 non
3133 1411 3448 1488 agnoscatur
3485 1439 3616 1476 uxor

2032 1481 2245 1558 propria
2276 1481 2376 1536 :et
2415 1499 2518 1558 non
2547 1496 2781 1558 meretur
2816 1501 2964 1558 amor
2990 1498 3042 1542 et
3061 1481 3231 1557 jussio
3259 1491 3383 1558 Dei,
3421 1500 3478 1546 ut
3508 1511 3612 1547 non

2029 1551 2366 1632 contingatur
2406 1553 2618 1632 aliena?
2643 1555 2744 1632 Sed
2779 1556 2867 1624 qui
2916 1557 3016 1613 hoc
3060 1551 3272 1630 preptcr
3312 1551 3613 1632 negotiandi

2032 1620 2235 1675 lucrum
2279 1633 2333 1699 et
2361 1624 2506 1699 regis
2528 1620 2808 1699 imperium
2835 1620 3076 1695 servant,
3105 1620 3170 1682 ρι’
3201 1620 3413 1699 propter
3444 1635 3607 1687 Deum

2031 1704 2244 1746 servare
2270 1693 2636 1770 dissimulant;
2661 1697 2831 1770 sciant
2850 1699 2937 1766 qui
2961 1693 3078 1752 talia
3099 1693 3278 1769 agunt,
3299 1693 3443 1770 quod
3464 1704 3507 1756 si
3535 1704 3612 1758 eis

2032 1775 2135 1814 non
2165 1763 2469 1830 pcnnitentia
2499 1765 2834 1831 subvenerit,
2865 1763 2983 1821 cum
3010 1763 3382 1824 ante'tribun'al
3407 1771 3607 1827 Christi

2031 1833 2474 1909 sta-rei-(nperiiit,
2497 1835 2767 1909 abauditu
2790 1837 2928 1890 malo
2959 1838 3167 1894 liberari
3197 1855 3298 1892 non
3327 1851 3605 1909 poterunt:

2031 1901 2122 1983 sed
2167 1903 2374 1983 dicet'm:
2404 1905 2526 1983 illis,
2553 1905 2799 1983 Discedite
2822 1924 2853 1960 a
2880 1924 2978 1976 me,
3027 1909 3278 1964 maledicti
3295 1901 3402 1977 ,'in
3444 1913 3610 1983 ignem

2029 1972 2506 2046 adornant-(Matth.
2539 1992 2664 2041 xxv,
2696 1977 2807 2046 41).

2100 2042 2152 2096 8.
2196 2041 2415 2120 Militum
2458 2041 3088 2120 petulantiareprimitur.
3140 2049 3208 2104 Et
3258 2049 3386 2104 illud
3449 2051 3604 2120 quale

2029 2122 2130 2189 est,
2155 2113 2294 2189 qu_0d
2321 2113 2598 2184 aliquoties
2615 2117 2698 2189 vir
2728 2113 3042 2189 fortissimus
3067 2120 3355 2188 procedens
3381 2120 3445 2173 atl
3467 2113 3604 2189 pra:-

2028 2181 2343 2255 liumforte
2409 2181 2515 2238 non
2556 2187 2730 2240 minus
2781 2188 2964 2242 decem
3020 2181 3260 2245 inimicos
3300 2181 3552 2245 occiderit
3585 2232 3600 2255 ,

2027 2260 2081 2327 et
2116 2267 2191 2327 ex
2237 2253 2348 2327 ipsa
2402 2255 2619 2327 victoria
2661 2257 2889 2327 aliquam
2945 2259 3168 2326 puellam
3199 2260 3265 2314 dc
3298 2259 3471 2327 pra‘da
3517 2253 3605 2314 ac;

2027 2322 2250 2390 cipiens,
2281 2322 2554 2399 dumcmn
2583 2326 2670 2399 illa
2699 2322 3400 2399 peradultcriumjungitur,
3427 2329 3602 2384 anima

1994 2451 2000 2455 _
2026 2406 2117 2469 sua
2151 2393 2347 2469 peccati
2377 2394 2553 2469 gladio
2583 2393 2916 2469 ittteilicitttr.
2946 2399 3010 2452 Et
3029 2393 3199 2453 videte
3219 2393 3470 2469 q'uantum
3493 2415 3604 2454 ma-

2026 2461 2133 2514 lum
2166 2462 2252 2526 sit,
2283 2471 2340 2534 ut
2375 2461 2564 2533 aliquis
2593 2467 2857 2521 crudelior
2883 2469 3072 2522 cxistth
3099 2471 3151 2522 in
3195 2461 3273 2534 se,
3305 2484 3452 2524 suam
3485 2471 3600 2524 ani-

2027 2547 2166 2608 mam
2196 2533 2485 2608 occidendo
2516 2551 2610 2608 per
2642 2537 2927 2603 luxuriam,
2967 2540 3132 2607 magis
3166 2533 3323 2608 quam
3366 2556 3458 2608 pcr
3485 2555 3601 2594 car-

2027 2603 2198 2677 nalem
2241 2603 2968 2677 victoriamadversariorum
3000 2603 3220 2677 corpora
3267 2603 3599 2664 trucidando.

2033 2672 2163 2752 Y'ere
2184 2673 2465 2752 iugendum
2493 2684 2576 2730 est
2594 2676 2990 2752 ct_dole_ndum,_
3005 2688 3060 2731 ut
3090 2672 3177 2734 ille
3203 2681 3312 2752 qui,
3340 2680 3597 2749 sicutjam

2025 2740 2154 2808 dixi,
2182 2740 2365 2798 decem
2385 2745 2724 2819 adversarios
2755 2748 2914 2819 vicit,
2942 2748 3010 2802 ab
3051 2765 3154 2803 una
3185 2740 3407 2805 muliere
3441 2740 3598 2819 εὗρε-

2027 2822 2197 2888 retur;
2227 2822 2283 2888 et
2309 2815 2397 2888 qui
2431 2824 2512 2888 tot
2533 2816 2794 2888 inimicos
2805 2818 3000 2888 occidit
3040 2821 3092 2872 in
3136 2834 3378 2888 corpore,
3402 2820 3470 2875 ab
3496 2815 3598 2873 una

2026 2885 2196 2958 puella
2219 2883 2486 2958 juguletur
2503 2885 2554 2958 in
2575 2886 2752 2942 corde.
2775 2886 2912 2942 Vere
2934 2889 3088 2943 nimis
3107 2883 3264 2958 grave
3280 2891 3476 2944 malum
3493 2900 3596 2956 est,

2027 2961 2082 3005 ut
2107 2954 2184 3006 vir
2215 2953 2476 3028 fortisqui
2499 2955 2638 3028 ferro
2655 2973 2758 3011 non
2784 2959 3030 3021 vincitur,
3058 2953 3274 3014 libidine
3293 2953 3592 3028 superetur;

2024 3031 2215 3076 etcum
2245 3025 2420 3078 mollia
2459 3036 2548 3099 aut
2574 3027 2762 3082 blanda
2789 3029 3114 3094 subvertant,
3146 3044 3302 3099 quem
3334 3025 3463 3084 dura
3493 3047 3594 3084 non

2024 3103 2308 3165 superant;
2334 3107 2387 3149 et
2415 3097 2504 3165 qui
2544 3111 2662 3152 esse
2699 3099 2938 3165 captivus
2979 3100 3058 3154 vel
3085 3097 3269 3153 servus
3295 3100 3596 3153 hominibus

2023 3162 2359 3237 dedignatur,
2383 3162 2567 3219 servus
2593 3180 2711 3237 esse
2742 3162 2942 3237 peccati
2979 3179 3276 3235 mereatur;
3306 3185 3426 3224 cum
3459 3171 3596 3224 iudi-

2022 3233 2175 3309 gnius
2200 3233 2268 3288 sit
2288 3243 2464 3309 mente
2487 3233 2857 3309 servirequam
2880 3253 3121 3308 corpore,
3145 3233 3433 3294 secundum
3455 3242 3594 3309 quod

2023 3303 2400 3381 scriptum-esi,
2430 3305 2474 3358 Α
2494 3321 2590 3374 quo
2617 3303 2747 3381 enim
2768 3310 2879 3378 quis
2908 3303 3140 3377 vincitur,
3179 3310 3330 3381 hujus
3355 3319 3401 3364 et
3426 3303 3594 3364 servus

2023 3373 2228 3448 efﬁcitur
2261 3373 2324 3448 (ll
2355 3373 2578 3448 Peli-gn,
2611 3377 2724 3448 19).
2754 3373 2789 3448 κ’
2833 3384 2837 3389 ’

2072 3444 2123 3497 9.
2143 3443 2428 3519 Conclusio.
2449 3445 2571 3519 llaec
2583 3443 2728 3516 ergo,
2746 3447 2935 3502 fratres
2945 3448 3262 3515 cbarissimi,
3279 3449 3323 3503 si
3335 3450 3482 3504 vobis
3498 3465 3597 3519 ego

2026 3527 2129 3590 non
2154 3513 2358 3590 d_iy_t_ero,
2381 3513 2766 3590 rationem—pro
2792 3519 3066 3573 animabus
3079 3513 3269 3574 vestris
3287 3521 3336 3574 in
3355 3521 3441 3574 die
3458 3513 3593 3590 judi-

2024 3583 2090 3635 cii
2106 3583 2405 3638 redditurus
2421 3599 2532 3660 ero.
2552 3583 2879 3660 Quicumque
2896 3598 3070 3660 autem
3093 3591 3257 3660 magis
3277 3591 3402 3644 mihi
3417 3583 3594 3654 irasci,

2023 3667 2180 3728 quam
2207 3668 2265 3708 se
2289 3655 2574 3728 emendare
2593 3655 2837 3721 voluerit,
2868 3673 2975 3712 non
2998 3659 3156 3713 habet
3182 3655 3319 3714 unde
3340 3675 3433 3728 per
3451 3661 3598 3728 igno-

2024 3723 2246 3776 rantiam
2287 3737 2347 3794 se
2387 3726 2555 3794 possit
2582 3737 2704 3781 ante
2732 3727 2960 3782 tribunal
2986 3731 3168 3783 aeterni
3210 3723 3410 3784 .ludicis
3432 3723 3595 3784 cicu-

2023 3807 2190 3864 sarc;
2209 3801 2266 3864 ut
2293 3793 2433 3848 dicat
2459 3809 2517 3849 se
2543 3810 2648 3850 non
2680 3796 2843 3851 fuisse
2872 3799 3221 3864 admonitum,
3264 3815 3362 3854 nec
3386 3813 3416 3854 a
3444 3801 3596 3854 malis

2026 3863 2367 3941 prohibitum,
2404 3865 2590 3941 ne_c_ad
2620 3880 2680 3941 ea
2711 3881 2828 3936 quae
2867 3875 2990 3941 sunt
3019 3869 3124 3922 Deo
3153 3869 3340 3938 placita
3369 3869 3592 3941 castigas

2025 3933 2168 4007 tione
2189 3941 2243 3986 et
2270 3933 2629 4007 admonitione
2651 3933 3070 4006 frequentissima
3099 3933 3460 4007 provocatum.
3490 3933 3594 3993 Sed

2022 4001 2300 4078 credimus
2317 4003 2382 4057 de
2413 4004 2618 4078 Domini
2647 4001 3195 4078 misericordia,quod
3225 4009 3295 4061 ita
3326 4009 3595 4078 negligen-

2025 4071 2164 4147 tibus
2192 4072 2491 4147 quibusque
2529 4074 2792 4143 inspirare
2833 4071 3164 4147 dignabitur,
3213 4086 3271 4130 ut
3297 4071 3598 4147 sibi'magis

2025 4140 2104 4212 vel
2134 4142 2363 4208 peccatis
2401 4143 2510 4196 suis
2549 4140 2706 4212 quam
2743 4140 3159 4199 medicamentis
3181 4140 3596 4201 sacerdotalibus

2022 4208 2347 4282 irascantur:
2373 4221 2427 4264 et
2453 4208 2719 4280 quomodo
2746 4222 3064 4282 aegrotantes
3091 4229 3120 4269 a
3146 4216 3448 4270 carnalibus
3480 4231 3594 4270 me-

2021 4277 2155 4354 dicis
2183 4277 2768 4354 requirunt—sanitatem
2792 4277 3096 4353 corporum,
3125 4285 3202 4338 sic
3237 4300 3264 4338 a
3303 4287 3591 4354 spirituali-

2020 4348 2118 4401 bus
2149 4350 2529 4404 medicamenta
2564 4351 2864 4406 desiderent
2887 4348 3205 4408 animarum.
3237 4348 3348 4410 Sed
3369 4357 3593 4409 conlidi-

2020 4432 2140 4494 mus
2161 4419 2282 4494 quia
2307 4420 2698 4494 praestabitboc
2717 4423 2894 4477 divina
2924 4424 3307 4494 misericordia,
3343 4425 3483 4494 quod
3524 4426 3592 4478 ita

2017 4487 2264 4564 nobis’de
2289 4487 2384 4542 sua
2409 4491 2780 4547 emendatione
2809 4494 3094 4549 studcbunt
3119 4487 3374 4564 gaudium'
3398 4495 3591 4558 facere,

2019 4565 2076 4636 ut
2101 4557 2166 4611 ad
2197 4569 2452 4613 arternum
2498 4574 2802 4636 mereantur
2837 4557 3384 4632 przemtum'feliciter
3407 4580 3594 4634 perve-

2019 4631 2166 4682 nire:
2198 4639 2484 4698 przestante
2513 4631 2736 4686 Domino
2763 4631 2964 4700 nostro,
2995 4643 3100 4688 etc.

2527 4721 2754 4778 SERMO
2789 4724 2965 4780 CCXC
2989 4724 3086 4796 (a).

2549 4819 2618 4862 De
2649 4815 2945 4864 Continentia
2968 4813 3059 4877 (b).

2087 4891 2505 4966 l.__Continentite
2537 4907 2785 4966 praecepta
2816 4908 2864 4950 et
2887 4899 3169 4953 necessitas.
3207 4900 3472 4954 Admonet
3498 4916 3604 4954 nos

2016 4962 2102 5035 lex
2132 4962 2309 5035 divina
2330 4974 2383 5035 e_t
2402 4962 2731 5035 exhortatur,
2763 4966 2954 5022 fratres
2980 4969 3296 5035 cbarissimi,
3321 4980 3376 5024 ut
3395 4985 3592 5024 concu-

2015 5032 2326 5155 Biscentiam
2352 5033 2509 5103 hujus
2542 5036 2722 5089 mundi
2751 5037 3062 5102 devitantes,
3085 5032 3425 5094 continentia:
3453 5039 3593 5094 salue

2054 5104 2094 5154 ri
2133 5118 2350 5155 oneram
2388 5103 2602 5155 demus:
2633 5122 2699 5155 ne
2739 5121 2834 5155 nos
2864 5108 3106 5155 illecebra
3133 5112 3454 5155 vtilnnlnlnm
3501 5125 3593 5155 uer

2054 5104 2350 5179 ri_op_eram
2382 5103 2602 5179 demus;
2633 5122 2699 5160 ne
2739 5121 2834 5179 nos
2864 5108 3106 5164 illecebra
3133 5112 3454 5179 voluptatum
3501 5125 3595 5178 per

2015 5172 2339 5247 variaducat
2364 5172 2658 5247 desideria,
2689 5185 2743 5230 et
2779 5177 2966 5247 laqueo
3001 5180 3186 5234 mortis
3228 5172 3458 5235 irretitos
3481 5172 3517 5243 ,’
3540 5179 3591 5232 in

2017 5243 2444 5318 przecipitiumet
2469 5243 2968 5318 voraginemtradat
2993 5251 3200 5305 inferni.
3225 5249 3477 5318 Loquitur
3498 5247 3595 5303 Sa-

2015 5313 2208 5379 pientia
2238 5312 2461 5388 homini.
2487 5322 2542 5368 et
2568 5312 2696 5370 dicit
2726 5336 2738 5369 :
2769 5316 2896 5372 Post
2917 5312 3340 5388 concupiscentia}
3360 5328 3470 5371 tuas
3491 5333 3592 5371 non

2014 5397 2116 5447 eas,
2139 5391 2184 5435 et
2207 5399 2239 5435 α
2253 5383 2504 5438 voluntate
2518 5394 2604 5438 tua
2619 5397 2836 5442 avertere
2849 5405 2868 5442 .'
2878 5390 2923 5443 si
2937 5383 3145 5460 praestas
3163 5391 3345 5442 animis
3361 5397 3459 5441 tua:
3470 5403 3592 5440 con-

2097 5473 2149 5536 α)
2184 5470 2323 5531 Alias,
2342 5473 2406 5522 de
2420 5481 2656 5536 Tempore
2678 5477 2786 5526 948.

2097 5536 2158 5605 l7)!
2179 5539 2230 5582 In
2266 5536 2539 5605 Appendice
2584 5551 2711 5605 nunc
2759 5542 2964 5602 primum
3008 5539 3284 5605 collocatur.
3311 5539 3589 5605 ambiguus

2015 5603 2128 5663 erat
2143 5598 2544 5663 [.ovaniensibus,
2569 5598 2944 5651 Verlino'autem
2965 5609 3017 5652 et
3038 5601 3269 5663 vindingo
3305 5598 3585 5663 falsus—ln-

2011 5658 2133 5724 certi
2153 5659 2362 5706 auctoris
2403 5666 2479 5708 est
2494 5694 2508 5718 ,
2532 5665 2582 5709 in
2605 5664 2911 5724 Benedictina
2934 5661 3110 5724 [tegula
3133 5658 3406 5711 exercitati.
3425 5660 3589 5724 stilua

2011 5718 2347 5772 subsequente
2363 5733 2591 5772 sermone
2615 5737 2709 5771 non
2733 5723 2935 5772 multum
2959 5718 3163 5772 rdeedit.
3183 5731 3252 5772 De
3276 5737 3406 5771 num.
3428 5722 3459 5771 2
3475 5722 3584 5770 vide

2011 5789 2145 5848 t;y_pr.
2169 5781 2232 5829 dc
2250 5781 2501 5848 Disciplina
2520 5791 2566 5832 ct
2591 5787 2767 5848 Habitu
2783 5785 3038 5846 virginum,
3066 5793 3112 5834 et
3141 5784 3367 5848 Regulam
3382 5783 3583 5836 Bcnedi:

2012 5843 2213 5904 cunam,
2233 5854 2336 5903 cap.
2373 5843 2418 5890 4.
2747 5842 2767 5862 '
