4088 6372
331 368 474 428 2297

319 486 467 543 enim
495 493 642 542 casta
665 483 918 554 juvenum
943 481 1191 554 pudicitia
1209 523 1225 549 ,
1254 493 1308 538 et
1335 481 1442 537 Deo
1471 481 1732 554 amabilis,
1761 494 1815 541 et
1840 485 1905 541 ad

319 571 486 612 omne
537 553 735 611 bonum
781 553 955 609 utilis.
973 553 1074 620 Qui
1113 553 1250 608 ﬁlios
1294 554 1454 608 habet
1490 553 1794 623 spirituales
1822 557 1907 612 vel

318 627 585 691 carnales,
608 628 806 680 nutriat
834 625 953 680 illos
994 627 1044 678 in
1072 624 1312 679 castitate
1334 623 1474 690 Deo,
1509 641 1612 678 non
1644 626 1694 678 in
1739 625 1905 681 forni-

319 699 534 753 catione
557 696 791 751 diabolo.
821 694 958 763 Quid
987 695 1203 764 prodest
1245 693 1444 749 homini
1485 697 1648 749 lilium
1676 693 1902 758 habere.

319 768 565 832 nutrire,
597 782 806 830 amare,
835 767 882 820 si
922 766 1137 820 :cternis
1179 781 1300 820 eum
1351 765 1548 819 nutriat
1595 769 1905 821 tormentis?

317 839 422 905 Qui
466 839 519 892 in
561 838 806 892 castitate
839 837 1060 903 vivunt,
1097 837 1388 905 angelicam
1421 837 1616 890 habent
1646 837 1696 890 iu
1746 839 1904 893 terris

316 908 800 962 conversationem.
844 906 1074 962 Castitas
1117 905 1386 960 hominem
1427 907 1564 961 cmlo
1606 907 1900 976 conjungit,

318 978 542 1047 Angelis
572 977 694 1031 facit
721 977 912 1030 civem.
944 977 1040 1045 Qui
1077 977 1354 1030 mulierem
1385 976 1544 1030 habet
1579 976 1899 1046 legitimam,

316 1048 554 1118 legitime
585 1055 761 1102 utatur
786 1062 850 1102 ea
897 1048 1223 1116 temporibus
1252 1047 1565 1118 opportunis
1585 1088 1599 1109 ,
1628 1058 1681 1099 ut
1709 1062 1900 1101 secun-

314 1117 446 1173 dum
471 1119 780 1187 Apostolum
801 1117 966 1187 possit
986 1133 1174 1172 vacare
1189 1117 1414 1170 orationi
1433 1118 1473 1186 (Ι
1497 1117 1614 1172 Cor.
1636 1132 1729 1182 vu,
1749 1118 1825 1184 5).
1850 1127 1903 1172 et

316 1187 744 1244 benedictionem
801 1200 1066 1242 mereatur
1117 1189 1344 1242 filiorum
1393 1202 1422 1240 a
1481 1189 1590 1243 Deo
1637 1188 1898 1256 accipere.

315 1258 486 1314 Nemo
529 1260 669 1314 dicat
711 1273 741 1314 ιι
773 1257 1118 1313 fornicatione
1166 1273 1225 1313 se
1259 1256 1532 1312 custodire
1569 1272 1673 1311 non
1721 1273 1900 1326 posse.

313 1325 514 1384 Fidelis
551 1331 683 1382 enim
721 1338 791 1382 est
825 1327 998 1395 Deus,
1032 1329 1160 1383 dicit
1202 1328 1488 1398 Apostolus
1509 1368 1524 1393 ,
1553 1329 1640 1398 qui
1661 1325 1762 1381 non
1789 1346 1902 1397 per-

314 1401 470 1454 mittit
495 1417 586 1454 nos
607 1400 787 1452 tentari
825 1416 978 1468 supra
1015 1399 1068 1452 id
1096 1399 1230 1467 quod
1256 1407 1457 1468 portare
1481 1413 1783 1466 possumus;
1812 1399 1900 1453 sed

313 1470 468 1539 faciet
491 1487 604 1523 cum
627 1467 896 1522 tentatione
922 1479 1214 1539 proventum
1247 1467 1356 1538 (Id.
1381 1484 1416 1523 Χ
1433 1509 1447 1532 ,
1480 1469 1592 1539 15}.
1614 1468 1759 1522 Talis
1781 1471 1898 1523 uni-

313 1537 507 1608 cuique
535 1539 735 1594 homini
760 1537 982 1594 tentatio
1009 1539 1166 1593 datur
1190 1537 1303 1593 sive
1333 1540 1383 1592 in
1413 1537 1586 1595 carnis
1601 1539 1888 1604 desiderio.

313 1611 432 1666 sive
479 1611 534 1664 in
584 1610 873 1665 ambitione
919 1609 1134 1676 saeculi,
1170 1610 1253 1662 vel
1282 1610 1440 1665 etiam
1475 1611 1527 1664 in
1565 1624 1898 1679 quacumque

312 1680 624 1735 tentationis
653 1681 915 1744 molestia,
943 1681 1154 1750 qualem
1185 1689 1275 1750 aut
1316 1695 1438 1734 cum
1465 1679 1614 1734 laude
1643 1682 1895 1750 vincere,

311 1761 408 1805 aut
457 1765 578 1805 cum
631 1751 918 1820 opprobrio
963 1748 1314 1805 succumbere
1367 1751 1578 1820 poterit.
1638 1748 1897 1804 Omnibus

310 1821 456 1876 enim
495 1821 712 1876 castitas
769 1821 1165 1890 pernecessaria
1200 1829 1282 1874 est
1304 1861 1320 1886 ,
1353 1820 1447 1874 sed
1480 1820 1710 1874 maxime
1742 1821 1897 1874 mini-

309 1891 442 1946 stris
463 1890 662 1946 Christi
700 1889 913 1956 altaris,
941 1906 1168 1956 quorum
1195 1891 1301 1945 vita
1331 1891 1555 1944 aliorum
1586 1889 1745 1944 debet
1776 1905 1898 1945 esse

307 1961 562 2025 eruditio,
587 1970 640 2016 et
663 1960 874 2016 assidua
901 1959 1088 2016 salutis
1104 1959 1428 2030 prtedicatio.
1452 1961 1608 2016 Tales
1635 1961 1775 2015 enim
1801 1960 1898 2014 de-

309 2041 398 2086 cet
449 2031 730 2086 Dominum
769 2032 965 2088 habere
1011 2031 1316 2097 ministros,
1347 2031 1436 2100 qui
1469 2045 1499 2083 a
1531 2031 1677 2084 nullo
1719 2030 1897 2085 carnis

308 2103 560 2172 contagio
588 2111 999 2171 corrumpantur
1017 2143 1032 2168 ,
1065 2102 1157 2156 sed
1191 2103 1362 2170 potius
1390 2101 1712 2156 continentia
1734 2102 1896 2156 casti-

309 2174 437 2226 tatis
459 2172 802 2241 Splendeant,
837 2182 891 2228 et
921 2173 1080 2226 totius
1119 2172 1410 2226 honestatis
1440 2172 1673 2241 fulgeant
1711 2173 1762 2224 in
1794 2187 1894 2240 po-

307 2243 438 2313 pulo
490 2213 747 2312 Exemplis
839 2243 1032 2313 quibus
1083 2243 1338 2296 Dominus
1381 2257 1476 2311 per
1516 2213 1894 2313 tegislator'cm

307 2312 437 2384 dicit
459 2353 474 2378 ,
499 2313 678 2368 Sancti
697 2311 883 2384 estote,
912 2315 1100 2384 quiane!
1134 2329 1224 2382 ego
1250 2323 1452 2367 sanctus
1471 2311 1616 2374 sum,
1645 2311 1895 2366 Dominus

307 2382 451 2438 Deus
471 2394 627 2438 vester
659 2382 853 2454 (Levii.
878 2382 962 2454 xix
983 2425 996 2445 ,
1027 2382 1104 2452 9.).
1140 2384 1279 2437 Deus
1297 2384 1441 2437 enim
1482 2384 1569 2436 lux
1588 2393 1710 2454 est,
1733 2392 1786 2454 et
1817 2391 1898 2436 te-

306 2455 492 2508 nebra:
513 2455 564 2508 in
594 2453 801 2508 conon
825 2453 1090 2508 sunlullm
1123 2471 1137 2506 :
1171 2468 1268 2508 nec
1296 2454 1469 2523 aliqua
1497 2453 1705 2508 finditas
1733 2453 1781 2508 ei
1804 2467 1895 2506 so-

308 2525 438 2579 ciari
488 2533 679 2592 potest.
715 2525 783 2578 Et
811 2524 965 2587 ideo,
1000 2523 1189 2578 fratres
1233 2523 1566 2589 eharissimi,
1619 2524 1730 2577 sive
1755 2523 1892 2589 viri,

308 2595 424 2649 sive
452 2593 681 2656 femin:e,
723 2595 836 2650 sive
856 2595 1068 2657 clerici,
1100 2595 1212 2650 sive
1251 2593 1403 2659 laici,
1435 2595 1726 2649 secundum
1755 2596 1896 2661 Apo-

308 2665 431 2718 stoli
461 2665 895 2726 admonitionem,
931 2664 1232 2719 illundemus
1257 2681 1349 2717 nos
1381 2664 1442 2717 ab
1487 2665 1624 2718 omni
1662 2665 1896 2733 inquina-

308 2745 475 2788 mento
501 2737 668 2790 carnis
690 2746 736 2788 et
760 2737 967 2802 spiritus
986 2776 1000 2798 ,
1035 2736 1346 2802 per/icientcs
1372 2736 1821 2803 sanctiﬁcationcm
1843 2736 1894 2788 in

313 2806 496 2859 timore
529 2804 628 2859 Dei
675 2805 740 2874 (ΙΙ
765 2805 881 2860 Cor.
909 2822 1010 2869 vn,
1037 2807 1110 2873 l).
1143 2805 1462 2860 Studeamus
1507 2815 1563 2858 ut
1611 2805 1659 2858 ei
1699 2805 1788 2873 qui
1829 2805 1896 2858 ad

308 2885 563 2930 mternam
591 2890 740 2930 suam
765 2877 989 2944 gloriam
1019 2891 1115 2930 nos
1136 2875 1380 2938 vocavit,
1414 2877 1736 2944 placeamus;
1759 2891 1894 2943 qua-

310 2954 464 3000 tenus
493 2963 612 3001 cum
641 2963 705 3002 eo
733 2946 955 3001 feliciter
982 2947 1032 3000 in
1068 2956 1328 3002 :rternum
1354 2961 1574 3015 regnare
1596 2947 1893 3014 possimus,

308 3027 596 3086 przestante
625 3019 848 3072 Domino
873 3028 1055 3071 nostro
1080 3016 1207 3070 Jt‘S"
1227 3017 1458 3084 Christo,
1481 3017 1570 3087 qui
1597 3033 1718 3072 cum
1739 3016 1896 3072 Patre

309 3095 366 3142 et
389 3087 588 3157 Spiritu
617 3099 802 3144 sancto
823 3089 948 3142 vivit
979 3098 1032 3142 et
1061 3097 1264 3156 regnat.
1293 3096 1398 3142 etc.

795 3179 1025 3234 SEMIO
1061 3178 1281 3234 CCXCII
1311 3179 1412 3245 (a).

743 3257 810 3300 l)e
826 3251 1053 3300 castitate
1077 3247 1313 3312 conjugali
1336 3251 1350 3281 ¹
1370 3249 1460 3312 (b).

373 3335 399 3388 1
412 3375 424 3387 .
452 3332 577 3406 Pax
586 3345 630 3388 et
631 3335 761 3406 justi
765 3336 832 3388 tia
845 3351 978 3389 rem.
999 3333 1102 3388 Pro
1113 3335 1289 3404 quibus
1303 3334 1892 3406 murtyrcsintcrcedant.

325 3405 596 3476 Virginitas
617 3404 734 3459 ante
759 3407 982 3475 nuptias.
1006 3406 1248 3476 Magnum
1277 3405 1403 3458 mihi
1430 3404 1677 3474 gaudium
1703 3405 1892 3470 facitis,

309 3475 501 3530 fratres
533 3475 851 3539 eharissimi,
891 3477 1014 3530 dum
1052 3475 1109 3529 iu’
1143 3476 1565 3529 solemnitatilms
1603 3484 1893 3544 martyrum

309 3556 453 3599 tanta
475 3547 755 3600 devotione
769 3546 887 3600 lidei
903 3547 966 3600 ad
980 3547 1258 3601 ecclesiam
1275 3545 1591 3599 convenitis.
1611 3543 1715 3599 Sed
1735 3543 1776 3597 si
1791 3546 1898 3598 vul-

308 3617 398 3678 tis.
438 3617 546 3668 Deo
569 3616 875 3679 auxiliante,
907 3625 961 3669 et
991 3626 1222 3668 vestrmu
1251 3615 1542 3683 profectum
1573 3623 1627 3667 et
1652 3622 1893 3667 nostrum

307 3685 558 3758 gaudium
584 3685 928 3758 Spiritualiter
952 3685 1263 3758 adimplere,
1284 3686 1355 3738 ita
1379 3685 1517 3739 inter
1533 3699 1629 3736 vos
1641 3693 1695 3737 et
1713 3697 1893 3752 pacem

307 3754 360 3812 ét
380 3755 717 3820 charitatem,
747 3756 1035 3822 inspirante
1060 3754 1304 3819 Domino,
1328 3763 1661 3816 conservato,
1687 3764 1741 3806 ut
1762 3769 1894 3808 cou-

308 3837 392 3880 tra
437 3826 705 3880 hominem
749 3826 948 3879 nullum
991 3825 1169 3879 odium
1217 3824 1454 3878 habeatis
1482 3824 1534 3877 in
1577 3823 1758 3878 corde.
1792 3825 1896 3878 l'ro

309 3896 466 3951 bonis
504 3904 672 3962 orate,
717 3906 777 3950 ut
823 3910 1034 3965 semper
1079 3896 1144 3949 ad
1195 3895 1412 3948 meliora
1453 3895 1765 3965 proficiant;
1798 3911 1894 3963 pro

309 3968 465 4021 malis
494 3966 706 4021 assidue
733 3967 1046 4035 supplicate,
1081 3978 1136 4019 ut
1163 3965 1351 4035 citose
1383 3965 1690 4035 eorrigant:
1721 3976 1776 4019 et
1803 3981 1893 4021 se—

309 4038 541 4092 cundum
593 4034 916 4107 prmceptum
974 4036 1216 4092 Domini:
1251 4034 1590 4107 Quwcumque
1643 4037 1796 4089 vultis
1841 4046 1892 4088 ut

313 4108 502 4178 faciant
552 4106 690 4160 vobis
723 4107 1008 4178 homines,
1058 4108 1180 4178 luco
1221 4115 1268 4158 et
1315 4122 1402 4178 vos
1456 4106 1604 4175 facite
1663 4107 1893 4178 omnibus

312 4175 522 4244 (Matth.
551 4193 645 4240 vu,
679 4176 790 4247 1‘2).
823 4176 972 4231 Tunc
997 4177 1140 4230 enim
1169 4175 1220 4230 in
1247 4177 1466 4247 veritate
1495 4191 1600 4247 pax,
1614 4184 1668 4228 et
1688 4175 1889 4245 justitia

315 4257 366 4303 ct
395 4246 756 4302 misericordia
784 4248 1097 4310 custoditur,
1125 4246 1338 4316 quando
1379 4261 1484 4300 nou
1526 4246 1696 4298 solum
1735 4247 1892 4301 nullis

315 4317 618 4398 hominibus
644 4319 839 4398 inalum
869 4317 1225 4398 facimus,__sed
1253 4319 1409 4398 etiam
1447 4316 1762 4398 tibiciniiqne
1792 4330 1890 4398 po-

312 4389 589 4451 tuerimus,
615 4388 865 4457 adjuvare
884 4389 1273 4442 contemlimus.
1304 4386 1359 4441 Si
1384 4401 1512 4456 ergo
1541 4385 1655 4440 haec
1679 4385 1892 4440 Christo

304 4458 595 4526 adjuvante
635 4459 855 4512 fideliter
889 4472 1128 4529 agamus,
1177 4457 1359 4511 beatos
1398 4464 1658 4529 martyres
1706 4457 1760 4510 in
1794 4457 1891 4529 his

309 4543 430 4597 qua:
465 4542 623 4598 supra
649 4529 897 4593 diximus,
929 4527 1206 4598 praecipuis
1248 4537 1303 4582 et
1337 4527 1608 4597 praeclaris
1642 4527 1892 4595 operibus

307 4597 605 4658 imitantes.
650 4609 853 4669 partem
902 4597 1021 4652 cum
1073 4599 1175 4651 illis
1219 4598 1270 4651 in
1317 4607 1516 4652 :rterna
1563 4597 1891 4669 beatitudine

307 4669 510 4724 habere
533 4668 842 4737 poterimus.
885 4669 943 4722 Et
968 4679 1090 4722 tunc
1116 4684 1212 4736 pro
1252 4669 1406 4722 nobis
1437 4669 1638 4738 absque
1665 4669 1770 4724 ulla
1791 4668 1890 4723 du-

304 4737 568 4793 bitatione
596 4740 763 4794 sancti
805 4749 1062 4808 martyres
1092 4738 1444 4799 intercedunt,
1477 4737 1691 4808 quando,
1713 4740 1764 4794 in
1793 4755 1891 4793 no—

309 4808 398 4864 bis
433 4810 629 4879 aliquid
659 4809 726 4862 de
768 4810 880 4864 suis
908 4807 1191 4862 virtutibus
1231 4807 1636 4878 recognosCunt.
1669 4807 1888 4863 Castita-

307 4887 420 4950 tem
445 4891 568 4934 ante
597 4880 772 4934 omnia
799 4895 919 4933 cum
951 4879 1040 4934 Dei
1066 4879 1331 4950 adjutorio
1361 4879 1652 4950 custodite,
1677 4889 1890 4950 propter

307 4949 438 5004 illud
473 4951 613 5020 quod
652 4952 906 5020 scriptum
936 4959 1036 5009 est.
1085 4947 1264 5020 Neque
1301 4949 1520 5020 adulteri
1548 4947 1757 5018 regnum
1778 4947 1892 5003 ’Dei

311 5017 633 5088 possidebunt
673 5021 712 5089 (Ι
761 5017 878 5074 Cor.
917 5036 987 5084 vt,
1017 5021 1072 5088 9)
1105 5037 1116 5070 :
1150 5017 1205 5072 et
1255 5018 1404 5082 illud,
1452 5017 1804 5072 Foruicatores
1847 5030 1892 5073 et

374 5116 391 5147 ³
420 5122 468 5164 ιιι
507 5116 662 5164 veteri
705 5120 782 5164 Ms.
831 5112 1223 5162 Carcassouensis
1268 5110 1490 5161 Ecclesiae
1537 5109 1727 5159 titulum
1767 5111 1894 5160 hunc

309 5177 558 5238 prtellxum
578 5179 723 5225 habet
749 5190 762 5225 :
795 5173 1088 5238 Homiliude
1111 5173 1327 5238 castitate
1359 5172 1503 5222 etiam
1527 5185 1650 5238 cuni
1662 5171 1894 5238 uxoribus

308 5232 631 5295 obserrtmda,
668 5245 712 5286 et
752 5238 814 5286 (le
851 5235 1098 5286 arorsibus
1134 5235 1432 5297 mulierum,
1450 5240 1496 5283 et
1519 5232 1724 5297 qualiter
1748 5235 1894 5286 adre-

309 5299 468 5349 m'eute
491 5298 570 5348 die
593 5297 830 5348 ilmuinico
844 5299 915 5347 ret
955 5297 1154 5360 reliquis
1173 5295 1520 5360 festivitatibus,
1533 5295 1644 5346 etc.

372 5361 446 5421 (a)
473 5361 610 5416 Alias,
629 5361 692 5407 de
716 5369 950 5421 'l‘etuporc
974 5359 1084 5408 244.

371 5418 443 5483 (ὁ)
479 5427 524 5469 In
560 5418 845 5529 Appendice'
873 5433 1000 5470 nunc
1046 5423 1247 5529 primum
1293 5418 1571 5469 collocatur.
1613 5419 1795 5468 Dubius
1818 5427 1896 5470 est

373 5484 589 5529 vaniensi
612 5496 684 5529 ms
701 5519 712 5529 .
740 5484 933 5529 snurius
956 5490 1046 5529 \‘er
1070 5485 1146 5529 "mo
1169 5489 1222 5529 et
1247 5481 1495 5529 vitulinae.
1520 5484 1777 5529 Caesarium
1797 5495 1896 5529 ma-

307 5481 684 5532 Lovaniensibus
701 5519 712 5540 ,
740 5484 933 5542 Spurius
956 5481 1146 5532 \‘erlino
1169 5489 1222 5530 et
1247 5481 1495 5543 vitulingo.
1520 5484 1777 5530 Caesarium
1797 5495 1898 5530 ma-

309 5545 489 5594 nifeste
542 5545 721 5600 refert,
755 5545 844 5592 sed
882 5556 976 5592 non
1017 5556 1202 5605 purum.
1231 5549 1310 5605 pe
1344 5555 1474 5605 num.
1503 5543 1525 5605 i
1553 5543 1666 5592 vide
1703 5553 1895 5605 appen-

307 5607 429 5656 dicis
465 5619 614 5656 serm.
655 5605 763 5664 9.85,
788 5619 837 5653 ιι.
867 5607 919 5664 l;
944 5602 1050 5657 2I0.
1080 5617 1128 5651 n.
1153 5605 1202 5662 6;
1225 5602 1334 5661 9.69,
1364 5617 1411 5651 ιι.
1433 5602 1481 5662 ‘2;
1501 5602 1613 5663 271,
1637 5617 1687 5652 ιι.
1712 5602 1894 5664 ϐῖὲὶείτ,

309 5680 357 5717 ιι.
383 5669 402 5717 1
435 5668 532 5716 :de
569 5668 700 5716 nuiu.
725 5667 758 5716 2
777 5701 790 5725 ,
815 5679 965 5715 serm.
990 5666 1099 5724 267,
1124 5678 1173 5713 ιι.
1199 5665 1258 5713 5:
1284 5664 1349 5725 de
1373 5678 1521 5725 num.
1545 5666 1592 5723 5,
1612 5679 1762 5715 εει-ιιι.
1784 5666 1895 5725 266,

308 5729 441 5792 n.2;
465 5729 575 5792 ΞΠ,
601 5743 650 5792 ιι.
675 5728 737 5779 4ε
778 5724 843 5777 de
883 5741 1014 5792 num.
1052 5727 1110 5785 4,
1156 5739 1305 5792 serui.
1330 5724 1440 5792 288,
1467 5728 1600 5792 n11;
1635 5727 1810 5792 68,7711.
1836 5724 1893 5792 δέ

316 5787 678 5850 ίωζιιμϊειιθ
703 5804 833 5840 num.
872 5789 922 5847 6,
963 5802 1112 5852 set-oi.
1157 5787 1278 5852 lOlA,
1303 5787 1467 5852 uni;
1492 5788 1610 5852 229,
1654 5803 1704 5838 ιι.
1743 5789 1895 5841 Szde

310 5849 444 5903 num.
462 5854 512 5915 8,
531 5865 677 5904 εει-ιιι.
706 5853 785 5917 ιδ,
809 5867 856 5902 ιι.
881 5852 933 5917 4;
952 5850 1063 5910 259,
1089 5864 1137 5900 ιι.
1168 5851 1212 5915 l;
1233 5849 1342 5913 ωε,
1366 5864 1414 5900 ιι.
1442 5849 1489 5899 4.

1719 366 1950 428 SERMO
1987 371 2232 430 CCXCll.

3456 391 3600 450 2298

2015 490 2270 577 aduiieros
2305 495 2557 577 judicabit
2600 498 2740 577 Deus
2777 500 2961 577 (Hebr.
3006 517 3122 577 3m,
3174 501 3458 577 4)._Pne_ri
3510 507 3598 561 vel

2015 563 2204 630 puellze
2229 563 2318 645 qni
2346 566 2397 619 in
2427 569 2672 645 conjugio
2693 563 3047 645 conjungendi
3069 563 3593 645 sunt,'virginitatem

2013 647 2178 714 usque
2224 635 2290 716 ad
2340 635 2548 706 nuptias
2586 635 2822 716 servent.
2869 635 2999 700 Nam
3049 645 3094 699 si
3140 635 3588 716 anteIEgitimam

2011 713 2436 785 conjnnctionem
2483 713 2936 785 peradulterium
2983 716 3218 785 corrupti
3260 713 3476 780 fuerint,
3522 717 3589 770 ad

2013 782 2222 856 nuptias
2261 791 2484 856 corpore
2510 782 2720 848 quidem
2751 786 2854 839 vivi
2895 782 3162 851 veniunt,—
3183 785 3369 856 sedin
3409 786 3586 840 anima

2008 849 2203 898 mortui
2227 849 2670 928 eom'probantnr:
2695 857 2817 928 qui_a
2845 858 3100 928 scriptum
3125 849 3240 928 est,
3269 855 3451 908 Anima
3475 872 3591 927 quia

2009 922 2304 993 pec‘cavfrit,
2336 922 2447 993 ipsa
2469 922 3129 993 morieturlEzec/r.'xvut,
3160 926 3274 992 20).

2077 983 2130 1069 ἢ.
2176 984 2270 1069 Νἱζ
2297 983 2475 1041 mulier
2515 991 2582 1069 aii
2619 983 2846 1069 aborium
2883 983 3127 1069 accipiat:
3151 983 3316 1061 Quam
3352 1014 3439 1069 rea
3477 1013 3592 1069 qua:

2008 1051 2292 1134 {agitanda
2308 1075 2407 1111 non
2427 1061 2579 1134 possit
2607 1066 2885 1134 concipere.
2910 1051 3060 1121 Nuila
3091 1051 3281 1122 mulier
3308 1051 3590 1134 potionesi

2006 1123 2354 1209 ad‘abortunr
2373 1123 2616 1209 accipiat,
2647 1123 2906 1191 nec'lilios
2931 1147 3023 1192 aut
3059 1123 3343 1209 conceptos
3363 1147 3455 1192 aut
3474 1137 3587 1206 jam

2006 1204 2159 1278 natos
2187 1198 2453 1278 .occidatg
2492 1198 2617 1278 quia
2660 1220 3008 1278 quajcumque
3057 1198 3243 1263 fecerii
3289 1207 3410 1272 hoc,
3460 1198 3586 1262 ante

2005 1260 2199 1360 Satist}
2229 1269 2455 1360 "ebuli-«.1
2472 1260 2615 1360 ,εὲίιιι
2641 1260 2701 1360 s5:
2728 1275 2841 1360 quq
2861 1260 3614 1360 εδνῑιιιιζξεξιίιλειεηειιξιέδέι

2003 1334 2194 1418 ciderit
2235 1353 2355 1418 esse
2379 1340 2640 1418 dicturam
2663 1346 2705 1398 ⁸.
2738 1345 2842 1418 Sed
2881 1363 2978 1403 nec
3004 1350 3132 1403 alias
3164 1334 3454 1404 diabolicas
3483 1364 3582 1418 po-

2006 1410 2176 1490 tiones
2206 1410 2458 1490 mnliercs
2485 1413 2679 1490 debent
2705 1417 2969 1490 accipere.
3011 1419 3198 1475 Mulier
3226 1430 3404 1474 autem
3431 1410 3583 1490 quae-

2003 1489 2230 1560 cumque
2265 1478 2454 1535 fecerit
2488 1482 2588 1538 hoc
2636 1501 2730 1553 per
2775 1478 2917 1556 quod
2951 1488 3061 1557 jam
3103 1506 3205 1542 non
3245 1491 3414 1560 possit
3448 1478 3584 1545 con-

2002 1559 2208 1631 ctpere,
2221 1619 2253 1631 η
2268 1561 2722 1625 quantoscumque
2783 1573 2969 1626 parere
3026 1559 3260 1631 poterat,
3285 1630 3288 1631 ν
3303 1568 3580 1631 tantorum

2003 1615 2408 1696 homicidio'rum
2439 1639 2497 1678 se
2525 1615 2668 1698 ream
2708 1615 2828 1681 esse
2846 1615 3159 1698 cognoscat.
3191 1615 3378 1684 Mulier
3400 1638 3580 1685 autem

2002 1694 2250 1773 ingenua,
2273 1706 2391 1773 qtae
2420 1694 2718 1773 mortiferas
2749 1694 2992 1773 potiones
3018 1700 3208 1773 accipit
3237 1708 3293 1754 ut
3319 1714 3422 1754 non
3447 1715 3581 1773 con-

2001 1764 2178 1827 cipiat,
2209 1764 2367 1815 velim
2393 1764 2530 1819 scire
2556 1765 2599 1819 si
2628 1767 2728 1822 hoc
2751 1764 2972 1824 ancillas
2999 1772 3080 1824 vel
3103 1764 3320 1824 colonus
3343 1784 3467 1824 suas
3507 1770 3579 1824 fac

2000 1843 2125 1910 cere
2155 1831 2298 1887 velit.
2330 1831 2396 1887 Et
2413 1833 2532 1890 ideo
2559 1836 2696 1910 sicut
2721 1853 3049 1910 unaquaeque
3077 1840 3189 1893 vult
3217 1848 3272 1894 ut
3297 1839 3397 1894 sibi
3428 1854 3581 1893 man-

2000 1907 2135 1968 cipia
2159 1916 2444 1980 nascantur
2463 1921 2580 1974 qua:
2603 1907 2675 1980 illi
2701 1909 2938 1963 serviant
2953 1907 2973 1972 ;⁷
2997 1911 3066 1964 ita
3085 1911 3173 1964 illa
3194 1917 3579 1980 quantuscum-

2000 1985 2114 2045 que
2133 1975 2458 2045 conceperit,
2486 1986 2577 2029 aut
2603 1978 2714 2045 ipsa
2753 1980 2967 2044 nutriat,
2997 1989 3088 2034 aut
3115 1975 3423 2035 nutriendos
3463 1980 3583 2036 aliis

2002 2042 2174 2123 tradat
2199 2061 2211 2097 :
2239 2060 2304 2098 ne
2335 2043 2472 2123 forte
2510 2042 2636 2123 illos:
2667 2057 2759 2102 aut
2796 2042 3075 2123 concipere
3120 2051 3408 2123 uolit,_aut,
3436 2049 3579 2120 quod

1997 2115 2235 2180 gravius,
2267 2115 2512 2189 occidere
2540 2119 2684 2183 velit,
2731 2119 2819 2189 qui
2866 2115 2986 2174 boni
3019 2115 3294 2174 christiani
3334 2115 3578 2189 csse—po-

2001 2192 2229 2266 tuerant:
2280 2185 2345 2239 Et
2383 2203 2484 2266 qna
2514 2185 2839 2266 conscientia
2878 2191 2976 2266 sibi
3003 2191 3069 2246 ab
3097 2191 3303 2266 ancillis
3329 2191 3440 2266 suis
3467 2185 3580 2266 vuli

2002 2257 2271 2332 mancipia
2305 2257 2469 2332 nasci,
2519 2273 2640 2311 eum
2675 2259 2790 2332 ipsa
2837 2260 3001 2316 nollet
3037 2276 3132 2316 eos
3170 2263 3259 2332 qui
3301 2260 3578 2316 christiani

2000 2335 2216 2395 possent
2244 2326 2378 2392 fieri,
2399 2343 2656 2395 generare
2672 2326 2734 2383 ’7?

2069 2394 2374 2468 SiuTabulw
2400 2394 2808 2454 matrintoniales.
2849 2399 3067 2468 Quoties
3101 2402 3167 2456 ad
3205 2401 3485 2457 ecclesiam
3525 2401 3578 2456 in

1998 2466 2234 2532 qualibet
2275 2468 2611 2523 solemnitate
2641 2471 2851 2536 venitis,
2877 2466 2949 2526 'et
2993 2472 3334 2527 Sacramenta
3375 2471 3576 2526 Christi

2001 2538 2276 2604 percipere
2326 2539 2602 2593 volueritis
2622 2538 2664 2601 ⁸,
2711 2550 2835 2595 ante
2882 2543 2998 2596 dies
3046 2544 3226 2612 plures
3279 2543 3578 2596 castitatem

1999 2617 2208 2680 servate
2231 2626 2245 2671 ;
2271 2618 2326 2680 ut
2346 2624 2464 2662 cum
2490 2624 2674 2664 secura
2700 2613 3024 2667 conscientia
3049 2615 3114 2667 ad
3143 2615 3308 2668 altare
3331 2613 3420 2667 Dei
3450 2628 3575 2680 pos—

1998 2676 2115 2750 sitis
2139 2678 2410 2734 accedcrc.
2435 2681 2602 2746 Quam
2633 2697 2746 2734 rem
2773 2682 2932 2737 etiam
2961 2699 3052 2749 per
3083 2693 3244 2738 totam
3273 2676 3580 2750 Quadringe-

1999 2747 2212 2820 simam,
2251 2759 2304 2804 et
2349 2766 2516 2820 usque
2554 2753 2618 2804 ad
2648 2753 2939 2808 clausulam
2964 2747 3192 2808 'Paschie
3234 2747 3462 2807 fideliter
3485 2747 3579 2808 ctr-

1999 2819 2231 2892 stodite;
2261 2830 2321 2875 ut
2347 2819 2442 2875 vos
2481 2822 2791 2877 solemnitas
2831 2823 3094 2891 paschalis
3130 2835 3303 2880 castos
3331 2832 3386 2878 et
3415 2839 3578 2892 puros

1999 2891 2251 2944 inveniat.
2277 2892 2377 2960 Qui
2406 2893 2548 2946 enim
2580 2894 2750 2948 bonus
2779 2894 3100 2950 christianus
3128 2906 3228 2955 est,
3261 2910 3364 2948 non
3401 2891 3572 2947 selum

1999 2969 2122 3015 ante
2159 2961 2272 3034 dies
2301 2963 2476 3030 plures
2505 2980 2661 3034 quam
2705 2966 3082 3030 conununieet,
3132 2965 3428 3019 castitatem
3472 2980 3580 3018 ser-

1999 3043 2120 3096 vat;
2143 3032 2234 3086 sed
2263 3043 2316 3087 ct
2343 3032 2560 3088 uxorem
2589 3050 2761 3099 suam,
2785 3047 3008 3103 excepto
3033 3036 3302 3089 desiderio
3325 3036 3575 3095 tiliorum.

2001 3117 2104 3158 neu
2134 3105 2376 3172 agnoscit
2404 3122 2417 3157 :
2444 3106 2565 3174 quia
2607 3122 2742 3159 uxor
2770 3121 2874 3159 non
2906 3115 3122 3174 prepter
3148 3106 3440 3170 libidinem,
3478 3107 3573 3158 sed

1999 3185 2217 3246 propter
2247 3175 2474 3229 filiorum
2508 3176 2926 3243 procreationem
2953 3178 3227 3246 accipitur.
3259 3176 3496 3245 Denique
3521 3186 3577 3229 et

2001 3245 2128 3313 ipsa:
2173 3247 2364 3299 tabulae
2408 3247 2824 3301 matrimoniales
2868 3247 2968 3301 hoc
3008 3249 3282 3300 continent
3311 3264 3324 3298 :
3352 3246 3578 3300 Libero-

2000 3331 2139 3386 rum,
2176 3317 2364 3384 inquit,
2397 3318 2844 3386 procreandorum
2876 3331 3055 3372 causa.
3086 3316 3270 3371 Videte
3307 3317 3429 3385 quia
3471 3330 3576 3370 non

1998 3385 2153 3453 dixit,
2188 3385 2444 3441 Libidinis
2475 3402 2671 3450 causa;
2717 3387 2832 3452 sed,
2867 3387 3176 3442 Liberorum
3219 3386 3580 3455 procreando-

2000 3472 2140 3512 rtun.
2178 3457 2347 3512 Velim
2378 3468 2551 3512 tamen
2591 3459 2752 3521 scire,
2795 3457 2986 3512 fratres
3019 3453 3342 3522 eharissimi,
3377 3457 3465 3510 ille
3489 3456 3580 3524 qui

2001 3542 2166 3582 uxore
2191 3543 2282 3581 sua
2311 3528 2702 3583 incontinenter
2728 3528 2913 3593 utitur,
2945 3528 2992 3581 si
3028 3529 3236 3596 quoties
3268 3542 3384 3581 eam
3419 3526 3574 3580 luxu-

1999 3597 2075 3650 ria
2099 3597 2266 3650 victus
2288 3600 2563 3667 agnoverit
2578 3599 2620 3662 ⁸,
2651 3599 2807 3652 toties
2837 3613 2989 3653 suum
3011 3614 3194 3667 agrum
3217 3598 3268 3652 in
3301 3611 3406 3651 uno
3431 3612 3573 3650 anno

1998 3668 2231 3739 araverit
2256 3669 2335 3722 vel
2362 3670 2606 3729 seruerit.
2630 3669 2839 3739 qualem
2865 3683 3094 3723 messem
3120 3667 3371 3738 colligere
3393 3667 3578 3739 possit.

1996 3737 2098 3803 Qui
2122 3752 2249 3807 ergo
2271 3753 2330 3793 se
2349 3741 2621 3795 continere
2643 3737 2844 3809 nolunt,
2869 3740 2912 3792 si
2935 3740 3092 3794 toties
3115 3737 3481 3809 comtaminaui
3507 3738 3581 3809 (a)

1997 3809 2279 3878 quamdam
2322 3823 2469 3864 suam
2489 3810 2531 3877 ⁸,
2572 3825 2728 3880 quam
2767 3808 2874 3876 jam
2915 3811 3334 3880 seminaverant,
3390 3808 3578 3862 iterum

1998 3875 2214 3934 arentet
2229 3875 3038 3950 seminent,videamusqualiter
3051 3881 3118 3934 de
3136 3879 3250 3948 ejus
3262 3875 3287 3932 f
3287 3888 3433 3933 ructu
3447 3895 3579 3950 gau-

1996 3949 2230 4012 debunt;
2261 3951 2404 4019 quia,
2445 3952 2580 4006 sicut
2607 3952 2806 4021 optime
2834 3949 3022 4015 nostis,
3041 3952 3195 4021 nulla
3224 3949 3582 4021 terraipoterit

1996 4021 2126 4075 dare
2168 4021 2460 4090 legitinmm
2501 4019 2747 4082 fructum.
2791 4022 2842 4074 in
2883 4036 2985 4090 qua
3030 4019 3424 4090 frequenterﬂin
3454 4033 3582 4090 uno

1996 4107 2138 4146 anno
2165 4088 2322 4145 fuerit
2345 4094 2681 4146 seminatum.
2705 4090 2856 4158 Quod
2880 4088 3008 4160 ergo
3037 4088 3140 4160 non
3173 4088 3287 4143 vult
3306 4089 3495 4158 aliquis
3524 4089 3575 4142 in

1995 4176 2126 4232 agro
2154 4177 2272 4234 suo,
2301 4179 2466 4234 quare
2495 4162 2618 4217 facit
2646 4163 2696 4215 iu
2725 4159 2959 4234 corpnre
2983 4159 3120 4234 suo?

2066 4234 2121 4286 4.
2164 4229 2546 4288 Incontincntiw
2580 4234 2819 4301 fomenta.
2853 4230 3116 4285 Remedia.
3152 4229 3478 4299 Praecipuum
3508 4238 3579 4282 est

1993 4303 2331 4372 cleemosyna.
2381 4303 2485 4360 Sed
2523 4303 2666 4357 dicet
2704 4303 2938 4368 aliquis:
2971 4302 3140 4372 Homo
3175 4301 3389 4372 juvenis
3416 4313 3584 4372 _sum,'

1995 4369 2270 4429 continere
2313 4390 2400 4429 me
2442 4374 2739 4428 nullatenus
2783 4373 3052 4442 possum’.
3082 4369 3337 4426 Ne'forte
3380 4369 3501 4442 ideo
3531 4378 3582 4424 te

1996 4459 2104 4499 non
2129 4444 2392 4510 contines,
2422 4443 2546 4514 quia
2578 4445 2696 4514 plus
2738 4439 3226 4514 m'anducasiquam
3267 4439 3500 4514 expedit,
3529 4450 3584 4514 et

1997 4515 2114 4584 plus
2142 4515 2320 4570 vinum
2350 4510 2545 4585 accipis
2571 4510 2730 4585 quam
2767 4523 2997 4585 oportet.
3025 4510 3186 4568 Forte
3226 4513 3383 4566 etiam
3417 4510 3582 4585 turpi-

1995 4581 2096 4640 bus
2129 4581 2553 4657 cogitationibus
2577 4581 2822 4657 occupas'
2844 4593 3076 4657 mentem
3118 4593 3300 4657 tuam,_
3326 4590 3382 4634 et
3424 4581 3582 4634 luxu-

1995 4658 2134 4711 riosa
2161 4651 2319 4711 verba
2348 4672 2452 4711 non
2478 4655 2648 4710 solum
2681 4651 2924 4716 libenter.
2953 4653 3047 4708 sed
3083 4654 3243 4706 etiam
3276 4651 3584 4720 frequenter

1995 4737 2089 4783 aut
2113 4729 2227 4798 ipse
2254 4727 2452 4794 dicere,
2483 4735 2595 4794 aut,
2625 4726 2744 4781 aliis
2779 4725 3100 4789 dicentibus,
3126 4722 3310 4777 audire
3335 4736 3435 4778 nec
3466 4735 3582 4776 me.

2062 4925 2077 4957 ¹
2106 4931 2169 4974 tta
2192 4925 2272 4974 hic
2305 4931 2356 4974 et
2394 4923 2536 4986 paulo
2563 4923 2765 4986 inferius
2783 4934 2852 4986 ex
2877 4929 2955 4971 Ms.
2982 4935 3026 4971 c.
3057 4920 3378 4986 [potationcs.]

2061 4987 2174 5054 {sic
2198 4999 2259 5035 ex
2282 4983 2457 5054 eodem
2478 4986 2644 5054 codice
2666 4997 2709 5033 c.
2737 4983 3022 5054 {daturam}
3079 4983 3087 4986 ⁷
3171 5045 3191 5054 _
3261 5045 3273 5054 ,
3313 5043 3324 5054 _
3363 4983 3375 4984 ί
3403 5042 3415 5054 ,
3488 5041 3500 5054 ,
3549 5042 3562 5053 ,

2063 5049 2084 5081 ³
2107 5055 2289 5097 'I‘extus
2307 5049 2378 5096 sic
2399 5049 2672 5109 restituitur
2697 5041 2759 5109 ei
2778 5046 2952 5109 eodem
2969 5041 3074 5106 his,
3094 5057 3138 5095 c.
3171 5045 3274 5109 [qui
3307 5042 3416 5095 boni
3453 5041 3588 5094 chri-

1997 5109 2141 5178 stiani
2157 5115 2372 5178 poterant
2388 5106 2504 5178 fieri
2515 5107 2742 5178 generati.
3002 5109 3122 5170 etc.)

2061 5177 2082 5202 δ
2106 5168 2187 5219 Ms.
2213 5185 2256 5219 c.
2282 5168 2458 5218 Christi
2475 5168 2692 5231 accipere
2708 5168 2865 5231 vultis.

2062 5233 2082 5301 ξ
2106 5235 2178 5301 sic
2202 5245 2263 5280 ex
2289 5238 2370 5281 Ms.
2395 5244 2439 5280 c.
2466 5231 2528 5301 [si
2551 5228 2731 5301 quoties
2751 5245 2803 5282 sc
2825 5229 3024 5281 luxuria
3042 5228 3221 5301 victum
3240 5228 3472 5301 agnqeitJ

2063 5295 2084 5326 ο
2109 5295 2180 5342 sic
2202 5306 2264 5342 ex
2289 5301 2368 5357 Ms.
2394 5305 2438 5342 c.
2466 5292 2529 5354 [si
2549 5292 2684 5357 toties
2705 5301 2887 5357 terram
2907 5294 3170 5357 quamdam
3191 5292 3370 5357 sanun]

2061 5358 2080 5388 τ
2107 5357 2150 5403 si
2179 5367 2241 5403 ex
2268 5355 2441 5404 eodem
2467 5362 2546 5402 Ms.
2567 5368 2632 5412 c.,
2661 5354 3029 5418 [continere'non
3045 5355 3274 5418 possunt.)

2062 5419 2134 5480 (a)
2167 5423 2280 5489 Qua;
2302 5429 2395 5465 vox
2425 5413 2858 5491 occitanisngruin
2879 5413 3156 5491 signiﬁcat,
3189 5413 3325 5491 quasi
3345 5413 3592 5491 conticini-

1998 5473 2163 5537 niuui,
2190 5473 2220 5527 a
2255 5480 2369 5540 jure
2393 5480 2537 5528 unius
2569 5473 2746 5528 domini
2787 5481 2851 5529 sit
2870 5473 3012 5528 dicta.
3039 5473 3303 5539 usurpatur
3342 5473 3591 5540 ιιι-Ριηοὶιο

2000 5535 2182 5591 Attonis
2204 5535 2501 5603 Arelatensis
2523 5541 2864 5603 ardiiepiseOpi
2882 5576 2896 5599 ,
2931 5542 3012 5588 ubi
3045 5535 3201 5603 habes
3224 5553 3236 5588 :
3273 5556 3295 5603 ιι
3318 5544 3368 5587 Et
3393 5535 3592 5586 laxave-

2009 5622 2030 5650 α
2053 5610 2170 5665 runt
2201 5602 2425 5650 similiter
2462 5600 2844 5665 archiepisc'Opo‘r
2865 5603 3020 5652 Attoni
3051 5600 3441 5665 all‘rontationen
3488 5611 3590 5647 sua:

2009 5683 2032 5712 α
2055 5663 2348 5731 condaminte
2365 5699 2380 5722 ,
2421 5676 2532 5725 qum
2550 5663 2798 5731 _est_juxta
2820 5664 3165 5731 domum,_eum
3181 5663 3414 5731 jnncaria,
3439 5674 3592 5731 quan-

2009 5745 2032 5774 ιι
2056 5735 2157 5776 tum
2197 5726 2421 5788 praedicta
2442 5725 2724 5776 condamina
2760 5732 2916 5788 tenet.
2940 5740 2964 5769 ι
2993 5725 3111 5774 Hinc
3153 5726 3301 5773 etiam
3343 5725 3590 5788 coniicitur

2001 5785 2284 5860 sermonem
2334 5788 2462 5838 hunc
2504 5787 2709 5838 Caesarie
2753 5785 2932 5838 melius
2972 5795 3118 5849 quam
3167 5787 3432 5850 Augustino
3479 5796 3593 5834 con-

2001 5862 2190 5901 ventre.
