4050 6352
533 387 674 445 2299

531 504 639 557 tuis
659 514 757 556 nec
775 497 1062 554 erubescis.
1085 495 1263 564 incipe
1285 508 1406 547 eum
1432 491 1527 564 Dei
1543 489 1805 564 adiutorio
1825 488 1960 564 gula}
1982 501 2111 540 con-

533 569 887 641 cupiscentias
901 557 1212 641 refrenare,
1231 563 1406 641 castis”
1417 561 1823 640 cogitationibus
1862 568 1931 641 et
1944 557 2112 610 hone-

533 633 632 695 stis
661 639 996 695 sermonibus
1015 647 1245 691 mentem
1268 635 1348 687 vel
1376 633 1605 700 linguam
1633 641 1774 683 tuam
1802 633 2000 700 jugiter
2019 642 2111 679 oc-

531 725 760 780 cupare;
806 718 860 765 et
901 706 1278 780 videbis_quia
1329 699 1784 780 Deo’auxiiiante.
1818 699 2112 780 castitatem

534 768 772 851 po'tueris
785 778 1072 851 custodire.
1094 768 1277 851 Necte
1297 776 1491 851 pigeat,
1514 773 1558 825 si
1579 771 1816 851 corporis
1838 768 2114 850 infirmitas

534 840 642 906 non
665 850 930 922 prohibet,
962 840 1571 922 frequentiusje'junare,
1598 841 1664 895 ad
1694 840 1972 922 ecclesiam
2001 852 2115 922 maf

535 909 704 976 teritis
747 909 997 985 surgere;
1027 909 1084 971 ut
1111 914 1280 988 possis
1307 909 1448 988 iua_m
1485 912 1716 988 animam
1753 924 1783 962 a
1821 909 2115 988 libidinosis

475 1031 482 1035 .
534 992 757 1045 maculis
786 978 1002 1043 nitidam
1043 978 1332 1041 custodire.
1370 983 1436 1037 Et
1471 983 1516 1034 si
1547 982 1648 1034 hoc
1690 994 1794 1033 non
1832 978 2116 1032 infideliter

533 1061 737 1116 faciens
753 1060 900 1114 vides
922 1068 972 1112 te
992 1057 1165 1111 adhuc
1187 1055 1364 1110 carnis
1386 1050 1864 1122 impugnationibus
1886 1048 2112 1122 fatigari,

532 1141 589 1184 et
612 1130 747 1185 forte
772 1129 1067 1198 aliquoties,
1099 1135 1323 1193 excepto
1339 1118 1576 1199 filiorum
1600 1121 1907 1199 desiderio,
1925 1118 1992 1171 ad
2018 1133 2113 1199 co-

534 1189 890 1270 gnoscendam
925 1189 1144 1270 uxorem
1177 1189 1440 1270 propriam
1478 1192 1644 1244 vinci‘
1670 1189 2113 1270 ;_secundurn.vi-

536 1259 625 1326 res
667 1280 784 1326 tuas
829 1259 1597 1340 quotidianas'eléemosynas
1632 1261 1766 1314 adde
1803 1279 1829 1340 ἐ
1864 1259 2114 1340 quoniam

534 1341 788 1410 scriptum
818 1331 919 1402 est,
953 1338 1096 1392 Sicut
1128 1352 1260 1404 aqua
1280 1331 1555 1410 _e_:rsti_nguit
1581 1332 1769 1410 ignem2
1797 1331 1868 1410 ita
1907 1331 2117 1410 eieento:

534 1397 661 1480 synd
687 1397 953 1480 exstinguit
983 1397 1238 1478 peccatum
1270 1397 1553 1474 (Eccliftn,
1581 1397 1796 1480 55)._E_t
1819 1401 1944 1454 illud
1975 1397 2115 1480 quod

534 1470 720 1535 contra
746 1470 921 1535 omnia
947 1470 1161 1548 peccata
1189 1470 1435 1548 magnum
1467 1484 1547 1529 est
1567 1482 1621 1528 et
1649 1470 1860 1548 salubre
1881 1470 2115 1548 medica-

536 1561 773 1605 mentum
799 1568 811 1603 :
839 1542 1088 1605 omnibus
1125 1545 1214 1615 qui
1245 1542 1299 1598 in
1328 1555 1376 1598 te
1399 1544 1751 1614 peccaverint,
1782 1542 1991 1615 plenam
2031 1542 2114 1615 in-

533 1621 859 1692 dulgentiatm
888 1619 1088 1692 tribue;
1113 1610 1170 1670 ut
1195 1615 1333 1692 quod
1364 1610 1456 1683 per
1482 1613 1914 1692 incontinentiam
1935 1610 2115 1692 inqui-

537 1685 712 1756 natur,
735 1686 1356 1759 jejuniis,eleemosynis,
1383 1700 1446 1739 ac
1471 1685 1736 1756 prmcipue
1757 1697 1853 1754 per
1878 1685 2116 1736 inimico-

541 1778 660 1816 rum
688 1760 1065 1829 indulgentiam
1088 1759 1338 1829 diluatur.

607 1831 663 1886 5.
708 1825 1159 1906 Uxofcmcecepto
1181 1827 1402 1906 liliorum
1430 1825 1678 1880 desiderio
1703 1838 2117 1906 agnosccre‘pec.

538 1910 703 1955 catum
729 1910 822 1955 est.
853 1899 958 1954 Sed
987 1893 1156 1953 dicis:
1187 1896 1421 1952 Uxorem
1446 1905 1667 1966 excepto
1685 1895 1952 1950 desiderio
1979 1893 2116 1946 lilio-

537 1988 656 2026 rum
685 1985 994 2041 agnoscere,
1024 1977 1437 2041 peccatumtnon
1473 1976 1574 2041 est.
1607 1968 1662 2020 In
1691 1974 1904 2041 tantum
1923 1977 2116 2041 pecca-

539 2049 652 2096 tum
680 2033 782 2107 est,
812 2051 867 2094 ut
894 2033 1155 2110 propheta
1186 2039 1454 2110 pmnitens
1487 2037 1701 2110 clamet,
1744 2033 1807 2088 In
1833 2033 2114 2103 iniquitati-

537 2113 630 2182 bus
647 2107 912 2182 conceptus
949 2107 1098 2182 gum,
1125 2107 1696 2182 et_in‘¢_lelict_is_peperit
1725 2121 1804 2158 me
1826 2115 1984 2182 uniter
2009 2119 2119 2155 mea

538 2180 713 2251 (Psal.
736 2174 900 2251 L,'7).
952 2180 1137 2251 Et_sic
1181 2179 1233 2231 in
1266 2178 1443 2231 Veteri
1484 2174 1824 2251 ’l‘eStamento
1861 2174 2114 2251 legimus;

535 2244 749 2319 quando
775 2244 1000 2320 populus
1023 2248 1326 2320 Judzeorum
1357 2249 1704 2320 accessurus’
1734 2255 1847 2320 erat
1874 2244 1954 2320 ad_
1968 2259 2119 2320 mon_-

538 2314 645 2374 tem
671 2314 930 2383 Sinaifex
965 2328 1230 2387 prmceplo
1259 2319 1467 2371 Domini
1495 2318 1770 2371 dicebatur
1795 2316 1893 2380 eis,
1918 2314 2119 2368 Sancti-

538 2392 764 2458 ﬁcamini
807 2402 850 2446 et
881 2400 1032 2444 estote
1063 2389 1225 2458 parati
1265 2389 1318 2458 in
1330 2387 1475 2458 diem
1503 2387 1724 2445 tertium,
1767 2395 1813 2438 et
1846 2400 2120 2458 ite_apprc-_

539 2452 788 2531 pinguetis
810 2460 1048 2515 uxoribus
1063 2452 1246 2511 'vrstris
1269 2457 1462 2531 (Exod.
1494 2473 1616 2518 xnt,
1646 2457 1733 2526 15)
1763 2452 2026 2531 :et_illud,
2058 2452 2119 2506 Si

533 2526 651 2600 quis
671 2541 914 2585 nocturno
944 2531 1167 2600 pollutus
1196 2529 1344 2598 fuerit
1361 2543 1557 2590 somno,
1581 2543 1680 2600 non
1711 2526 1977 2600 manducet
2003 2539 2117 2600 (ταις-

537 2595 626 2654 nes
653 2603 889 2670 sacrificii
920 2595 1158 2670 salutaris
1181 2595 1203 2663 ξ
1230 2615 1290 2651 ne
1316 2607 1482 2670 pereat
1515 2598 1686 2650 anima
1721 2613 1814 2650 sua
1841 2597 1904 2670 de
1931 2595 2119 2670 populo

538 2671 709 2739 (Deut.
745 2665 860 2732 xnt.
885 2672 998 2738 10).
1020 2669 1075 2725 Si
1106 2678 1224 2739 post
1251 2669 1592 2738 pollutionem
1620 2683 1737 2736 quae
1767 2667 1920 2739 nobis
1939 2665 2120 2739 nolent

541 2734 684 2796 tibus
725 2742 839 2796 fieri
881 2734 1036 2806 solet,
1079 2734 1232 2794 nobis
1253 2734 1657 2792 communicare
1698 2754 1804 2793 non
1836 2738 1978 2801 licet,
2018 2734 2119 2788 nisi

539 2813 686 2880 prius
711 2811 977 2882 przecedat
1012 2811 1354 2882 cumpunctio
1379 2819 1433 2882 et
1469 2809 1843 2882 eleemosyna,
1865 2816 1921 2861 et
1957 2805 2003 2858 si
2037 2807 2120 2882 in:-

540 2875 766 2936 iirmitas
796 2896 899 2935 non
937 2875 1200 2948 prohibet,
1233 2879 1390 2934 etiam
1417 2879 1675 2948 jejunium
1698 2875 1722 2944 ;’
1758 2879 1877 2948 quis
1921 2887 2007 2948 est
2031 2875 2119 2948 qui

539 2961 716 3021 potest
751 2946 1102 3016 dicere—illud,
1147 2950 1288 3019 quod
1305 2946 1592 3021 ,vigilantes
1632 2960 1686 3005 et
1713 2946 1950 3003 volentes
1988 2946 2120 3021 faci-

540 3017 681 3086 inus,
721 3037 824 3076 non
859 3037 978 3076 esse
1007 3017 1319 3088 peccatum?
1353 3021 1590 3088 Denique
1631 3021 1884 3075 mulieres
1909 3017 2122 3087 quando

541 3095 759 3146 maritos
787 3093 1070 3161 accipiunt,
1106 3107 1198 3157 per
1227 3091 1438 3161 triginta
1465 3090 1580 3145 dies
1618 3092 1819 3145 intrare
1864 3090 1914 3161 in
1946 3089 2119 3161 eccle-

540 3163 675 3214 siam
702 3177 806 3215 non
829 3159 1152 3231 praesumant
1176 3178 1189 3214 :
1214 3161 1352 3231 quod
1376 3160 1535 3216 etiam
1551 3161 1794 3216 similiter
1814 3159 1913 3214 viri
1938 3159 2121 3214 obser-

542 3247 670 3285 vare
689 3233 948 3286 deberent
961 3232 980 3261 ³
1003 3232 1100 3301 (a).

613 3304 666 3356 6.
711 3303 830 3356 Non
858 3301 1059 3371 quidem
1086 3300 1334 3371 capitale;
1357 3302 1400 3355 si
1428 3313 1594 3356 tamen
1620 3301 1869 3370 frequens,
1900 3301 2121 3371 immun-

544 3372 662 3425 dam
689 3370 910 3425 animum
935 3372 1086 3441 facit,
1119 3370 1164 3442 et
1189 3373 1457 3442 imaginem
1488 3372 1580 3426 Dei
1606 3373 1872 3442 deformat.
1901 3370 2004 3425 Sed
2035 3370 2121 3424 di-

543 3443 623 3511 cis
652 3458 666 3494 :
699 3443 980 3497 Peccatum
1021 3441 1236 3511 quidem
1278 3441 1386 3506 est;
1418 3443 1513 3497 sed
1543 3441 1719 3497 tamen
1756 3456 1978 3510 parvum
1999 3449 2118 3511 est.

542 3510 654 3567 Nec
681 3527 779 3568 nos
809 3510 1183 3581 dicimusquia
1212 3513 1438 3581 capitale
1462 3520 1735 3582 peccatum
1773 3518 1857 3565 est
1877 3551 1890 3563 .
1921 3510 2017 3582 sed,
2041 3520 2120 3564 ta-

541 3597 665 3636 men
697 3584 741 3638 si
784 3581 1114 3653 frequentius
1158 3581 1490 3648 exerceatur,
1535 3591 1584 3637 et
1615 3583 1832 3652 jejuniis
1865 3581 1947 3635 vel
1963 3581 2122 3653 elee-

544 3653 783 3722 mosynis
810 3651 915 3722 non
953 3651 1279 3718 redimatur;
1324 3653 1482 3707 nimis
1522 3651 1850 3707 immundam
1889 3651 2122 3705 animam

545 3721 689 3776 facit.
731 3722 848 3777 Noli
889 3721 1167 3791 despicere
1209 3733 1424 3792 peccata
1469 3733 1579 3786 tua,
1609 3724 1730 3792 quia
1760 3737 1920 3792 parva
1964 3728 2118 3785 sunt;

543 3792 640 3844 sed
671 3793 798 3846 time
834 3793 955 3861 quia
993 3792 1143 3861 plura
1189 3802 1330 3845 sunt.
1370 3792 1500 3846 Nam
1543 3802 1597 3847 et
1639 3793 1932 3861 pluviarum
1959 3800 2123 3860 gutta:

545 3862 762 3931 minuta:
793 3860 987 3927 sunt";
1032 3860 1125 3916 sed
1168 3861 1385 3916 flumina
1425 3860 1666 3931 implent,
1709 3872 1762 3916 et
1803 3863 1970 3916 moles
2013 3870 2124 3916 tra-

544 3929 698 4014 liunt,
729 3941 788 4012 et
809 3932 1030 3988 arbores
1055 3947 1175 3987 cum
1218 3933 1329 4014 suis
1371 3929 1657 4014 radicibus"
1678 3932 1890 4014 tollunt.
1922 3932 2000 3986 Tu
2027 3932 2120 4014 qui

543 4000 676 4084 dicis
702 4001 822 4070 quia
841 4017 1070 4084 parvum
1104 4011 1376 4084 peccatum
1400 4012 1515 4084 est;
1557 4003 1717 4084 velim
1747 4003 1887 4084 scire
1914 4000 2122 4084 quoties

543 4071 650 4125 tale
674 4071 945 4141 peccatum
966 4071 1232 4140 {admittis,
1266 4074 1310 4127 si
1338 4081 1417 4128 tc-t
1443 4074 1686 4143 parvulas
1711 4073 1890 4143 plagas
1923 4073 1978 4127 in
2004 4088 2123 4128 cor.

542 4156 695 4210 pore,
741 4149 795 4197 et
822 4151 900 4196 tot
947 4143 1182 4197 maculas
1225 4152 1318 4198 aut
1358 4145 1618 4199 scissuras
1665 4144 1717 4198 in
1747 4144 1983 4199 vestibus
2021 4144 2123 4198 tuis

545 4211 659 4265 fieri
678 4212 848 4296 velis?
867 4213 931 4292 “Si
961 4215 1123 4283 ergo“
1153 4214 1208 4296 in
1229 4228 1453 4296 corpore
1483 4224 1574 4296 tuo
1600 4213 1802 4296 plagas,
1832 4228 1933 4296 nec
1953 4214 2005 4268 in
2032 4229 2121 4269 ve-

544 4291 627 4336 ste
675 4290 764 4336 tua
806 4283 1066 4353 scissuras
1100 4284 1182 4338 vel
1229 4283 1463 4339 maculas
1503 4283 1613 4338 fieri
1654 4285 1981 4353 acquiescis;
2020 4300 2121 4353 qua

541 4353 868 4409 conscientia
897 4353 1000 4408 hoc
1027 4352 1204 4410 facere
1243 4355 1296 4409 in
1329 4355 1504 4408 anima
1527 4363 1613 4408 tua
1641 4352 1748 4408 non
1786 4354 1981 4410 metuis
2000 4355 2024 4406 ?
2042 4352 2124 4409 ’Ac

609 4531 626 4561 ί
654 4536 701 4578 In
720 4531 894 4601 eodem
913 4531 1080 4601 codice
1101 4543 1145 4580 c.
1174 4544 1188 4601 :_
1215 4535 1268 4601 ες
1290 4529 1335 4580 si
1350 4529 1454 4581 hac
1477 4527 1684 4594 ﬁdeliter
1705 4529 1884 4593 faciens
1911 4530 2091 4582 videris
2107 4567 2122 4592 ,

545 4599 598 4640 et
619 4605 749 4652 mox,
771 4591 992 4652 vinceris,
1020 4606 1122 4654 pro,
1142 4591 1286 4644 vinci.

607 4655 626 4716 ξ
653 4661 731 4716 Ms.
756 4655 837 4716 qui
861 4667 1022 4715 supra,
1040 4667 1340 4716 ascensurus.

609 4715 631 4776 Ξ
655 4714 786 4765 Ideni
799 4714 976 4774 codex,
1000 4714 1093 4764 viri
1113 4717 1272 4776 facere
1296 4714 1484 4765 debent.

607 4775 628 4806 δ
649 4783 830 4824 'rextus
851 4777 920 4826 sic
940 4774 1210 4826 restituitur
1228 4790 1291 4825 ex
1309 4776 1480 4826 eodem
1495 4776 1660 4826 codice
1675 4787 1717 4839 c_.
1733 4774 1854 4839 [ικζοιὶ
1877 4774 2125 4839 despicere

545 4841 741 4946 pueflctita
772 4843 854 4886 tua
896 4850 1011 4900 quia
1054 4851 1202 4900 parva
1243 4843 1368 4889 sunt.
1414 4847 1532 4888 Nam
1575 4843 1621 4888 et
1664 4835 1933 4899 pluviarum
1964 4835 2125 4902 gutta:

545 4909 669 4946 sum.

728 4967 806 5007 Ms.
826 4973 870 5025 ρ.
882 4960 1029 5025 [Cum
1049 4963 1202 5025 erga]

604 5021 679 5094 (tt)
709 5029 820 5079 Quae
843 5022 921 5071 hic
953 5020 1419 5094 deconju'gatorum
1441 5023 1503 5094 ai)
1525 5020 1992 5094 ecclesiae_ingressu
2020 5036 2124 5094 pro-

542 5082 778 5147 hibitione
817 5091 1098 5147 asseruntur
1114 5082 1363 5147 {quaeque
1405 5085 1558 5147 infra,
1583 5083 1765 5147 num.77
1783 5117 1798 5140 ,
1823 5082 2124 5147 intentantur

541 5143 778 5193 adversus
801 5157 886 5193 eos
905 5147 988 5207 qui
1011 5146 1092 5207 die
1109 5143 1346 5196 dominico
1369 5145 1447 5195 vel
1471 5146 1676 5195 solemni
1697 5146 1758 5193 ab
1775 5145 2009 5207 uxoribus
2028 5160 2123 5195 non

541 5218 597 5254 se
620 5207 897 5264 continent,
921 5206 1260 5258 confirmantur
1296 5221 1392 5257 non
1414 5207 1569 5256 solum
1591 5206 1898 5266 uiauuseripu
1929 5211 2122 5256 Carcas-

540 5269 764 5316 sonensis
807 5267 1028 5318 Ecclesiae
1066 5271 1348 5319 auctoritate
1368 5304 1382 5328 ,
1423 5270 1511 5318 sed
1535 5277 1588 5319 et
1616 5269 1788 5317 horum
1808 5275 1957 5329 atque
1990 5275 2124 5317 retro

541 5336 816 5398 temporum
838 5330 1051 5398 moribus
1070 5331 1410 5398 acdisciplina.
1452 5339 1644 5398 Nempe
1673 5329 1936 5398 Gregorius
1969 5341 2120 5398 papa,

541 5387 625 5438 lib.
644 5387 741 5447 '12,
779 5392 924 5452 Epist.
958 5392 1013 5440 51
1039 5427 1053 5452 ,
1091 5387 1315 5442 οίῐθίυεέ
1337 5401 1454 5442 Jona
1487 5387 1849 5449 Aurelianensi,
1881 5387 2123 5440 lib.'2'de

541 5452 842 5518 Institutione
876 5452 1028 5518 laicali
1046 5491 1061 5513 ,
1086 5467 1191 5515 cap.
1220 5456 1305 5513 11,
1345 5457 1413 5504 ait
1433 5456 1667 5518 conjuges
1682 5460 1795 5518 post
1817 5453 2124 5518 concubitum

539 5513 603 5561 ab
645 5513 867 5562 ecclesia:
904 5513 1280 5577 ingressu'sese
1322 5513 1822 5577 abstinere‘debere.
1851 5515 2124 5577 ‘Gregorius

539 5586 736 5635 quodue
751 5573 1071 5635 Turonensis,
1093 5577 1158 5626 de
1179 5578 1411 5626 miraculis
1427 5585 1470 5625 s.
1495 5579 1708 5636 Martini,
1735 5574 1820 5624 lib.
1844 5574 1892 5633 2,
1916 5573 2022 5636 cap.
2040 5573 2120 5632 24,

542 5634 740 5685 easde'n
763 5636 896 5687 fere.
919 5652 1030 5687 (tua:
1071 5639 1167 5687 hic.
1191 5651 1323 5687 nimi.
1344 5641 1372 5687 7
1393 5672 1407 5687 .
1433 5639 1844 5687 incontinentibus
1872 5639 2025 5686 minas
2047 5638 2120 5685 iu-

542 5646 740 5685 e9sae'n
763 5646 896 5697 tere,
919 5652 1030 5702 quae
1071 5646 1167 5695 hic,
1191 5651 1323 5688 num.
1344 5646 1372 5687 7
1393 5672 1407 5696 ,
1433 5646 1844 5688 incontinentibus
1872 5646 2025 5686 minas
2047 5651 2117 5685 tn-

538 5701 712 5769 tentat.
753 5699 834 5747 His
863 5701 1048 5769 accedit
1071 5706 1124 5750 et
1143 5703 1460 5769 Hieronymus
1476 5702 1525 5769 in
1563 5701 1730 5769 Ezecii.
1755 5711 1858 5769 cap.
1887 5698 1963 5769 18,
1980 5700 2029 5769 ᾗ.
2057 5698 2117 5769 ﬁ,

539 5714 712 5747 renutat.
753 5714 834 5747 His
863 5714 1048 5750 accedit
1071 5714 1124 5750 et
1145 5714 1320 5749 Hieron
1353 5714 1525 5748 musm
1565 5714 1730 5747 necti.
1755 5714 1858 5761 cap.
1887 5714 1963 5756 ιδ,
1980 5714 2029 5758 7.
2071 5714 2117 5758 υ,

526 5757 727 5879 {simila
769 5772 797 5809 a
834 5769 950 5812 June
991 5763 1039 5811 in
1067 5763 1294 5852 prmdictc
1323 5714 1457 5811 libro
1477 5761 1541 5812 de
1587 5763 1889 5812 Institutione
1935 5758 2085 5810 laicali
2106 5794 2120 5820 ,

568 5831 642 5867 κο.
670 5831 742 5867 ιυ.
1275 5841 1284 5852 ⁵

1977 369 2332 423 ΑΙῬΕΝυΙΧ.

3654 372 3788 428 2300

2221 484 2299 537 sic
2321 481 2636 552 quicumque
2662 481 2762 537 hoc
2805 480 3008 545 fecerit,
3040 482 3157 552 plus
3184 491 3328 536 amat
3351 492 3550 538 vestem
3593 494 3648 538 et
3673 501 3788 537 car-

2221 568 2340 606 nem
2366 568 2515 606 suam
2537 569 2691 622 quam
2719 553 2967 605 animam.
2991 553 3120 606 Cum
3139 553 3278 606 enim
3303 553 3366 604 ad
3397 553 3676 622 imaginem
3697 555 3786 610 Dei

2220 623 2360 676 intus
2390 623 2442 676 in
2469 624 2644 676 anima
2674 623 2795 676 facti
2823 624 3018 683 simus.
3056 624 3265 692 quoties
3293 623 3490 691 aliquid
3521 634 3673 693 turpe
3701 636 3787 678 aut

2220 693 2484 761 loquimur
2515 702 2605 746 aut
2635 693 2874 756 facimus,
2913 695 3068 746 toties
3101 694 3190 748 Dei
3224 695 3502 762 imaginem
3547 695 3790 748 sordida-

2219 779 2356 835 inus.
2394 764 2562 835 Etiam
2588 765 2780 835 videte,
2825 764 2868 816 si
2900 763 3000 835 huc
3043 778 3138 817 vos
3174 763 3359 818 deceat
3399 772 3490 817 aut
3528 775 3790 835 Oporteat.

2223 833 2357 887 Vere
2380 833 2499 888 dico
2523 835 2693 897 vobis,
2726 834 2914 887 fratres
2943 834 3258 899 charissimi,
3287 834 3408 902 quia
3453 833 3577 887 non'
3599 837 3700 887 hoc
3731 835 3793 890 de

2219 904 2372 957 nobis
2399 904 2538 958 Deus
2560 913 2811 966 meretur,
2835 914 2892 956 ut
2915 904 2966 956 in
2999 903 3149 956 nobis
3177 905 3351 972 imago
3381 905 3545 970 ipsius
3570 921 3667 973 per
3694 921 3795 959 ma-

2219 973 2298 1027 las
2325 975 2780 1042 concupiscentias
2807 974 3049 1041 injuriam
3089 976 3338 1041 patiatur.
3372 975 3433 1027 Et
3467 990 3588 1028 cum
3619 976 3796 1028 nullus

2218 1043 2380 1098 homo
2409 1045 2535 1098 velit
2569 1060 2690 1100 cum
2721 1045 2896 1098 tunica
2935 1043 3181 1097 sordibus
3212 1045 3363 1113 plena
3403 1045 3468 1098 ad
3513 1047 3795 1100 ecclesiam

2217 1115 2521 1178 convenire,
2568 1114 2747 1169 nescio
2784 1129 2885 1183 qua
2913 1115 3233 1168 conscientia
3278 1130 3395 1167 cum
3442 1117 3636 1179 anima,
3680 1131 3796 1183 qua:

2220 1197 2315 1252 per
2343 1184 2601 1237 luxuriam
2628 1186 2698 1238 sit
2727 1184 3014 1251 inquinata,
3042 1186 3312 1252 praesumit
3356 1184 3420 1237 ad
3447 1186 3615 1239 altare
3641 1200 3794 1238 acce-

2218 1253 2388 1308 dere:
2418 1270 2522 1307 non
2568 1255 2760 1308 timens
2808 1255 2935 1308 illud
2981 1255 3120 1324 quod
3163 1255 3447 1323 Apostolus
3489 1254 3644 1318 dixit,
3700 1256 3798 1321 Qui

2218 1325 2351 1376 enim
2380 1324 2648 1377 manducet
2675 1341 2873 1394 corpus,
2905 1332 2948 1376 et
2976 1325 3126 1376 sumit
3153 1325 3447 1394 sanguinem
3489 1324 3696 1378 Domini
3725 1327 3797 1378 in-

2219 1394 2388 1465 digne,
2416 1412 2528 1448 reus
2553 1396 2647 1465 erit
2671 1396 2896 1462 corporis
2926 1404 2970 1446 et
2999 1395 3255 1465 sanguinis
3284 1395 3484 1447 Domini
3500 1394 3541 1465 (Ι
3575 1395 3696 1450 Cor.
3724 1412 3794 1457 χι,

2217 1463 2332 1534 27).
2365 1464 2420 1518 Si
2450 1464 2812 1518 erubescimus
2848 1478 2911 1517 ac
2938 1465 3183 1534 timemus
3220 1463 3606 1519 Eucliaristiam
3636 1466 3795 1518 mani-

2219 1533 2318 1587 bus
2339 1534 2567 1588 sordidis
2595 1543 2843 1602 tangere;
2873 1535 2990 1603 plus
3010 1533 3265 1588 debemus
3284 1536 3473 1589 timere
3504 1537 3672 1604 ipsam
3697 1537 3799 1590 Eu-

2219 1605 2522 1658 charistiam
2574 1606 2624 1657 in
2674 1606 2847 1657 anima
2898 1605 3094 1674 polluta
3143 1605 3473 1673 suscipere‘.
3532 1607 3599 1660 Et
3653 1607 3796 1674 quia,

2219 1675 2357 1746 sicut
2376 1674 2504 1746 dixi,
2541 1675 2591 1727 in
2631 1676 2804 1727 anima
2837 1684 3016 1746 nostra
3054 1675 3175 1728 facti
3205 1689 3389 1746 sumus
3414 1676 3478 1728 ad
3516 1677 3797 1746 imaginem

2221 1745 2350 1808 Dei;
2383 1745 2427 1798 si
2461 1745 2510 1798 in
2537 1745 2706 1799 tabula
2738 1752 2828 1797 aut
2854 1745 3021 1813 lignea
3053 1754 3144 1797 aut
3174 1745 3378 1812 lapidea
3419 1745 3641 1801 faceres
3664 1748 3797 1800 ima-

2218 1814 2395 1882 ginem
2427 1823 2588 1878 tuam,
2619 1824 2672 1868 et
2714 1814 2905 1881 aliquis
2949 1815 3228 1883 impudens
3259 1815 3418 1868 homo
3452 1817 3615 1871 vellet
3655 1817 3796 1870 illam

2222 1885 2500 1956 imaginem
2535 1894 2625 1937 aut
2655 1885 2912 1952 lapidibus
2933 1884 3199 1956 frangere,
3224 1896 3315 1938 aut
3339 1887 3602 1956 aliquibus
3629 1887 3799 1940 sordi-

2221 1955 2318 2007 bus
2346 1955 2638 2022 inquinare,
2674 1955 2830 2008 velim
2869 1955 3007 2008 scire
3033 1957 3076 2009 si
3103 1964 3285 2008 contra
3313 1955 3437 2009 eum
3475 1971 3582 2010 non
3615 1973 3798 2012 move-

2220 2032 2366 2078 retur
2403 2027 2610 2078 animus
2632 2035 2771 2096 tuus.
2800 2025 2950 2093 Rogo
2977 2034 3048 2090 te,
3082 2025 3143 2096 si
3164 2034 3307 2078 tuam
3337 2028 3621 2096 imaginem
3652 2045 3798 2083 mor-

2222 2103 2363 2166 tuam
2408 2096 2483 2148 sic
2526 2095 2992 2166 zelaveris,tputas
3029 2095 3239 2164 qualem
3288 2095 3532 2166 injuriam
3573 2101 3802 2166 patiatur

2222 2165 2623 2236 Deus,tquando
2653 2166 2704 2218 in
2746 2165 2898 2218 nobis
2927 2167 3042 2218 viva
3082 2167 3257 2234 imago
3282 2165 3374 2220 sua
3416 2183 3511 2236 per
3537 2165 3798 2224 luxuriam

2221 2235 2597 2310 sordidatur’?
2637 2237 2700 2288 Et
2731 2235 2850 2289 ideo
2879 2237 2923 2288 si
2957 2236 3111 2310 nobis
3152 2250 3256 2310 non
3285 2239 3552 2305 parcimus
3580 2251 3802 2310 propter

2221 2306 2596 2380 nosmetipsos,
2619 2319 2917 2380 parcamus
2957 2307 3110 2362 nobis
3141 2306 3224 2360 vel
3259 2317 3478 2377 propter
3515 2306 3800 2380 imaginem

2222 2373 2314 2428 Dei
2341 2374 2406 2427 ad
2433 2391 2589 2445 quam
2613 2375 2733 2429 facti
2760 2390 2963 2430 sumus.

2293 2445 2344 2496 7.
2389 2445 2603 2509 Quando
2637 2447 2913 2514 praesertim
2955 2446 3018 2499 ab
3058 2462 3215 2499 uxore
3251 2447 3619 2503 abstinendum.
3663 2452 3803 2515 Quas

2223 2514 2513 2587 plerumque
2548 2531 2720 2585 poenas
2747 2516 2873 2587 dent
2911 2518 2997 2587 qui
3037 2517 3185 2568 aliter
3227 2533 3279 2569 se
3304 2529 3502 2586 gerunt.
3550 2514 3802 2575 Nonnulli

2222 2585 2390 2657 bestiis
2428 2586 2885 2657 incontinentiores.
2924 2585 3073 2657 ‘Ante
3111 2589 3284 2640 omnia
3308 2585 3388 2641 fut
3431 2591 3639 2657 quoties
3687 2592 3802 2646 dies

2222 2653 2520 2709 dominicus
2545 2666 2635 2709 aut
2658 2655 2776 2709 alim
2807 2656 3115 2710 festivitates
3138 2658 3377 2720 veniunt,
3401 2653 3622 2714 uiorem
3648 2677 3802 2715 suam

2223 2725 2398 2778 nullus
2423 2735 2694 2797 agnoscat.
2735 2726 2803 2779 Et
2828 2729 3034 2795 quoties
3061 2727 3257 2779 fluxum
3291 2729 3565 2797 sanguinis
3608 2732 3801 2785 mulie-

2223 2809 2310 2867 res
2338 2796 2626 2864 patiuntur,
2659 2797 2904 2867 similiter
2929 2797 3314 2851 observandum
3338 2796 3423 2852 est
3450 2816 3462 2850 :
3494 2810 3713 2867 propter
3738 2803 3803 2855 il-

2224 2865 2310 2917 lud
2336 2867 2478 2935 quod
2504 2869 2576 2919 ait
2601 2869 2854 2934 propheta
2872 2866 2915 2931 ³,
2938 2867 3018 2918 Ad
3042 2869 3298 2920 mulierem
3322 2865 3680 2923 menstruatam
3702 2889 3802 2925 non

2222 2938 2489 3006 accesseris
2525 2936 2736 3004 (Ezech.
2771 2953 2918 3000 xvnt,
2941 2937 3276 3006 6).Namqui
3301 2953 3518 2992 uxorem
3553 2955 3709 2994 suam
3754 2945 3802 2995 in

2224 3005 2497 3074 proliuviis
2525 3008 2746 3076 positam
2779 3005 3071 3076 agnoverit,
3101 3017 3191 3060 aut
3212 3009 3262 3060 in
3289 3008 3376 3062 die
3401 3009 3688 3070 dominico.
3715 3023 3806 3066 aut

2226 3077 2276 3129 in
2313 3076 2413 3130 alia
2443 3079 2680 3146 qualibet
2715 3078 3051 3132 solemnitate
3087 3079 3402 3133 adveniente
3428 3095 3486 3132 se
3527 3083 3805 3137 continere

2226 3147 2525 3218 noluerit‘;
2553 3149 2640 3216 qui
2666 3157 2790 3202 tunc
2823 3150 3064 3218 concepti
3096 3149 3310 3209 fuerint.
3341 3159 3433 3202 aut
3463 3151 3680 3218 leprosi,
3715 3166 3807 3208 aut

2226 3217 2511 3286 cpileptici,
2546 3229 2634 3271 aut
2659 3219 2817 3272 etiam
2851 3217 2986 3273 forte
3011 3218 3327 3273 daemoniaci
3359 3217 3664 3275 nascentur.
3699 3224 3804 3278 De-

2225 3287 2384 3360 nique
2413 3288 3173 3360 quicumqueleprosiusunt,
3220 3305 3325 3343 non
3361 3290 3430 3344 de
3474 3294 3807 3360 sapientibus

2225 3355 2548 3421 hominibus,
2575 3355 2741 3427 quiet
2760 3358 2812 3412 in
2838 3355 2956 3412 aliis
2974 3358 3162 3414 diebus
3182 3368 3236 3412 et
3255 3361 3304 3413 in
3323 3355 3697 3416 festivitatibus
3714 3379 3805 3418 ca-

2226 3427 2458 3501 stitatem
2487 3429 2811 3501 custodiunt,
2854 3428 2948 3483 sed
2992 3429 3058 3501 de
3089 3431 3299 3484 rusticis
3346 3434 3591 3497 maxime,
3625 3437 3721 3501 qui
3752 3451 3810 3489 se

2225 3497 2873 3570 continerenonsapiunt,
2895 3499 3040 3553 nasci
3061 3501 3252 3554 solent.
3277 3501 3343 3554 Et
3361 3518 3561 3566 revera,
3591 3497 3806 3570 fratres,

2224 3567 2270 3620 si
2305 3567 2567 3641 animalia
2601 3567 2718 3641 sine
2755 3570 3024 3624 intellectu
3065 3585 3170 3624 non
3225 3585 3284 3626 se
3333 3573 3658 3641 contingunt,
3710 3567 3807 3628 nisi

2225 3647 2373 3713 certo
2398 3647 2451 3692 et
2467 3639 2966 3713 tegitimotcmpore
2985 3656 3000 3705 ;
3022 3651 3219 3713 quanto
3238 3643 3407 3713 magis
3431 3639 3694 3707 inmunes,
3719 3645 3806 3713 qui

2225 3706 2292 3760 ad
2321 3706 2603 3777 imaginem
2629 3709 2721 3764 Dei
2755 3706 2875 3764 facii
2901 3706 3053 3772 sunt,
3077 3711 3180 3765 hoc
3202 3706 3490 3768 observare
3516 3706 3811 3767 deberent?

2227 3776 2335 3850 Sed
2374 3776 2514 3847 quod
2563 3780 2712 3848 pejus
2759 3789 2876 3844 est,
2927 3789 3051 3834 sunt
3094 3781 3257 3850 aliqui
3285 3782 3373 3842 ,ita
3423 3783 3676 3837 luxuriosi
3730 3787 3808 3838 vel

2227 3848 2448 3922 ebriosi,
2467 3851 2555 3922 qui
2577 3850 2856 3918 aliquoties
2876 3865 2976 3904 nec
2996 3848 3388 3922 praegnantibus
3411 3855 3665 3906 uxoribus
3693 3871 3812 3922 par-

2227 3927 2372 3972 cunt.
2407 3918 2475 3992 Et
2501 3920 2620 3974 ideo
2647 3923 2704 3992 si
2727 3935 2926 3992 se_non
2958 3918 3376 3992 emendaverint,
3408 3925 3504 3992 ipsi
3529 3918 3747 3977 videant
3769 3927 3812 3977 si

2229 4003 2332 4060 non
2375 3991 2586 4057 pejores
2623 3989 2944 4045 animalibus
2981 3990 3253 4060 iudicandi
3290 3989 3579 4047 sintilstis
3620 3995 3814 4048 talibus

2228 4057 2421 4112 clamat
2450 4060 2755 4132 Apostolus,
2783 4057 3008 4115 dicens}
3039 4058 3107 4114 Ut
3140 4061 3266 4132 sciat
3302 4065 3638 4132 unusquisque
3662 4081 3813 4118 suum

2227 4144 2313 4202 vas
2344 4130 2596 4202 possidere
2614 4131 2674 4202 in
2705 4131 2890 4202 honore
2928 4140 2975 4184 et
3007 4131 3404 4199 sanctiﬁcatione
3424 4130 3452 4197 ,"
3472 4130 3570 4186 non
3611 4135 3662 4186 in
3689 4152 3813 4202 pes-

2227 4200 2371 4271 sione
2408 4200 2656 4262 desiderii,
2704 4200 2845 4271 sicut,
2873 4212 2918 4253 et
2951 4211 3120 4270 gentes
3161 4219 3274 4271 qua:
3310 4220 3446 4271 spem
3485 4220 3586 4256 non
3625 4200 3812 4257 Ita—ben!

2233 4269 2272 4339 (Ι
2305 4269 2482 4323 Thess.
2513 4287 2584 4343 iv,
2615 4271 2667 4332 4,
2699 4271 2774 4340 5).
2811 4270 2876 4343 Et
2913 4269 3034 4340 quia
3065 4269 3190 4325 sunt
3223 4269 3374 4327 multi
3401 4274 3490 4342 qui
3521 4273 3818 4343 legitimam

2230 4354 2333 4392 non
2360 4340 2662 4395 custodiunt
2699 4341 2995 4395 eastitatem
3043 4356 3164 4396 cum
3208 4343 3320 4396 suis
3349 4340 3633 4408 uxoribus;
3677 4345 3821 4399 sicut

2229 4425 2388 4481 supra
2423 4411 2554 4475 dixi,
2591 4411 2761 4481 largas
2805 4411 3174 4481 eleemosynas
3212 4411 3427 4480 faciant,
3475 4421 3531 4466 et
3565 4415 3820 4469 omnibus

2229 4480 2456 4552 inimicis
2505 4481 2613 4534 suis
2657 4480 3101 4552 indulgeantzut.
3151 4482 3290 4537 sicut
3311 4484 3419 4552 jam
3465 4483 3665 4538 dictum
3713 4497 3818 4551 est,

2229 4550 2367 4673 (imm
2410 4551 2621 4604 luxuria
2659 4551 2928 4604 sordidum
2968 4550 3164 4619 effecit,
3208 4550 3434 4608 assiduis
3459 4554 3823 4626 eleemosynis

2229 4635 2257 4673 a
2319 4630 2489 4673 uatur.

2228 4630 2489 4673 abluatur.

2302 4691 2356 4745 8.
2383 4689 2494 4754 Quo
2521 4691 2690 4765 animo
2710 4692 2780 4765 de
2807 4691 2885 4765 his
2913 4692 3061 4765 rebus
3098 4703 3274 4748 auctor
3309 4695 3481 4765 egerit.
3513 4695 3664 4765 Rogo
3697 4713 3820 4758 vos,

2228 4758 2457 4824 fratres,
2495 4769 2553 4814 ut
2593 4762 3112 4834 mihihindulgeatis,
3152 4765 3274 4832 quia
3304 4758 3401 4834 pro
3428 4758 3824 4822 salutc'anima:

2229 4841 2420 4886 vestra:
2437 4846 2556 4885 cum
2573 4832 2756 4900 grandi
2777 4833 2965 4887 timore
2990 4835 3072 4888 vel
3101 4832 3332 4889 tremore
3351 4837 3509 4890 etiam
3535 4837 3577 4902 ⁸,
3609 4846 3663 4890 et
3692 4853 3823 4893 cum

2232 4902 2553 4972 verecundia
2594 4903 2661 4956 de
2693 4903 2881 4956 talibus
2922 4903 3079 4957 rebus
3121 4919 3219 4959 vos
3253 4906 3544 4961 admonere
3585 4907 3823 4972 videor;

2229 4971 2353 5093 quia
2379 4980 2435 5026 ct
2464 4972 2565 5026 hoc
2590 4972 2719 5026 mihi
2761 4972 2976 5043 expedit
3011 4974 3191 5029 dicere
3214 5015 3228 5039 ,
3271 4985 3322 5030 et
3352 4991 3447 5030 vos
3475 4985 3688 5045 oportet
3725 4995 3825 5032 au—

2229 5060 2242 5093 t
2270 5043 2362 5093 ire.
2391 5042 2457 5093 El.
2488 5043 2606 5093 ideo
2632 5043 2807 5093 omnia
2839 5059 2957 5093 (tum
2983 5058 3012 5093 a
3044 5044 3198 5093 nobis
3223 5045 3460 5093 audistis-
3493 5046 3825 5093 nhimimmm

2229 5042 2363 5118 dire:
2391 5042 2606 5118 _Et_ideo
2632 5043 2807 5118 omnia
2822 5042 2957 5118 qua:
2979 5058 3012 5118 _a
3044 5044 3198 5098 nobis
3223 5045 3464 5118 audistis,
3493 5042 3827 5118 ubicumque

2230 5110 2435 5166 fueritis
2463 5113 2690 5168 invicem
2715 5110 2866 5166 vobis
2889 5112 3068 5180 dicite,
3101 5123 3156 5168 et
3174 5130 3296 5171 cum
3319 5117 3570 5172 charitate
3597 5132 3697 5171 vos
3723 5110 3822 5172 ad-

2296 5336 2311 5366 ι
2341 5341 2418 5382 Ms.
2435 5345 2479 5382 c.
2506 5330 2854 5383 Eucharistiam
2874 5331 3000 5383 intus
3019 5333 3072 5384 in
3091 5333 3271 5385 anima.

2291 5398 2312 5428 ι
2343 5395 2482 5466 idem
2524 5401 2620 5466 Ms._
2653 5408 2696 5444 c.
2731 5394 2876 5466 [Rogo
2898 5401 2968 5466 te,
3000 5395 3043 5445 si
3071 5395 3625 5466 imaginem-pictaran
3655 5399 3834 5450 mbula

2229 5462 2420 5523 mortua
2440 5455 2511 5523 sic
2547 5454 2800 5523 sciaveris,
2815 5454 2963 5520 putas
2985 5454 3427 5523 qualem'mjm'iam
3459 5457 3638 5523 patitur
3665 5468 3827 5523 Deus,

2231 5518 2420 5585 quando
2440 5517 2491 5567 in
2512 5515 2645 5585 nobis
2668 5515 2934 5585 imagosua
2973 5515 3060 5582 per
3097 5515 3731 5585 litxufiamsordidaturfj

2294 5582 2314 5650 ξ
2337 5583 2410 5650 sic
2425 5593 2487 5629 ex
2513 5579 2688 5650 eodem
2709 5579 2892 5650 codice.
2916 5579 3130 5650 {propter
3148 5581 3282 5650 quod
3391 5581 3664 5650 prop/actm]

2294 5642 2315 5674 δ
2330 5644 2410 5712 sic
2429 5655 2494 5691 ex
2519 5640 2700 5712 eodem
2713 5643 2897 5712 codice.
2919 5640 3093 5704 [autin
3109 5640 3206 5692 alia
3228 5640 3435 5706 qualibet
3447 5640 3753 5695 solemnitate
3778 5659 3833 5695 se

2231 5702 2471 5752 continere
2495 5701 2742 5764 rwluerit.)

2233 5767 2316 5874 di;
2335 5769 2411 5887 inc
2442 5764 2571 5815 Idem
2608 5769 2688 5814 ω.
2725 5763 2772 5815 c.
2813 5764 2940 5827 [cum
2971 5763 3147 5830 grandi
3177 5764 3346 5816 timore
3378 5773 3422 5817 et
3454 5781 3564 5819 cum
3586 5780 3824 5819 veream-
