4088 6372
507 409 652 470 2503

506 535 779 598 videatur;
806 530 980 586 adhuc
999 535 1198 592 tamen,
1221 523 1363 598 quod
1373 523 1542 598 Apejus
1565 529 1650 598 est
1668 564 1683 588 ,
1714 519 1884 577 multo
1907 519 2092 591 plures

509 613 655 671 sunt,
682 591 777 673 qui
796 603 864 658 ab
883 600 974 655 illo
993 591 1198 673 malleo;
1207 591 1446 673 quotidie
1458 591 1877 673 confringantur
1892 633 1907 658 ,
1929 604 2094 673 quain

510 673 588 728 illi
610 657 789 743 q'ui'de
815 673 968 743 ruina
989 671 1072 725 vel
1099 657 1910 743 collisioneipsiusiiberanitir.
1941 657 2095 716 Unde

508 733 705 798 iterum
727 753 884 813 atque
907 742 1097 796 iterum
1118 754 1266 813 rogo,
1287 746 1346 792 ιιι
1364 733 1665 813 diligentius
1675 733 2095 813 consideremus,

507 822 565 868 et
590 802 842 882 quantum
873 824 1168 884 possumus
1183 802 1482 884 'timeamus
1517 805 1644 884 illud
1673 804 1826 884 quod
1847 802 2100 884 Dominus

511 884 565 938 in
597 874 890 955 Evangelio
919 882 1052 955 diitit
1081 898 1094 935 :
1131 879 1229 944 Qui
1255 878 1432 955 viderit
1460 877 1728 955 mulierem
1761 874 1826 928 ad
1856 874 2100 955 concupi-

509 943 777 1008 scendum”
793 970 923 1015 eam,
963 953 1076 1022 jam
1120 943 1394 1004 mmcltatus
1436 957 1510 1002 est
1553 962 1664 1000 eam
1709 946 1765 999 in
1807 943 1960 999 corde
2007 957 2100 996 suo

511 1023 728 1088 (Matth.
759 1041 812 1088 v,
841 1023 956 1088 28).

585 1067 956 1160 "auom-odd
995 1108 1131 1147 mors
1157 1091 1307 1147 intret
1331 1105 1421 1166 per
1455 1089 1716 1166 fenestras.
1753 1084 1861 1166 Ῑξιιο
1886 1097 1989 1166 (ιιιὲ
2016 1098 2096 1166 re,

509 1163 650 1220 sicut
673 1154 784 1234 jam
808 1165 1115 1234 dictumiest
1135 1154 1438 1234 nonsolum
1455 1154 1532 1234 ab
1559 1154 2102 1234 ext._raneis_mulierif

510 1234 634 1299 bus,
662 1223 936 1308 Sedietiain
972 1233 1050 1308 Aab
1084 1229 1547 1308 ancillis_propriis
1574 1223 1907 1308 refrenanda
1929 1234 2012 1278 est.
2047 1231 2100 1279 et

512 1295 717 1360 secreta
744 1303 1090 1368 familiaritas,
1114 1311 1168 1357 et
1188 1295 1464 1357 oculorum
1486 1300 1694 1353 incauta
1719 1295 2007 1368 fragilitas;
2031 1309 2100 1349 ne

511 1373 653 1448 illud
675 1375 886 1448 eveniat
906 1374 1060 1448 nobis
1078 1367 1504 1448 quodipominus
1527 1383 1629 1448 p_er_
1647 1367 1961 1448 prophetam
1992 1372 2101 1448 ter-

513 1445 743 1500 ribiliter
766 1440 1183 1505 clamatdicens,
1209 1442 1352 1496 Mors
1380 1441 1584 1494 intravit
1611 1440 1663 1493 in
1690 1440 1886 1490 animas
1913 1443 2102 1490 vestras

553 1531 607 1568 er
634 1521 878 1586 fenestras
904 1523 1093 1588 vestras
1123 1512 1341 1588 (larem:
1379 1527 1462 1578 ix,
1495 1510 1610 1581 2|).
1653 1509 1755 1563 Per
1783 1520 1916 1588 quas
1955 1505 2098 1588 enim

537 1579 788 1658 euestras
806 1599 952 1640 mors
979 1579 1143 1638 intrat
1163 1583 1235 1658 ad
1259 1583 1462 1637 animas
1483 1579 1732 1658 homins:
1760 1579 1996 1658 nisinper
2018 1579 2100 1630 vi-

512 1669 632 1729 sum
675 1656 972 1722 oculorum,
1017 1662 1072 1709 et
1117 1653 1353 1729 auditum
1383 1651 1629 1729 aurium?
1669 1647 1726 1703 Si
1753 1647 2102 1729 periinguam

513 1725 688 1780 amico
713 1733 805 1780 aut
831 1715 989 1780 servo
1011 1732 1104 1779 tuo
1123 1723 1348 1793 jusseris
1381 1732 1439 1777 ut
1469 1721 1535 1776 ad
1564 1729 1616 1774 te
1656 1715 1908 1793 meretrix
1936 1715 2104 1771 addu-

513 1804 700 1860 catur;
738 1810 835 1864 per
863 1811 926 1849 os
961 1803 1107 1864 tuum
1124 1788 1203 1848 'ad
1232 1795 1461 1847 animam
1483 1801 1630 1864 tuam
1657 1788 2102 1864 gladiusagternaa

515 1857 706 1922 mortis
725 1857 1036 1934 ingreditur.
1065 1863 1121 1920 Si
1150 1875 1325 1919 autem
1347 1862 1625 1934 consilium
1653 1857 1848 1934 maium
1875 1857 2104 1934 libenter

515 1927 836 2000 attdieris,si
855 1934 1242 2010 detrahentem,
1258 1935 1340 2010 vel
1363 1931 1560 2002 aliquid
1585 1930 1855 1985 luxuriose
1875 1927 2100 2010 loquen-

514 2014 646 2080 tem,
670 2013 760 2060 aut
782 2006 988 2060 cantica
1010 2005 1180 2080 turpia
1205 2003 1562 2080 proferentem
1590 2015 1720 2080 non,
1737 2003 1976 2080 respuis;
2006 2014 2101 2066 per

513 2076 721 2130 aurium
761 2083 969 2129 tuarum
1018 2069 1276 2130 fenestras
1325 2088 1472 2128 mors
1515 2073 1731 2126 intravit
1753 2069 1820 2123 ad
1867 2069 2096 2123 animam

513 2153 680 2200 tuam.
708 2145 776 2200 Et
800 2146 924 2214 quia
952 2145 1205 2200 Dominus
1233 2145 1387 2209 dixit,
1419 2143 1520 2208 Qui
1545 2141 1720 2195 viderit
1747 2140 2005 2214 mulierem
2029 2139 2099 2214 ad

512 2210 968 2282 concupiscendum
1004 2231 1116 2270 eam
1135 2257 1151 2282 ,
1195 2216 1302 2282 iam
1333 2215 1604 2282 namcltatus
1638 2219 1710 2266 est
1737 2227 1849 2282 eam
1871 2210 1924 2264 in
1939 2210 2100 2282 corde

512 2301 642 2347 suo;
668 2279 977 2355 intelligitur
999 2279 1147 2356 quod
1173 2279 1418 2356 voluntas
1447 2280 1716 2356 perfecta‘
1750 2279 1972 2356 iaciendi
2005 2295 2092 2335 re-

514 2356 788 2422 potabitur
809 2351 904 2425 pro
923 2351 1087 2425 Opere
1111 2355 1256 2410 facti.
1282 2359 1358 2410 Ac
1377 2351 1594 2425 sic'dum
1607 2351 1798 2419 aliquis
1816 2351 2092 2425 mulierem

516 2421 1008 2480 libidinoso'auimo
1043 2425 1385 2490 considerat,
1413 2441 1509 2492 per
1539 2423 1824 2479 fenestram
1852 2421 2093 2492 corporis

516 2496 599 2550 sui
620 2496 686 2551 ad
709 2505 974 2551 secretum
997 2497 1171 2551 cordis
1188 2490 1450 2550 venenum
1477 2494 1664 2548 mortis
1687 2492 1925 2548 instillat.
1949 2490 2092 2546 Talis

514 2566 658 2636 enim
681 2567 949 2636 cogitatio,
972 2567 1179 2620 etiamsi
1201 2567 1378 2634 aliquo
1398 2563 1716 2636 impediatur
1737 2577 1885 2636 casu,
1902 2571 1966 2636 ιιι
1986 2577 2090 2636 non

515 2635 735 2705 impleat
751 2632 1096 2691 rvoluntatem
1139 2632 1322 2700 suam;
1357 2632 1698 2689 nihilominus
1723 2632 1947 2705 actionis
1987 2633 2094 2688 cri-

512 2704 658 2761 mine
676 2707 1058 2761 condemuatur
1081 2722 1112 2761 a
1146 2706 1368 2760 Domino
1393 2723 1405 2758 :
1435 2720 1498 2760 ac
1525 2706 1603 2759 sic
1638 2713 1692 2760 et
1729 2704 1814 2756 illa
1839 2711 1984 2757 casta
2009 2711 2094 2757 est

512 2791 634 2846 cum
658 2792 761 2846 qua
789 2777 1022 2831 libidinis
1047 2777 1245 2830 malum
1280 2777 1447 2830 voluit
1484 2789 1757 2846 exercere,
1787 2773 1960 2846 etille
1979 2772 2091 2842 jam

511 2843 722 2900 adulter
757 2856 966 2902 tenetur
996 2847 1047 2901 in
1081 2847 1264 2901 corde.
1293 2846 1362 2900 Et
1389 2847 1508 2901 ideo
1533 2845 1811 2899 audiamus
1849 2843 2092 2912 Scriptu-

511 2931 627 2971 ram
653 2916 939 2983 dicentem,
966 2916 1116 2971 Omni
1131 2916 1360 2986 custodia
1379 2934 1518 2971 serva
1540 2932 1628 2970 cor
1643 2925 1784 2968 tuum
1807 2913 1988 2986 (Prov.
2012 2929 2092 2979 tv,

514 2986 643 3055 23);
671 2995 726 3042 et
752 2987 899 3050 illud,
929 2989 1104 3041 Averte
1128 2985 1298 3041 oculos
1327 3004 1483 3052 meos,
1510 3002 1572 3040 ne
1599 2985 1798 3040 videant
1827 2985 2094 3038 vanitatem

515 3055 687 3129 (Psal.
710 3073 892 3121 cxvm,
922 3059 1035 3129 37).
1057 3057 1336 3129 Quomodo
1359 3059 1512 3129 enim
1539 3057 1583 3110 si
1617 3056 1818 3129 aliquis
1831 3055 2092 3129 carbones

513 3125 651 3195 ignis
671 3125 1051 3197 apprehendat,
1085 3128 1126 3182 si
1153 3143 1246 3183 eos
1269 3128 1375 3181 cito
1404 3127 1687 3197 proiecerit
1706 3168 1721 3193 ,
1749 3125 1878 3197 nihil
1908 3126 1956 3197 ei
1993 3132 2093 3179 ho-

513 3195 755 3262 cebunt’i
771 3199 818 3252 si
839 3213 968 3254 vero
1007 3198 1205 3252 diutius
1229 3195 1415 3252 tenere
1439 3197 1702 3261 voluerit,
1731 3196 1847 3250 sine
1871 3195 2094 3251 vulnere

510 3283 608 3321 eos
629 3267 832 3336 jactare
874 3283 978 3322 non
1019 3269 1288 3337 potuerit:
1319 3270 1388 3322 ita
1419 3275 1474 3323 et
1511 3269 1602 3322 ille
1639 3267 1727 3336 qui
1749 3267 1814 3320 ad
1843 3267 2096 3335 concupi-

511 3337 767 3392 scendum
814 3339 1090 3394 oculorum
1137 3339 1382 3394 defixerit
1427 3347 1722 3408 aspectum,
1764 3345 1820 3391 et
1860 3337 2096 3408 libidinis

511 3409 810 3481 maluinin
855 3409 1038 3481 corde
1064 3410 1359 3481 suscipiens
1388 3423 1567 3463 moras
1597 3407 1649 3462 in
1689 3407 2096 3481 cogitationibus

511 3477 626 3534 suis
653 3479 850 3534 habere
876 3479 1196 3549 permiserit,
1207 3477 1478 3535 'excutere
1503 3493 1593 3533 eas
1618 3493 1648 3531 a
1677 3493 1737 3533 se
1761 3477 1882 3533 sine
1906 3477 2098 3549 animze

512 3549 667 3619 plaga
696 3564 800 3604 non
829 3548 1043 3619 peterit.
1073 3551 1138 3604 Et
1164 3551 1285 3604 ideo
1315 3549 1511 3618 jugiter
1540 3564 1661 3603 cum
1699 3549 1954 3619 pr0pheta
1991 3548 2103 3619 cla-

511 3618 742 3692 menius,
771 3618 920 3692 Oculi
940 3621 1036 3674 mei
1062 3637 1258 3692 semper
1283 3619 1652 3692 ad_Dominum
1673 3618 1958 3692 {quoniam
1994 3618 2104 3686 ipse

515 3689 686 3762 evellet
705 3690 768 3743 dc
785 3691 960 3760 laqueo
988 3691 1136 3762 pedes
1158 3689 1294 3762 meos
1310 3689 1481 3762 (Psat.
1496 3705 1642 3758 xxiv,
1669 3689 1756 3761 15)
1777 3707 1792 3758 ;
1816 3696 2102 3760 prmstante

517 3757 750 3815 Domino
775 3757 960 3830 nostro
985 3757 1112 3815 Jesu
1143 3757 1377 3823 Christo,
1407 3769 1512 3815 etc.

987 3851 1214 3907 saeuo
1249 3850 1494 3908 ccxcw
1524 3851 1623 3923 (a).

557 3941 828 3994 Admonitio
840 3950 896 3994 ut
919 3943 1174 3994 ebrietatis
1190 3943 1367 3994 malum
1382 3945 1495 3994 totis
1517 3943 1700 3994 viribus
1721 3949 1950 3994 caveatur
1972 3943 2064 4007 (b).

586 4026 641 4082 l.
674 4025 904 4081 Ebrietas
943 4043 1033 4082 nec
1073 4037 1330 4097 peccatum
1363 4035 1590 4089 putatur.
1622 4025 1844 4097 Inimica
1877 4026 2101 4081 ebrioso-

518 4113 634 4152 rum
654 4097 900 4150 amicitia.
924 4096 1082 4153 Licet
1102 4099 1328 4167 pr0pitio
1357 4097 1572 4152 Christo
1593 4139 1608 4162 ,
1632 4096 1825 4167 fratres
1853 4097 2106 4167 charissi-

519 4168 616 4233 mi,
640 4167 854 4222 credam
881 4184 978 4222 vos
1002 4166 1276 4222 ebrietatis
1297 4167 1493 4222 malum
1517 4168 1661 4223 velut
1682 4166 1873 4221 inferni
1896 4166 2104 4222 foveam

516 4252 910 4308 expavescere,
947 4249 1004 4294 et
1041 4253 1148 4293 non
1187 4239 1358 4308 solum
1397 4238 1499 4308 ipsi
1526 4252 1643 4308 non
1673 4237 1850 4291 velitis
1879 4237 2106 4306 amplius

515 4307 704 4364 bibere
722 4349 738 4375 ,
769 4308 865 4364 sed
896 4306 996 4364 nec
1026 4309 1160 4364 alios
1185 4306 1434 4377 adiurare
1457 4306 1540 4361 vel
1583 4321 1773 4378 cogere
1789 4308 1919 4378 plus
1943 4322 2104 4376 quam

518 4386 736 4459 oportet
761 4379 1008 4459 accipere
1038 4395 1054 4433 :
1085 4386 1263 4459 tamen
1289 4379 1412 4459 quia
1437 4392 1542 4459 non
1572 4385 1748 4446 potest
1777 4377 1900 4459 ﬁeri
1919 4385 1977 4459 ut
2000 4393 2104 4432 non

520 4447 631 4503 sint
646 4449 809 4519 aliqui
837 4447 1187 4518 negligentes,
1213 4449 1306 4519 qui
1330 4447 1500 4519 sobrii
1518 4463 1638 4503 esse
1666 4463 1771 4503 nou
1795 4449 1987 4519 velint,
2011 4463 2107 4504 vos

519 4519 612 4587 qui
636 4517 850 4588 semper
883 4517 1128 4575 convivia
1166 4517 1344 4573 sobria
1383 4517 1679 4583 exhibetis,
1719 4518 1882 4573 nolite
1915 4518 1982 4572 ad
2009 4533 2106 4574 ve-

519 4597 686 4642 stram
708 4589 952 4659 injuriam
981 4603 1257 4656 revocare,
1281 4588 1405 4657 quia
1431 4588 1584 4659 nobis
1615 4603 1834 4644 necesse
1863 4596 1946 4643 est
1973 4589 2108 4659 alios

517 4657 774 4730 ebriosos
806 4675 1052 4730 arguere.
1105 4659 1237 4730 Cum
1279 4659 1422 4730 enim
1446 4699 1460 4722 ,
1519 4657 1710 4730 fratres
1745 4658 2102 4730 charissimi,

519 4729 794 4785 ebrietatis
833 4728 1031 4784 malum
1080 4728 1302 4783 nimium
1347 4729 1418 4783 sit
1454 4743 1621 4798 grave
1660 4728 1850 4784 vitium
1897 4737 1952 4783 et
1993 4729 2105 4784 Deo

518 4799 754 4865 odibile;
799 4801 871 4854 ita
913 4815 1010 4870 per
1055 4800 1364 4870 universum
1406 4798 1660 4870 mundum
1698 4815 1729 4854 a
1773 4799 2014 4870 pluribus
2049 4800 2103 4854 in

519 4869 960 4926 consuetudinem
1003 4869 1226 4925 missum
1267 4878 1378 4934 est,
1410 4879 1468 4924 ut
1491 4869 1559 4924 ab
1585 4869 1690 4923 illis
1713 4870 1803 4938 qui
1840 4869 1932 4924 Dei
1963 4885 2106 4938 prae-

521 4951 672 5011 cepta
697 4956 1020 5012 cognoscere
1046 4940 1254 5012 nolunt,
1281 4940 1393 5011 jam
1424 4954 1523 4994 nec
1553 4948 1768 5012 putetur
1794 4939 2106 5012 autereda-

521 5010 608 5066 tur
645 5010 784 5067 essc'
811 5019 1084 5080 peccatum
1119 5028 1131 5062 :
1171 5011 1224 5065 in
1262 5010 1466 5065 tantum
1505 5019 1561 5064 ut
1604 5010 1658 5064 in
1693 5010 1956 5072 conviviis
1994 5010 2106 5065 suis

523 5080 781 5137 irrideant
797 5096 890 5136 eos
905 5081 994 5150 qui
1013 5081 1188 5136 minus
1207 5081 1388 5136 bibere
1405 5089 1632 5150 possunt
1645 5089 1700 5135 et
1719 5095 1816 5150 per
1836 5080 2106 5134 inimicam

535 5153 804 5208 Imicitiam
822 5151 1070 5222 adjurare
1090 5151 1334 5208 homines
1354 5167 1462 5207 non
1481 5150 1821 5220 erubescant,
1843 5161 1901 5206 ut
1925 5159 2106 5221 potum

585 5286 600 5348 ε
629 5293 754 5348 Mss.
781 5298 950 5348 prona-

603 5348 656 5411 o)
675 5346 817 5405 Alias,
833 5347 897 5405 de
919 5355 1156 5411 Tempore
1178 5348 1290 5399 251.

609 5407 658 5471 b)
681 5414 730 5457 In
754 5407 1179 5480 appendice‘nuuc
1196 5412 1400 5480 primum
1416 5410 1700 5480 collocatur.
1721 5413 1928 5480 Dubium
1959 5418 2110 5464 bova-

518 5469 736 5529 nienSes,
767 5469 991 5521 verlinus
1021 5469 1276 5523 autem'et
1311 5474 1576 5537 \‘indingus
1610 5476 1969 5537 supposititium
1996 5489 2110 5524 esse

518 5530 794 5579 voluerunt.
836 5536 939 5579 lusa
975 5540 1053 5579 est
1084 5537 1273 5579 cesar-ii
1305 5535 1501 5579 humilia
1527 5537 1657 5579 inter
1687 5537 1843 5579 editas
1864 5550 1890 5579 a
1924 5538 2110 5579 Baluzin

517 5535 794 5582 voluerunt.
836 5536 939 5594 Ipsa
975 5540 1053 5583 est
1084 5537 1273 5584 (ἕψεαι-ιι
1305 5535 1507 5585 humilia
1527 5537 1657 5586 inter
1672 5535 1843 5586 editas
1864 5550 1891 5586 a
1924 5538 2110 5586 Baluzio

517 5594 725 5671 992's}.
735 5607 809 5671 F1“
825 5595 1128 5671 ξέοηηοεινίξ
1151 5596 1502 5671 θμρω,ειίίιυρε
1532 5599 2110 5671 annumerari..er

518 5658 902 5723 assignatur..tie
925 5669 1060 5723 num.
1097 5658 1262 5723 1_vide
1287 5658 1573 5723 Appeudicis
1608 5658 1932 5723 δβςιιιζξθὸ,
1976 5663 2108 5723 ιι.1;

518 5713 919 5780 ξθϐξιιῶίὲϐἳ,
946 5731 998 5780 ιι.
1023 5719 1055 5766 4
1078 5733 1091 5768 :
1116 5720 1181 5769 de
1200 5713 1339 5770 num:
1356 5713 1406 5779 3,
1429 5733 1578 5769 serm.
1603 5719 1714 5780 266,
1739 5735 1788 5769 ιι.
1812 5713 1956 5772 ὅεᾶθ
1973 5713 2108 5773 num:

517 5753 753 5834 δῖ
763 5753 1004 5836 ἑδῖιῗῆἤξ
1023 5753 1788 5855 ἷὰξῖιυῖιῖῖ’ἓ,”ἐὲἶιὶι’ῗ“ί1ἒῖἠῖ“
1805 5753 1874 5846 ἕξ
1891 5753 2088 5847 “£52373
2096 5760 2107 5834 ἶ

515 5835 710 5892 6:277.
733 5851 782 5889 n.
804 5839 866 5892 ις
889 5839 996 5892 285.
1024 5854 1072 5891 ιι.
1096 5842 1144 5892 5.

563 5872 996 5904 .-l"-s‘,m.
1024 5872 1072 5891 Ilo
1096 5872 1144 5892 υο

1959 393 2325 455 APPENDIX.

3646 405 3791 463 23οι

2203 518 2432 589 amplius
2468 532 2626 589 quam
2665 524 2878 588 oportet
2914 517 3196 587 acciriant.
3240 517 3343 586 Qui
3383 520 3527 575 enim
3553 523 3784 581 alterum

2202 588 2343 660 cogit
2370 599 2428 644 ut
2449 588 2540 653 se,
2575 588 2692 659 plus
2727 603 2884 659 quam
2921 603 3058 658 opus
3092 599 3175 644 est
3220 589 3485 658 bibendo,
3521 593 3783 658 inebriet;

2204 663 2379 715 minus
2399 660 2596 736 malum
2620 660 2806 736 ei‘erat
2824 660 2867 713 si
2887 674 3104 736 carnem
3127 660 3241 730 ejus
3259 661 3566 736 vulneraret
3586 664 3785 736 gladio,

2202 747 2359 802 quam
2381 731 2615 802 gnimam
2641 731 2758 802 eius
2783 744 2882 798 per
2907 729 3219 785 ebrietatem
3246 732 3532 788 occideret.

2273 802 2327 856 2.
2373 801 2572 855 Ebriosi
2601 799 2868 869 paludibus
2893 803 3362 877 comparantur._Et
3393 808 3524 877 quia
3559 821 3787 877 corpora

2203 882 2386 926 nostra
2413 881 2621 942 terrena
2652 879 2798 935 sunt,
2820 871 3088 942 quomodo
3113 872 3326 941 quando
3359 874 3530 942 pluvia
3559 871 3787 935 nimium

2203 942 2419 1066 grandis
2447 951 2503 996 et
2530 941 2777 1023 diuturna
2810 941 2996 1005 fuerit,
3023 944 3112 1024 .ita
3153 952 3296 997 terra
3331 943 3627 1028 infunditur
3651 959 3707 1003 et
3737 950 3790 1004 in

2227 1021 2376 1066 utum
2407 1012 2692 1066 resolvitur
2714 1053 2730 1066 .
2759 1021 2818 1065 ut
2847 1011 2990 1066 nulla
3021 1029 3073 1066 ιιι
3101 1028 3161 1066 ea
3187 1014 3392 1066 cultura
3425 1028 3591 1066 possit
3623 1020 3737 1066 ﬁeri
3773 1036 3788 1066 ε

2227 1021 2376 1067 utum
2407 1012 2692 1067 resolvitur
2714 1053 2730 1077 ,
2759 1021 2818 1065 ut
2847 1011 2990 1066 nulla
3021 1012 3073 1066 in
3101 1028 3161 1066 ea
3187 1014 3392 1068 cultura
3425 1018 3591 1082 possit
3623 1020 3738 1074 fieri
3773 1036 3788 1076 :

2203 1083 2281 1138 sic
2301 1091 2356 1138 et
2374 1097 2500 1157 caro
2522 1091 2724 1157 nostra,
2748 1081 2960 1157 quando
2981 1083 3144 1157 nimio
3166 1095 3292 1153 potu
3317 1081 3474 1157 fuerit
3501 1086 3784 1157 inebriata,

2204 1167 2306 1208 nec
2331 1152 2660 1222 spiritualem
2687 1153 2950 1207 culturam
2997 1152 3238 1222 accipere
3257 1197 3272 1218 .
3307 1170 3410 1210 nec
3438 1155 3640 1213 fructus
3669 1152 3786 1214 ani;

2203 1238 2306 1278 ma:
2344 1223 2914 1297 neeessariospoteiit
2936 1222 3224 1297 exhibere.
3257 1225 3323 1278 Et
3361 1224 3480 1297 ideo
3519 1231 3786 1297 quomoda

2203 1307 2390 1369 omnes
2414 1292 2656 1369 homines
2684 1293 2756 1347 ita
2781 1292 3132 1369 sufficientem
3169 1295 3396 1369 pluviam
3429 1296 3481 1349 in
3511 1292 3662 1369 agris.
3681 1303 3798 1354 suis;

2204 1364 2447 1436 accipere
2471 1363 2794 1436 desiderant,
2825 1373 2883 1418 ut
2907 1373 2958 1419 et
2986 1363 3245 1436 culturam
3274 1367 3485 1420 valeant
3510 1363 3792 1436 eiercere,

2204 1443 2260 1490 et
2284 1435 2351 1508 de
2377 1435 2640 1508 (ructuum
2673 1434 2920 1508 ubertate
2943 1434 3176 1508 gaudere
3209 1453 3222 1489 :
3247 1436 3318 1490 ita
3345 1446 3404 1508 et
3423 1436 3476 1490 in
3510 1453 3640 1508 agro
3665 1434 3793 1496 cor.

2205 1505 2350 1575 poris
2371 1505 2486 1577 hoc
2515 1513 2718 1577 tantum
2753 1503 3011 1577 deberent
3053 1505 3236 1560 bibere
3267 1506 3408 1577 quod
3451 1503 3694 1577 oportet;
3721 1526 3792 1567 tu

2207 1592 2300 1644 per
2330 1576 2545 1646 nimiam
2577 1575 2888 1631 ebrietatem
2929 1575 3041 1644 ipsa
3076 1575 3315 1646 corporis
3359 1575 3500 1632 terra
3548 1581 3694 1636 velut
3731 1582 3792 1636 in

2206 1645 2450 1716 paludem
2471 1661 2748 1710 conversa,
2764 1645 2930 1716 magis
2952 1661 3161 1702 vermes
3176 1645 3230 1702 et
3244 1657 3518 1717 serpentes
3538 1651 3788 1708 vitiorum

2239 1731 2645 1787 enerare,quam
2663 1717 2686 1769 f
2685 1725 2861 1771 ructus
2877 1717 3136 1771 bonorum
3153 1734 3372 1786 operum
3392 1721 3559 1787 possit
3573 1721 3786 1779 afferre.

2239 1732 2645 1785 enerare,quam
2663 1732 2861 1771 Iructus
2877 1732 3136 1771 bonorum
3153 1734 3372 1786 operum
3392 1732 3559 1787 possut
3573 1732 3786 1779 atterre.

2205 1732 2403 1843 ginnas
2428 1787 2571 1858 enim
2591 1786 2788 1858 ebriosi
2813 1788 2943 1858 tales
2963 1796 3107 1851 sunt,
3127 1789 3311 1858 quales
3331 1790 3551 1857 paludes
3572 1807 3691 1847 esse
3711 1795 3793 1849 vi-

2205 1857 2419 1932 tientur.
2443 1857 2577 1925 Quid
2600 1857 2742 1912 enim
2773 1858 2824 1912 in
2856 1857 3430 1932 paludibus'nascatur,
3448 1876 3555 1932 non
3581 1863 3790 1932 ignorat

2203 1928 2449 1984 Charitas
2464 1938 2642 1999 vestra
2670 1946 2683 1982 :
2708 1937 2873 1982 totum
2893 1929 3033 1982 enim
3055 1928 3197 1999 quod
3220 1930 3290 1982 ibi
3314 1931 3566 1996 nascitur,
3584 1928 3787 1990 nullum

2207 1999 2434 2072 fructum
2461 1998 2662 2054 habere
2697 1999 3058 2072 cognoscitur.
3075 1998 3388 2072 Nascuntur
3413 2001 3483 2056 ibi
3508 2015 3789 2072 serpentes

2203 2071 2535 2140 sanguisuga:
2565 2088 2577 2124 :
2598 2080 2890 2124 nascuntur
2907 2069 2980 2122 ihi
2997 2085 3140 2124 rana:
3155 2079 3208 2124 et
3223 2070 3436 2125 diversa
3453 2069 3648 2138 genera
3667 2092 3788 2131 ver-

2204 2141 2368 2215 mium
2386 2182 2402 2215 ρ
2432 2141 2749 2215 qu:e_ma_gis_
2775 2141 3062 2215 horrorem
3078 2149 3572 2215 possunt_genera_rc
3590 2184 3610 2210 ,
3629 2160 3788 2215 quam

2202 2211 2399 2282 aliquid
2437 2210 2578 2280 quod
2611 2212 2678 2264 ad
2703 2211 2898 2266 victum
2932 2211 3175 2282 proliciat
3199 2211 3472 2282 exhibere.
3502 2213 3619 2269 Ista:
3644 2210 3790 2272 enim

2203 2280 2386 2336 herbae
2405 2282 2488 2336 vel
2512 2282 2750 2346 arbores,
2766 2296 2884 2352 qua:
2903 2280 2996 2336 aut
3021 2282 3072 2336 in
3092 2283 3219 2351 ipsis
3237 2281 3518 2350 paludibus
3537 2294 3630 2340 aut
3646 2286 3790 2343 circa

2200 2352 2346 2422 ripas
2368 2367 2552 2407 earum
2578 2354 2724 2407 nasci
2746 2353 2949 2416 solent,
2973 2352 3106 2406 nihil
3129 2353 3370 2409 utilitatis
3388 2353 3586 2409 habere
3605 2357 3791 2413 viden-

2201 2431 2304 2489 tur,
2323 2423 2374 2476 in
2393 2431 2596 2477 tantum
2614 2432 2671 2476 ut
2686 2423 2839 2477 anuis
2854 2423 3076 2492 singulis
3093 2423 3336 2478 incendio
3354 2437 3786 2483 concrementur.

2204 2492 2391 2566 Videte
2402 2494 2523 2566 quia
2537 2493 2678 2563 quod
2691 2493 2758 2547 de
2765 2493 3036 2566 ebrietate
3045 2495 3298 2563 nascitur,
3315 2494 3418 2565 igni
3439 2508 3789 2566 praeparatur.

2269 2564 2324 2619 5.
2355 2563 2731 2636 Depinguntur.
2764 2563 2920 2618 Tales
2955 2564 3296 2636 enimsunt,
3337 2563 3475 2621 sicut
3497 2563 3606 2636 jam
3644 2568 3790 2634 dixi,

2199 2649 2388 2688 omnes
2416 2635 2608 2690 ebriosi
2636 2676 2649 2698 ,
2686 2649 2911 2704 quorum
2934 2634 3195 2708 prandia
3215 2635 3481 2708 ducuntur
3500 2634 3684 2708 usque
3719 2641 3794 2695 ad

2200 2715 2434 2770 noctem,
2462 2719 2687 2778 quorum
2712 2719 2894 2778 coenas
2933 2705 3125 2761 lucifer.
3150 2706 3329 2773 videt;
3369 2709 3460 2778 qui
3500 2705 3644 2765 stare
3680 2726 3795 2766 non

2203 2783 2429 2848 possunt
2441 2774 2607 2848 etiam
2635 2775 3030 2848 cum_videntur
3052 2791 3172 2848 esse
3189 2777 3356 2848 jejuni
3377 2774 3642 2847 {quorum
3664 2796 3795 2836 sen-

2201 2861 2293 2920 sus
2317 2845 2483 2920 iardi,
2498 2861 2710 2916 graves,
2725 2845 2923 2920 obtusi,
2937 2856 2992 2901 et
3011 2845 3420 2920 quodaminodo
3435 2845 3543 2919 jam
3567 2851 3791 2920 sepulti.

2203 2916 2441 2990 Denique
2462 2916 2767 2986 frequenter
2794 2917 2846 2971 in
2883 2917 2994 2986 ipsa
3025 2916 3280 2990 ebrietate
3308 2935 3408 2974 nec
3432 2916 3492 2975 se
3522 2916 3667 2990 ipsos
3688 2938 3794 2978 nec

2201 2987 2336 3042 alios
2361 2996 2786 3057 recognoscunt,
2826 3002 2925 3041 nec
2947 2988 3222 3043 ambulare
3259 2990 3440 3046 valent
3479 2987 3578 3046 nec
3606 3002 3790 3057 stare;
3825 3049 3830 3054 ,

2204 3057 2382 3131 dicere
2407 3057 2607 3128 aliquid
2637 3058 2720 3112 vel
2749 3057 2934 3131 audi_re
2959 3058 3101 3127 quod
3130 3060 3196 3113 ad
3221 3061 3480 3115 rationem
3501 3064 3790 3131 pertineat,

2203 3129 2423 3201 omnino
2454 3127 2558 3182 nan
2585 3137 2828 3201 possunt.
2860 3127 3191 3201 Frequenter
3220 3131 3378 3185 etiam
3409 3127 3576 3201 usq—ne
3601 3134 3666 3187 ad
3692 3127 3792 3188 v04

2201 3199 2388 3253 mitum
2410 3199 2736 3269 ingurgitare
2755 3213 2814 3254 se
2834 3212 2939 3254 non
2961 3199 3299 3266 erubescunt,
3323 3211 3377 3257 et
3395 3202 3462 3256 ad
3483 3199 3791 3258 mensuram

2203 3270 2319 3324 sine
2340 3284 2589 3342 mensura
2611 3269 2810 3342 bibere.
2832 3269 3030 3342 Maiora
3051 3271 3192 3325 enim
3216 3273 3400 3342 pocula
3423 3273 3787 3342 providentur,

2203 3348 2348 3412 certa
2374 3338 2590 3394 bibendi
2613 3339 2730 3410 lege
2757 3338 3130 3412 contenditun1
3154 3357 3170 3406 ;
3192 3341 3282 3411 qui
3306 3338 3538 3412 potuerit
3556 3338 3790 3408 vincere,

2204 3409 2417 3465 laudem
2447 3409 2684 3466 meretur
2711 3425 2776 3466 ex
2816 3410 3060 3466 crimine.
3106 3409 3232 3467 Inde
3274 3409 3394 3469 lites
3431 3423 3486 3468 et
3527 3416 3658 3469 rixa:
3691 3431 3792 3469 na-

2208 3491 2471 3548 scuntur,
2520 3479 2645 3536 inde
2694 3480 2921 3536 diversis
2967 3490 3022 3536 et
3081 3481 3362 3538 horrendis
3420 3484 3794 3541 saltationibus

2207 3551 2453 3626 membra
2488 3559 2835 3620 torquentur,
2867 3551 3013 3626 inde
3026 3551 3284 3626 adulteria
3320 3562 3383 3626 et
3411 3570 3793 3626 nonnunquam

2207 3621 2491 3696 homicidia
2534 3631 2924 3696 perpetrantur.
2971 3621 3040 3696 Et
3079 3625 3290 3696 quoties
3337 3625 3558 3696 nimium
3609 3621 3794 3696 potum

2207 3694 2494 3766 accipiunt,
2517 3692 2765 3766 tanquam
2784 3693 2836 3747 in
2866 3692 3406 3766 paralysimircsoluti,
3425 3694 3552 3750 dum
3569 3692 3678 3752 suis
3698 3711 3798 3766 pe-

2207 3763 2365 3834 dibus
2384 3762 2658 3820 ambulare
2677 3778 2781 3818 non
2799 3762 3040 3834 possunt,
3062 3762 3353 3819 fmdissima
3371 3766 3539 3820 latura
3559 3762 3788 3821 aliorum

2211 3835 2456 3890 manibus
2482 3842 2760 3904 portantur
2783 3835 2850 3889 ad
2879 3835 3069 3904 lectos.
3099 3835 3167 3889 Et
3190 3845 3270 3890 est
3295 3837 3346 3890 in
3385 3836 3488 3890 illis
3515 3837 3813 3892 oculorum-

2212 3905 2406 3976 caligo,
2435 3903 2658 3974 vertigo,
2682 3904 2920 3975 fatigatio
2939 3913 2993 3959 et
3012 3903 3168 3960 dolor
3196 3907 3403 3975 capitis.
3425 3907 3646 3962 suffusio
3673 3907 3795 3960 vul—

2212 3984 2297 4031 tus
2317 4018 2332 4043 ,
2365 3976 2725 4030 membrorum
2755 3976 2991 4030 omnium
3030 3985 3228 4030 tremor
3249 4017 3263 4042 ,
3293 3979 3485 4032 animae
3512 3993 3573 4032 ac
3599 3979 3797 4032 mentis

2210 4045 2502 4118 siturporaln
2534 4046 2728 4101 talibus
2753 4045 3013 4118 impletur
3052 4046 3181 4118 illud
3202 4047 3360 4118 quod
3386 4049 3642 4118 scriptum
3670 4058 3790 4113 est,

2211 4116 2306 4171 Cui
2331 4117 2440 4171 vce?
2464 4118 2608 4187 cujus
2631 4117 2763 4187 patri
2791 4132 2865 4170 var
2884 4118 2910 4170 .9
2928 4116 3010 4169 cui
3043 4117 3172 4187 rixa:
3188 4117 3214 4170 .9
3239 4116 3320 4170 cui
3351 4118 3460 4172 sine
3496 4116 3648 4171 causa
3684 4118 3797 4172 vut-

2211 4189 2374 4242 nera?
2406 4188 2488 4241 cui
2518 4185 2734 4254 suffusio
2759 4187 3056 4257 oculorum?
3087 4185 3272 4241 Nonne
3305 4189 3383 4241 his
3408 4189 3496 4257 qui
3532 4201 3798 4242 morantur

2209 4259 2264 4382 iet:
2283 4259 2423 4400 £3309,
2451 4267 2496 4312 et
2517 4257 2718 4313 student
2763 4256 3003 4312 calicibus
3029 4260 3293 4329 epotandis
3319 4256 3502 4330 (Prav.
3524 4275 3652 4313 χχιιι
3674 4300 3690 4327 ,
3724 4259 3797 4316 29

2212 4338 2410 4382 e150)!

2283 4399 2336 4454 4.
2353 4397 2632 4454 Επιιεαηε
2661 4416 2714 4454 se
2733 4399 2795 4454 de
2823 4399 3067 4454 amicitia.
3093 4399 3312 4456 Conviva
3343 4400 3412 4454 ad
3446 4399 3715 4454 bibendum
3735 4417 3802 4455 ne

2213 4480 2442 4542 cogatur,
2485 4468 2690 4542 Ebriosi
2729 4471 2783 4542 in
2822 4472 2902 4542 sui
2942 4470 3132 4524 similes
3179 4471 3408 4542 prodigi,
3454 4473 3507 4525 in
3549 4488 3802 4541 pauperes

2215 4539 2374 4605 parci.
2404 4539 2718 4593 Animalibus
2739 4541 3006 4596 deteriores
3028 4551 3161 4596 sunt.
3180 4539 3262 4594 'Et
3287 4539 3346 4596 se
3363 4552 3409 4596 et
3434 4559 3528 4595 sua
3550 4539 3798 4605 perdunt.

2215 4609 2320 4666 Sed
2350 4611 2423 4664 illi
2451 4609 2540 4675 qui
2569 4610 2702 4665 tales
2739 4625 2858 4666 esse
2896 4613 3114 4678 volunt,
3145 4611 3518 4666 miserabiliter
3545 4626 3604 4666 se
3631 4627 3798 4666 excu—

2214 4695 2334 4735 sare
2371 4688 2666 4752 conantur,
2709 4680 2947 4752 dicentes
2986 4699 2999 4734 :
3047 4683 3315 4752 ingratum
3357 4682 3532 4738 habeo
3565 4683 3799 4736 amicum

2216 4766 2424 4815 meum,
2455 4751 2498 4805 si
2526 4751 2734 4820 quoties
2760 4751 2906 4806 illum
2937 4752 3002 4806 ad
3038 4751 3336 4808 convivium
3376 4768 3642 4808 vocavero
3662 4793 3676 4812 .
3706 4768 3802 4822 po-

2217 4829 2326 4875 tum
2356 4822 2404 4876 ei
2433 4832 2691 4890 quantum
2721 4823 2947 4877 voluerit
2970 4823 3082 4892 ipse
3110 4838 3215 4877 non
3243 4822 3457 4878 dedero.
3493 4823 3562 4878 Et
3597 4838 3704 4877 nou
3731 4824 3803 4876 sit

2215 4892 2310 4947 tibi
2338 4892 2541 4946 amicus
2560 4933 2576 4958 ,
2603 4892 2691 4961 qui
2724 4901 2776 4947 te
2798 4893 2909 4948 Deo
2934 4893 3048 4947 vult
3069 4892 3245 4949 facere
3279 4893 3548 4948 inimicum
3571 4934 3601 4958 ,_
3622 4894 3712 4962 qui
3743 4904 3800 4948 at

2218 4972 2339 5019 tuus
2361 4972 2415 5018 et
2433 4977 2562 5018 suus
2588 4972 2671 5018 est
2696 4962 2962 5018 inimicus.
2995 4963 3050 5018 Si
3077 4973 3131 5019 et
3161 4976 3212 5018 te
3231 4974 3286 5018 et
3313 4965 3472 5018 alium
3503 4964 3801 5017 inebriavo—

2217 5032 2325 5096 ris,
2353 5031 2620 5088 hominem
2656 5034 2884 5088 amicum
2916 5033 3171 5096 habebis,
3199 5044 3254 5088 et
3283 5035 3450 5089 Deum
3479 5034 3749 5088 inimicum
3785 5053 3799 5087 :

2215 5112 2270 5158 et
2297 5102 2416 5158 ideo
2445 5103 2716 5175 sapienter
2742 5104 3044 5175 considera,
3075 5105 3120 5158 si
3147 5105 3346 5175 justum
3377 5105 3444 5158 sit
3470 5113 3528 5158 ut
3554 5115 3604 5158 te
3633 5119 3661 5156 a
3693 5104 3802 5157 Deo

2215 5187 2465 5246 separes,
2483 5173 2610 5246 dum
2642 5183 2694 5227 te
2731 5173 2944 5246 ebrioso
2971 5173 3268 5246 conjungis,
3298 5175 3379 5229 Ad
3414 5183 3805 5246 extremumtu

2215 5243 2339 5316 eum
2361 5245 2471 5300 noli
2491 5243 2760 5313 adjurare,
2784 5245 2892 5316 noli
2919 5260 3146 5315 cogere;
3166 5243 3269 5316 Sed
3294 5247 3356 5300 in
3371 5253 3636 5316 potestate
3661 5244 3804 5316 illius

2216 5313 2423 5386 dimitte
2448 5325 2504 5368 ut
2529 5324 2783 5386 quantum
2815 5315 2915 5385 ipsi
2943 5313 3202 5386 placuerit
3223 5313 3406 5370 bibat':
3439 5323 3498 5370 ut
3523 5315 3568 5386 si
3621 5329 3680 5368 se
3717 5314 3805 5368 in-

2217 5385 2430 5441 ebriare
2457 5385 2701 5452 voluerit,
2727 5387 2809 5440 vel
2834 5385 2978 5441 solus
3004 5395 3208 5454 pereat,
3226 5394 3281 5440 et
3302 5401 3408 5440 non
3437 5385 3594 5440 ambo
3619 5399 3808 5454 perea-

2221 5457 2287 5510 tis
2314 5458 2355 5509 ’.
2379 5457 2424 5511 0
2459 5454 2737 5511 infelicitas
2761 5457 2972 5526 generis
3005 5456 3254 5511 humani!
3279 5456 3449 5526 Quam
3476 5455 3625 5526 multi
3657 5455 3810 5510 inve-

2219 5526 2436 5582 niuntur
2480 5527 2568 5597 qui
2619 5525 2859 5582 ebriosos
2910 5535 2964 5582 et
3011 5525 3316 5582 luxuriosos
3359 5525 3586 5594 amplius
3639 5539 3803 5597 quam

2218 5607 2432 5667 oportet
2468 5595 2664 5668 cogunt
2709 5597 2890 5652 bibere
2933 5607 3032 5668 ret
3069 5607 3193 5668 ante
3237 5597 3433 5668 ostium
3481 5595 3808 5668 pauperibus

2218 5665 2646 5740 pctemibus'vel
2687 5682 2849 5723 unum
2887 5667 3107 5723 calicem
3145 5667 3487 5722 dissimulant
3510 5665 3676 5731 dare;
3703 5680 3806 5722 nec

2282 5785 2299 5856 ξ
2324 5791 2405 5856 iis.
2427 5795 2493 5842 r.,
2514 5781 2595 5834 tea:
2614 5781 2854 5856 conditur.
2876 5789 2957 5834 Its.
2985 5794 3105 5834 vero
3126 5781 3182 5846 1.,
3207 5779 3309 5846 lege
3326 5778 3531 5832 condita.

2279 5849 2300 5879 ³
2324 5853 2452 5907 ωδε..
2477 5849 2694 5912 peccetis.
