4088 6372
324 316 473 375 2315

322 432 483 492 simul
522 438 577 503 et
602 425 941 503 cupiditatem
962 462 980 491 ,
1009 422 1130 503 sine
1152 432 1254 492 qua
1279 433 1408 503 esse
1434 432 1542 503 non
1568 426 1748 503 potest
1764 462 1779 485 ,
1799 420 1900 503 με-

323 490 492 562 innat.
516 490 795 568 Quomodo
821 490 1217 568 enintichari‘tas
1242 500 1296 547 et
1315 490 1589 568 humilitas
1612 493 1765 568 velut
1783 490 1905 546 dua:

322 578 424 631 alie
442 562 586 639 sunt,
604 566 1044 640 quibusihumiles
1063 564 1254 640 anima:
1280 563 1556 640 elevantur
1578 562 1862 640 adcaaium
1886 578 1901 628 ;

324 656 379 703 et
407 646 456 701 si
482 632 584 699 una
616 632 881 705 defuerit,
905 637 1009 692 alia
1036 636 1288 706 prodesse
1317 633 1451 688 nihil
1485 632 1679 706 pOterit
1708 650 1721 686 :
1754 634 1907 706 ita_et

323 734 353 773 e
380 714 648 773 contrario
673 703 929 781 cupiditas
957 720 1011 764 et
1035 703 1281 781 superbia
1307 706 1451 781 vehit
1476 703 1593 759 duae
1619 703 1906 781 compedes

324 804 445 845 esse
495 774 805 857 probantur,
855 796 975 857 cum
1033 774 1504 857 quibusinfelices
1551 774 1903 857 superborum

324 846 517 915 animai
538 898 553 918 ,
576 855 699 910 dum
724 868 785 908 se
808 866 904 922 per
928 846 1213 922 elationem
1235 849 1285 903 in
1310 847 1476 922 altum
1505 846 1735 922 eriguu_t,
1758 846 1904 922 j_u_sto

326 914 421 985 Dei
447 914 649 999 judicio
670 925 727 999 in
757 914 950 999 inferni
990 920 1249 999 profunda
1292 914 1643 999 descendunt.
1672 916 1739 971 Et
1784 914 1905 969 ideo

324 987 535 1071 quoties
562 999 614 1071 in
665 987 1197 1071 Scripturisfdivinis.
1242 998 1334 1071 aut
1384 988 1438 1071 in
1485 987 1906 1071 quibuscumque

324 1056 800 1141 prtedicationibus'
843 1063 1128 1141 audieritis
1182 1060 1368 1141 laudes
1425 1056 1773 1141 humilitatis,
1832 1056 1904 1111 ibi

322 1127 488 1198 etiam
521 1137 781 1208 praeconia
811 1134 1084 1210 charitatis
1114 1132 1423 1210 agnoscite;
1449 1130 1587 1184 sicut
1621 1143 1652 1183 e
1690 1127 1904 1210 diverso

322 1202 773 1275 vituperationem
818 1205 1122 1275 superbiae,
1148 1202 1456 1275 cupiditatis
1484 1202 1905 1275 essecrationem

323 1270 720 1354 intelligite._Et
762 1270 997 1354 quia
1038 1270 1324 1354 cupiditate
1366 1270 1900 1354 superbianascitur,

324 1364 381 1409 et
409 1354 478 1409 de
497 1342 762 1406 charitate
782 1342 1059 1400 humilitas
1088 1342 1405 1413 generatur;
1433 1342 1523 1413 ita,
1540 1342 1640 1413 sibi
1678 1342 1905 1393 invicem

322 1424 663 1495 c0pulantur,
682 1411 1301 1495 utunaquteque'mater
1345 1414 1461 1495 sine
1505 1411 1608 1495 illia
1651 1425 1764 1495 sua_
1786 1424 1907 1464 esse

323 1480 432 1549 ιιοῇ
460 1480 1154 1575 ροεείιίρυξειιηιὶιιιεξθιέο
1184 1500 1242 1541 se
1264 1483 1533 1575 desiderat
1564 1481 1630 1575 de
1661 1480 1802 1534 malo
1825 1495 1908 1575 su-

326 1552 526 1636 perbiae
556 1552 767 1617 liberari
788 1601 803 1626 ,
836 1552 981 1636 prius
1012 1559 1065 1611 in
1093 1552 1149 1611 se
1179 1555 1521 1636 cupiditatem
1545 1595 1561 1619 ,
1592 1552 1660 1635 de
1688 1568 1792 1634 qua
1814 1566 1907 1605 na-

323 1628 509 1697 scitur,
535 1643 759 1687 conetur
782 1628 1155 1699 exstinguere;
1186 1628 1323 1699 sicut
1346 1642 1377 1679 e
1402 1628 1671 1699 contrario
1706 1628 1795 1699 qui
1826 1637 1903 1699 ve~

324 1721 439 1760 ram
471 1694 818 1759 humilitatem
848 1694 1175 1768 concupiscit
1221 1698 1410 1766 'ugiter
1438 1696 1709 1757 obtinere,
1739 1694 1909 1747 chari-

325 1785 485 1823 talem
530 1784 756 1823 matrem
806 1773 969 1823 insius
1008 1714 1296 1823 contentiat
1345 1766 1570 1820 fideliter
1614 1763 1903 1818 custodire.

325 1785 485 1831 tatem
530 1784 756 1830 matrem
806 1773 969 1843 ipsius
1008 1763 1570 1843 coiitendai__lidel_iter
1614 1763 1903 1818 custodire.

324 1846 478 1902 Unde
502 1847 626 1901 totis
656 1837 855 1898 viribus
886 1842 978 1896 Dei
1010 1837 1426 1895 misericordiam
1450 1837 1821 1904 deprecemur,
1850 1844 1910 1888 ut

323 1931 423 1972 nos
448 1917 514 1972 de
554 1915 694 1970 malo
723 1913 985 1988 superbia:
1014 1911 1098 1988 vel
1121 1908 1433 1988 cupiditatis
1464 1907 1708 1988 “mirare,
1740 1906 1909 1988 etho-

322 2004 451 2043 num
477 1976 864 2041 humilitatis'et
891 1982 1163 2037 charitatis
1192 1976 1287 2051 per
1310 1993 1458 2051 suam
1488 1976 1906 2051 misericordiam

322 2058 501 2128 largiri
532 2058 777 2128 dignetur
803 2073 816 2128 ς
852 2062 908 2108 ut
935 2068 1041 2128 non
1068 2046 1342 2128 superbire
1374 2049 1668 2128 principem
1717 2046 1907 2128 diabo-

322 2116 433 2183 lum
485 2116 740 2182 imitando
786 2116 1172 2180 descendatuus
1227 2123 1278 2175 in
1330 2116 1624 2182 infernum;
1679 2116 1773 2171 sed
1821 2131 1910 2171 se-

323 2199 537 2270 quendo
564 2198 873 2270 magistrum
915 2192 1225 2270 humilitatis
1269 2190 1569 2270 Christum,
1616 2187 1910 2270 ascendere

319 2258 624 2342 mereamur
648 2258 699 2323 in
728 2268 947 2342 malum,
975 2264 1126 2342 Quod
1176 2263 1289 2331 ipse
1330 2269 1590 2342 pransitare
1632 2258 1904 2342 dignetur,

323 2342 414 2410 qui
448 2356 568 2395 cum
599 2340 755 2393 Patre
785 2348 837 2393 et
861 2337 1063 2405 Spiritu
1086 2342 1272 2388 sancto
1295 2334 1497 2386 vivitet
1524 2340 1711 2401 regnat
1740 2334 1794 2383 in
1814 2343 1909 2383 ste-

322 2412 441 2467 cula
463 2411 801 2466 saeculorum.
834 2410 1025 2462 Amen.

783 2498 1018 2554 SERMO
1054 2494 1324 2551 ccxcvu
1364 2494 1460 2565 (a).

629 2602 699 2644 De
717 2590 991 2643 Humilitate
1016 2596 1068 2639 et
1088 2589 1277 2637 'n'more
1301 2585 1483 2636 Domini
1505 2584 1596 2649 (ι).

398 2677 451 2730 1.
476 2675 824 2729 Humilitatem
850 2675 999 2727 asuis
1019 2672 1173 2741 exigi;
1202 2669 1356 2722 Deus.
1390 2667 1503 2721 Hac
1532 2668 1712 2741 virtute
1730 2669 1910 2725 caelum

324 2748 693 2802 conscenditur.
727 2746 851 2801 Sine
884 2746 978 2798 hac
1008 2740 1116 2796 neci
1138 2740 1363 2805 Spiritus
1389 2740 1551 2792 sancti
1586 2742 1787 2811 gratia,
1820 2760 1909 2797 nec

324 2820 544 2872 veritatis
586 2818 675 2872 lita:
714 2835 733 2871 :
762 2816 904 2870 nulla
942 2816 1091 2869 bona.
1142 2811 1277 2878 Quid
1325 2820 1521 2880 prwstet
1565 2828 1734 2863 coram
1776 2812 1905 2867 Deo.

324 2889 491 2943 David
517 2889 769 2958 propheta
798 2898 851 2941 et
876 2886 1153 2958 psalmista
1174 2924 1187 2946 ,
1220 2882 1309 2952 qui
1345 2891 1477 2936 teste
1504 2880 1775 2958 Scriptum
1795 2898 1908 2958 _se-

324 2952 556 3014 cundum
585 2952 678 3013 cor
707 2960 796 3013 Dei
824 2952 1024 3012 electus
1060 2955 1183 3009 fecit
1208 2966 1394 3023 omnes
1437 2952 1733 3008 voluntates
1758 2955 1905 3023 ejus,

326 3030 471 3099 ipse,
503 3029 694 3084 fratres
738 3028 1035 3099 charissimi
1058 3068 1072 3091 ,
1101 3024 1229 3099 quid
1272 3021 1494 3099 Creator
1519 3021 1799 3099 uosterhiu
1823 3021 1909 3082 his

326 3093 540 3170 appetat
561 3110 614 3154 et
644 3100 824 3170 diligat
842 3140 856 3162 ,
884 3093 1257 3170 quodam'loco
1279 3094 1548 3170 ostendit,
1581 3094 1655 3170 ita
1680 3093 1865 3170 dicens
1892 3115 1905 3150 :

334 3165 461 3237 Quis
487 3172 615 3223 sicut
648 3165 1058 3223 Dominus'Deus
1098 3176 1286 3227 noster,
1332 3165 1418 3237 qui
1446 3165 1498 3217 in
1537 3166 1655 3217 altis
1684 3166 1905 3233 habitat,

327 3234 373 3294 ei
399 3242 608 3294 humilia
630 3242 832 3310 respicit
858 3242 909 3293 in
928 3239 1051 3293 coelo
1071 3249 1118 3293 et
1143 3238 1195 3291 in
1217 3234 1525 3311 te_rra(Psat_._
1548 3251 1672 3311 cui,
1694 3237 1728 3293 5
1742 3247 1789 3291 et
1816 3237 1909 3311 6)?

328 3311 384 3365 Si
413 3327 540 3381 ergo
571 3305 823 3366 Dominus
842 3311 1133 3365 altissimus
1152 3350 1166 3373 ,
1190 3308 1339 3375 cujus
1362 3305 1773 3362 excellentizeaet
1797 3305 1911 3364 ma-

325 3382 616 3451 gnitudinis
631 3392 834 3437 nonest
856 3382 995 3447 linis,
1013 3382 1063 3434 in
1083 3380 1227 3451 omni
1251 3384 1495 3431 creatura
1512 3394 1630 3451 sua,
1646 3390 1701 3451 et
1712 3394 1773 3433 ea
1789 3395 1908 3449 quin

328 3450 380 3522 in
402 3455 667 3521 supernis,
691 3462 746 3507 et
760 3468 821 3507 ea
839 3469 955 3522 qua:
974 3453 1023 3504 in
1048 3450 1245 3504 inlimis
1260 3450 1728 3522 es_tconstituta,iin
1744 3452 1912 3521 Ange-

326 3521 391 3577 lis
407 3519 654 3577 videlicet
677 3534 729 3576 et
750 3524 801 3576 in
819 3519 1119 3575 hominibus
1146 3519 1494 3573 humilitatem
1524 3519 1911 3577 consideraret

326 3595 549 3661 probat;
580 3602 834 3660 quantum
859 3608 1075 3645 necesse
1100 3600 1181 3643 est
1226 3588 1378 3641 nobis
1400 3588 1681 3641 humilitati
1699 3604 1911 3661 semper

326 3660 561 3723 Studere,
583 3662 856 3731 ipsamque
886 3662 937 3715 in
969 3661 1215 3714 omnibus
1235 3672 1573 3731 censervare,
1608 3668 1664 3711 ιιι
1694 3660 1769 3714 sic
1792 3663 1907 3729 pla-

325 3747 545 3787 ceamus
559 3729 830 3786 Conditori
846 3732 1067 3785 nostro?
1092 3734 1296 3795 Quanta
1309 3739 1483 3782 autem
1501 3729 1569 3781 sit
1584 3745 1725 3785 vene
1744 3732 1913 3787 humi-

324 3802 489 3857 litatis
506 3806 691 3866 virtus,
710 3804 858 3859 facile
874 3818 937 3857 ex
956 3801 1133 3873 verbis
1153 3800 1358 3853 Domini
1380 3803 1701 3873 agnoscitur,
1722 3806 1835 3873 qui,
1852 3815 1911 3860 ut

326 3874 629 3944 superbiam
663 3874 1049 3927 Pharis-.eorum
1077 3872 1381 3944 damnaret,
1407 3872 1540 3944 dixit
1566 3889 1579 3923 :
1618 3871 1794 3928 Omnis
1824 3878 1911 3944 qui

326 3959 380 4012 se
407 3943 596 3997 exaltat
615 3985 630 4009 ,
657 3944 1035 4008 humiliatitur;
1056 3951 1104 3996 et
1133 3943 1218 4012 qui
1244 3959 1298 3997 se
1319 3942 1578 4004 humiliat,
1606 3942 1911 4001 exaltabitur

328 4011 478 4086 (Luc.
526 4030 633 4076 xw,
668 4014 778 4083 il).
813 4011 1355 4086 liuinilitatis’quippe
1394 4013 1631 4086 passibus
1674 4014 1739 4067 ad
1786 4018 1909 4072 οωιί

327 4083 557 4138 eulmina
601 4085 1008 4149 conscenditur;
1056 4084 1177 4154 quia
1223 4083 1634 4154 Deusexcelsus
1678 4099 1782 4138 non
1822 4103 1911 4142 su-

402 4155 545 4212 rbia.
569 4155 661 4226 sed
690 4156 988 4226 humilitate
1016 4153 1307 4223 attingitur,
1343 4153 1411 4206 de
1437 4168 1542 4226 quo
1568 4154 1764 4226 dictum
1794 4166 1905 4226 est,

380 4240 466 4296 eus
485 4224 711 4293 superbis
731 4226 940 4289 resistit,
966 4224 1236 4278 humilibus
1263 4234 1427 4296 autem
1447 4223 1544 4296 dat!
1553 4225 1767 4296 gratiam
1791 4223 1911 4296 (la;

328 4295 435 4347 cobi
455 4310 530 4359 tv,
558 4296 613 4365 b)
647 4314 658 4349 :
684 4296 823 4349 unde
852 4306 905 4349 et
936 4298 985 4349 iu
1017 4296 1241 4349 Psalmis
1264 4294 1479 4360 dicitur,
1521 4294 1762 4350 Excelsus
1800 4294 1907 4351 Do-

328 4365 527 4437 minus,
565 4376 609 4419 et
650 4366 861 4419 humilia
904 4367 1137 4436 respicit,
1163 4376 1208 4419 et
1248 4365 1354 4417 alta
1393 4381 1424 4415 a
1467 4365 1614 4437 longe
1657 4371 1911 4437 cygnoscit

329 4384 527 4431 minus,
565 4384 609 4419 ει
650 4384 861 4419 numttta
904 4384 1137 4436 resptctt,
1163 4384 1208 4447 εξ
1248 4384 1354 4417 αιια
1393 4384 1424 4415 α
1467 4384 1614 4447 tange
1657 4384 1911 4489 εἲίςηοδαι

329 4433 499 4504 (Psal.
523 4452 733 4491 cxxxvn
753 4478 767 4502 ,
800 4437 877 4507 ti).
912 4437 1027 4490 Alttt
1058 4444 1233 4505 posuit
1263 4451 1358 4505 pro
1382 4436 1644 4503 superbis.
1736 4442 1911 4494 umilia

327 4520 457 4580 vero
481 4508 682 4580 respicit
711 4517 766 4560 ut
789 4508 1033 4580 attollat;
1067 4508 1170 4580 alta
1188 4548 1202 4572 ,
1224 4508 1291 4580 id
1320 4515 1434 4571 est,
1466 4508 1691 4575 superba
1719 4524 1910 4580 cogno-

326 4578 420 4630 scit
444 4588 502 4630 ut
527 4577 758 4647 dejiciat.
786 4577 1061 4632 Discamus
1092 4578 1462 4639 humilitatem,
1493 4593 1587 4646 per
1610 4577 1911 4645 quam'Deo

327 4648 682 4770 Eropinquare
710 4650 1002 4716 poterimus
1021 4690 1036 4713 ,
1067 4652 1205 4703 sicut
1245 4649 1356 4716 ipse
1394 4647 1445 4700 in
1472 4648 1758 4718 Evangelio
1788 4653 1862 4706 ait
1893 4671 1908 4707 :

382 4717 522 4770 iscite
538 4736 568 4770 a
589 4736 666 4770 me
683 4719 801 4770 auia
822 4720 953 4770 mitis
976 4735 1087 4770 sum
1109 4729 1155 4770 et
1185 4719 1388 4770 humilis
1413 4718 1561 4770 corde
1579 4760 1592 4770 .
1621 4731 1669 4770 et
1692 4722 1908 4770 invenite.

382 4717 522 4771 iscite
538 4736 568 4770 a
589 4736 666 4772 me
683 4719 801 4788 quia
822 4720 953 4771 mitis
976 4735 1087 4771 sum
1109 4729 1155 4771 et
1185 4719 1388 4771 humilis
1413 4718 1561 4771 corde
1579 4760 1592 4782 ,
1621 4717 1669 4773 et
1692 4722 1912 4775 invenie-

328 4789 392 4841 tis
431 4790 651 4857 requiem
694 4790 957 4842 animabus
984 4790 1157 4842 vestris
1194 4788 1401 4859 (Matth.
1436 4804 1517 4851 x1,
1550 4788 1662 4860 29).
1692 4791 1795 4846 Per
1823 4808 1913 4847 su-

327 4860 567 4928 perbiam
620 4860 874 4913 mirabilis
934 4860 1241 4929 angelorum
1308 4869 1552 4913 creatura
1609 4862 1799 4915 cecidit
1844 4863 1913 4919 de

329 4932 499 4995 ccelo,
533 4945 627 4998 per
661 4932 1007 4984 humilitatem
1042 4932 1131 4984 Dei
1156 4930 1406 4999 fragilitas
1436 4929 1682 4985 humana:
1709 4942 1912 4987 natura:

329 5000 569 5054 ascendit
611 5002 661 5053 in
693 5002 907 5055 coelum.
940 5003 1169 5055 llonesta
1214 5010 1295 5054 est
1331 5001 1472 5054 enim
1505 5001 1643 5055 inter
1668 5003 1912 5059 homines

330 5069 1026 5145 hutnilitatisconsuetudo,
1054 5072 1463 5145 sicutSalomon
1492 5072 1566 5125 ait
1596 5072 1741 5145 :AUbi
1762 5076 1913 5145 fuerit

328 5142 560 5212 superbia
580 5184 595 5205 ,
631 5141 701 5194 ibi
727 5143 818 5195 erit
856 5153 903 5212 et
936 5144 1273 5208 contumelia;
1312 5142 1395 5195 ubi
1422 5153 1588 5195 autem
1613 5141 1873 5205 humilitas
1891 5186 1907 5212 ,

328 5211 398 5284 ibi
440 5223 486 5266 et
530 5212 779 5280 sapientia
823 5211 1003 5281 (Prov.
1045 5229 1129 5277 χι,
1170 5213 1249 5281 2).
1297 5212 1426 5267 Item
1466 5214 1601 5267 alius
1643 5214 1909 5284 Sapiens:

333 5281 554 5349 Quanto,
588 5284 773 5354 inquit,
804 5285 966 5353 major
992 5301 1061 5346 es,
1093 5293 1231 5337 tanto
1256 5284 1466 5337 humilia
1500 5296 1546 5338 te
1569 5285 1623 5339 in
1646 5281 1913 5354 omnibus;

330 5363 574 5406 ctcoram
618 5353 723 5407 Deo
766 5356 984 5408 invenies
1011 5356 1228 5425 gratiam
1269 5353 1456 5427 (Eccli.
1504 5372 1594 5422 tu,
1635 5357 1750 5430 20).
1782 5353 1912 5414 Item

412 5466 464 5548 ei
484 5465 980 5548 99123991991999
1001 5470 1200 5548 ειβί-ηηκ
1445 5546 1479 5548 η
1522 5540 1572 5548 _,
1612 5542 1622 5548 .
1658 5534 1672 5548 .
1712 5536 1759 5548 ..

414 5526 833 5608 alienasse
856 5526 1506 5608 ienswmresottocam
1522 5534 1821 5608 tremamus.
1835 5544 1916 5588 ω

324 5589 660 5651 mensibus,
692 5592 843 5644 falsus
874 5589 1067 5644 Vat-lino
1101 5603 1154 5646 et
1186 5596 1437 5661 Vindingo.
1474 5597 1716 5647 Connatus
1749 5606 1826 5648 est
1849 5612 1913 5650 ex

323 5658 436 5730 sua.
544 5660 604 5730 et,
620 5654 682 5703 15
698 5657 868 5730 pperis
883 5656 1068 5730 lucum}
1087 5657 1151 5706 de
1176 5658 1437 5730 virtutibus
1454 5666 1512 5730 et
1533 5660 1696 5708 Vitiis:
1717 5667 1773 5730 et
1784 5674 1918 5730 quae-

321 5709 439 5763 dain
462 5726 528 5764 ex
550 5709 877 5773 Benedictinie
909 5716 1105 5783 aegida:
1120 5722 1280 5783 capite
1310 5723 1339 5772 7
1362 5722 1530 5773 verbis
1557 5733 1712 5785 prope
1743 5709 1918 5775 iisdem

326 5774 483 5829 refert
497 5780 548 5829 in
570 5779 899 5834 conclusione.

616 5868 843 5927 Sner.
894 5870 1148 5934 AUGUST
1209 5876 1282 5936 V.

1694 305 1927 364 SERMO
1963 300 2257 363 CCXCVII.

3459 301 3606 368 9.3M

2012 417 2153 490 Deus
2176 429 2285 490 p_er_
2302 412 2611 490 prophetam
2638 413 2713 490 ait
2738 431 2752 469 :
2781 413 2864 469 Ad
2901 429 3049 487 quem
3083 421 3252 470 autem
3285 418 3555 486 respiciam
3574 463 3592 490 ,

2012 489 2111 541 nisi
2152 485 2220 540 ad
2264 485 2502 539 humilem
2539 496 2584 540 et
2624 485 2847 555 quietum
2884 485 2933 540 et
2962 497 3249 542 trementem
3295 485 3442 543 verba
3483 485 3596 548 mea

2012 557 2166 682 (lsai.
2216 572 2365 621 vat,
2410 556 2510 627 2)?
2548 556 2877 627 Quicumque
2923 557 3138 612 humilis
3163 569 3217 613 et
3246 560 3460 630 quietus
3490 579 3597 619 non

2037 630 2205 682 uerit.
2234 642 2338 682 non
2366 636 2538 682 potest
2572 630 2623 681 iu
2655 644 2719 682 eo
2749 629 2987 682 habitare
3014 630 3181 682 gratia
3211 630 3443 682 Sniritus
3472 649 3597 682 san-

2037 630 2205 692 uerit,
2234 636 2538 699 nonupotest
2572 630 2623 699 iu
2655 644 2719 683 eo
2749 629 2987 683 habitare
3014 630 3181 699 gratia
3211 629 3443 698 Spiritus
3472 649 3603 689 san-

2012 699 2103 753 cti.
2154 699 2294 753 Deus
2344 697 2559 751 humilis
2604 698 2773 755 factus
2798 708 2879 754 est
2925 697 3119 753 nostrae
3163 697 3348 756 salutis
3392 718 3599 761 causa:

2012 770 2291 824 erubescat
2337 768 2496 839 homo
2523 772 2779 839 superbus
2820 785 2959 826 esse.
2993 769 3257 838 Quantum
3300 772 3599 830 humilitate

2013 840 2295 912 inclinatur
2323 854 2417 912 eor
2436 838 2665 912 adrima,
2694 850 2897 895 tantum
2923 842 3134 912 prolicit
3157 844 3208 896 in
3226 844 3464 897 excelso.
3493 846 3599 911 Qui

2013 910 2156 985 enim
2201 910 2421 985 humilis
2446 911 2578 977 erit,
2607 910 3001 985 exaltabitur'in
3023 913 3213 985 (gloria.
3256 914 3467 985 Primus
3494 910 3598 970 liu-

2015 982 2253 1035 militatis
2294 980 2488 1051 gradus
2532 988 2651 1045 est,
2696 984 2935 1037 veritatis
2975 980 3278 1037 sermonem
3326 984 3599 1042 humiliter

2014 1052 2232 1124 audire,
2292 1052 2600 1106 memoriter
2643 1053 2909 1119 retinere,
2969 1054 3260 1108 voluntarie
3317 1056 3596 1124 perlicere.

2013 1121 2144 1193 Eam
2172 1123 2369 1193 quippe
2409 1137 2567 1193 quam
2615 1137 2719 1177 non
2764 1124 3024 1178 invenerit
3072 1121 3359 1189 humilem',
3405 1130 3601 1183 veritas

2014 1191 2145 1263 fugit
2190 1191 2445 1247 mentem.
2490 1192 2701 1257 Quanto
2743 1195 2968 1263 quisque
3008 1195 3259 1249 humilior
3284 1198 3386 1250 erit
3423 1197 3492 1252 de
3538 1214 3597 1253 se

2012 1261 2169 1331 ipso,
2202 1272 2351 1317 tanto
2393 1264 2563 1331 major
2594 1264 2708 1336 erit
2753 1261 2803 1316 iu
2850 1261 3135 1333 conspectu
3166 1266 3282 1319 Dei.
3326 1268 3599 1336 Superbus

2011 1348 2142 1404 vero
2162 1343 2361 1403 quanto
2388 1334 2672 1404 gloriosior
2712 1345 2931 1403 apparet
2978 1337 3115 1390 inter
3146 1334 3417 1398 homines;
3453 1349 3598 1392 tanto

2013 1403 2273 1471 dejectior
2297 1403 2404 1457 erit
2437 1413 2561 1458 ante
2606 1405 2793 1458 Deum.
2823 1405 2921 1470 Qui
2962 1406 3101 1459 enim
3147 1408 3261 1460 sine
3303 1409 3600 1464 humilitate

2010 1473 2149 1545 bona
2182 1489 2343 1544 opera
2382 1475 2608 1545 agit,iu
2639 1484 2855 1529 ventum
2906 1476 3175 1544 pulverem
3221 1488 3412 1545 portat.
3468 1480 3597 1534 Item

2011 1542 2283 1619 Scriptura
2313 1542 2475 1612 dicit,
2511 1544 2646 1612 Quid
2668 1546 2888 1619 superbit
2907 1542 3055 1619 terra
3097 1556 3146 1600 et
3174 1542 3299 1599 ciitis
3333 1548 3515 1619 (Eccli.
3540 1567 3595 1615 χ,

2014 1616 2106 1689 9),
2135 1616 2259 1689 dum
2297 1626 2457 1689 vento
2503 1617 2765 1685 superbiat
2804 1616 3349 1689 dispergituurt‘quod‘
3381 1620 3600 1689 jejuniis

2012 1687 2096 1758 vel
2126 1686 2481 1757 eleemosynis
2505 1688 2814 1756 emigregari
2863 1686 3111 1742 videtur?
3155 1686 3310 1754 Noli,
3341 1686 3595 1758 o'homo,

2013 1756 2070 1837 in
2090 1756 2373 1837 virtutibus
2395 1758 2497 1811 tuis
2520 1758 2733 1837 gloriari
2755 1757 3159 1837 ;_quia_alterutn
3194 1760 3466 1837 habiturus
3490 1756 3599 1818 eris

2009 1825 2241 1900 judicent
2263 1869 2279 1895 ,
2312 1842 2417 1881 non
2450 1837 2508 1900 te
2529 1825 2698 1900 ipsum
2729 1847 2742 1882 :
2767 1825 2825 1900 in
2852 1828 3004 1897 cujus
3033 1840 3320 1898 conspectu
3350 1840 3399 1885 te
3427 1832 3600 1900 ipsum

2014 1897 2065 1950 in
2090 1899 2250 1952 corde
2272 1906 2361 1951 tuo
2390 1898 2607 1952 Studeas
2634 1898 2941 1962 humiliare,
2970 1897 3243 1969 quatenus
3262 1901 3348 1955 ille
3377 1914 3425 1955 te
3450 1897 3601 1957 exal-

2015 1975 2090 2022 tct
2118 1968 2169 2021 in
2202 1977 2441 2037 tempore
2472 1969 2831 2022 retributionis
2858 1968 3003 2023 suae;
3024 1970 3296 2025 Descende
3326 1983 3381 2025 ut
3409 1987 3599 2028 ascen-

2014 2036 2139 2105 das,
2172 2038 2453 2094 humiliare
2497 2049 2552 2091 ut
2590 2040 2872 2104 exalteris;
2900 2056 2969 2094 ne
2990 2041 3251 2094 exaltatus
3278 2042 3593 2098 humilieris.

2013 2107 2112 2175 Qui
2144 2111 2284 2163 enim
2305 2179 2310 2180 γ
2330 2110 2427 2162 sibi
2460 2110 2582 2163 vilis
2609 2120 2724 2176 est,
2771 2119 2893 2163 ante
2942 2112 3102 2164 Deum
3152 2112 3372 2180 pulcher
3399 2122 3513 2177 est;
3545 2122 3600 2170 et

2012 2180 2104 2252 qui
2133 2180 2233 2252 sibi
2264 2179 2577 2252 displicent,
2616 2182 2723 2252 Deo
2748 2182 2977 2248 placent.
3027 2179 3161 2234 Esto
3198 2182 3355 2251 igitur
3400 2199 3597 2252 parvus

2014 2247 2284 2320 inoculis
2315 2251 2451 2315 tuis,
2494 2261 2550 2303 ut
2594 2251 2669 2303 sis
2712 2247 2933 2320 magnus
2978 2252 3029 2304 iu
3071 2247 3239 2307 oculis
3267 2247 3599 2310 DeiXTantO

2013 2319 2155 2373 enim
2187 2320 2295 2374 eris
2326 2321 2463 2390 apud
2512 2321 2677 2374 Deum
2726 2319 3029 2389 pretiosior,
3058 2333 3256 2391 quanto
3291 2325 3451 2377 fueris
3474 2334 3600 2380 ante

2014 2391 2198 2443 oculos
2239 2400 2356 2444 tuos
2397 2392 2714 2459 despectior.
2772 2391 2827 2444 lu
2876 2406 3084 2445 summo
3140 2393 3340 2447 honore
3391 2410 3600 2450 summa

2017 2460 2107 2513 tibi
2136 2462 2206 2514 sit
2230 2462 2515 2514 humilitas.
2544 2461 2774 2517 Honoris
2804 2462 2918 2515 laus
2932 2472 3013 2516 est
3032 2503 3045 2527 ,
3080 2464 3388 2519 humilitatis
3408 2466 3597 2520 virtus.

2082 2530 2139 2585 2.
2184 2531 2347 2584 Nulla
2374 2534 2589 2604 est_sine
2617 2533 2793 2604 timore
2822 2531 2937 2585 Dei.
2978 2531 3153 2585 Timor
3178 2534 3308 2604 alius
3335 2536 3558 2603 ﬁliorum
3577 2578 3595 2604 ,

2013 2600 2146 2655 alius
2161 2602 2615 2677 servoru_m._Tintor
2634 2602 2730 2655 Dei
2744 2604 2959 2677 expellit
2970 2600 3344 2677 pecc_ata.rldeov
3354 2615 3402 2657 et
3416 2600 3601 2677 gehen-

2013 2687 2096 2725 nte
2118 2683 2321 2725 metum.
2345 2673 2449 2727 Sed
2487 2675 2623 2727 hanc
2651 2689 2789 2727 vera:
2819 2674 3128 2728 humilitatis
3162 2673 3600 2733 virtutem'nemo

2013 2744 2131 2797 sine
2172 2745 2360 2797 timore
2406 2744 2496 2797 Dei
2542 2744 2741 2799 habere
2786 2753 2995 2814 potest;
3027 2746 3148 2814 quia
3192 2760 3376 2799 eorum
3410 2757 3600 2802 neuter

2013 2815 2131 2884 sine
2150 2814 2321 2868 altero
2341 2828 2461 2867 esse
2492 2822 2682 2884 potest.
2706 2815 2841 2879 Quid
2868 2824 3043 2868 autem
3074 2816 3232 2868 timor
3262 2819 3352 2869 Dei
3380 2817 3594 2884 efliciat,

2013 2831 2131 2869 etne
2150 2831 2321 2868 altero
2341 2831 2461 2867 esse
2511 2831 2682 2867 l0leSl.
2706 2831 2841 2879 Qtuu
2868 2831 3043 2868 autem
3074 2831 3232 2868 timor
3262 2831 3352 2869 uel
3380 2831 3594 2884 etltcmt,

2012 2883 2229 2957 fratres,
2256 2884 2455 2957 audite.
2486 2831 2699 2937 initium
2727 2886 2987 2957 sapientiae
3011 2886 3161 2938 timor
3191 2886 3395 2939 Domini
3422 2888 3597 2957 (Psal.

2012 2968 2109 3021 cx,
2140 2956 2266 3027 710).
2296 2955 2479 3024 Magna
2506 2964 2589 3027 est
2614 2955 2815 3027 cautela
2847 2958 3062 3027 peccati,
3100 2957 3189 3010 Dei
3220 2955 3436 3025 semper
3458 2975 3599 3027 prte-

2014 3024 2238 3079 sentiam
2274 3027 2478 3079 timere.
2515 3026 2613 3097 Qui
2648 3024 2879 3097 perfecte
2908 3026 3075 3097 Deum
3106 3030 3290 3094 timet,
3316 3024 3600 3097 diligenter

2013 3110 2072 3166 se
2101 3110 2130 3148 a
2158 3098 2389 3166 peccatis
2415 3096 2666 3149 custodit.
2699 3096 2914 3150 Timenti
2945 3095 3110 3149 Deum
3146 3098 3200 3150 in
3228 3095 3492 3153 novissimo
3519 3100 3601 3153 die

2012 3164 2134 3219 bene
2157 3164 2247 3220 erit
2279 3167 2465 3237 (Eccli.
2492 3182 2509 3219 ι
2534 3208 2548 3233 ,
2584 3168 2674 3237 15)
2699 3208 2713 3233 ,
2757 3176 2811 3221 et
2852 3182 3059 3222 merces
3089 3168 3205 3237 ejus
3245 3170 3297 3222 in
3339 3180 3600 3225 azternum

2013 3246 2313 3306 permanet.
2358 3236 2458 3304 Qui
2502 3236 2766 3309 erubescit
2795 3239 2849 3291 in
2877 3236 3165 3309 conspectu
3207 3238 3439 3293 hominis
3469 3256 3597 3309 pec-

2012 3322 2177 3375 care,
2219 3317 2418 3379 quanto
2442 3309 2624 3379 imagis
2654 3307 2868 3377 dignum
2909 3319 2990 3363 est
3010 3307 3173 3378 'quod
3218 3307 3498 3364 erubescat
3543 3310 3600 3366 in

2012 3377 2301 3451 conspectu
2326 3379 2418 3432 Dei
2439 3377 2963 3451 iniquitatemagere,
2987 3377 3076 3448 qui
3100 3396 3202 3433 non
3221 3380 3392 3433 solum
3410 3396 3597 3451 Opera,

2012 3449 2109 3502 sed
2151 3458 2205 3502 et
2241 3452 2402 3503 corda
2440 3448 2788 3502 considerat?
2830 3448 2933 3514 Qui
2976 3454 3163 3503 timore
3210 3461 3393 3505 sancto
3428 3448 3598 3507 Deum

2013 3527 2295 3584 metuunt,
2337 3518 2613 3587 inquirunt
2648 3535 2765 3588 quze
2805 3519 3132 3587 beneplacita
3166 3530 3288 3574 sunt
3321 3523 3414 3576 illi.
3448 3524 3599 3577 Alius

2013 3597 2097 3643 est
2125 3590 2284 3642 timor
2314 3588 2541 3642 ﬁliorum
2568 3630 2581 3651 ,
2614 3590 2749 3643 alius
2774 3598 2857 3643 est
2896 3591 3055 3643 timor
3095 3606 3391 3646 servorum.
3445 3591 3597 3647 Servi

2013 3660 2156 3713 enim
2206 3668 2422 3735 propter
2471 3668 2731 3735 tormenta
2777 3661 3035 3735 dominos
3049 3662 3282 3735 timent;
3323 3663 3413 3717 lilii
3469 3678 3597 3718 vero

2015 3731 2232 3802 propter
2273 3745 2509 3783 amorem
2549 3733 2710 3800 patris
2756 3732 2963 3785 timent.
3005 3731 3058 3786 Si
3107 3734 3195 3785 lilii
3242 3733 3329 3786 Dei
3371 3749 3595 3802 sumus,

2014 3801 2295 3855 timeamus
2322 3816 2443 3855 eum
2470 3816 2535 3854 ex
2563 3802 2838 3855 charitatis
2867 3802 3177 3869 dulcedine,
3210 3818 3313 3857 non
3340 3805 3408 3859 de
3435 3801 3599 3858 timo;

2014 3873 2089 3925 ris
2128 3872 2503 3925 amaritudine.
2552 3872 2723 3925 llomo
2754 3874 2964 3942 sapiens
2996 3875 3045 3926 in
3072 3876 3319 3928 omnibus
3346 3878 3597 3943 operibus

2014 3943 2127 4013 suis
2158 3943 2320 3996 Deum
2350 3944 2517 4006 timet,
2541 3944 2716 3996 sciens
2740 3959 2800 3998 se
2823 3959 3090 4012 nunquam
3114 3947 3228 4011 ejus
3260 3947 3597 4013 praesentiam

2013 4011 2247 4081 eﬂ‘ugere
2277 4026 2463 4081 ppsse,
2493 4013 2630 4065 sicut
2654 4014 2931 4066 Psalmista
2951 4011 3073 4067 Deo
3103 4015 3230 4067 dicit
3261 4011 3275 4065 ξ
3313 4015 3426 4081 Quo
3456 4016 3534 4069 ibo
3562 4033 3597 4070 a

2010 4068 2195 4153 spiriiu
2220 4068 2350 4134 tuo‘?
2374 4093 2421 4153 et
2449 4068 2546 4148 quo
2570 4100 2601 4134 a
2630 4083 2758 4151 facie
2787 4098 2871 4135 tua
2892 4083 3083 4153 fugiam
3116 4083 3283 4152 (Psal.
3317 4068 3594 4151 Exxxvut,

2014 4152 2273 4224 ηἳιιριῐι
2295 4194 2309 4216 ,
2355 4152 2488 4217 Quia
2521 4170 2677 4222 neque
2714 4155 2775 4205 ab
2817 4152 3006 4207 oriente
3048 4171 3207 4224 neque
3245 4156 3307 4207 ab
3343 4158 3598 4212 occidente

2015 4221 2185 4347 ()Psal.
2215 4238 2375 4276 Lutv
2400 4263 2415 4288 ,
2448 4224 2504 4292 7)
2540 4240 2552 4274 :
2582 4221 2894 4277 subauditur
2917 4264 2933 4290 ,
2995 4221 3136 4293 patet
3184 4227 3327 4277 locus
3376 4226 3595 4297 fugienti

2066 4309 2205 4347 eum.
2246 4292 2345 4347 Otti
2374 4294 2510 4345 timet
2537 4292 2809 4347 Dontinum
2834 4337 2849 4347 .
2880 4296 3088 4347 accipiet
3119 4295 3399 4347 doctrinam
3444 4301 3553 4347 eius
3577 4312 3595 4347 :

2066 4309 2205 4347 eum.
2246 4292 2345 4359 Qtti
2374 4294 2510 4345 timet
2537 4292 2809 4347 Dontinum
2834 4337 2849 4360 ,
2880 4292 3088 4364 accipiet
3119 4295 3399 4349 doctrinam
3434 4292 3553 4364 cjus
3577 4312 3598 4362 ;

2015 4374 2061 4417 et
2095 4365 2182 4433 qui
2210 4364 2486 4433 vigilaverit
2526 4364 2577 4416 in
2608 4367 2862 4417 mandatis
2893 4367 3024 4431 eius,
3052 4368 3265 4420 inveniet
3293 4368 3597 4421 benedictio-

2014 4432 2129 4487 nem
2159 4432 2345 4505 (Eccli.
2379 4449 2536 4505 xxxii)
2549 4475 2562 4505 ,
2612 4435 2700 4505 18)
2724 4438 3126 4504 sempiternam.
3163 4436 3403 4491 Tintentis
3432 4437 3598 4493 Deum

2016 4488 2255 4575 beata‘est
2279 4504 2449 4557 anima
2471 4488 2580 4574 (id.
2605 4488 2798 4571 xxiuv,
2820 4488 2930 4575 ἡ),
2958 4488 3011 4560 et
3035 4488 3597 4563 aitetitatione‘diabo:

2014 4574 2115 4647 lica
2142 4583 2252 4647 tuta
2280 4588 2538 4628 remanet.
2571 4575 2757 4647 Beatus
2786 4574 2935 4630 homo
2977 4578 3062 4646 qui
3104 4594 3299 4647 semper
3340 4589 3411 4630 est
3453 4583 3594 4645 pavi-

2016 4646 2112 4699 dus
2142 4644 2321 4716 (Prov.
2348 4661 2514 4700 xxvnt
2534 4687 2550 4712 ,
2577 4646 2664 4715 14)
2689 4687 2703 4713 ,
2733 4658 2785 4699 et
2810 4650 2892 4703 cui
2931 4644 3179 4700 donatum
3207 4644 3287 4701 est
3319 4649 3409 4701 Dei
3444 4654 3601 4703 timo-

2016 4726 2129 4769 rem
2161 4731 2373 4788 semper
2393 4726 2515 4771 ante
2536 4718 2715 4771 oculos
2740 4720 2954 4771 habere.
2985 4718 3085 4785 Qui
3112 4718 3261 4773 timet
3290 4719 3593 4788 Dominum,

2016 4788 2219 4841 recedit
2241 4787 2307 4840 ab
2333 4787 2522 4843 itinere
2549 4804 2733 4857 pravo,
2765 4800 2818 4843 et
2838 4789 2904 4842 ad
2926 4789 3178 4842 virtutum
3210 4793 3453 4843 semitam
3485 4787 3597 4847 vias

2017 4870 2141 4931 suas
2169 4857 2365 4931 dirigit.
2414 4858 2595 4911 Timor
2627 4860 2718 4913 Dei
2752 4860 2968 4931 repellit
3013 4870 3225 4926 peccata
3253 4902 3265 4925 ,
3315 4871 3370 4915 et
3415 4863 3598 4931 adjicit

2016 4929 2258 4981 virtutes.
2295 4927 2478 4982 Timor
2503 4938 2714 4982 cautum
2743 4927 2866 4985 facit
2899 4930 3186 4995 hominem,
3225 4939 3280 4984 et
3307 4927 3593 4987 solliciium

2018 5014 2085 5052 ne
2117 5006 2313 5066 peccet.
2349 4997 2446 5052 Ubi
2479 5015 2603 5053 vero
2634 5004 2791 5053 timor
2819 5002 2907 5053 Dei
2933 5017 3035 5053 non
3076 5015 3177 5065 esu,
3210 5002 3278 5054 ibi
3311 5002 3596 5058 dissolutio

2016 5070 2139 5122 vita:
2168 5080 2265 5122 est.
2295 5067 2397 5135 Qui
2445 5071 2605 5123 Deum
2650 5072 2701 5123 in
2743 5072 3009 5139 prosperis
3054 5087 3157 5123 non
3207 5074 3384 5137 timet,
3417 5077 3602 5129 timeat

2018 5142 2101 5194 vel
2142 5140 2200 5212 iu
2218 5138 2488 5203 adversis;
2524 5138 2834 5212 refugiatad
2873 5138 3019 5194 illum
3049 5144 3135 5211 qui
3169 5142 3399 5212 flagellat
3428 5155 3482 5197 et
3508 5160 3597 5197 sa-

2020 5220 2137 5285 nat._
2160 5208 2347 5285 Beatus
2371 5212 2444 5285 vir
2467 5212 2551 5285 qui
2588 5208 2744 5285 timet
2762 5208 3079 5285 Duminuni,
3104 5213 3156 5285 in
3195 5208 3445 5267 mandatis
3490 5216 3601 5285 ejus

2020 5280 2157 5354 cupit
2171 5281 2334 5354 _nimis
2362 5279 2532 5354 (Psal.
2562 5297 2670 5354 cst,
2702 5280 2776 5354 1).
2809 5282 2990 5336 Timor
3019 5283 3113 5336 Dei
3144 5284 3387 5337 timorem
3417 5279 3601 5353 expel-

2020 5352 2079 5405 lit
2104 5351 2393 5423 gehenme;
2425 5353 2546 5422 quia
2584 5352 2707 5407 facit
2736 5351 3011 5407 hominem
3057 5365 3330 5423 peccatum
3371 5351 3594 5422 cavere,

2020 5432 2073 5477 et
2093 5422 2310 5491 justitize
2336 5438 2494 5491 opera
2524 5440 2735 5493 augere.
2769 5425 2896 5479 Post
2924 5426 3039 5477 hate
3060 5422 3129 5478 ad
3152 5424 3300 5477 illum
3330 5427 3601 5493 perveniet

2022 5493 2268 5548 timorem
2290 5534 2304 5558 ,
2335 5495 2425 5563 qui
2452 5494 2644 5549 dicitur
2672 5506 2916 5560 sanctus,
2950 5504 3003 5548 et
3044 5502 3322 5563 permanet
3346 5495 3398 5548 in
3428 5510 3601 5550 stecu—

2022 5563 2131 5637 lum
2160 5564 2341 5637 saeculi
2368 5564 2537 5635 (Psal.
2568 5581 2725 5637 xvm,
2760 5564 2883 5637 10);
2912 5565 3033 5637 quia
3061 5575 3144 5619 est
3172 5566 3225 5618 in
3250 5564 3560 5637 dilectione.

2094 5635 2147 5689 5.
2177 5632 2308 5687 Inde
2346 5632 2447 5705 pax
2474 5645 2519 5689 et
2548 5636 2718 5689 omnia
2747 5632 2896 5690 bona.
2932 5632 3025 5690 Sic
3053 5649 3181 5705 ergo
3204 5677 3220 5703 ,
3269 5635 3461 5692 fratres
3482 5677 3500 5705 ,
3533 5638 3602 5692 ti-

2023 5720 2263 5780 meamus
2292 5706 2477 5771 Deum,
2511 5716 2569 5780 ut
2591 5706 3058 5780 diligamuseum;
3090 5707 3209 5780 quia
3233 5710 3459 5780 perfecta
3482 5708 3603 5764 chao

2022 5779 2147 5831 ritas
2173 5780 2311 5848 foras
2336 5780 2481 5832 mittit
2509 5774 2739 5832 timorem
2782 5776 2826 5847 (l
2849 5774 3007 5829 Joan.
3048 5774 3139 5843 ιν“,
3184 5774 3272 5849 18)
3302 5774 3553 5835 servilem
3584 5796 3603 5842 :

2683 5871 3314 5952 {Soixatttc-trcize.)

3575 5954 3614 5966 ρ.
