4088 6372
280 377 419 434 2537

282 491 433 561 (Luc.
480 502 552 551 vr,
586 486 667 561 δῖ
687 491 733 539 et
760 478 873 561 1’38).
904 478 1121 561 Yidete,
1147 476 1344 561 fratres
1353 472 1665 561 .cliarissimi
1686 514 1701 539 ,
1726 472 1864 561 quia

282 546 421 617 sicut
445 569 499 615 et
533 546 585 612 in
614 556 704 610 illa
743 546 878 616 alia,
908 552 973 606 de
995 565 1096 621 qua
1143 550 1287 621 prius
1314 546 1565 621 diximus,
1595 546 1665 599 ita
1715 553 1781 621 et_
1817 546 1869 599 in

285 616 386 688 bac
413 632 749 699 eleemosyna
780 625 953 699 nullus
983 616 1159 699 potest
1185 620 1422 699 invenire
1459 617 1595 671 unde
1623 631 1683 697 se
1702 616 1874 699 valeat

284 686 579 763 excusare;
626 688 725 753 nec
764 686 1000 764 aliquam
1027 694 1285 764 rationem
1314 690 1441 764 dare
1471 687 1665 764 poterit
1687 729 1701 752 ,
1732 686 1872 755 quod

284 790 403 829 eam
450 759 739 842 adimplere
772 759 895 842 non
937 763 1263 842 possit._lsta
1312 762 1451 842 enim
1490 759 1870 842 eleemosyna,

288 861 382 917 per
408 859 568 917 quam
595 830 666 894 'in
700 830 1469 917 nobis_peccautibus‘veniam
1504 830 1871 917 Idamusunqn

288 897 355 970 ile
388 897 607 969 cellario
632 953 646 974 ,
692 925 795 965 non
835 897 902 962 de
939 909 1129 960 horreo
1173 904 1257 958 vel
1300 903 1367 957 de
1404 901 1572 974 agello
1601 898 1765 974 ‘,_sed
1806 897 1875 974 de

288 969 468 1041 cordis
500 969 750 1038 thesauro
801 979 1064 1050 profertur
1086 1019 1119 1050 ,_
1144 974 1210 1029 de
1240 988 1345 1045 quo
1373 969 1485 1050 ipse
1517 971 1768 1050 Dominus
1796 969 1876 1021 di-

289 1040 366 1111 in
400 1074 412 1109 :
443 1054 617 1108 Bonus
648 1040 816 1106 homo.
836 1051 897 1103 de
926 1051 1053 1102 bono
1079 1040 1315 1101 thesauro
1338 1040 1503 1097 cordis
1532 1041 1721 1110 profert
1746 1040 1875 1092 bona

293 1129 309 1197 (
340 1127 526 1180 Matth.
569 1141 666 1187 xu,
700 1123 768 1177 55
794 1122 834 1192 ).
872 1122 944 1175 De
972 1119 1076 1197 illis
1102 1133 1234 1188 ergo
1269 1131 1386 1197 qua}
1429 1128 1588 1197 supra
1613 1111 1873 1197 diximus,

290 1180 341 1253 id
370 1206 485 1263 est,
515 1180 665 1260 auro,
698 1180 946 1261 argento,
1000 1180 1300 1263 frumento,
1331 1187 1454 1238 vino
1478 1192 1533 1237 et
1576 1182 1696 1263 oleo
1728 1180 1877 1233 multi

288 1285 350 1324 se
378 1253 601 1339 possunt
624 1253 884 1339 paupEres
914 1253 1171 1339 excusare
1203 1277 1214 1311 :
1246 1258 1388 1311 illam
1425 1270 1551 1339 vero
1576 1253 1877 1321 eleemosy-

294 1325 417 1394 nam
458 1355 575 1407 qua:
620 1325 687 1392 de
724 1325 885 1407 corde
938 1331 1237 1407 profertur,
1280 1342 1384 1397 qua
1432 1325 1735 1407 fronte‘aut
1775 1336 1879 1390 qua

293 1393 622 1465 conscientia
665 1407 802 1461 ullus
851 1393 1010 1459 homo
1052 1417 1109 1456 se
1156 1393 1391 1454 dicturus
1429 1405 1511 1451 est
1549 1393 1743 1448 habere
1773 1407 1879 1446 non

366 1496 451 1534 sse
481 1479 505 1533 ?

296 1498 768 1619 Eiebmosynam
782 1563 893 1619 quae
909 1546 970 1598 de
984 1544 1134 1619 corde
1145 1544 1418 1619 profertur,
1434 1554 1578 1619 nemo
1592 1536 1723 1589 dicat
1734 1551 1787 1588 se
1796 1535 1882 1587 ha-

296 1625 409 1676 bere
420 1640 520 1675 non
533 1611 766 1689 posse.Et
784 1611 902 1671 ideo
918 1618 1036 1686 quia
1054 1611 1158 1689 non
1182 1611 1437 1689 habemus
1453 1611 1592 1663 unde
1608 1620 1883 1689 nosexcu-

294 1710 415 1748 sare
437 1679 719 1762 possimus;
739 1692 821 1744 cui
846 1679 979 1762 Deus
996 1688 1219 1757 amplius
1238 1683 1446 1762 dederit
1467 1696 1623 1762 quam
1749 1692 1881 1745 opus

296 1775 397 1826 cst,
414 1750 480 1817 de
491 1750 772 1831 superﬂuis
789 1760 1051 1813 redimere
1066 1750 1280 1827 peccata
1298 1768 1389 1807 sua
1408 1753 1637 1807 festinet:
1651 1750 1741 1831 ille
1756 1763 1883 1831 vero

295 1822 396 1904 qui
412 1822 645 1903 captivos
678 1832 939 1886 redimere
969 1841 1022 1883 et
1052 1822 1305 1904 pauperes
1336 1839 1554 1904 parcere
1583 1822 1884 1904 velvestire

296 1892 403 1960 non
462 1892 745 1974 praavalct,
800 1911 981 1974 contra
1031 1892 1240 1974 nullum
1277 1892 1546 1974 hominem
1597 1892 1787 1974 odium.
1831 1894 1885 1947 in

295 1964 477 2032 corde.
494 1964 767 2041 reservet,
802 1982 857 2027 et
896 1971 1121 2025 inimicis
1165 1968 1272 2022 suis
1315 1965 1639 2041 non_solum
1685 1964 1883 2041 malum

296 2064 396 2117 pro
428 2047 565 2101 malo
613 2062 716 2099 non
753 2035 955 2117 reddat
979 2085 992 2106 ,
1034 2041 1127 2117 sed
1170 2037 1539 2117 etiam_di_ligat
1577 2044 1640 2117 et_
1671 2049 1765 2117 pro
1810 2035 1885 2116 eis

298 2106 455 2173 orare
482 2134 583 2171 non
613 2117 838 2170 desinat.
864 2114 1051 2169 Certus
1088 2113 1154 2165 de
1180 2106 1533 2179 promiSsione
1561 2107 1643 2160 vel
1680 2106 1747 2158 de
1774 2106 1884 2179 rmi-

299 2188 587 2244 sericordia
618 2186 823 2240 Domini
855 2186 966 2247 sui,
1010 2176 1532 2237 libera'conscientia
1566 2188 1689 2230 ante
1719 2176 1887 2247 tribu-

300 2261 389 2313 nal
419 2258 617 2312 Christi
661 2259 840 2311 dicere
872 2246 1084 2322 poterit,
1116 2254 1213 2312 Da,
1271 2251 1513 2322 Domine,
1554 2248 1674 2315 quia
1713 2246 1836 2299 dedi
1869 2261 1884 2311 ;

298 2330 507 2384 dimitte
534 2370 548 2393 ,
592 2329 713 2397 quia
737 2319 914 2381 dimisi
948 2342 959 2377 :
991 2339 1050 2378 ea
1085 2332 1256 2397 tamen
1283 2319 1622 2397 conditione,
1655 2326 1713 2369 ut
1739 2324 1888 2385 post-

299 2392 746 2469 eaquamtalibus
783 2394 1136 2469 eleemosynis
1167 2392 1388 2469 coeperit
1414 2398 1625 2469 peccata
1657 2402 1752 2440 sua
1798 2402 1886 2442 re-

300 2460 534 2529 dimere.
582 2471 703 2537 quia
752 2460 1036 2537 nunquanf
1056 2464 1130 2537 illi
1159 2464 1397 2537 deerunt
1439 2460 1641 2537 minuta
1674 2468 1889 2537 peccata

299 2558 419 2612 quie
461 2530 695 2611 quotidie
725 2530 982 2612 redimat,
1019 2535 1241 2612 crimina
1271 2533 1526 2612 capitalia.
1555 2545 1657 2612 non
1682 2530 1890 2611 .admit-

302 2600 398 2676 (at,
424 2600 639 2681 prbpter
661 2611 789 2665 illud
822 2600 1243 2681 quodscriptum
1275 2600 1388 2668 est,
1425 2602 1527 2681 Qui
1556 2600 1839 2681 baptiaatur
1859 2614 1891 2653 a

299 2671 593 2743 nioi-t'uo,'et
621 2684 801 2734 iterum
838 2671 1374 2749 contingit—mortuum
1398 2673 1794 2749 ,_quid_proﬁeit
1815 2671 1891 2749 lu-

299 2755 435 2807 mina
462 2741 568 2824 ejus
602 2752 803 2823 (Eccli.
829 2741 1112 2824 χιχιγῖδο
1138 2746 1203 2824 )_?
1228 2756 1281 2801 et
1304 2741 1479 2824 illud,
1521 2744 1665 2798 Sicut
1678 2741 1892 2824 ⁸ριίίὺίιίε

303 2826 361 2893 ﬁt
393 2813 534 2878 can'is
572 2813 773 2893 quando
794 2822 1054 2876 revertitur
1094 2813 1170 2893 ad
1185 2818 1422 2871 vomitum
1442 2831 1591 2867 suum
1616 2856 1629 2877 ,
1671 2813 1893 2893 itahpec-

302 2882 445 2949 sator
471 2906 545 2948 est
569 2882 770 2961 quando
804 2894 1067 2947 revertitur
1105 2890 1171 2943 ad
1212 2896 1471 2961 peccatum
1510 2901 1657 2940 suum
1688 2882 1888 2956 (Prov.

304 2912 445 2949 cator
471 2912 545 2948 est
603 2914 620 2947 ι

304 2982 464 3030 xxvr,
490 2967 548 3020 11

376 3052 429 3106 5.
473 3051 923 3119 Eleemosynarum
948 3046 1147 3100 tertium
1167 3060 1342 3119 genus.
1366 3042 1511 3096 Bona
1530 3044 1895 3119 voluntas_cha-

304 3123 449 3175 ritas.
479 3120 586 3177 Sed
625 3114 750 3174 dum
775 3121 883 3175 duo
910 3120 1009 3173 ista
1044 3114 1239 3185 genera
1280 3115 1738 3185 eleemosynarum
1766 3114 1897 3169 insi-

304 3208 473 3247 nuare
498 3192 740 3246 videmur
759 3233 772 3253 ,
800 3192 933 3244 forte
956 3189 1084 3242 dicit
1106 3185 1297 3255 aliquis
1324 3201 1339 3238 :
1377 3185 1512 3240 Ecce
1532 3200 1631 3254 ego
1657 3200 1755 3240 nec
1785 3194 1896 3239 ter-

304 3278 491 3318 renam
532 3263 881 3337 substantiam
913 3260 1083 3337 habeo
1134 3272 1291 3337 quam
1346 3257 1545 3337 possim
1574 3256 1897 3337 pauperibus

305 3349 551 3404 erogare,
586 3350 682 3389 nec
703 3334 770 3387 ab
799 3333 974 3402 aliquo
1001 3328 1244 3399 injuriam
1276 3328 1449 3404 patior
1472 3368 1487 3391 ,
1506 3326 1591 3380 cui
1618 3326 1899 3404 indulgen-

308 3398 437 3459 tiam
466 3398 641 3459 dando
669 3405 865 3474 possim
886 3398 1106 3474 peccata
1138 3414 1264 3474 mea
1289 3398 1553 3474 redimere
1600 3415 1613 3450 :
1655 3398 1800 3474 quid
1824 3398 1900 3453 fa-

304 3485 493 3531 cturus
520 3491 638 3531 sum
664 3467 686 3537 ζ
709 3475 799 3544 qui
822 3467 920 3527 nec
946 3474 1040 3544 ista
1070 3467 1661 3544 babeotnecjejunare
1683 3467 1728 3521 'a
1753 3468 1896 3544 vino,

306 3548 395 3601 vel
426 3563 454 3598 a
486 3538 742 3599 carnibus
769 3544 920 3597 valeo
953 3543 1221 3596 abstinere
1257 3538 1281 3590 ?
1310 3538 1409 3603 Qui
1440 3539 1581 3591 enim
1610 3539 1707 3591 ista
1737 3538 1896 3601 dicit,

307 3626 553 3687 poteram
593 3615 641 3669 ei
692 3613 1051 3687 respondere,
1094 3610 1284 3687 falsum
1340 3622 1460 3662 esse
1498 3608 1636 3687 quod
1680 3618 1902 3687 conatur

311 3678 559 3742 asserere
590 3702 603 3749 ;
646 3678 968 3754 quia'nullus
995 3682 1165 3754 homo
1185 3680 1235 3732 in
1263 3678 1364 3731 hoc
1380 3679 1897 3754 _mund0__invenitur,

310 3759 404 3828 qui
446 3747 712 3828 nunquam
761 3754 828 3808 ab
864 3753 981 3806 aliis
1013 3750 1258 3828 injuriam
1287 3751 1532 3828 patiatur.
1574 3747 1773 3802 Tamen
1814 3765 1905 3828 ac-

312 3765 404 3828 qui
446 3770 712 3824 nunquam
761 3765 828 3808 at)
864 3765 981 3806 ams
1013 3765 1256 3820 nqunam
1322 3765 1532 3802 auaiur.
1575 3765 1773 3802 iamen
1814 3765 1902 3802 ac-

312 3832 652 3898 quiescamus
679 3827 775 3898 ista
806 3839 926 3898 esse
954 3830 1008 3875 ut
1029 3820 1217 3873 asserit
1240 3765 1353 3891 (ag:
1388 3820 1465 3873 sic
1491 3828 1664 3898 tamen
1691 3821 1902 3898 acquie-

315 3891 571 3962 scamiis,
630 3906 684 3950 ut
727 3896 773 3949 ei
830 3897 1255 3962 demenstremus
1297 3904 1417 3944 esse
1468 3891 1640 3943 adhuc
1689 3893 1902 3945 tertium

315 3961 774 4038 electilesyiiartlm
799 3981 996 4037 genus,
1030 3961 1168 4038 quod
1212 3961 1282 4014 ita
1321 3976 1508 4038 omnes
1536 3963 1906 4038 excusationes

316 4040 487 4110 possit
531 4032 861 4101 excludere,
908 4035 1182 4110 ut_nullu_s_
1226 4047 1453 4110 unquam
1498 4032 1906 4110 inve_uiat.quod

320 4102 370 4164 ei
425 4110 589 4178 pOs'Sil.
624 4123 911 4177 tippnnel‘e.
958 4106 1095 4160 Ecce
1128 4102 1311 4178 dixisti
1352 4112 1401 4155 te
1438 4117 1537 4155 nec
1576 4102 1908 4178 abundanter

320 4175 586 4236 frumenta
615 4175 882 4243 colligere,
918 4178 1061 4231 unde
1090 4176 1284 4229 victum
1331 4183 1422 4226 aut
1461 4175 1705 4226 vestitum
1738 4175 1910 4242 possis

322 4252 642 4321 pauperibus
672 4250 799 4303 dare
831 4267 843 4321 ;
879 4264 978 4302 nec
1017 4244 1584 4321 injuriamsustinere,
1617 4260 1773 4321 quam
1805 4244 1909 4297 ini-

323 4314 478 4376 inicis
516 4321 710 4375 debeas
764 4320 1035 4388 indulgere
1074 4314 1091 4370 γε
1133 4326 1187 4370 et
1233 4314 1600 4388 ideo_dubitas
1626 4316 1765 4388 quod
1806 4330 1910 4370 non

326 4392 527 4446 habeas
555 4392 693 4444 unde
716 4392 887 4459 possis
916 4385 1129 4458 peccata
1161 4395 1251 4439 tua
1288 4385 1572 4459 redimere.
1605 4386 1915 4459 Accipeer-

325 4478 395 4533 go
424 4472 477 4517 et
506 4458 732 4515 ﬁdeliter
760 4470 879 4514 tene
910 4461 1223 4533 praeclarum
1250 4470 1311 4533 ac
1349 4458 1669 4533 prmeipuum
1700 4458 1912 4511 tertium

325 4527 498 4604 genus
513 4527 990 4601 eleemosyuaru‘m.
1022 4531 1176 4604 Sit-in
1210 4537 1261 4580 te
1278 4527 1414 4581 bona
1436 4530 1698 4604 voluntas,
1728 4542 1916 4583 omnes

328 4599 577 4658 liomines
627 4599 788 4671 dilige
832 4604 965 4655 sicut
1014 4610 1064 4656 te
1106 4601 1316 4671 ipsum,
1345 4612 1450 4671 pro
1496 4599 1740 4671 omnibus
1788 4614 1913 4671 ora,

329 4684 387 4731 et
430 4677 527 4729 hoc
562 4675 666 4727 illis
708 4668 951 4726 desidera
993 4670 1132 4741 quod
1174 4678 1227 4741 et
1266 4668 1358 4721 tibi
1390 4686 1401 4719 :
1434 4678 1488 4741 et
1527 4668 1787 4741 clamatur
1823 4670 1917 4723 tibi

331 4746 401 4799 ab
446 4744 678 4813 Angelis.
718 4742 832 4796 Pax
869 4737 1334 4813 hominibusbona:
1361 4739 1629 4813 voluntatis
1659 4737 1915 4813 (Luc_.mu,

332 4818 403 4871 Η
423 4814 463 4885 ).
504 4809 568 4867 Et
587 4815 707 4883 quia
734 4814 869 4866 bona
899 4814 1141 4865 voluntas
1166 4812 1279 4885 ipsa
1301 4817 1379 4863 est
1402 4809 1635 4885 Charitas
1667 4809 1681 4873 ;
1706 4811 1749 4862 si
1776 4811 1920 4864 illam

334 4879 536 4942 habere
579 4879 833 4949 volueris,
888 4885 1132 4951 impletur
1179 4882 1229 4934 in
1274 4890 1324 4934 te
1361 4879 1501 4948 quod
1533 4880 1789 4951 scriptum
1817 4890 1919 4944 est,

334 4957 570 5013 Charitas
600 4958 757 5025 aperit
780 4948 1149 5008 multitudinem
1172 4960 1485 5025 peccatorum
1509 4949 1549 5019 (Ι
1568 4948 1709 5003 Petr.
1728 4966 1801 5025 iv,
1824 4952 1857 5005 8
1880 4952 1920 5025 ).

337 5032 583 5098 Aguosce
626 5022 754 5095 ergo
799 5027 926 5098 quia
969 5025 1170 5098 sublata
1202 5032 1284 5074 est
1313 5022 1493 5098 omnis
1522 5022 1794 5098 excusatio
1827 5022 1925 5098 _vel

337 5091 839 5153 co'nlradictio—tua'.
883 5095 997 5149 Non
1037 5095 1176 5148 enim
1212 5095 1413 5164 poteris
1442 5091 1621 5164 dicere
1649 5092 1788 5161 quod
1827 5092 1925 5164 bo—

340 5186 464 5223 nam
495 5169 820 5222 voluntatem
859 5166 1053 5220 habere
1096 5180 1198 5217 non
1212 5162 1400 5233 'possis
1429 5180 1442 5214 :
1468 5162 1588 5232 quia
1617 5173 1792 5232 potest
1814 5163 1926 5218 ﬁeri

340 5239 483 5308 ψιωά
533 5254 638 5291 non
686 5240 862 5303 velis;
923 5251 1190 5306 nunquam
1232 5244 1411 5290 tamen
1452 5234 1677 5303 probare
1729 5236 1929 5305 poteris

341 5308 485 5378 quod
516 5324 621 5361 non
642 5310 833 5378 possis.

418 5399 471 5453 6.
507 5399 634 5466 Quae
662 5408 708 5451 et
736 5397 938 5468 quando
968 5398 1029 5451 ob
1067 5398 1247 5467 stipem
1292 5397 1668 5465 sequestranda.
1717 5397 1785 5451 Et
1813 5397 1931 5452 ideo

346 5478 495 5524 tanta
527 5469 779 5525 beneﬁcia
808 5478 862 5525 et
889 5478 995 5522 tam
1020 5468 1274 5537 praiclara
1307 5468 1690 5522 medicamenta
1724 5469 1932 5523 Domini

346 5549 405 5596 et
444 5540 737 5597 Salvatoris
784 5540 951 5595 nostri
996 5554 1102 5593 non
1153 5539 1513 5608 negligenter,
1567 5538 1662 5592 sed
1707 5539 1933 5595 ﬁdeliter

418 5699 436 5731 ί
461 5703 546 5747 Hs.
571 5696 978 5755 Claromontanus,
992 5692 1067 5746 vel
1089 5692 1150 5745 de
1173 5693 1349 5758 sacello
1378 5706 1395 5745 :
1418 5692 1566 5758 lege,
1588 5693 1808 5758 sqccello.

417 5761 493 5825 (a)
510 5758 659 5825 Morel
679 5758 945 5825 legendum
966 5764 1158 5819 censet,
1192 5755 1259 5811 ita
1280 5769 1380 5809 esse
1409 5755 1670 5810 iam.
1697 5757 1813 5810 vide
1835 5757 1939 5809 Ele-

1623 352 1855 413 SERMO
1886 350 2114 411 CCCIX.

3418 348 3559 407 2358

1980 467 2221 538 accipere
2244 472 2299 538 et
2321 464 2590 538 custodire
2608 478 2729 521 cum
2748 464 2915 537 ipsius
2938 458 3203 537 adiutorio
3218 468 3555 525 laboremus:

1980 550 2036 595 ut
2064 554 2168 592 non
2197 537 2365 610 solum
2395 537 2768 608 indulgentiam
2799 550 3135 608 peccatorum
3162 543 3401 610 accipere
3419 584 3435 610 ,
3462 545 3557 599 sed

1979 611 2137 680 etiam
2176 608 2241 680 ad
2288 617 2483 680 aeterna
2531 624 2831 664 mereamur
2878 612 3092 678 prmmia
3134 608 3429 680 pervenire;
3484 616 3558 671 De

1979 681 2081 754 illis
2111 679 2315 734 duabus
2355 679 2707 754 eleemosynis
2736 696 2860 754 qua;
2889 679 3234 754 secundo’vel
3278 686 3435 738 tertio
3461 701 3558 754 po-

1980 753 2095 806 sitae
2124 758 2283 833 sunt,
2313 759 2394 804 est
2416 759 2671 833 unumut
2694 751 2748 804 in
2777 751 2931 832 nobis
2961 754 3303 823 peccantibus
3327 751 3561 810 dimitta-

1981 837 2137 887 mus,
2189 831 2246 874 ut
2292 836 2388 890 pro
2414 821 2639 875 inimicis
2688 823 2883 876 nostris
2920 821 3165 889 oremus,
3209 835 3266 878 ut
3308 841 3402 881 eos
3451 838 3563 882 toto

1980 892 2140 947 corde
2187 891 2504 961 diligamus;
2555 900 2608 945 et
2646 892 2787 947 aliud
2818 903 2873 947 ut
2899 909 2993 962 per
3023 895 3213 949 bonam
3238 898 3560 952 voluntatem

1983 972 2037 1017 et
2062 978 2247 1016 veram.
2269 962 2620 1035 cbaritatem_,
2652 978 2768 1031 qum
2798 966 2971 1033 operit
3012 965 3402 1021 multitudinem
3437 983 3563 1035 pec-

1982 1042 2263 1115 catorum,
2309 1033 2538 1115 inmiiobis
2570 1032 2734 1115 Deum
2762 1032 3046 1115 prepitium
3079 1036 3187 1091 ﬁeri
3221 1032 3561 1093 laboremus:

1984 1104 2055 1157 ita
2085 1112 2268 1173 aperta
2306 1103 2530 1177 estipsa
2564 1101 2887 1177 admonitio,
2940 1116 2995 1160 ut
3023 1111 3323 1177 expositore
3347 1110 3567 1164 omnino

1985 1188 2091 1254 non
2140 1184 2309 1254 egeat.
2367 1173 2510 1227 illam
2558 1188 2686 1227 vero
2730 1173 3155 1248 eleemosynam,
3187 1194 3354 1254 _quam
3398 1181 3569 1248 primo

1986 1244 2463 1325 loconposuimus,
2510 1258 2605 1313 per
2650 1260 2806 1325 quam
2846 1261 2913 1299 ex
2951 1244 3016 1301 eo
3062 1244 3568 1325 quad'nobis'Deus

1984 1315 2211 1395 amplius
2238 1314 2329 1395 dat
2353 1329 2511 1395 quam
2536 1328 2674 1395 opus
2701 1324 2815 1379 est,
2846 1326 2905 1395 et_
2921 1314 3135 1395 peccata
3178 1320 3442 1395 redimere
3464 1363 3479 1385 ,
3512 1330 3571 1375 et

1985 1386 2200 1455 prtemia
2213 1394 2410 1461 teterna
2429 1386 2579 1437 nobis
2597 1387 3182 1461 possumusinspirante
3199 1391 3423 1445 Doinino
3439 1407 3571 1461 pra:-

1986 1470 2205 1536 parare,
2227 1456 2503 1536 consilium
2519 1470 2713 1536 _meum
2736 1456 2967 1536 sivultins
2990 1458 3352 1536 audire__,.cum
3376 1456 3570 1530 gaudio

1987 1526 2131 1578 illam
2160 1534 2355 1600 etcum
2388 1526 2567 1579 laetitia
2594 1527 2835 1594 poteritis
2858 1566 2873 1591 ,
2913 1528 3026 1600 Deo
3054 1526 3569 1600 auxiliantefperﬁ-

1988 1610 2129 1650 cere.
2159 1596 2376 1662 Quoties
2409 1604 2501 1650 aut
2530 1611 2733 1651 messes
2754 1608 2850 1669 aut
2878 1597 3169 1669 vindemias
3192 1596 3437 1669 colligitis
3458 1644 3472 1665 ,
3519 1610 3575 1656 et

1989 1676 2192 1721 vestras
2220 1676 2275 1721 et
2315 1668 2551 1720 omnium
2584 1669 2672 1735 qui
2702 1667 2767 1721 ad
2811 1682 2918 1738 vos
2955 1668 3224 1736 pertinent
3266 1667 3572 1738 computate

1989 1752 2249 1807 expensas
2271 1778 2285 1804 ,
2328 1738 2483 1791 simul
2525 1738 2683 1791 etiam
2714 1746 2769 1792 et
2798 1737 2925 1791 illud
2961 1738 3099 1807 quod
3147 1741 3197 1792 in
3241 1741 3367 1793 fisco
3395 1737 3572 1795 daturi

1990 1812 2149 1874 estis;
2196 1817 2255 1881 et
2302 1807 2352 1860 id
2397 1808 2537 1881 quod
2566 1809 2715 1881 vobis
2745 1824 3026 1881 superesse
3057 1812 3375 1881 cognoscitis
3400 1854 3414 1875 ,
3448 1813 3571 1881 quia

1990 1895 2096 1934 non
2126 1879 2275 1933 vobis
2305 1880 2517 1947 pr0prie
2546 1878 2725 1932 datum
2755 1888 2868 1942 est,
2898 1878 2990 1932 sed
3017 1920 3030 1939 .
3065 1878 3200 1933 sicut
3222 1880 3331 1949 jam
3367 1878 3572 1936 dictum

1991 1959 2110 2017 est,
2151 1948 2563 2019 dispensandum
2594 1966 2687 2019 per
2717 1965 2813 2003 vos
2840 1950 3169 2019 pauperibus
3205 1948 3575 2006 transmissum

1991 2031 2108 2085 est,
2156 2030 2245 2075 aut
2284 2028 2447 2073 totum
2470 2062 2485 2087 ,
2528 2030 2617 2073 aut
2642 2030 2895 2089 quantum
2931 2020 3066 2073 Deus
3094 2022 3238 2074 cordi
3268 2032 3447 2077 vestro
3485 2024 3570 2076 iu-

1993 2092 2273 2161 Spiraverit
2294 2131 2309 2157 ,
2339 2099 2687 2159 sequestrate,
2712 2099 2765 2144 et
2795 2091 2872 2162 sic
2899 2091 2966 2143 sit
2992 2090 3129 2160 apud
3156 2106 3272 2158 vos,
3305 2093 3575 2162 quomodo

1992 2164 2037 2217 si
2066 2162 2166 2215 hoc
2198 2162 2306 2229 jam
2344 2162 2394 2213 in
2422 2176 2581 2213 manu
2608 2162 2700 2215 Dei
2733 2161 3049 2214 obtuleritis.
3102 2162 3212 2215 Hoc
3253 2161 3333 2227 si,
3381 2178 3576 2218 secun-

1993 2232 2119 2287 dum
2161 2231 2300 2301 quod
2344 2231 2612 2285 credimus
2637 2272 2651 2296 ,
2687 2231 2914 2284 ﬁdeliter
2942 2231 3117 2285 facere
3146 2232 3448 2299 volueritis,
3478 2250 3575 2294 ve-

1994 2304 2260 2357 nientibus
2299 2302 2520 2370 captivis
2546 2311 2599 2355 et
2637 2302 2955 2370 pauperibus
2985 2318 3089 2356 non
3118 2304 3289 2357 solum
3321 2322 3422 2357 non
3451 2319 3577 2358 exa-

1995 2382 2239 2442 Speratur
2279 2381 2371 2425 aut
2410 2372 2753 2442 contristatur
2798 2374 3006 2425 animus
3048 2383 3244 2433 vester,
3290 2374 3386 2429 sed
3415 2376 3577 2428 etiam

1996 2441 2291 2498 laetiﬁcatur
2336 2451 2392 2495 et
2432 2441 2659 2511 gaudet;
2705 2441 2831 2496 dum
2882 2458 2943 2495 ea
2982 2458 3100 2511 qua:
3147 2458 3244 2511 pro
3274 2459 3457 2499 amore
3486 2444 3581 2499 Dei

1995 2513 2399 2568 necessitatibus
2428 2528 2715 2582 pauperum
2744 2512 3066 2580 deputastis,
3100 2528 3217 2566 cum
3247 2529 3455 2569 summo
3482 2515 3582 2570 de-

1996 2584 2197 2638 siderio
2244 2583 2545 2651 expendere
2591 2582 2884 2647 festinatis,
2937 2593 2990 2636 et
3035 2583 3288 2652 impletur
3333 2587 3383 2639 in
3425 2586 3579 2640 vobis

1996 2654 2126 2726 illud
2151 2654 2291 2723 quod
2321 2655 2581 2726 scriptum
2591 2662 2701 2726 est,
2737 2652 2965 2726 (litarem
2994 2653 3219 2726 datorem
3248 2656 3413 2726 diligit
3440 2655 3583 2709 Deus

1997 2725 2063 2796 (Il
2090 2721 2316 2796 Cor._ix,
2340 2721 2394 2796 7)
2427 2721 2448 2776 Ξ
2473 2732 2525 2778 et
2552 2723 2699 2796 illud,
2732 2723 2830 2788 Qui
2855 2724 2942 2796 dat
2973 2724 3294 2796 pauperibus,
3320 2721 3581 2794 nunquam

1998 2793 2155 2867 egebit
2183 2793 2560 2867 (Ρνουίχκνξιιι
2581 2834 2595 2857 ,
2624 2793 2716 2863 27)
2749 2812 2762 2846 :
2795 2803 2847 2846 et
2877 2794 3035 2867 illud,
3067 2795 3210 2849 Sicut
3230 2812 3359 2865 aqua
3390 2793 3583 2867 exstin-

1997 2865 2103 2937 guit
2119 2867 2317 2940 ignem,
2349 2865 2421 2918 sic
2453 2865 2765 2940 eleemosyna
2806 2865 3079 2940 eagstinguit
3103 2878 3367 2940 peccatum
3392 2865 3582 2940 (Ec_c_li.

1998 2934 2088 3000 in,
2118 2934 2207 3006 53)
2238 2955 2251 2990 :
2285 2945 2342 2991 et
2366 2935 2504 3003 quod
2552 2938 2602 2988 in
2636 2934 2923 3003 Evangelio

1997 3016 2282 3061 rumtamen
2303 3008 2420 3059 date
2446 3006 2837 3075 eleemosynam,
2864 3013 2912 3057 et
2937 3022 3046 3059 ecce
3070 3008 3238 3059 omnia
3259 3008 3447 3061 munda
3471 3016 3590 3061 sunt

1999 3079 2136 3132 vobis
2151 3078 2314 3160 _(‘Luc.
2350 3076 2752 3160 x_i,ndi):_Quod
2778 3076 2891 3160 ipse
2922 3087 3175 3160 praestare
3200 3077 3465 3160 dignetur,
3496 3077 3588 3160 qui

3008 2936 3221 2990 ominus
3261 2936 3429 3003 dixit,
3485 2936 3587 2991 Ve-

2000 3164 2122 3204 cum
2149 3149 2306 3203 Patre
2344 3156 2399 3200 et
2430 3147 2627 3214 Spiritu
2673 3156 2857 3200 sancto
2885 3147 3014 3201 vivit
3059 3156 3113 3201 et
3151 3157 3337 3218 regnat
3365 3147 3590 3204 Deus’in

2002 3221 2196 3275 sarcula
2221 3219 2560 3273 sazculorum.
2591 3220 2779 3270 Amen.

2478 3308 2707 3364 SERMO
2732 3306 2932 3363 CCCIX
2988 3306 3083 3380 (a).

2003 3403 2270 3452 Admonitio
2292 3401 2353 3450 ad
2378 3413 2465 3465 eos
2481 3400 2565 3463 qui
2599 3400 2670 3448 sic
2689 3398 3027 3465 eleemosynas
3049 3398 3355 3465 frequentius
3378 3400 3589 3465 faciunt,

2099 3474 2151 3513 et
2172 3471 2336 3512 tamen
2356 3458 2550 3525 rapinas
2572 3468 2811 3511 exercent
2832 3467 2882 3509 et
2905 3458 3479 3514 adulteria'oommittunt.

2078 3546 2130 3598 i.
2165 3543 2499 3613 Eleemosyna
2525 3541 2636 3596 sola
2672 3559 2774 3595 non
2815 3542 2992 3612 sufﬁcit
3027 3543 3093 3595 ad
3121 3543 3333 3597 delenda
3358 3547 3592 3602 crimina.

2007 3614 2189 3668 Inanis
2224 3624 2293 3667 est
2320 3615 2363 3668 si
2403 3630 2503 3667 non
2526 3614 2742 3665 vitentur
2782 3624 3006 3683 peccata.
3062 3614 3210 3683 Rogo
3234 3631 3364 3681 vos,
3399 3617 3594 3673 fratres

2007 3686 2304 3740 charissimi
2331 3725 2345 3749 ,
2390 3685 2695 3756 diligentius
2726 3683 3061 3739 considerate
3084 3726 3098 3750 ,
3141 3696 3193 3739 et
3218 3698 3471 3755 quantum
3499 3704 3595 3756 po-

2011 3756 2161 3811 testis
2186 3756 2521 3824 expavescite
2550 3755 2634 3809 vel
2679 3765 2863 3809 cavete
2888 3795 2902 3819 ,
2957 3771 3023 3809 ne
3065 3756 3216 3810 vobis
3247 3758 3335 3812 ille
3362 3755 3595 3813 crudelis

2009 3826 2227 3881 bumani
2253 3828 2465 3894 generis
2490 3826 2732 3880 inimicus
2757 3826 2827 3879 ita
2858 3826 3144 3893 subrepat,
3168 3829 3433 3895 quomodo
3461 3831 3600 3884 solet

2012 3898 2253 3951 incautos
2296 3907 2351 3952 et
2397 3898 2723 3967 negligentes
2770 3896 2944 3964 iniqua
2992 3897 3282 3951 calliditate
3327 3901 3596 3967 decipere.

2012 3969 2145 4023 Nam
2170 3967 2438 4034 aliquibus
2467 3967 2780 4031 boiniciilis,
2809 3968 3110 4033 raptoribus
3135 3976 3188 4021 et
3224 3968 3480 4022 adulteris
3509 3985 3603 4023 va-

2014 4053 2137 4094 nam
2180 4038 2523 4109 securitatem
2571 4037 2795 4109 ingerit;
2850 4046 2905 4088 ut
2945 4038 3324 4109 cumerimina
3365 4040 3602 4109 quotidie

2015 4106 2369 4169 committant,
2402 4106 2625 4161 credant
2652 4106 2804 4181 quod
2822 4122 2881 4181 ea
2906 4107 3225 4176 quotidianis
3247 4106 3602 4181 elcemosynis

2016 4181 2318 4243 redimunt,
2374 4185 2618 4247 putantes
2668 4177 2808 4244 quod
2860 4179 2999 4231 Deus
3040 4189 3410 4246 corruptorum
3455 4177 3606 4236 more

2014 4250 2252 4320 iudicum
2291 4249 2566 4320 pecuniam
2597 4248 2860 4316 accipiat,
2893 4258 2946 4303 et
2976 4259 3189 4320 pecrata
3219 4249 3467 4303 dimittat.
3503 4257 3607 4304 Ac-

2019 4319 2146 4389 cipit
2171 4320 2325 4387 plane
2353 4319 2630 4389 pecuniam
2652 4360 2667 4383 ,
2710 4328 2764 4371 et
2792 4319 3146 4391 eleemosynis
3185 4320 3514 4387 delectatur;
3544 4336 3607 4376 ea

2020 4401 2198 4446 tamen
2248 4391 2493 4455 ratione,
2544 4399 2601 4442 ut
2652 4391 3013 4459 unusquisque
3064 4402 3345 4460 peccator,
3396 4392 3609 4460 quando

2021 4461 2178 4516 offert
2204 4461 2315 4515 Deo
2361 4461 2640 4530 pecuniam
2666 4475 2816 4514 suam
2846 4502 2860 4524 ,
2896 4462 3051 4515 simul
3080 4464 3269 4517 offerat
3295 4472 3349 4515 et
3373 4463 3607 4517 animam

2023 4548 2192 4614 suam.
2221 4531 2356 4613 Nam
2382 4547 2511 4600 rogo
2542 4547 2657 4596 vos,
2689 4530 2901 4611 fratres,
2930 4548 3045 4600 (μιίὲ
3065 4532 3266 4614 justitia
3297 4542 3401 4597 est,
3432 4544 3485 4585 ut
3513 4534 3607 4587 ali-

2025 4604 2143 4673 quis
2187 4603 2506 4656 criminosus
2548 4602 2824 4674 pecuniam
2868 4616 3017 4674 suam
3044 4618 3155 4674 per
3206 4604 3609 4674 eleemosynam

2028 4672 2138 4728 Deo
2164 4673 2385 4736 offerat,
2426 4681 2474 4726 el
2513 4672 2743 4725 animam
2772 4686 2922 4725 suam
2953 4672 3163 4726 diabolo
3212 4689 3305 4741 per
3349 4672 3610 4728 luxuriam

2028 4743 2242 4799 tradat?
2270 4744 2325 4798 in
2353 4743 2577 4811 pecunia
2605 4743 2885 4811 imaginem
2912 4743 3243 4810 imperatoris
3269 4743 3460 4800 offerat
3482 4747 3613 4811 Deo,

2028 4826 2083 4868 et
2113 4817 2164 4868 in
2196 4830 2254 4868 se
2287 4815 2402 4883 ipso
2445 4812 2727 4881 imaginem
2762 4812 2856 4865 Dei
2902 4812 3073 4866 tradat
3102 4814 3346 4883 diabolo?
3394 4815 3510 4870 Non
3542 4817 3615 4871 ita

2030 4882 2588 4952 Dominus’praecipit
2621 4884 2671 4935 iu
2726 4882 3035 4952 Evangelia.
3091 4882 3224 4938 Cum
3272 4886 3415 4940 enim
3464 4887 3615 4950 dicit,

2032 4955 2252 5026 Beddite
2269 4969 2381 5026 qua:
2405 4951 2523 5006 sunt
2555 4951 2773 5026 Caesaris
2797 4995 2812 5019 ,
2862 4951 3051 5026 Ctesari
3069 4970 3089 5017 ;
3108 4964 3173 5026 et
3208 4971 3321 5026 qua:
3357 4967 3473 5010 sunt
3505 4956 3618 5026 Dei,

2032 5024 2144 5106 Deo
2176 5023 2388 5106 (Matth.
2424 5039 2569 5106 xuii,
2618 5024 2722 5106 21.).
2739 5041 2769 5106 ξι
2811 5024 2936 5105 quid
2971 5024 3120 5106 .aliud
3142 5023 3340 5106 "dicere
3386 5023 3614 5106 videtur,

2034 5096 2135 5150 nisi
2166 5104 2223 5148 ut
2250 5094 2517 5166 quomodo
2548 5094 2599 5147 in
2627 5094 2799 5166 solido
2826 5094 3110 5165 imaginem
3136 5097 3362 5151 Caesaris
3389 5096 3613 5166 Caesari,

2035 5166 2193 5221 sicin
2223 5164 2395 5237 vobis
2421 5164 2548 5234 ipsis
2589 5164 2825 5237 reddatis
2863 5166 3147 5237 imaginem
3189 5168 3281 5222 Dei
3315 5168 3442 5223 Deo.
3488 5164 3621 5222 Nam

2038 5234 2330 5306 quamlibet
2382 5235 2559 5305 largas
2609 5234 2993 5307 eleemosynas
3033 5238 3222 5308 aliquis
3280 5239 3506 5305 tribuat;
3573 5239 3624 5294 si

2102 5387 2347 5466 ςςιὶέιιξὲξιξ
2377 5394 2684 5466 Ρὲδῖἓεὲῐιὶῐὲίῖιὲ
2704 5392 2933 5463 exiguam
2955 5393 3179 5466 reperies
3200 5393 3249 5441 in
3271 5391 3465 5466 ιιοωξιία
3486 5391 3626 5466 Elis“

2040 5457 2223 5523 octava.
2258 5450 2359 5523 sed
2383 5457 2536 5523 totum
2554 5450 2872 5523 pasarii'esse
2894 5450 3066 5517 probat
3080 5453 3222 5504 stilus
3245 5462 3297 5523 et
3320 5450 3629 5523 veterum]:-

2039 5514 2236 5563 brorum
2259 5513 2532 5562 auctoritas.
2558 5519 2607 5561 In
2638 5513 2930 5565 Bibliotheca
2952 5526 3139 5567 Panum
3171 5523 3248 5565 est
3274 5515 3468 5566 bomilia
3490 5517 3571 5567 hui

2041 5582 2184 5624 sexta
2201 5572 2407 5624 decima.
2484 5582 2550 5624 De
2605 5588 2735 5624 num.
2788 5578 2810 5626 1
2864 5578 2976 5628 vide
3021 5576 3305 5673 Appendicis
3344 5592 3493 5628 serm.

2042 5650 2091 5673 n,
2129 5635 2187 5673 9-
2224 5636 2329 5673 437-
2366 5649 2414 5673 n-
2447 5634 2497 5673 2ο
2532 5635 2627 5673 97.4
2703 5651 2731 5673 n
2786 5639 2842 5673 Α·
2876 5640 2938 5673 ψ.
2988 5653 3018 5673 n
3098 5653 3131 5673 Δο
3194 5642 3433 5673 Αιιηιιεοίηἱ
3482 5655 3493 5673 ι

2042 5650 2093 5701 n.
2129 5635 2187 5696 2;
2224 5636 2331 5701 1357,
2366 5649 2415 5701 ι).
2447 5634 2497 5696 2;
2532 5635 2664 5701 274”,
2701 5651 2752 5686 n.
2785 5639 2842 5700 4;
2875 5640 2954 5696 55,
2988 5634 3131 5701 η.’2;
3187 5642 3436 5701 Augustini
3481 5634 3633 5692 serm'.

2042 5698 2090 5759 9,
2128 5711 2181 5765 ῃ.
2216 5697 2277 5765 18
2324 5697 2425 5746 :de
2459 5699 2659 5765 uum.3,
2698 5697 2847 5765 serui.
2882 5701 2988 5762 257,
3034 5697 3176 5765 n33;
3210 5697 3321 5759 29‘7.
3355 5716 3404 5752 n.
3440 5705 3489 5765 7;
3524 5703 3637 5762 274,

2044 5774 2096 5808 ιι.
2116 5759 2147 5807 4
2166 5773 2196 5831 _:_
2209 5759 2439 5831 domum:
2466 5759 2513 5821 4,
2535 5773 2683 5831 Serm.
2720 5762 2829 5827 289,
2864 5776 2915 5814 n.
2948 5759 3020 5829 at;
3053 5759 3171 5828 288,
3196 5778 3283 5817 nn.
3305 5765 3341 5817 5
3366 5773 3421 5817 et
3435 5759 3501 5831 ϐξ
3525 5759 3639 5831 389,

2048 5820 2618 5889 m.3et9;45,u.5.
2815 5820 2825 5827 '
3003 5820 3016 5829 ’
3145 5820 3158 5828 ⁷
3482 5820 3664 5905 ’λέδ
