1904 3054
779 201 864 224 ANNO
893 199 1003 224 DOMINI
1033 199 1169 222 CCCXCIV.

481 390 565 478 S.
637 383 1462 477 AMPHILOCHIUS

752 536 962 568 ICONIENSIS
975 534 1188 567 EPISCOPUS.

567 622 670 654 (Notitla
679 629 712 648 ea
724 620 873 647 Bibliotheca
883 621 1122 654 Galtandiana,lom.
1137 622 1178 652 Vl,
1189 620 1291 653 Proieg.
1303 628 1328 652 p.
1341 621 1385 646 xi.‘

203 718 224 747 l.
253 718 439 754 Cappadocem
470 717 551 745 fuisse
580 717 807 752 Amphilochium,
839 715 950 752 perinde
963 720 987 749 Α
1001 713 1142 750 Lycaonia:
1158 719 1233 740 more
1249 711 1397 746 apostolico
1414 711 1598 746 composuisse
1613 710 1725 738 traditur
1740 709 1781 747 (1).

165 772 246 802 atque
257 766 384 794 Basilium
398 770 425 793 et
435 764 593 799 Gregorium
617 763 825 795 Nazianzenum,
850 763 949 790 diserte

164 813 254 847 prodit
286 811 466 846 Hieronymus
481 809 518 845 (a)
533 818 540 836 :
556 809 620 844 quin
635 814 662 836 et
688 808 828 840 Cmsarete,
847 808 872 835 in
892 808 949 842 ipsa

165 857 290 884 videlicet
304 855 432 891 primaria
446 855 621 889 Cappadocia?
637 854 713 886 urbe,
738 853 880 888 magnique
898 852 949 879 Ba-

165 902 218 930 silii
234 902 317 937 patria
330 922 337 934 ,
366 905 453 929 ortum
472 900 609 933 habuisse,
639 903 731 934 aperte
745 899 811 925 satis
837 902 951 926 testatur

166 947 237 975 idem
249 947 364 975 Basilius
374 946 421 982 (b).
434 945 552 973 Primum
564 946 656 973 rhetor
667 952 700 972 ac
710 943 768 972 [oro
779 943 949 978 assuetustc),

166 993 193 1020 in
214 991 382 1019 solitudinem
398 990 527 1018 secedens
552 989 710 1017 monachum
729 988 794 1023 egit.
822 988 952 1022 Deinceps

110 1055 113 1057 -
166 1044 232 1064 vero
250 1034 458 1062 ineluctabilibus
474 1034 567 1070 gratia:
584 1033 681 1061 retibus
707 1038 808 1068 captus,
829 1039 904 1068 atque
924 1033 951 1059 in

168 1081 283 1108 mediam
297 1080 425 1107 Pisidiam
436 1081 540 1107 numine
555 1080 643 1106 divino
663 1079 802 1112 deductus,
818 1083 847 1106 ut
861 1077 951 1106 verbis

167 1131 231 1154 utar
255 1126 345 1153 Basilii
375 1125 424 1160 (Δ),
451 1125 533 1152 lconii
561 1125 703 1160 episcopus
722 1124 773 1152 fuit
799 1124 951 1157 ordinatus,

167 1178 239 1198 anno
251 1170 302 1198 575
314 1174 437 1202 exeunte,
454 1169 497 1197 vel
513 1170 591 1197 initio
603 1170 664 1196 anni
678 1169 730 1196 574
747 1176 781 1196 ex
805 1169 857 1196 viri
881 1169 951 1196 docti

166 1216 300 1244 sententia
315 1215 349 1251 (ε)
371 1221 452 1249 quam
467 1215 615 1250 sequimur.
639 1214 736 1242 Basilio
753 1215 779 1242 in
796 1214 888 1250 primis
903 1214 953 1241 fuit

167 1260 288 1288 omnium
305 1259 491 1292 ebarissimus,
503 1263 533 1286 ut
545 1266 577 1287 ex
591 1259 711 1293 pluribus
723 1258 781 1293 ejus
792 1258 911 1294 epistolis
919 1259 952 1287 ad

168 1304 342 1341 ipsum‘datis
367 1308 533 1338 compertum
553 1303 701 1336 habemus;
724 1311 790 1339 quas
805 1304 875 1331 inter
887 1304 953 1331 emi-

169 1355 233 1379 nent
245 1357 301 1379 tres
317 1351 453 1379 canonica:
465 1351 509 1387 (Γ),
524 1351 594 1378 intra
610 1358 694 1379 annos
711 1351 762 1378 574
778 1355 806 1378 et
829 1351 880 1378 575
895 1358 954 1387 per-

170 1396 294 1430 scriptae:
309 1403 362 1430 quo
385 1384 492 1430 quidem
519 1400 641 1431 tempore
658 1396 754 1424 librum
780 1403 885 1431 quoque
896 1384 903 1387 ’
915 1396 954 1423 De
970 1384 990 1411 Β

170 1440 270 1476 Spiritu
288 1447 378 1469 sancto
404 1441 520 1469 Basilius
544 1442 633 1469 eidem
659 1441 955 1476 Amphilochioinscri-

170 1487 255 1522 psisse
267 1487 422 1522 perhibetur
444 1486 491 1523 (g).
515 1487 553 1514 Εο
577 1487 668 1514 itidem
697 1487 866 1515 familiariter
890 1495 956 1515 usus

169 1533 317 1570 Gregorius
330 1534 495 1569 Tbeologus,
514 1539 543 1562 ut
554 1542 586 1561 ex
597 1535 655 1568 ejus
674 1534 795 1570 epistolis
805 1534 877 1562 haud
892 1542 956 1568 pau~

172 1580 211 1608 eis
224 1581 257 1608 ad
269 1581 355 1615 ipsum
371 1580 440 1607 datis
454 1584 570 1607 constat.
587 1580 620 1607 Et
630 1579 690 1614 jure
703 1587 769 1607 sane
793 1580 896 1615 optimo
911 1587 956 1607 ιιο·

171 1630 227 1653 ster
238 1625 385 1654 lconiensis
411 1626 524 1653 antistes
551 1625 655 1660 magnis
673 1624 724 1653 illis
739 1624 805 1653 viris
819 1626 845 1652 in
869 1625 956 1660 pretio

172 1671 298 1698 habitus:
323 1671 369 1706 qui
403 1671 532 1698 nimirum
558 1670 671 1706 egregiis
701 1678 761 1698 cum
778 1670 876 1698 mentis
899 1675 956 1698 tum

172 1716 254 1743 animi
268 1716 374 1743 dotibus
391 1716 518 1750 praeditus
539 1715 623 1744 fuisse
639 1721 774 1743 noscatur.
791 1715 865 1743 Illius
883 1717 955 1744 enim

173 1761 266 1796 igneus
277 1761 416 1788 cliaritatis
435 1761 534 1794 fervor,
552 1768 710 1796 morumque
734 1762 851 1796 gravitas
871 1769 903 1789 ac
919 1767 957 1789 ta-

173 1807 315 1835 citurnitas
336 1806 488 1834 celebratur
504 1806 554 1841 (Ιι).
572 1807 697 1834 Discendi
729 1807 846 1834 studium
861 1812 888 1834 et
908 1809 957 1835 hu-

173 1853 311 1881 militatem
337 1852 523 1880 admirabatur
546 1852 573 1880 in
601 1859 634 1879 eo
658 1852 772 1880 Basilius
790 1852 840 1888 ii);
859 1852 957 1887 quippe

173 1897 219 1932 qui
235 1897 339 1925 discere
351 1904 403 1924 non
420 1901 591 1932 gravaretur,
605 1904 665 1924 cum
681 1897 794 1924 docendi
811 1897 898 1925 locum
916 1902 955 1924 te-

174 1948 261 1971 neret.
276 1942 390 1970 Tantum
406 1943 520 1977 denique
532 1943 631 1970 amoris
644 1943 695 1970 sibi
709 1943 779 1978 apud
789 1950 881 1970 omnes
893 1950 957 1970 con-

174 1988 292 2020 ciliabat,
305 1993 333 2015 ut
344 1987 440 2015 nullius
452 1987 594 2022 praesentia
607 1987 690 2022 magis
700 1991 955 2022 expetereturquam

174 2034 351 2069 Amphilocbii
367 2034 408 2070 (j).

208 2080 241 2107 ll.
259 2079 318 2107 Jam
332 2087 408 2113 vero,
426 2084 454 2107 ut
469 2087 513 2108 res
529 2079 555 2106 in
571 2080 724 2114 episcopatu
740 2079 774 2106 ab
785 2086 816 2107 eo
827 2079 956 2114 praeclare

174 2131 263 2160 gestas
285 2126 440 2152 summatim
466 2132 663 2158 recenseamus,
693 2124 844 2153 Isaurorum
867 2125 957 2153 Eccle-

175 2171 242 2198 siam
259 2175 368 2199 sanctus
381 2171 460 2199 Pater
487 2172 632 2206 prudenter
655 2179 764 2200 curasse
781 2170 830 2207 (Ii),
859 2179 956 2207 resque

224 2329 248 2365 b)
260 2329 510 2365 Basil.repist.ui61,
530 2330 564 2356 at.
578 2330 644 2365 395,
657 2331 670 2364 ς
685 2338 704 2356 ι.

223 2363 247 2400 ο)
261 2363 298 2400 l_d_.
315 2364 393 2400 epist.
412 2363 473 2400 150,
488 2365 523 2400 at.
538 2364 599 2397 592,
620 2363 684 2400 ξξίιι
701 2369 728 2392 et
740 2372 776 2392 Iv.

224 2397 252 2434 tl)
263 2397 303 2434 id.
317 2397 396 2434 epist.
414 2399 474 2434 ibi,
490 2399 504 2434 ᾗ
523 2407 540 2426 1.

224 2432 247 2470 e_)
261 2432 362 2470 hiat-an.
377 2433 403 2470 in
425 2433 479 2470 Vit.
491 2432 579 2470 'Barsil.
594 2441 653 2470 cap.
667 2434 710 2466 50,
730 2433 760 2470 §§
774 2442 781 2460 ι
801 2437 827 2461 et
839 2441 874 2461 γι.

213 2467 246 2502 (Γ)
261 2467 341 2494 Busil.
356 2469 434 2502 epist.
450 2469 509 2501 i825,
531 2469 591 2501 199,
607 2469 669 2496 217.

213 2501 250 2539 (9)
271 2501 410 2539 hiaranﬁn
432 2503 482 2539 γη.
497 2504 579 2532 anil.
592 2512 650 2539 cap.
665 2504 709 2536 50.
726 2503 739 2539 §
755 2511 791 2532 νι.

214 2535 253 2575 φ)
264 2535 354 2575 _Basil._
372 2537 472 2575 lib._l)e
483 2539 557 2575 _Spir.
583 2535 683 2570 satiato,
698 2535 756 2574 cap.
771 2538 814 2572 50,
831 2539 844 2575 §
863 2546 955 2566 Lxxrx.

212 2570 247 2612 ﬁt
260 2570 301 2612 με·
315 2572 393 2612 εριει-
406 2573 465 2612 tat
481 2573 494 2608 ι
508 2570 529 2601 i-

224 2608 246 2641 i)
260 2606 298 2633 Id.
313 2606 392 2640 epist.
409 2607 470 2634 176.
482 2606 492 2608 “

224 2642 250 2681 ti)
262 2640 343 2681 _B_asii.
353 2642 433 2681 epist.
443 2643 506 2681 Δ790,
520 2642 533 2679 §
548 2652 566 2670 l.

225 2675 245 2710 η
262 2675 299 2702 Id.
319 2676 397 2710 epist.
416 2677 478 2704 eoo.

228 2710 491 2750 ηυηψιηιιιρειγὶι.
506 2712 588 2750 Βᾳεὶι.
605 2714 721 2750 ςαρᾎ58,
740 2713 754 2750 §
768 2722 786 2741 ι.

215 2746 253 2780 (η)
268 2744 373 2772 Tillem.
388 2745 467 2773 Mént.
479 2748 542 2774 eod.
562 2753 626 2775 totn.
639 2744 690 2782 ἸΧ,
706 2744 765 2786 pag.
778 2750 839 2777 σει.

318 2802 454 2835 Parnm"
473 2804 532 2836 Gn.
552 2804 703 2835 XXXIX.

223 2293 250 2328 ιι)
265 2293 375 2321 llieron.
388 2294 466 2328 epist.
480 2294 524 2328 70,
541 2289 576 2322 al.
590 2295 633 2326 84,
652 2294 666 2329 §
683 2302 718 2322 ιν.

224 2329 248 2365 b)
260 2329 341 2356 Basil.
355 2329 432 2364 epist.
448 2329 510 2361 {61,
530 2330 564 2356 at.
578 2330 639 2361 595,
657 2331 670 2364 §
685 2338 704 2356 ι.

211 2295 298 2418 ista
315 2364 393 2418 itii:-
412 2363 473 2418 ait
488 2365 523 2418 ιιι
538 2364 599 2397 δθίι
620 2364 650 2400 ἐξ
666 2372 684 2391 υ
701 2372 716 2392 ε

999 762 1078 788 Anno
1095 764 1195 791 autem,
1210 763 1240 785 ut
1254 757 1360 785 videtur
1375 757 1434 793 (ηε),
1452 757 1503 784 577
1517 757 1653 785 consultus
1668 757 1701 785 ab
1716 757 1783 784 alte-

1000 807 1056 833 rius
1073 805 1228 840 provineise,
1242 803 1358 832 fortasse
1372 803 1513 838 Lyciensis
1529 802 1578 838 (η),
1596 803 1727 838 episcopis
1738 803 1783 837 qui

1001 852 1073 879 circa
1109 850 1258 878 Macedonii
1285 849 1409 877 haeresim
1436 849 1611 882 ﬂuctuabant,
1641 849 1783 876 concilium

1001 897 1090 932 coegit
1106 907 1112 924 :
1127 897 1154 923 in
1173 903 1227 930 quo
1247 895 1436 923 consultationi
1459 895 1633 930 respondens,
1650 895 1785 929 egregiam

1001 942 1157 977 synodieam
1171 948 1225 969 suo
1245 945 1271 967 et
1289 941 1402 968 aliorum
1423 940 1608 975 episcoporum
1624 940 1787 975 Lycaonien-

1003 987 1075 1014 sium
1090 987 1198 1014 nomine
1210 987 1383 1021 conscripsit;
1400 995 1480 1022 quam
1504 987 1602 1014 saaculo
1613 987 1750 1020 superiore
1771 995 1785 1013 ιι

1002 1032 1134 1060 Cotelerio
1151 1033 1261 1065 editam,
1283 1033 1355 1059 inter
1369 1037 1459 1059 nostra
1489 1032 1709 1066 Amphilocliiana
1725 1039 1788 1066 pro-

1003 1077 1122 1105 tulimus.
1138 1078 1216 1104 Anno
1233 1078 1358 1112 deinceps
1383 1077 1433 1104 581
1454 1077 1557 1112 synodo
1570 1077 1689 1113 generali
1715 1076 1787 1104 Con-

1003 1122 1252 1158 stantinopolitame
1265 1122 1396 1156 interfuit,
1411 1128 1492 1158 atque
1501 1130 1516 1149 a
1526 1122 1650 1150 Patribus
1663 1123 1695 1150 ad
1708 1123 1786 1150 tidem

1002 1169 1164 1198 catholicam
1180 1177 1228 1205 per
1244 1168 1316 1197 Asia:
1332 1169 1485 1204 provincias
1499 1169 1693 1196 restituendam
1713 1168 1787 1195 dele-

1002 1220 1081 1250 gatus
1091 1214 1174 1243 fuisse
1192 1215 1355 1250 comperitur
1373 1215 1422 1250 (ο).
1436 1215 1494 1248 Quo
1511 1215 1574 1242 item
1600 1221 1670 1241 anno
1684 1214 1788 1248 primus;

1003 1260 1267 1295 subseripsitnoster
1292 1259 1438 1288 lconiensis
1463 1259 1604 1294 episcopus
1630 1262 1788 1286 testamento

1003 1306 1126 1342 Gregorii
1150 1305 1324 1337 Nazianzeni,
1355 1304 1447 1332 Flavio
1476 1304 1608 1332 Eucherio
1641 1308 1668 1332 et
1697 1303 1789 1330 Flavio

1004 1352 1117 1387 Evagrio
1132 1360 1202 1380 coss.
1232 1352 1330 1380 litteris
1349 1351 1507 1386 consignato
1532 1351 1580 1387 (p).
1601 1351 1712 1378 Biennio
1730 1355 1789 1384 post

1005 1400 1107 1435 synodo
1121 1398 1215 1433 viginti
1237 1398 1355 1432 quinque
1379 1398 1564 1432 episcoporum
1583 1396 1699 1431 przefuit,
1718 1397 1789 1424 Sida:

1006 1445 1033 1472 in
1048 1444 1205 1479 Pamphylia
1214 1448 1306 1472 contra
1319 1443 1492 1471 Messalianos
1502 1447 1613 1476 coactae,
1622 1447 1689 1470 teste
1699 1442 1788 1470 Theo-

1006 1490 1095 1518 dorito
1111 1489 1147 1525 (q)
1161 1499 1166 1516 :
1182 1491 1226 1524 qul
1251 1494 1278 1516 et
1301 1489 1363 1516 alibi
1385 1489 1420 1524 (r)
1442 1498 1447 1515 :
1468 1498 1477 1514 ε
1498 1488 1669 1522 Accuratius,
1687 1488 1786 1523 inquit,

1007 1535 1130 1563 haeresim
1152 1534 1396 1569 (Messaiianorum)
1425 1533 1544 1561 confodit
1569 1533 1646 1568 longe
1674 1534 1790 1568 optimus

1006 1579 1218 1615 Amphilochius,
1244 1579 1302 1615 ipsa
1333 1579 1439 1606 illorum
1454 1579 1535 1607 verba
1552 1578 1619 1606 actis
1634 1587 1649 1606 ιι
1667 1586 1695 1606 se
1724 1586 1790 1606 con-

1005 1625 1083 1653 fectis
1096 1625 1230 1657 inserens,
1248 1631 1306 1659 quae
1321 1624 1472 1659 dogmatum
1497 1623 1675 1651 diﬂerentiam
1699 1629 1791 1658 aperte

1007 1671 1158 1699 declarant.
1181 1679 1190 1696 ι
1207 1670 1259 1697 Sed
1275 1669 1427 1704 hujusmodi
1446 1677 1513 1704 opus
1527 1669 1789 1703 Ampliiloehianum,

1009 1722 1039 1745 ut
1055 1717 1140 1744 ferme
1151 1716 1265 1751 reliqua,
1290 1716 1434 1743 intercidit.
1453 1716 1548 1743 Exstat
1563 1715 1740 1750 fragmentum
1757 1721 1790 1742 ev

1008 1763 1188 1798 Amphilochii
1203 1763 1315 1798 epistola
1330 1763 1479 1797 dogmatica
1496 1762 1530 1790 ad
1541 1761 1717 1789 Pancharium
1735 1762 1792 1788 dia—

1007 1817 1104 1837 conum
1119 1810 1258 1836 Sidensem
1271 1809 1316 1844 (ε),
1330 1809 1400 1844 quod
1414 1809 1527 1836 fortasse
1541 1808 1574 1835 ad
1590 1815 1633 1843 res
1646 1808 1673 1834 in
1695 1815 1726 1834 ea
1750 1806 1792 1834 Si-

1007 1855 1104 1883 detana
1121 1855 1223 1889 synodo
1237 1859 1325 1889 gestas
1337 1855 1483 1889 pertinere,
1499 1854 1570 1880 haud
1585 1853 1717 1880 inunerito
1731 1854 1792 1887 quis

1006 1901 1152 1928 existimet.
1165 1901 1306 1936 Utcunque
1320 1900 1410 1934 fuerit,
1421 1900 1525 1935 juvabit
1537 1904 1626 1927 tamen
1638 1899 1711 1927 adire
1722 1899 1792 1926 Pho-

1008 1946 1074 1974 tium
1092 1947 1136 1981 (t),
1152 1946 1197 1980 qui
1209 1950 1267 1973 acta
1285 1946 1396 1981 hujusce
1410 1945 1506 1980 synodi
1519 1944 1589 1972 Sida:
1601 1945 1698 1972 habita:
1716 1944 1790 1979 legit,

1007 1990 1139 2026 pluraque
1155 1992 1187 2018 de
1204 1999 1235 2018 ea
1251 1991 1319 2018 scitu
1333 1991 1411 2025 digna
1428 1990 1542 2024 posteris
1559 1989 1678 2016 tradidit.
1700 1989 1791 2023 Neque

1008 2035 1205 2063 Tillemontium
1221 2037 1270 2063 hac
1286 2037 1318 2063 de
1333 2044 1362 2064 re
1373 2040 1514 2070 praetereas
1525 2035 1602 2063 velim
1618 2035 1668 2070 (ιι).

1046 2081 1087 2108 Ill.
1109 2082 1191 2109 Porro
1203 2082 1319 2109 adhunc
1334 2083 1421 2116 ipsum
1435 2089 1533 2108 annum
1549 2080 1612 2113 585,
1629 2085 1657 2107 ιιι
1672 2085 1731 2116 post
1742 2080 1792 2107 Βι-

1010 2127 1116 2155 ronium
1130 2126 1166 2162 (υ)
1184 2132 1295 2155 censent
1311 2128 1434 2155 Valesius
1447 2127 1486 2163 (ιτ)
1501 2135 1533 2154 ac
1548 2127 1735 2154 Tillemontius
1749 2128 1787 2161 (υ)

1010 2177 1113 2208 spectat
1128 2173 1263 2208 egregium
1282 2174 1346 2200 illud
1363 2173 1540 2208 Amphilochii
1559 2173 1674 2205 facinus,
1693 2180 1793 2200 ntemn-

1044 2295 1079 2331 (o)
1096 2295 1199 2324 Soerat.
1218 2294 1287 2323 Ili.t.
1301 2297 1364 2324 ceri.
1387 2296 1431 2323 lib.
1451 2305 1475 2329 ν,
1498 2303 1555 2330 (ap.
1574 2296 1604 2327 S;
1621 2295 1727 2323 Sozoix.
1745 2296 1790 2323 lib.

1008 2335 1058 2368 Vn,
1071 2339 1132 2368 cap.
1149 2331 1166 2358 9

1043 2365 1080 2400 (p)
1096 2364 1175 2400 Greg.
1191 2366 1254 2393 an.
1269 2364 1335 2400 Opp.
1352 2372 1416 2392 tom.
1434 2365 1452 2395 Ι.
1467 2366 1516 2392 sub
1527 2367 1584 2392 init.

1044 2401 1082 2434 (q)
1098 2401 1230 2427 'l‘heodor.
1250 2400 1320 2428 llist.
1340 2402 1401 2428 eccl.
1421 2402 1466 2427 lib.
1484 2409 1520 2431 tv,
1537 2409 1594 2435 cap.
1618 2401 1660 2428 il.

1044 2436 1079 2467 (r)
1095 2435 1134 2470 id.
1150 2434 1248 2462 litaret.
1262 2436 1315 2469 fab.
1333 2436 1378 2462 lib.
1395 2444 1429 2467 iv,
1445 2443 1504 2470 cap.
1520 2436 1561 2463 11.

1046 2469 1080 2504 (δ)
1095 2469 1162 2496 Infra
1175 2470 1223 2496 sub
1235 2478 1306 2497 nuin.
1323 2471 1363 2497 16.

1047 2505 1079 2538 (ι)
1097 2504 1174 2530 Phol.
1188 2504 1255 2530 Bibl.
1270 2507 1328 2532 cod.
1349 2512 1393 2532 LII.

1046 2539 1292 2575 (utTi‘lleniJiem.
1308 2541 1370 2566 εδει.
1380 2545 1441 2567 tom.
1456 2540 1521 2573 Vill,
1536 2548 1611 2575 pagg.
1628 2538 1790 2569 53501798,

1012 2578 1069 2601 not.
1082 2574 1109 2605 2,
1121 2572 1173 2601 Sur
1185 2573 1220 2600 (et
1231 2573 1392 2602 Messalinus.

1061 2608 1086 2643 υ)
1102 2608 1198 2636 Baron.
1211 2611 1243 2635 ad
1260 2617 1322 2636 ann.
1339 2610 1400 2642 585,
1417 2610 1430 2643 §
1446 2618 1519 2636 xui.

1059 2642 1195 2705 1)2\’ales.
1209 2644 1242 2670 ad
1257 2643 1389 2672 Tlieodor.
1405 2644 1474 2671 "ist.
1486 2645 1548 2671 ecrt.
1567 2643 1612 2671 lib.
1630 2651 1655 2677 ν,
1677 2650 1733 2678 cap.
1748 2642 1791 2674 16.

1015 2684 1070 2706 not.
1086 2684 1113 2705 ’2.

1050 2713 1088 2748 (y)
1103 2713 1207 2740 Tillem.
1227 2713 1305 2740 Μάνη,
1326 2714 1388 2741 eccl.
1404 2719 1467 2742 tom.
1486 2714 1528 2746 Vl,
1550 2722 1599 2748 pag
1623 2713 1674 2741 6‘27
1688 2718 1713 2740 et
1728 2711 1792 2745 80?,

1015 2753 1072 2777 not.
1088 2748 1148 2783 105,
1163 2748 1215 2776 Sur
1231 2749 1266 2776 [es
1282 2750 1384 2777 Arietis.

1612 2806 1626 2833 1

877 2954 1128 3041 48506
