1904 3054
135 50 165 79 11
608 48 636 75 S.
656 47 878 76 AMPIIILOCHII
897 46 1087 75 lCONIENSIS
1105 46 1258 75 EPISCOPI
1714 48 1752 78 12

135 110 174 137 ria
189 108 289 136 scilicet
318 107 513 143 dignissimum,
530 113 583 141 quo
599 114 613 133 a
639 114 736 142 magno
752 106 913 138 Theodosio,
930 110 952 137 Α
965 113 1012 134 cua
1029 113 1036 132 :
1053 113 1112 140 quae
1128 109 1217 133 tamen
1233 104 1323 133 omnia
1335 105 1368 132 ad
1386 111 1434 134 nos
1457 111 1510 133 non
1536 105 1690 141 pervenisse
1701 107 1750 136 do-

133 153 217 180 invito
231 152 305 185 licet,
319 152 472 186 impetravit
483 156 512 179 ut
536 151 699 178 Arianorum
725 151 912 179 conventicula

133 201 298 224 vetarentur.
312 196 380 223 Rem
397 196 483 224 fusius
493 201 603 223 enarrat
613 195 791 224 Theodoritus
808 196 856 232 (α),
868 197 914 224 sed

134 241 222 268 minus
235 246 358 268 accurate
375 240 541 268 Sozomenus
567 239 616 275 (ὁ).
643 239 774 268 Nimirum
796 241 822 268 iu
838 241 913 275 pala-

135 286 201 312 tium
213 285 349 320 ingressus
360 285 534 312 admirandus
545 284 590 311 ille
601 284 814 320 Amphilochius,
827 285 915 313 Theo-

135 333 239 361 dosium
253 332 362 368 quidem
377 332 455 360 solito
469 333 572 360 honore
586 337 745 367 prosecutus
760 336 818 365 est;
831 332 915 359 Arca-

133 379 205 405 dium
221 385 284 405 vero
298 378 368 412 patri
381 382 526 410 astantem,
537 385 616 412 quem
631 377 676 405 ille
689 376 768 412 paulo
782 381 844 404 ante
859 378 915 405 Au-

133 427 238 457 gustum
253 422 463 455 renuntiaverat,
490 422 661 449 insalutatam
676 422 813 457 praeteriit.
839 422 913 456 Quod

132 468 240 503 quidem
260 468 369 504 indigne
386 468 478 496 ferens
488 467 644 502 imperator,
658 468 692 495 de
703 467 749 495 lilii
760 471 913 502 contemptu

134 514 204 548 quod
224 513 249 540 in
264 520 294 541 se
310 513 395 548 ipsum
413 513 523 546 recidat,
539 520 600 540 cum
616 512 740 547 episcopo
752 512 914 548 expostulat.

134 559 209 586 Tunc
219 566 283 586 vero
307 562 432 586 contenta
457 565 524 586 voce
545 557 772 592 Amphilochius:
795 567 806 584 ι
821 557 913 591 Vides,

133 603 229 638 inquit,
245 603 400 638 imperator,
418 607 444 630 te
459 603 505 630 lilii
523 602 559 630 tui
572 602 760 630 contumeliam
777 601 848 631 ferre
861 610 914 631 non

131 656 226 685 posse,
249 650 294 677 sed
312 656 471 677 succensere
487 649 520 676 iis
534 649 580 684 qui
605 649 643 676 illi
658 649 847 677 contumeliam
873 649 915 676 fa-

131 695 215 722 ciunt.
227 693 314 722 Crede
326 694 417 729 igitur,
429 694 512 721 Deum
528 701 634 729 quoque
646 693 726 729 hujus
737 694 857 722 universi
868 701 914 722 eos

130 739 249 766 aversari
261 744 341 774 atque
355 739 418 767 odio
435 739 544 771 habere,
570 739 616 774 qui
636 738 734 766 Filium
751 739 836 774 ipsius
853 739 915 766 uni-

964 150 1081 179 lendum.

1002 195 1034 223 ν.
1052 194 1144 230 Neque
1158 194 1236 222 aliter
1254 201 1318 221 sane
1330 194 1504 227 censendum,
1516 194 1537 222 si
1553 199 1708 229 specteMur
1721 195 1750 223 in

966 241 1061 275 primis
1075 240 1296 275 Amphilochiana
1315 239 1462 274 fragmenta
1477 246 1537 274 qua
1549 244 1654 267 veteres
1668 240 1747 268 nobis

964 291 1103 314 servarunt
1117 286 1259 322 :Cyrillus,
1271 286 1392 321 inquam,
1405 286 1611 318 Alexandrinus,
1626 286 1750 315 Theodo-

964 332 1041 366 ritus,
1055 331 1212 360 Anastasius
1229 332 1344 364 Sinaita,
1362 331 1491 359 Leontius
1508 331 1680 367 Byzantinus,
1698 331 1749 359 Fa-

964 378 1065 405 cundus
1082 376 1292 410 llermianensis,
1309 376 1425 405 Joannes
1441 377 1634 410 Damascenus,
1650 377 1749 412 aliique

964 422 1091 450 Ecclesia:
1117 423 1274 457 scriptores.
1294 421 1357 449 Haec
1378 426 1468 450 autem
1493 429 1616 457 magnam
1644 426 1748 458 partem

964 468 1072 505 collegit
1087 468 1286 497 Combelisius:
1305 467 1402 502 quibus
1430 468 1483 495 alia
1508 475 1594 502 neque
1614 475 1698 503 pauca
1721 472 1750 497 et

964 513 1014 549 ipsi
1029 514 1175 549 adjecimus
1193 522 1202 547 ς
1223 520 1308 549 eaque
1321 513 1410 541 omnia
1427 513 1544 548 primum
1554 518 1681 549 congesta
1695 521 1748 542 non

964 559 1049 587 solum
1055 560 1223 594 digessimus,
1233 559 1280 587 sed
1291 559 1372 586 etiam
1384 566 1447 586 cum
1456 558 1560 593 pridem
1572 559 1650 587 editis
1662 559 1749 587 denuo

964 605 1139 633 contulimus.

1000 650 1044 678 Vl.
1059 650 1161 678 Praeter
1175 649 1306 685 ejusmodi
1335 657 1462 685 germana
1482 650 1660 685 Amphilochii
1683 657 1748 686 ope-

965 705 1024 725 rum
1040 697 1239 732 deperdjtorum
1256 696 1418 732 fragmenta,
1435 704 1469 724 ex
1484 697 1596 724 vetustis
1611 697 1743 725 ecclesia-

965 743 1041 770 sticis
1055 742 1232 777 scriptoribus
1246 742 1394 777 desumpta,
1411 746 1519 769 exstant
1529 747 1658 777 praeterea
1674 742 1746 777 ejus~

130 783 247 818 genitum
275 783 473 818 blasphemant.
491 793 501 810 ι
521 782 633 811 Factum
655 783 810 818 dictumque
829 783 912 811 admi-
928 775 950 806 Β
965 788 1025 815 dem
1049 775 1135 815 sancti
1164 787 1252 815 Patris
1276 775 1363 814 Iamiu‘
1378 788 1411 814 ml
1431 775 1578 820 Seleucum,
1596 795 1663 822 quos
1685 775 1746 817 cum

131 835 204 856 ratus
219 829 375 864 imperator,
390 829 476 865 legem
489 837 505 857 a
519 830 598 858 beato
617 829 736 857 antistite
751 828 913 864 postulatam

129 876 263 910 extemplo
287 875 355 902 tulit.
371 875 447 909 Quod
469 879 600 910 superest,
628 875 699 903 idem
712 874 914 909 Amphilochius

131 929 201 949 anno
218 920 269 951 594
282 921 421 948 desinente
431 921 544 948 concilio
554 920 850 955 Constantinopolitano
863 920 913 948 sub

131 965 256 992 Nectario
276 964 366 993 habito
379 964 511 998 interfuit,
538 965 565 993 in
584 973 637 1000 quo
651 965 745 1000 Agapii
759 969 787 993 et
802 965 913 1001 Bagadii

128 1011 174 1045 qui
186 1010 219 1038 de
243 1010 399 1038 Bostrorum
418 1011 443 1038 in
462 1011 569 1039 ‘Arabia
585 1011 742 1045 episcopatu
770 1011 913 1039 contende-

129 1057 205 1088 bant.
222 1063 303 1084 causa
320 1056 428 1084 deﬁnita
443 1059 494 1083 est.
510 1055 573 1083 Post
583 1056 641 1083 haec
661 1061 749 1082 autem
771 1063 824 1090 quo
845 1060 912 1083 tem-

129 1108 193 1135 pore
205 1109 357 1136 supremum
375 1101 445 1129 diem
465 1101 563 1129 obierit
578 1106 688 1129 sanctus
704 1100 814 1135 prmsul,
841 1101 912 1128 haud

129 1148 194 1175 satis
207 1148 437 1182 estexploratum,
463 1153 493 1175 ut
517 1147 609 1175 videre
627 1152 670 1175 est
691 1148 719 1174 in
735 1147 828 1182 primis
841 1147 911 1183 apud

129 1192 330 1220 Tillemontium
343 1192 389 1227 (c).
405 1192 472 1220 lllud
498 1192 586 1227 potius
603 1192 804 1225 attendendum,
825 1192 912 1227 ipsum

130 1238 231 1266 scilicet
246 1238 308 1265 dum
323 1237 409 1265 adhuc
429 1237 456 1265 in
481 1238 549 1266 vivis
562 1242 664 1273 ageret,
677 1236 809 1272 Gregorio
824 1236 912 1265 Theo-

129 1283 188 1318 Ιοεο
201 1287 269 1311 teste
285 1283 336 1318 (d),
353 1283 488 1311 miraculis
499 1283 639 1311 claruisse.
654 1283 719 1318 Ejus
732 1289 795 1310 vero
810 1290 912 1311 memo-

129 1329 169 1355 ria
181 1328 225 1356 die
241 1327 276 1355 25
301 1327 460 1356 Novembris
487 1328 520 1356 ab
537 1333 650 1363 utraque
676 1326 794 1355 Ecclesia
813 1327 911 1355 recoli-

130 1379 185 1402 tur.

164 1421 208 1448 Ν.
225 1420 365 1454 Reliquum
379 1424 430 1453 ρει,
444 1424 473 1447 ut
483 1419 516 1448 de
531 1419 616 1447 sancti
637 1418 727 1447 Patris
741 1419 826 1447 nostri
837 1419 910 1447 litteo

126 1473 218 1496 rarum
235 1465 406 1493 monimentis
427 1465 509 1492 verba
529 1464 672 1492 faciamus.
687 1464 720 1491 Et
732 1464 911 1499 llieronymus

129 1511 235 1545 quidem
248 1509 347 1544 egregii
364 1509 442 1536 unius
456 1509 517 1536 libri
537 1509 573 1536 De
588 1508 687 1543 Spiritu
703 1513 793 1535 sancto
804 1508 838 1535 ab
847 1507 913 1534 Am-

129 1555 263 1590 philochio
278 1555 432 1589 conscripti,
451 1554 612 1581 mentionem
638 1553 723 1588 injicit
748 1553 795 1588 (e).
822 1553 912 1588 Neque

129 1601 156 1627 id
169 1606 233 1627 sane
247 1600 343 1626 mirum
364 1619 371 1626 .
390 1598 450 1626 Non
472 1599 551 1632 enim,
577 1598 661 1633 inquit
677 1597 723 1633 (Γ),
740 1598 771 1625 de
793 1598 833 1625 Itis
854 1606 912 1633 qua:

129 1652 180 1672 nou
198 1644 260 1679 legi,
274 1652 348 1671 nosse
363 1644 453 1678 potui;
469 1648 493 1670 et
506 1643 574 1679 quod
589 1643 649 1670 aliis
674 1642 783 1678 forsitan
809 1643 843 1670 sit
863 1651 912 1671 no-

129 1696 195 1722 tum,
213 1691 275 1717 mihi
299 1691 327 1716 in
340 1690 386 1717 hoc
402 1695 530 1717 terrarum
556 1689 652 1725 angulo
668 1688 910 1725 (Bethlebemitieo)

129 1734 206 1770 fuerit
223 1735 348 1770 ignotum.
378 1734 413 1761 At
431 1741 494 1761 vero
520 1734 589 1760 idem
613 1733 707 1760 doctor
726 1733 858 1761 maximus
877 1734 910 1760 ad

129 1780 251 1815 Magnum
271 1784 405 1807 oratorem
417 1780 538 1807 scribens
552 1786 621 1806 anno
640 1779 748 1806 circiter
760 1778 822 1812 397,
838 1779 912 1813 quin-

128 1832 183 1860 que
197 1825 322 1853 nimirum
336 1830 395 1860 post
415 1833 499 1853 annos
509 1825 541 1852 ab
557 1825 628 1852 edito
640 1831 690 1852 suo
707 1824 777 1852 libro
796 1824 834 1852 De
849 1824 911 1852 ciris

127 1870 285 1902 illustribus,
302 1878 335 1898 ex
344 1878 397 1906 quo
412 1874 588 1897 memoratum
607 1876 676 1904 opus
686 1869 725 1896 De
740 1869 840 1904 Spiritu
850 1877 911 1896 san-

128 1923 168 1944 cta
181 1916 215 1944 ab
240 1915 425 1951 Amphilocbio
447 1914 500 1943 sibi
522 1914 620 1942 lectum
639 1918 771 1942 testatur:
788 1914 909 1942 eamdem

128 1963 378 1999 praestantissimum
393 1961 532 1996 praesulem
554 1961 731 1994 lconiensem,
745 1961 781 1988 ob
805 1965 910 1996 specta-

128 2015 182 2036 tam
195 2008 251 2043 jam
269 2012 296 2034 et
328 2007 372 2034 diu
401 2007 534 2042 cognitam
550 2006 608 2040 ejus
624 2006 784 2039 doctrinam,
811 2006 910 2034 Basilio

128 2061 224 2089 magno
238 2058 264 2082 et
273 2053 402 2088 Gregorio
416 2052 553 2086 'l‘heologo
564 2056 687 2087 exaequat
698 2051 738 2079 his
745 2052 833 2079 verbis
849 2052 886 2087 (g)
900 2062 907 2079 τ

131 2097 242 2125 Exstant
257 2103 280 2125 et
294 2097 361 2125 Julii
382 2097 502 2132 Africani
523 2097 593 2124 libri.
608 2116 615 2123 .
635 2117 642 2124 .
660 2115 668 2123 .
686 2117 693 2124 .
711 2096 909 2132 Cappadocum-
925 2109 947 2137 ι)

126 2151 176 2179 que
187 2143 292 2176 Basilii,
307 2141 434 2177 Gregorii,
446 2141 624 2176 Amphilochii
639 2150 645 2168 :
657 2142 701 2177 qui
712 2150 799 2169 omnes
812 2142 838 2169 in
850 2147 908 2169 tan-

128 2194 182 2215 tum
199 2187 409 2223 philosophorum
426 2185 553 2213 doctrinis
580 2191 657 2221 atque
687 2187 819 2213 sententiis
848 2195 909 2214 suos

83 2226 86 2229 ’
129 2233 273 2267 rcfarciunt
292 2231 388 2265 libros,
409 2236 437 2258 ut
464 2231 564 2258 nescias
590 2231 651 2265 quid
674 2231 701 2258 in
725 2231 780 2258 illis
797 2232 909 2265 primum

128 2279 255 2306 admirari
271 2278 373 2309 debeas,
400 2277 570 2304 eruditionem
605 2277 704 2309 steculi,
721 2286 755 2304 an
773 2277 909 2304 scientiam

126 2323 335 2358 Scripturarum.
349 2322 387 2350 Et
403 2323 461 2357 ipso
477 2329 541 2357 ergo
555 2322 719 2357 Hieronymo
742 2328 907 2357 compertum

129 2370 270 2403 habemus,
283 2368 418 2403 complura
439 2368 521 2396 fuisse
537 2368 570 2395 ab
585 2368 772 2402 Amphilochio
793 2368 908 2402 perscri-

127 2421 183 2450 pta,
199 2419 226 2442 et
238 2413 410 2442 multiformis
424 2413 530 2448 quidem
547 2413 677 2441 doctrina:
699 2413 778 2440 laude
802 2414 908 2448 conspi-

161 2502 199 2537 (a)
213 2502 349 2530 Thcodor.
363 2501 433 2529 Hist.
449 2501 511 2528 sccl.
525 2501 571 2537 lib.
586 2508 612 2534 v,
626 2508 686 2535 cap.
701 2500 746 2526 lli.

163 2536 199 2571 (ὁ)
216 2538 322 2564 Sozom.
339 2537 384 2571 lib.
401 2544 448 2568 vn,
464 2543 523 2570 cap.
537 2536 562 2562 6.

161 2569 197 2606 (ej
213 2572 317 2599 Tillem.
334 2570 413 2598 Mem.
424 2572 486 2598 eccl.
498 2569 571 2598 toni.
587 2569 632 2603 IX,
648 2577 708 2605 pag.
724 2569 785 2600 745,
803 2575 859 2596 not.
878 2571 904 2601 4,

126 2605 179 2634 Sur
188 2605 223 2634 VS.
236 2606 350 2640 Amphil.

163 2641 202 2676 (Δ)
218 2638 299 2676 ρτεςζ
312 2641 376 2667 Naz.
394 2648 477 2676 carm.
495 2647 530 2673 LI,
544 2639 692 2676 [nuncin],
715 2639 732 2673 ᾗ
760 2638 824 2672 242,
836 2639 904 2673 Opp.

128 2674 196 2702 tem.
210 2676 240 2708 ll,
259 2674 319 2710 pug.
340 2675 466 2711 1257[ed.7
481 2674 586 2711 nov.’p.
603 2674 694 2710 1017].

162 2713 197 2745 (ε)
212 2708 320 2738 Hieron.
335 2711 379 2736 lib.
395 2708 430 2736 De
444 2710 491 2736 τὶν.
507 2708 602 2736 ἰΙΙριὲιν.
618 2708 750 2745 εειρξίόὅ.

162 2746 194 2779 (1)
209 2746 246 2773 ld.
264 2746 289 2772 in
305 2745 408 2779 prolog.
425 2747 456 2772 ad
471 2745 517 2772 lib.
534 2745 572 2771 De
592 2745 639 2771 vir.
654 2744 749 2770 illustr.

964 832 1126 867 metaphrasi
1137 832 1232 859 Latina
1245 832 1360 866 primum
1382 832 1464 860 edidit
1481 831 1663 868 Schleusingre
1676 840 1748 862 anno

965 877 1033 905 1609
1048 876 1203 905 Joachimus
1219 877 1366 904 Zehnerus.
1384 877 1451 905 Sunt
1471 882 1561 905 autem
1576 885 1669 906 versus
1683 878 1747 913 355.

963 930 1065 958 eosque
1088 922 1114 950 in
1132 922 1185 949 line
1203 921 1362 949 adnumerat
1377 922 1490 956 ipsemet
1518 927 1610 949 auctor
1629 930 1676 957 per
1693 928 1748 952 tres

964 969 1155 998 hecatontadas
1176 972 1203 995 et
1223 968 1339 995 decadas
1354 968 1469 998 "totidem
1483 975 1515 995 ac
1536 969 1664 995 monadas
1681 973 1746 1002 tres.

963 1015 997 1043 ad
1012 1014 1062 1042 SS.
1079 1014 1239 1042 Trinitatem
1251 1013 1374 1040 videlicet
1389 1013 1545 1046 respiciens.
1559 1013 1596 1041 De
1607 1014 1696 1048 operis
1706 1014 1747 1042 in-

965 1060 1091 1095 tegritate
1112 1059 1245 1087 dissident
1262 1059 1369 1087 eruditi.
1384 1059 1478 1086 Billius
1502 1059 1604 1093 primus
1624 1060 1744 1087 omnium

964 1106 1013 1132 hos
1028 1103 1133 1131 lambos
1155 1104 1286 1139 Gregorio
1306 1103 1475 1131 Nazianzeno
1496 1111 1617 1132 asserere
1640 1104 1746 1138 nititur,

962 1157 996 1179 ex
1010 1149 1157 1184 antiquarii
1182 1157 1235 1184 quo
1257 1157 1321 1177 usus
1343 1154 1384 1177 est
1404 1149 1555 1183 hujusmodi
1572 1149 1745 1184 conjectura:

962 1197 1017 1223 Καὶ
1028 1197 1114 1223 ταῦτα
1129 1196 1202 1222 δοκεῖ
1215 1204 1260 1231 μοι
1273 1194 1319 1221 τοῦ
1339 1195 1468 1229 Θεολὸγου
1486 1195 1627 1231 τυγχάνειν
1638 1195 1746 1231 φρενὸς,

961 1241 999 1274 ὡς
1014 1242 1088 1276 παρὰ
1105 1240 1278 1277 Ἀμφιλοχίου
1294 1240 1443 1276 γραφέντα·
1462 1240 1527 1268 Hau:
1546 1241 1610 1268 mihi
1627 1241 1748 1269 uidentur

963 1294 978 1313 a
996 1285 1119 1320 Tlteologi
1143 1290 1227 1312 mente
1252 1285 1378 1320 profectu.
1398 1290 1523 1320 tanquam
1542 1286 1589 1313 sub
1610 1285 1746 1320 Amphilo-

964 1329 1019 1356 chii
1031 1330 1134 1356 nomine
1154 1329 1251 1363 scripta
1270 1337 1279 1356 :
1299 1336 1330 1356 ca
1342 1329 1469 1356 nimirum
1484 1329 1598 1362 ratione,
1611 1337 1664 1364 qua
1686 1329 1741 1357 Na-

962 1374 1110 1402 zianzenus
1137 1373 1171 1401 ad
1189 1372 1346 1401 Nicobulum
1370 1382 1403 1401 ex
1421 1374 1541 1402 Nicobuli
1557 1374 1603 1402 ﬁlii
1620 1382 1744 1409 persona,

962 1423 988 1446 et
1004 1418 1056 1445 alia
1082 1418 1203 1453 quaedam
1220 1417 1253 1444 ad
1272 1417 1433 1446 Vitalianum
1455 1424 1592 1453 parentem
1615 1419 1746 1456 ἄστοργον

963 1463 1080 1498 Scripsit.
1095 1472 1105 1489 ‹
1125 1462 1192 1490 Sunt
1203 1462 1388 1495 nihilominus,
1405 1463 1491 1498 inquit
1509 1463 1685 1492 Combelisius
1694 1464 1744 1500 (In),

963 1509 1020 1536 haec
1033 1508 1145 1540 leviora,
1165 1515 1243 1542 quam
1266 1512 1296 1535 ut
1319 1507 1398 1535 fidem
1413 1508 1535 1536 codicum
1552 1508 1742 1537 vindicantiqu

962 1553 1148 1589 Amphilochio
1170 1553 1284 1581 elevent.
1311 1553 1431 1581 Primum
1460 1555 1531 1582 enim
1554 1555 1643 1583 minus
1674 1563 1742 1591 qua-

962 1599 1042 1625 drant
1063 1598 1108 1625 hic
1135 1598 1220 1632 posita
1248 1597 1280 1625 de
1298 1597 1373 1625 libris
1389 1599 1527 1627 canonicis
1545 1607 1606 1627 cum
1632 1600 1665 1628 iis
1686 1607 1745 1635 quze

961 1643 1043 1671 habet
1068 1642 1219 1678 Theulogus
1233 1643 1291 1679 (ἱ),
1312 1643 1356 1671 ubi
1381 1644 1504 1672 absolute
1531 1646 1687 1680 pronuntiat
1712 1645 1744 1674 de

961 1688 1035 1715 Pauli
1051 1687 1178 1723 Epistolis
1189 1693 1216 1715 et
1234 1692 1335 1723 septem
1355 1688 1505 1721 catholicis,
1520 1689 1591 1716 nulla
1607 1691 1744 1718 mentione

961 1734 1022 1762 lihri
1038 1734 1135 1761 Esther
1149 1738 1195 1760 aut
1210 1733 1395 1769 Apocalypsis.
1413 1733 1480 1760 Tum
1495 1734 1557 1769 quia
1571 1735 1696 1762 videntur
1716 1736 1743 1763 hi

961 1779 1043 1807 lumbi
1071 1786 1123 1806 non
1149 1779 1185 1806 ita
1213 1780 1342 1807 accedere
1365 1779 1398 1807 ad
1420 1778 1581 1807 cothurnum
1599 1779 1741 1815 Gregoriu-

961 1833 1037 1856 num.
1049 1824 1193 1859 potiusque
1209 1824 1310 1852 referre
1326 1824 1431 1852 facilem
1445 1825 1624 1860 Amphilochii
1637 1833 1742 1858 venam,

961 1877 992 1896 ac
1011 1869 1132 1896 nonnihil
1148 1869 1273 1896 licentius
1290 1869 1433 1897 decurrere
1452 1875 1479 1897 et
1493 1870 1562 1906 stylo
1573 1870 1665 1898 soluta:
1681 1879 1744 1898 ora-

961 1915 1024 1942 tioni
1047 1915 1268 1950 propinquiori...
1288 1915 1364 1949 Item,
1381 1916 1445 1950 quid
1465 1920 1538 1943 vetat
1562 1920 1592 1943 ut
1609 1915 1744 1952 Theolngo

960 1959 1079 1994 aequalis,
1095 1960 1169 1994 isque
1186 1959 1241 1993 ipse
1258 1959 1331 1986 omni
1349 1960 1523 1987 scientiarum
1542 1967 1639 1995 genere
1653 1961 1743 1987 excul-

961 2010 1003 2032 tus
1018 2012 1049 2032 ac
1063 2004 1140 2040 plane
1154 2005 1194 2032 vir
1208 2004 1432 2039 ἐλλογιμώτατος,
1447 2005 1526 2031 etiam
1545 2009 1630 2033 metro
1651 2005 1743 2033 Selcu-

960 2056 1021 2076 cum
1047 2049 1208 2081 instituerit,
1236 2049 1267 2076 ad
1289 2056 1367 2082 quem
1386 2055 1464 2083 prosa
1484 2049 1566 2076 semel
1591 2054 1618 2077 et
1644 2050 1741 2077 iterum

961 2102 1021 2121 cum
1039 2094 1180 2128 scripsisse
1194 2094 1342 2128 dogmatica
1358 2093 1471 2127 probant
1489 2101 1548 2128 qua:
1571 2094 1628 2129 ejus
1642 2095 1742 2130 produ-

963 2139 1049 2167 cimus
1067 2139 1237 2174 fragmcnta?
1254 2138 1308 2166 Nec
1337 2143 1378 2166 est
1401 2138 1488 2166 simile
1509 2139 1536 2166 in
1558 2139 1618 2168 aliis
1641 2140 1739 2174 allatis,

963 2185 989 2212 iu
1001 2185 1096 2219 quibus
1108 2184 1196 2212 statim
1210 2184 1296 2218 palam
1311 2188 1352 2211 est
1367 2188 1504 2218 assumpta
1520 2192 1645 2219 persona.
1655 2185 1741 2213 Etiam

963 2229 1102 2256 Balsamon
1120 2229 1200 2256 habet
1213 2233 1243 2256 ut
1263 2229 1501 2264 AmphilochiiU),
1520 2231 1673 2266 passimque
1689 2231 1742 2258 Da-

963 2281 1104 2302 mascenus
1124 2274 1150 2301 iu
1166 2273 1309 2301 Elementis
1332 2275 1414 2303 emin.
1437 2274 1624 2309 Rnpifucaldii.
1645 2285 1655 2302 ι
1680 2275 1743 2305 Haec

962 2327 1043 2355 porro
1057 2318 1150 2346 cadem
1162 2326 1221 2354 quae
1236 2319 1366 2347 hactenus
1377 2319 1564 2353 Combelisius,
1583 2321 1681 2355 repetit
1694 2329 1743 2348 au-

962 2370 1058 2401 getque
1074 2365 1259 2393 Tillemontius
1275 2365 1323 2401 (Ir),
1344 2365 1406 2392 licet
1419 2366 1509 2401 operis
1524 2371 1659 2394 auctorem
1676 2367 1742 2394 Am-

961 2412 1124 2447 philochium
1141 2412 1224 2451 libere
1237 2416 1360 2439 astruere
1374 2419 1426 2439 non
1441 2412 1547 2439 audeat.

997 2499 1034 2540 lg)
1048 2500 1085 2540 id.
1099 2500 1178 2540 epis}.
1194 2500 1227 2527 70
1241 2500 1378 2540 alias‘85,_
1391 2501 1425 2540 qd
1440 2500 1564 2540 Magnum
1577 2505 1657 2534 ornt.,
1670 2500 1684 2536 §
1704 2508 1740 2528 tv.

995 2537 1032 2575 (Ir)
1047 2535 1236 2575 (iombeanot.
1253 2536 1284 2562 ad
1301 2535 1417 2569 Amphil.
1431 2543 1488 2575 pag.
1502 2535 1564 2562 255.

995 2543 1032 2571 ψ)
1047 2543 1166 2562 υοιιιυει.
1181 2543 1236 2561 not.
1253 2543 1284 2562 ad
1301 2543 1417 2569 ampuu.
1431 2543 1461 2568 pa
1483 2555 1488 2560 .
1502 2543 1564 2562 'zao.

994 2571 1031 2605 (ἱ)
1052 2570 1133 2604 Greg.
1158 2569 1222 2596 Naz.
1249 2577 1332 2596 carm.
1359 2577 1443 2596 xxxm
1465 2543 1550 2641 ἷιιυιια
1575 2569 1646 2606 ν111].
1669 2569 1737 2605 Opp.

960 2609 1027 2646 tom.
1041 2604 1070 2646 l'l‘,
1084 2612 1146 2646 ρης.
1160 2604 1194 2646 9§
1207 2603 1259 2639 [ed.
1273 2611 1334 2646 nov.
1351 2612 1377 2638 p.
1479 2625 1502 2646 ._
1525 2639 1589 2646 MM
1692 2639 1709 2646 Α

962 2639 1159 2700 Γὶεοὶέἒὲςριιι.
1173 2638 1319 2666 ϐόηιηιεηι.
1334 2646 1394 2674 pag.
1410 2638 1506 2667 ὓδϐἐῑ
1522 2639 1590 2667 ΐο82
1612 2639 1676 2667 edit.
1690 2639 1742 2666 Pd-

997 2707 1032 2742 (k)
1048 2707 1152 2734 Tillctn.
1165 2706 1279 2746 .Memor.
1294 2707 1355 2735 eccl.
1369 2707 1486 2745 tom._lX,
1500 2716 1560 2745 pag.
1575 2709 1637 2743 746,
1651 2709 1741 2744 ηοι.6,

962 2742 1015 2770 Sur
1031 2742 1060 2770 S.
1077 2742 1190 2774 Anu/ul.
