1904 3054
152 115 187 143 £5

625 113 653 140 S.
674 112 900 141 AMPHILOCHH
919 102 1111 142 ICONIENSIS
1130 113 1282 142 EPlSCOPl

1732 118 1767 146 {6

154 175 260 201 vixerat
270 173 295 200 in
311 171 531 208 spelunca,quos
542 172 616 200 sicco
627 172 703 207 panis
719 177 746 200 et
763 179 840 208 aquae
855 173 923 208 epult

985 173 1112 208 ἐποίησεν
1133 174 1180 210 ἐτη
1199 174 1240 210 μ’”
1268 174 1345 210 διῆγε
1368 174 1397 202 δὲ
1422 175 1591 212 ξηροφαγίαν
1605 176 1697 212 ἄρτου
1719 178 1768 205 καὶ

153 223 334 255 transegerat;
348 219 438 246 vinum
466 222 592 246 autemet
606 217 693 246 oleum
707 225 844 253 nunquam
860 227 933 246 sum-

152 267 214 301 psit.
232 265 338 294 Accidit
352 269 441 292 autem
455 268 484 291 ut
501 270 534 292 eo
547 267 667 298 tempore
680 263 821 291 decederet
829 264 933 298 episco-
948 296 961 304 γ’

151 320 203 347 pus
226 310 342 339 civitatis
368 309 465 343 lconii;
492 309 603 345 angelus
627 316 691 336 vero
709 308 815 336 Domini
847 306 953 337 astitit"

152 357 340 394 Amphilochia
356 355 448 384 dicens
464 363 472 382 :
489 354 670 390 Amphilochi,
687 355 757 382 vade
781 355 808 382 in
835 355 931 382 civita-

152 409 215 436 tem,
240 410 319 438 pasce
345 409 409 430 oves
432 401 541 428 Christi.
564 401 598 427 At
618 400 661 427 ille
670 408 723 428 non
735 400 930 434 acquiescebat.

151 449 323 484 Rursumque
349 453 440 476 astans
459 447 568 482 angelus
583 446 686 473 Domini
711 446 749 473 ait
769 446 805 473 illi
821 454 828 472 :
846 446 931 473 Etiam

152 503 222 524 nunc
237 489 307 526 dico,
324 494 402 525 vade,
423 493 465 520 fac
478 493 549 527 quod
571 492 621 519 fuit
637 496 812 527 praeceptum.
826 491 873 519 Ille
884 499 933 518 au-

150 545 205 568 tem
222 547 270 567 nec
284 539 323 567 sic
337 539 461 574 parebat;
479 537 584 566 dicebat
601 538 673 565 enim
699 538 767 572 apud
783 545 822 570 sc,
845 538 931 573 ipsum

150 586 230 613 etiam
250 585 377 612 Satanam
393 585 419 611 in
436 583 560 618 angelum
576 583 644 610 lucis
657 589 686 610 se
709 583 929 617 transﬁgurare'.

151 631 317 665 Factumque
332 634 376 657 est
391 634 470 657 nocte
485 629 574 660 tertia,
586 632 615 655 ut
630 628 654 655 ei
671 636 764 656 rursus
777 633 867 656 astans
881 637 930 656 aus

150 676 226 711 geius
245 675 363 703 diceret:
381 675 466 710 Surge
492 681 508 701 a
530 679 573 702 tuo
591 675 641 702 isto
664 678 759 707 strato,
775 680 802 702 et
821 675 889 702 vade
904 675 930 702 in

149 722 296 754 civitatem,
324 727 355 748 ac
378 727 457 756 pasce
483 727 546 747 oves
560 719 672 747 Christi.
701 720 931 754 Surgensqueille

149 765 235 793 tenuit
253 772 314 792 eum
339 765 451 792 dicens:
465 764 493 791 Si
520 764 630 799 angelus
653 764 699 792 Dei
726 772 765 797 es,
779 769 882 792 stemus
901 765 926 792 in

148 811 278 838 oratione.
297 809 412 845 Moxque
431 809 540 844 angelus
559 810 675 844 Domini,
703 810 821 838 demisso
841 811 929 845 capite

984 220 1094 252 ὕδατος’
1109 220 1182 247 οῐνου
1197 220 1226 247 δὲ
1240 221 1287 248 καὶ
1301 220 1391 248 ἐλαίου
1406 221 1533 248 οὐδέποτε
1549 222 1765 258 μετελάμϐανεν,

989 266 1112 301 Ἐγένετο
1128 266 1156 293 δὲ
1171 266 1201 292 ὲν
1215 267 1271 298 τοῖς
1285 268 1391 302 καιροῖς
1404 267 1518 299 ἐκεινοις
1527 288 1534 300 ,
1547 268 1707 304 τελευτῆσαι
1721 270 1768 297 τὸν

981 311 1130 338 ἐπίσκοπον
1160 311 1286 344 Ἰκονίου,
1310 312 1356 339 καὶ
1373 312 1473 349 ἐπέστη
1494 314 1508 339 ὁ
1525 313 1639 348 ἄγγελος
1662 315 1766 350 Κυρίου

981 357 1020 393 τῷ
1030 357 1208 392 τἈμιριλοχίῳ
1225 357 1312 391 λέγων
1322 365 1329 372 '
1351 358 1524 393 Ἀμφιλόχιε,
1540 358 1642 385 ἄπελθε
1661 361 1700 391 εις
1716 359 1767 396 τὴν

983 402 1070 434 πόλιν,
1088 403 1203 438 ποίμανε
1218 403 1252 429 τὰ
1271 403 1394 439 πρόϐατα
1419 403 1466 430 τοῦ
1480 403 1609 439 Χριστοῦ.
1628 404 1656 431 'U
1672 405 1700 431 δὲ
1715 405 1766 432 οὐκ

982 447 1104 474 ἐπείθετο
1113 456 1119 462 ⁸
1136 449 1182 474 καὶ
1194 448 1308 480 ἐπιστὰς
1324 448 1404 475 πάλιν
1418 449 1431 475 ὁ
1448 448 1562 482 ἄγγελος
1576 449 1678 484 Κυρίου
1691 450 1766 484 λέγει

981 493 1056 528 αὐτῷ
1066 501 1073 507 ·
1088 493 1143 520 Kal.
1155 494 1205 530 ’ήδη
1221 494 1292 528 λέγω
1307 503 1363 521 σοι·
1379 495 1509 529 Πορεύου,
1524 495 1553 522 τὸ
1567 495 1709 522 κελευσθέν
1724 505 1765 523 σοι

982 540 1103 576 ποίησον.
1128 540 1156 567 '0
1176 541 1204 566 δὲ
1231 541 1291 567 οὐδὲ
1312 540 1398 572 οὕτως
1416 541 1556 568 ἐπείθετο·
1574 542 1651 577 ἔλεγε
1666 543 1720 579 γὰρ
1735 544 1765 570 ὲν

982 585 1069 620 ἑαυτῷ
1080 605 1087 617 ,
1106 585 1146 611 ὅτι
1161 585 1208 612 καὶ
1226 586 1306 617 αὐτὸς
1325 587 1338 612 ὁ
1354 586 1474 617 Σατανᾶς
1497 588 1764 623 μετασχηματίζεται

980 632 1020 663 είς
1044 631 1158 666 ἄγγελον
1182 632 1280 666 φωτός.
1303 632 1358 657 Kal.
1383 632 1492 666 ἐγένετο
1513 633 1545 668 τῇ
1569 633 1646 669 τρίτῃ
1669 635 1764 666 νυκτὶ,

980 676 1093 708 ἐπιστὰς
1112 676 1193 702 πάλιν
1207 676 1281 711 αὐτῷ
1295 677 1309 703 ὁ
1326 676 1441 710 ἄγγελος
1458 677 1546 711 λέγει·
1570 679 1692 714 Ἐγείρου
1711 679 1764 706 ἀπὸ

979 722 1030 756 τῆς
1044 722 1190 758 στρωμνῆς
1207 731 1254 748 σου
1268 722 1378 757 ταύτης,
1394 724 1441 749 καὶ
1458 723 1573 759 πορεύου
1591 725 1631 756 εἰς
1650 724 1698 760 τὴν
1715 725 1765 751 πό-

980 767 1020 794 λιν
1030 787 1037 799 ,
1054 767 1101 794 καὶ
1117 768 1233 803 ποίμανε
1246 768 1280 794 τὰ
1295 768 1418 803 πρόϐατα
1431 769 1559 804 Χριστοῦ.
1576 770 1630 796 Καὶ
1644 770 1763 802 ἀναστὰς

980 814 1112 849 κατέσχεν
1136 814 1216 841 αὑτὸν
1242 814 1346 848 λέγων·
1372 815 1404 841 Εἰ
1427 815 1541 849 ἄγγελος
1565 813 1590 842 εἴ
1608 815 1654 842 τοῦ
1677 816 1764 849 Θεοῦ,

148 855 284 888 clamavit,
293 854 385 882 dicens
397 863 404 882 :
414 853 540 887 Sanctus,
551 861 665 887 sanctus,
681 860 788 882 sanctus
802 855 923 883 Dentium

982 860 1086 894 στῶμεν
1105 861 1145 892 εἰς
1162 860 1327 896 προσευχήν·
1344 861 1389 886 καὶ
1402 861 1504 892 εὐθέως
1520 861 1604 887 κλίνει
1618 861 1667 896 τὴν
1680 870 1765 896 κεφα-

147 901 218 928 Deus
232 901 366 928 Sabaoth:
376 901 480 935 plenum
491 906 527 928 est
537 901 628 928 calum
639 905 737 928 etterra
749 900 831 935 gloria
843 902 899 936 ejus
908 903 928 929 ’.

147 947 372 981 Apprehensaque
392 945 568 980 Amphilochii
583 946 705 978 dextera,
729 945 806 973 duxit
828 939 887 973 eum
903 948 929 974 in

147 991 298 1024 ecclesiam,
316 998 376 1027 qua:
394 989 464 1018 ultro
478 990 517 1018 eis
533 996 625 1025 aperta
641 995 698 1023 est;
713 995 795 1026 atque
815 991 929 1026 ingressi

146 1037 271 1065 viderunt
287 1043 383 1072 magna
400 1036 514 1068 lumina.
529 1036 642 1071 perinde
658 1041 738 1071 atque
753 1036 780 1063 in
794 1036 863 1064 festo
877 1036 929 1063 Do—

147 1082 268 1118 mini(a).
288 1082 427 1116 Erantque
450 1081 502 1108 viri
526 1081 655 1115 singulari
685 1081 838 1116 eximioque
862 1082 929 1109 ami-

146 1133 190 1156 ctu
200 1127 248 1163 (lt),
265 1133 380 1161 quorum
406 1133 460 1153 non
490 1129 549 1153 crat
575 1132 714 1153 numerus.
747 1125 768 1152 li
788 1131 928 1160 acceptmtt

146 1181 220 1205 cum,
235 1173 371 1200 duxerunt
388 1171 422 1198 ad
438 1178 514 1198 aram
529 1175 650 1199 sanetam
668 1177 676 1196 :
690 1177 722 1198 ac
735 1178 789 1205 prae
806 1171 929 1199 manibus

146 1217 320 1253 Evangelium
339 1217 480 1250 habentes,
494 1217 661 1244 tradiderunt
677 1217 712 1249 ei,
729 1217 863 1244 dicentes:
877 1217 928 1245 Do-

147 1263 236 1290 minus
253 1267 350 1290 tecum.
369 1261 445 1290 Unus
469 1266 559 1289 autem
580 1269 614 1289 ex
641 1261 742 1289 sanctis
759 1261 861 1296 angelis
882 1262 928 1297 qui

147 1309 228 1336 etiam
244 1313 302 1336 erat
319 1308 347 1336 in
365 1307 405 1335 eis
424 1307 538 1343 primus,
550 1307 616 1334 dicit
633 1307 666 1334 ad
683 1314 750 1334 eos:
766 1307 926 1340 Precemini,

147 1361 250 1382 omnes.
264 1354 407 1389 Cmpitque
422 1353 511 1382 dicere
525 1360 532 1379 :
546 1353 640 1380 Divina
654 1353 740 1387 gratia
753 1352 865 1387 praeficit
883 1360 928 1380 or-

146 1400 274 1434 dinatque
302 1398 338 1435 (c)
353 1399 465 1427 iratrent
489 1403 608 1427 nostrum
635 1397 848 1433 Amphilochium
871 1397 928 1432 cpi-

183 1457 192 1471 ³
205 1455 228 1483 ll
240 1455 302 1483 Cor.
317 1463 355 1489 ιι,
372 1455 400 1483 4.
436 1456 447 1472 ¹
460 1454 511 1483 lsa.
528 1462 567 1487 vt,
585 1455 612 1482 3.

182 1512 220 1548 (a)
236 1511 350 1548 Perinde
362 1516 438 1548 atque
451 1512 480 1548 in
491 1513 557 1547 festo
569 1511 686 1548 Domini.
704 1511 748 1548 ᾯς
765 1511 813 1548 ἐπὶ
827 1512 923 1548 ἑορτῆς
937 1514 957 1543 C

146 1547 261 1583 Κυρίου.
270 1547 342 1583 velut
355 1547 397 1574 die
407 1547 557 1583 Doutinico,
570 1547 610 1583 vel
619 1547 697 1578 forte,
710 1546 848 1583 Dotninica
857 1546 920 1581 ipsa

147 1581 370 1613 Resurrectionis,
388 1589 403 1607 a
419 1589 471 1615 qtta
485 1581 579 1616 reliqui
602 1588 762 1616 perrannum
778 1581 877 1608 habent
892 1587 922 1609 ut

144 1618 199 1644 sint
215 1616 376 1644 Christianis
392 1616 524 1651 solemnes
542 1615 570 1643 et
588 1615 728 1651 Dominici,
746 1615 850 1651 laztique
865 1624 921 1643 om-

147 1651 224 1684 nino;
245 1658 324 1686 quam
337 1658 430 1686 eorum
446 1650 565 1686 laetitiam
581 1655 607 1686 et
622 1650 797 1686 φαιδρότητα,
809 1650 920 1686 μεγάλα

146 1686 191 1713 illa
209 1691 236 1713 et
246 1685 308 1713 vere
329 1685 438 1720 φαιδρὰ,
455 1685 481 1712 in
492 1685 614 1713 ecclesiis
628 1685 727 1712 lumina
741 1685 865 1720 cereique
878 1692 921 1713 ut-

147 1727 252 1754 cunque
266 1724 467 1754 repraesentem.

181 1755 218 1790 (b)
234 1755 367 1790 Erantque
382 1755 430 1781 viri
446 1754 574 1789 singulari
585 1754 728 1789 eximioque
752 1755 859 1782 amictu.
869 1754 921 1782 lla-

145 1790 203 1817 buit
219 1795 309 1817 noster
321 1789 404 1817 codex
422 1789 581 1825 μονάζοντες
593 1810 600 1822 ,
616 1797 665 1825 nec
678 1789 818 1821 movimus,
835 1797 918 1824 quan-

144 1832 225 1859 quam
239 1829 267 1851 ut
277 1825 364 1852 minus
372 1824 518 1857 congruunt
532 1832 583 1851 non
593 1824 767 1851 reddidimus.
781 1825 834 1850 Etsi
848 1825 919 1852 enim

146 1860 268 1894 plerique
282 1860 398 1894 episcopi
415 1859 499 1886 Graeci
518 1859 573 1893 jam
593 1859 654 1886 olim
670 1859 799 1894 assumpti
819 1859 920 1887 fuerint

145 1893 160 1921 c
171 1893 242 1922 cattu
256 1895 457 1926 monachorum,
474 1900 559 1928 eoque
579 1893 711 1927 potuerint
724 1893 810 1928 angeli
825 1901 921 1920 conve-

146 1930 217 1957 nisse
234 1929 425 1956 monachorum
438 1928 537 1962 specie,
549 1929 582 1954 ad
598 1929 806 1954 consecrandum
822 1928 847 1954 in
861 1929 919 1963 epi-
941 1952 944 1955 .

145 1971 254 1999 scopum
270 1963 432 1991 confratrent
449 1963 607 1999 monachum
619 1969 627 1988 :
641 1963 727 1995 aptius
737 1967 830 1999 tamen
847 1963 921 1999 vide;

146 1996 228 2026 tur'ut
243 1998 348 2025 cultiori
361 2002 389 2025 et
403 2005 479 2025 sacro
493 1998 584 2024 habitu
603 1996 785 2031 apparuerint,
801 2004 833 2023 ac
847 1998 919 2031 quali

145 2035 252 2061 deceret
267 2038 368 2060 tantum
387 2032 581 2065 ministerium;
600 2032 680 2065 idque
701 2037 794 2058 auctor
816 2032 919 2066 signiﬁ-

145 2076 206 2095 care
227 2068 352 2094 voluerit.
374 2067 461 2100 Quare
483 2067 646 2094 reddidimus
662 2066 732 2093 velut
748 2071 818 2093 esset
842 2067 920 2101 μονό-

143 2102 234 2135 (iuvet,
251 2103 385 2136 qttontodo
399 2103 490 2129 habuit
500 2102 557 2128 sine
575 2101 655 2128 dubio
670 2101 752 2128 codex
767 2101 918 2135 Lipomani,

143 2139 213 2171 apud
231 2135 309 2171 quem
330 2137 461 2171 legimus:
478 2135 681 2171 Viriipra'claru
703 2140 770 2162 verte
784 2137 878 2168 induti,
893 2141 917 2163 et

144 2169 223 2198 cincti
239 2169 369 2212 singulari
383 2171 510 2212 singulm.
525 2169 832 2212 Ubi‘que‘llieronytnus
858 2178 916 2211 eam
936 2184 957 2212 Ι)

143 2214 236 2234 vocem
255 2204 352 2238 reddit,
380 2204 550 2233 latrunculos.
569 2204 680 2233 Videtur
698 2204 803 2236 sonare,
823 2206 920 2233 eximie

143 2245 171 2267 et
189 2241 360 2276 singulariter
372 2241 500 2272 cinctum,
514 2247 598 2274 eoque
614 2244 708 2266 orttatu
722 2240 831 2276 reliquis
849 2240 919 2266 mili-

143 2277 213 2304 tibus
235 2274 376 2311 prwlatum
397 2280 424 2302 et
450 2275 661 2311 honoratiorem,
685 2279 713 2301 ut
735 2274 953 2309 Suidas:quo_,

142 2318 221 2338 sensu
235 2310 334 2344 optime
351 2311 395 2338 hic
409 2310 532 2344 quadrat.
922 2312 941 2342 ί,

177 2346 213 2381 (c)
229 2343 322 2381 Divina
336 2343 541 2381 gratiaipfu'ficit
557 2345 719 2379 ordinatquo.
744 2343 918 2381 Προχειρίζε-

142 2379 262 2408 ταίίδίο
274 2380 354 2407 etiam
366 2379 433 2414 apud
445 2379 630 2414 Lipomanum,
644 2381 686 2406 cui
705 2384 791 2405 tamen
806 2379 918 2406 alteram

143 2423 234 2442 vocem
250 2415 411 2447 addidimus,
426 2415 613 2448 explicationis
627 2421 719 2446 causa,
735 2418 761 2440 et
777 2413 840 2447 quia
865 2414 919 2447 pri—

142 2458 227 2482 mum,
244 2450 386 2484 prwﬁcere,
407 2447 572 2477 usu’Laliuo
588 2450 708 2476 videatur
729 2448 816 2484 minus
830 2447 919 2474 deter~

142 2483 273 2512 minatum
291 2483 326 2512 ad
341 2485 424 2518 ipsam
447 2484 676 2511 consecrationem
694 2483 807 2517 promoti
826 2483 858 2509 ad
879 2487 919 2510 ta-

141 2520 194 2546 lem
205 2519 316 2554 gradum
329 2517 540 2554 signiﬁcandam,
553 2526 632 2553 quam
644 2518 744 2545 Graecis
753 2517 797 2554 τὸ,
810 2525 919 2552 προχει-

142 2551 282 2590 ρίζεᾶῡαι·
298 2551 368 2588 quod
391 2554 426 2590 sit
450 2551 609 2590 χειροτονεῖν
633 2558 659 2579 et
675 2551 846 2590 χειροθετεῖν,
865 2551 917 2590 non

142 2587 245 2616 iantum
262 2587 604 2623 cterintoniulej'qitidquid
618 2588 728 2623 multis,
750 2591 818 2613 totus
837 2587 918 2614 ntale-

141 2625 219 2651 dictis
234 2624 383 2655 infercitus,
398 2624 423 2650 in
441 2622 586 2650 Arundiuut
601 2622 719 2656 aliosque
733 2622 851 2652 tumulos.
869 2623 918 2648 Ca-

143 2661 304 2694 toncyritus;
327 2660 374 2686 sed
399 2665 461 2694 vere
485 2658 678 2694 sacramentalc
695 2656 916 2694 et‘s‘nbstantinle

140 2691 223 2720 sacra:
236 2693 413 2725 ordinationi;
432 2693 476 2719 illa
494 2699 618 2718 manuum
642 2691 822 2725 impositione,
838 2699 913 2718 accc-

141 2729 221 2754 dente
238 2730 379 2756 verborum
393 2729 477 2754 forma
493 2727 558 2753 satis
577 2727 744 2760 exprimente
761 2727 915 2753 tradendam

140 2771 172 2789 eo
189 2769 248 2789 actu
263 2768 432 2797 potestatem,
446 2762 568 2796 idemque
587 2766 739 2797 prusstaute,
754 2766 832 2795 atque
849 2762 917 2794 apud

140 2797 249 2831 liatinos
264 2796 395 2832 prastaut
411 2797 470 2823 alia:
485 2797 655 2828 caerimonia,
673 2796 787 2832 Christo
814 2801 916 2832 tantum

141 2831 306 2867 iustitucuie,
323 2836 351 2860 ut
372 2832 448 2866 signo
468 2832 556 2866 aliquo
570 2831 687 2860 sensibili
703 2831 864 2858 sullicienter
877 2831 916 2859 δία

979 906 1030 941 λὴν
1045 907 1059 932 ὁ
1076 906 1191 940 ἄγγελος
1211 906 1329 941 Κυρίου,
1349 907 1396 932 καὶ
1413 906 1509 942 ἐϐόησε
1532 906 1634 941 λέγων·
1651 908 1763 942 Ἄγιος-τ

980 951 1060 986 ἅγιος
1070 971 1078 983 ,
1095 951 1178 985 ἅγιος
1195 952 1302 985 Κύριος
1316 951 1435 978 Σαϐαὼθ
1445 959 1451 966 ·
1472 953 1591 987 πλήρης
1605 954 1621 980 ό
1637 953 1765 987 οὐρανὸς

979 995 1028 1023 καὶ
1044 997 1063 1030 ἡ
1079 995 1117 1030 τῆ
1133 995 1187 1030 τῆς
1203 996 1297 1030 δόξης
1313 996 1415 1023 αὑτοῦ.
1434 997 1489 1024 Ka‘.
1503 997 1696 1034 ἐπιλαϐόμενος
1712 999 1764 1034 τῆς

978 1041 1068 1074 δεξιᾶς
1086 1041 1273 1077 Ἀμφιλοχίου,
1286 1043 1388 1077 ἤγαγεν
1401 1043 1480 1069 αὐτὸν
1493 1043 1532 1075 είς
1542 1044 1591 1080 τὴν
1600 1044 1762 1079 ἐκκλησίαν

979 1087 1026 1114 καὶ
1047 1087 1201 1122 αὐτόματος
1219 1087 1315 1123 ὴνοίγη
1338 1088 1445 1120 αὐτοῖς’
1473 1089 1520 1115 καὶ
1536 1087 1604 1116 εἶδον
1619 1089 1696 1124 φῶτα
1714 1098 1763 1126 με-

978 1131 1059 1166 γάλα,
1072 1132 1110 1163 ὠς
1125 1132 1170 1158 ἐπὶ
1184 1133 1279 1168 ἑορτῆς
1294 1134 1406 1169 Κυρίου.
1418 1134 1473 1160 Καὶ
1482 1134 1577 1170 ἄνδρες
1591 1135 1762 1170 μονάζοντες,

979 1173 1017 1203 ὧν
1031 1176 1081 1203 οὐκ
1094 1174 1128 1212 ἦν
1143 1177 1259 1212 ἀριθμός
1269 1186 1275 1192 ·
1293 1178 1340 1204 καὶ
1352 1178 1542 1213 ἐπιλαϐόμενοι
1555 1179 1646 1213 αὐτὸν,
1659 1180 1763 1215 ἤγαγον

978 1223 1024 1249 snt
1035 1222 1065 1249 τὸ
1080 1222 1272 1259 θυσιαστήριον
1281 1233 1287 1239 ·
1304 1224 1351 1250 καὶ
1361 1222 1433 1259 εἶχον
1446 1225 1475 1250 ἐν
1487 1226 1547 1256 ταῖς
1563 1225 1656 1260 χερσὶν
1672 1226 1762 1253 αὐτῶν

977 1268 1160 1302 Εὐαγγέλιον,
1177 1269 1225 1296 καὶ
1241 1269 1386 1297 ἀπέδωκαν
1403 1270 1476 1305 αὐτῷ
1494 1270 1633 1304 λέγοντες·
1658 1271 1687 1298 '0
1705 1271 1761 1298 Κύ-

980 1321 1035 1348 ριος
1061 1313 1129 1348 μετὰ
1151 1313 1210 1340 σοῦ.
1233 1312 1281 1346 Εἷς
1300 1314 1328 1340 δὲ
1348 1314 1456 1350 πρῶτος
1479 1315 1568 1342 αὐτῶν
1592 1316 1666 1350 λέγει
1692 1316 1762 1352 πρὸς

977 1359 1091 1390 αὐτούς’
1109 1359 1230 1392 Εὗξασθε
1253 1359 1362 1391 πάντες.
1395 1361 1449 1387 Καὶ
1472 1361 1572 1396 ἤρξατο
1597 1362 1701 1397 λέγειν·
1729 1363 1762 1389 Ἡ

977 1402 1036 1430 θεία
1056 1403 1136 1438 χάρις
1153 1404 1352 1439 προχειρίζεται
1368 1404 1413 1432 τδν
1432 1405 1544 1440 ἀδελφὸν
1562 1406 1640 1442 ἡμῶν
1664 1407 1759 1442 Ἀμφι-

973 1512 1144 1551 gniﬁcaretur
1157 1513 1263 1540 traditio
1280 1513 1340 1551 talis
1359 1514 1400 1541 vel
1411 1514 1480 1551 talis
1499 1516 1640 1549 potestatis
1650 1522 1666 1551 a
1685 1515 1752 1551 legi-

974 1548 1038 1575 timo
1057 1548 1199 1574 ministro:
1225 1549 1358 1581 quomodo
1381 1550 1463 1576 etiam
1481 1548 1596 1581 constat,
1621 1550 1698 1577 aliter
1711 1548 1753 1576 ar.

971 1583 1076 1610 dinalos
1092 1583 1193 1616 primos
1210 1583 1357 1615 diaconos,
1378 1591 1459 1617 quam
1487 1586 1565 1611 modo
1589 1584 1757 1617 ordinentur,

971 1617 1221 1654 porrectionedibri
1247 1617 1462 1654 Evangeliorum,
1488 1618 1613 1646 Μειιῂωο
1630 1620 1674 1654 qui
1702 1620 1759 1654 pri—

972 1651 1034 1688 inus
1060 1651 1166 1688 scripsit
1186 1651 1370 1688 Evangelitim,
1389 1653 1490 1687 aliquot
1511 1651 1681 1688 postmodum
1702 1651 1758 1681 au-

971 1687 1024 1717 uis,
1036 1687 1151 1720 primum
1171 1687 1316 1714 scribente.
1335 1688 1388 1714 Sed
1407 1688 1439 1714 de
1458 1688 1500 1715 his
1512 1687 1650 1722 pluribus,
1668 1688 1757 1716 eccle-

971 1722 1141 1748 siasticarum
1168 1728 1257 1748 rerum
1287 1722 1399 1755 diligens
1425 1727 1561 1748 scrutator
1593 1723 1755 1751 Parisicnsis

970 1756 1098 1791 Ecclesize
1122 1755 1272 1791 theologus.
1285 1756 1319 1791 p.
1335 1756 1433 1783 lsacius
1456 1756 1587 1784 llubertus
1603 1758 1629 1784 in
1651 1758 1757 1791 Ἀρχιε-

966 1790 1094 1824 ρατικῷ,
1108 1795 1135 1826 et
1147 1790 1262 1826 lucobus
1278 1790 1350 1826 Goar
1361 1791 1386 1817 in
1399 1791 1572 1825 Eucltologio.
1585 1792 1659 1824 Quod
1677 1790 1758 1826 porro

970 1829 1073 1861 spectat
1090 1825 1123 1851 ad
1138 1825 1325 1861 tttiraCulosam
1344 1825 1434 1861 istaut,
1448 1831 1475 1852 et
1488 1830 1585 1859 prtetcr
1600 1825 1695 1860 legem,
1710 1835 1756 1853 or-

971 1860 1154 1892 dinationem;
1185 1860 1433 1886 constantissimum
1468 1865 1518 1892 est,
1548 1861 1667 1893 potuisse
1695 1868 1754 1888 eam

970 1893 1040 1926 ﬁcri,
1059 1893 1197 1929 fuisseque
1213 1895 1329 1929 omnino
1346 1895 1509 1921 credendum
1528 1896 1628 1922 sanctis
1641 1897 1755 1929 angelis,

971 1929 1004 1965 de
1011 1937 1041 1955 ea
1050 1928 1216 1965 testantibus,
1225 1928 1463 1965 jn‘xta‘do‘c‘triuam
1478 1929 1508 1956 Ι).
1517 1929 1625 1957 Thema:
1638 1938 1664 1956 ιιι
1676 1928 1714 1964 ῥ.,
1726 1939 1754 1965 q.

973 1963 1019 1993 64,
1032 1971 1057 1989 a.
1073 1963 1099 1989 7.
1117 1962 1208 1996 Neque
1219 1963 1290 1990 enim
1304 1963 1328 1990 id
1342 1963 1378 1990 illi
1394 1969 1566 1997 attentarent,
1582 1966 1630 1991 nisi
1649 1962 1756 1993 Christo

968 1997 1088 2032 jubente,
1107 1997 1153 2032 qui
1167 2003 1256 2031 potest
1269 2005 1322 2032 quo
1334 1999 1458 2026 maluerit
1473 1999 1594 2026 ministro
1610 2000 1647 2026 uti
1662 2001 1688 2026 iu
1709 2007 1753 2027 sa-

970 2033 1115 2068 cramentis
1129 2041 1135 2059 :
1151 2040 1302 2067 quanquam
1316 2034 1460 2068 secundum
1478 2034 1562 2068 legem
1584 2038 1675 2060 utatur
1687 2035 1752 2062 solis

971 2067 1134 2099 hominibus,
1150 2069 1349 2102 utquibuscum
1366 2067 1433 2100 ipse,
1459 2067 1689 2095 sacramentorum
1709 2077 1754 2096 au-

970 2106 1040 2133 ctor,
1060 2103 1240 2129 communicat
1274 2103 1299 2128 in
1323 2106 1537 2136 naturazneque
1562 2110 1614 2129 non
1640 2103 1752 2136 factum,

976 2136 1091 2170 Spiritus
1117 2137 1252 2168 veritatis,
1268 2136 1407 2163 mendacio
1421 2141 1582 2164 astruerent.
1600 2136 1649 2164 Vix
1661 2143 1751 2164 autem

976 2170 1056 2197 fuerit
1072 2171 1178 2204 aliquis,
1193 2171 1226 2197 de
1246 2178 1299 2204 quo
1320 2171 1413 2204 majori
1433 2171 1523 2205 specie
1540 2172 1749 2205 probabilitatis,

971 2205 1258 2241 privilegium‘tantum‘
1272 2205 1345 2232 credi
1363 2206 1405 2239 pie
1427 2211 1527 2238 posset,
1544 2207 1601 2233 sive
1617 2206 1750 2241 insignem

972 2239 1150 2274 Amphilochii
1175 2239 1344 2267 sanctitatem
1367 2244 1394 2266 et
1418 2241 1651 2274 contemplationis
1666 2239 1754 2268 excel-

971 2274 1079 2301 lentiam
1095 2279 1264 2308 spectemus;
1277 2275 1333 2302 sive
1346 2275 1473 2301 malitiam
1485 2275 1625 2309 temporis,
1645 2276 1753 2309 quando

970 2309 1003 2336 ad
1012 2309 1247 2343 petulantissimos
1262 2309 1402 2336 haereticos
1417 2311 1588 2341 coercendos,
1598 2310 1681 2343 major
1693 2311 1753 2337 viro

970 2344 1015 2378 qui
1038 2343 1110 2379 velut
1133 2345 1256 2378 princeps
1291 2344 1483 2371 catholicorum
1513 2345 1753 2379 episcoporumqoe

970 2383 1052 2413 esset,
1069 2378 1185 2410 futurus.
1204 2379 1352 2406 Athanasio
1376 2378 1551 2413 Basilioquee
1568 2379 1635 2406 vivis
1664 2387 1751 2406 exetn.

970 2412 1208 2448 ptis,jactatoqne,
1237 2421 1269 2441 ac
1297 2414 1402 2440 tandem
1424 2412 1597 2441 exauctorati)
1621 2414 1751 2448 Gregorio

971 2448 1118 2482 Theologo,
1139 2449 1285 2475 auctoritas
1296 2449 1462 2476 concilianda
1478 2448 1539 2475 fuit.

1005 2483 1052 2510 Est
1067 2484 1092 2510 in
1113 2483 1180 2510 Vitis
1203 2483 1309 2510 Patrum
1329 2483 1482 2517 Roswcydi,
1500 2488 1527 2509 ut
1548 2483 1695 2510 monachus
1712 2483 1747 2509 sit

970 2519 1095 2545 redactus
1107 2519 1139 2544 ad
1153 2519 1274 2545 ordinem
1290 2525 1304 2544 a
1324 2518 1459 2550 Patribus,
1473 2518 1517 2551 qui
1531 2518 1582 2544 sibi
1603 2519 1744 2544 videbatur

970 2553 1009 2579 sic
1032 2552 1191 2579 tuiraculose
1213 2553 1352 2580 ordinatus
1376 2553 1404 2578 in
1430 2553 1624 2587 presbyterum.
1656 2552 1750 2587 {lingua

970 2592 1042 2614 certe
1070 2588 1097 2614 itt
1122 2589 1201 2614 rebus
1217 2589 1281 2614 tanti
1312 2589 1438 2614 momenti
1457 2594 1523 2621 opus
1537 2587 1668 2613 cautione.
1691 2586 1752 2613 Nul-

971 2622 1024 2648 lum
1037 2623 1105 2656 apud
1119 2623 1284 2656 antiquiores
1298 2623 1415 2649 occurrit
1433 2622 1542 2655 hujusce
1557 2627 1609 2648 tant
1629 2622 1749 2655 singula-

970 2658 1008 2683 ris
1023 2657 1197 2684 ordinationis
1219 2656 1399 2691 Alttphilocllil
1421 2657 1504 2682 nostri
1521 2663 1721 2683 monumentum
1741 2665 1747 2682 :

970 2692 1020 2718 nisi
1038 2692 1106 2718 forte
1127 2692 1271 2727 Gregorius
1296 2699 1379 2718 carm.
1399 2694 1558 2725 parmnctico
1573 2692 1604 2718 ad
1620 2691 1752 2727 Olympia-

970 2727 1030 2753 dcm
1056 2727 1089 2753 ad
1111 2734 1168 2752 eum
1199 2727 1343 2760 respexerit
1366 2726 1382 2760 ﬁt
1403 2726 1462 2758 102,
1481 2727 1682 2752 transmissiouc
1707 2726 1750 2751 illa

970 2761 1002 2787 ad
1019 2761 1111 2792 Deum.
1129 2760 1215 2797 Θέκλη
1233 2759 1264 2795 γε
1279 2762 1326 2787 σὺν
1341 2759 1410 2796 ἁγνῇ
1422 2769 1431 2797 ’ν
1450 2769 1507 2787 cum
1529 2761 1623 2796 virgine
1639 2759 1750 2797 Thecla;

970 2803 1032 2831 nant
1049 2803 1107 2822 cum
1132 2803 1183 2823 non
1211 2802 1294 2831 posmt
1321 2796 1433 2830 illltflllgi
1449 2797 1480 2823 de
1499 2796 1701 2831 transmissionc
1716 2797 1750 2821 ad

972 2830 1053 2858 Deutn
1073 2838 1120 2865 per
1133 2829 1271 2859 cxcessuin
1288 2838 1305 2858 α
1333 2832 1397 2864 \itu,
1412 2829 1444 2858 ’ut
1459 2831 1524 2858 satis
1538 2831 1605 2858 bcnc
1620 2829 1749 2857 Baronius
