  <div class='ocr_page' id='page_1' title='image "/cluster/home/n/w/nwhite01/storage/ocr_20150623/39/njp.32101010943528/015.png"; bbox 0 0 1904 3054; ppageno 0'>
   <div class='ocr_carea' id='block_1_1' title="bbox 127 125 1744 169">
    <p class='ocr_par' dir='ltr' id='par_1_1' title="bbox 127 125 1744 169">
     <span class='ocr_line' id='line_1_1' title="bbox 127 125 1744 169; baseline 0.003 -14"><span class='ocrx_word' id='word_1_1' title='bbox 127 125 162 155; x_wconf 74' lang='grc'>19</span> <span class='ocrx_word' id='word_1_2' title='bbox 610 129 636 158; x_wconf 83' lang='lat' dir='ltr'><strong>S.</strong></span> <span class='ocrx_word' id='word_1_3' title='bbox 656 129 881 169; x_wconf 71' lang='lat' dir='ltr'><strong>AMPlllLOCllll</strong></span> <span class='ocrx_word' id='word_1_4' title='bbox 901 129 1094 159; x_wconf 81' lang='lat' dir='ltr'><strong>lCONIENSlS</strong></span> <span class='ocrx_word' id='word_1_5' title='bbox 1114 130 1269 159; x_wconf 80' lang='lat' dir='ltr'><strong>EPISCOPI</strong></span> <span class='ocrx_word' id='word_1_6' title='bbox 1707 133 1744 160; x_wconf 76' lang='lat'><strong>20</strong></span> 
     </span>
    </p>
   </div>
   <div class='ocr_carea' id='block_1_2' title="bbox 125 185 905 227">
    <p class='ocr_par' dir='ltr' id='par_1_2' title="bbox 125 185 904 225">
     <span class='ocr_line' id='line_1_2' title="bbox 125 185 904 225; baseline 0.008 -14"><span class='ocrx_word' id='word_1_7' title='bbox 125 185 214 220; x_wconf 87' lang='lat' dir='ltr'><strong>nopoli</strong></span> <span class='ocrx_word' id='word_1_8' title='bbox 229 185 262 213; x_wconf 86' lang='lat' dir='ltr'><strong>ad</strong></span> <span class='ocrx_word' id='word_1_9' title='bbox 278 185 467 221; x_wconf 83' lang='lat' dir='ltr'><strong>inquirendum</strong></span> <span class='ocrx_word' id='word_1_10' title='bbox 485 188 518 216; x_wconf 88' lang='lat' dir='ltr'><strong>de</strong></span> <span class='ocrx_word' id='word_1_11' title='bbox 538 195 569 216; x_wconf 89' lang='lat' dir='ltr'><strong>ea</strong></span> <span class='ocrx_word' id='word_1_12' title='bbox 594 196 633 221; x_wconf 88' lang='lat' dir='ltr'><strong>re,</strong></span> <span class='ocrx_word' id='word_1_13' title='bbox 651 193 759 216; x_wconf 99' lang='lat' dir='ltr'><strong>centum</strong></span> <span class='ocrx_word' id='word_1_14' title='bbox 776 190 904 225; x_wconf 86' lang='lat' dir='ltr'><strong>quinqua-</strong></span> 
     </span>
    </p>
   </div>
   <div class='ocr_carea' id='block_1_3' title="bbox 957 185 1744 227">
    <p class='ocr_par' dir='ltr' id='par_1_3' title="bbox 957 188 1744 227">
     <span class='ocr_line' id='line_1_3' title="bbox 957 188 1744 227; baseline 0.001 -12"><span class='ocrx_word' id='word_1_15' title='bbox 957 189 1063 216; x_wconf 82' lang='grc' dir='ltr'>σχόπων</span> <span class='ocrx_word' id='word_1_16' title='bbox 1089 193 1145 225; x_wconf 86' lang='grc' dir='ltr'>ρνγ¹</span> <span class='ocrx_word' id='word_1_17' title='bbox 1169 191 1197 218; x_wconf 75' lang='grc' dir='ltr'><strong>ὲν</strong></span> <span class='ocrx_word' id='word_1_18' title='bbox 1223 188 1507 216; x_wconf 79' lang='grc' dir='ltr'>Κωνσταντινουπόλει</span> <span class='ocrx_word' id='word_1_19' title='bbox 1526 189 1646 224; x_wconf 76' lang='grc' dir='ltr'>περὶτοῦ</span> <span class='ocrx_word' id='word_1_20' title='bbox 1658 189 1744 227; x_wconf 78' lang='grc' dir='ltr'><strong>ζητή-</strong></span> 
     </span>
    </p>
   </div>
   <div class='ocr_carea' id='block_1_4' title="bbox 125 231 910 270">
    <p class='ocr_par' dir='ltr' id='par_1_4' title="bbox 125 231 910 270">
     <span class='ocr_line' id='line_1_4' title="bbox 125 231 910 270; baseline 0.006 -12"><span class='ocrx_word' id='word_1_21' title='bbox 125 231 199 265; x_wconf 72' lang='lat' dir='ltr'><strong>ginta</strong></span> <span class='ocrx_word' id='word_1_22' title='bbox 220 232 300 260; x_wconf 92' lang='lat' dir='ltr'><strong>trium</strong></span> <span class='ocrx_word' id='word_1_23' title='bbox 317 232 356 268; x_wconf 93' lang='lat' dir='ltr'><strong>(a)</strong></span> <span class='ocrx_word' id='word_1_24' title='bbox 370 234 557 269; x_wconf 75' lang='lat' dir='ltr'><strong>episcoporum</strong></span> <span class='ocrx_word' id='word_1_25' title='bbox 569 235 697 270; x_wconf 85' lang='lat' dir='ltr'><strong>synodus.</strong></span> <span class='ocrx_word' id='word_1_26' title='bbox 710 235 832 270; x_wconf 86' lang='lat' dir='ltr'><strong>Cumque</strong></span> <span class='ocrx_word' id='word_1_27' title='bbox 844 236 910 263; x_wconf 84' lang='lat' dir='ltr'><strong>Am-</strong></span> 
     </span>
    </p>
   </div>
   <div class='ocr_carea' id='block_1_5' title="bbox 126 278 910 317">
    <p class='ocr_par' dir='ltr' id='par_1_5' title="bbox 126 278 910 317">
     <span class='ocr_line' id='line_1_5' title="bbox 126 278 910 317; baseline 0.008 -13"><span class='ocrx_word' id='word_1_28' title='bbox 126 278 279 312; x_wconf 82' lang='lat' dir='ltr'><strong>philochius</strong></span> <span class='ocrx_word' id='word_1_29' title='bbox 290 279 316 306; x_wconf 90' lang='lat' dir='ltr'><strong>in</strong></span> <span class='ocrx_word' id='word_1_30' title='bbox 337 280 495 307; x_wconf 83' lang='lat' dir='ltr'><strong>memoriam</strong></span> <span class='ocrx_word' id='word_1_31' title='bbox 506 281 635 315; x_wconf 89' lang='lat' dir='ltr'><strong>venisset,</strong></span> <span class='ocrx_word' id='word_1_32' title='bbox 655 281 910 317; x_wconf 84' lang='lat' dir='ltr'><strong>dixeruntepiscopi</strong></span> 
     </span>
    </p>
   </div>
   <div class='ocr_carea' id='block_1_6' title="bbox 126 324 911 363">
    <p class='ocr_par' dir='ltr' id='par_1_6' title="bbox 126 324 911 363">
     <span class='ocr_line' id='line_1_6' title="bbox 126 324 911 363; baseline 0.006 -12"><span class='ocrx_word' id='word_1_33' title='bbox 126 324 160 351; x_wconf 88' lang='lat' dir='ltr'><strong>ad</strong></span> <span class='ocrx_word' id='word_1_34' title='bbox 182 325 370 359; x_wconf 76' lang='lat' dir='ltr'><strong>imperatorem</strong></span> <span class='ocrx_word' id='word_1_35' title='bbox 388 333 395 352; x_wconf 88' lang='lat'><strong>:</strong></span> <span class='ocrx_word' id='word_1_36' title='bbox 412 325 524 354; x_wconf 84' lang='lat' dir='ltr'><strong>Domine</strong></span> <span class='ocrx_word' id='word_1_37' title='bbox 556 327 712 361; x_wconf 84' lang='lat' dir='ltr'><strong>imperator,</strong></span> <span class='ocrx_word' id='word_1_38' title='bbox 739 327 803 361; x_wconf 90' lang='lat' dir='ltr'><strong>jube</strong></span> <span class='ocrx_word' id='word_1_39' title='bbox 829 328 911 363; x_wconf 74' lang='lat' dir='ltr'><strong>igitur</strong></span> 
     </span>
    </p>
   </div>
   <div class='ocr_carea' id='block_1_7' title="bbox 126 368 909 406">
    <p class='ocr_par' dir='ltr' id='par_1_7' title="bbox 126 368 909 406">
     <span class='ocr_line' id='line_1_7' title="bbox 126 368 909 406; baseline 0.005 -10"><span class='ocrx_word' id='word_1_40' title='bbox 126 370 280 404; x_wconf 77' lang='lat' dir='ltr'><strong>episcopum</strong></span> <span class='ocrx_word' id='word_1_41' title='bbox 295 370 375 398; x_wconf 92' lang='lat' dir='ltr'><strong>lconii</strong></span> <span class='ocrx_word' id='word_1_42' title='bbox 388 371 498 403; x_wconf 84' lang='lat' dir='ltr'><strong>venire;</strong></span> <span class='ocrx_word' id='word_1_43' title='bbox 515 368 572 398; x_wconf 82' lang='lat' dir='ltr'><strong>etsi</strong></span> <span class='ocrx_word' id='word_1_44' title='bbox 583 371 691 406; x_wconf 84' lang='lat' dir='ltr'><strong>quidem</strong></span> <span class='ocrx_word' id='word_1_45' title='bbox 708 371 789 400; x_wconf 85' lang='lat' dir='ltr'><strong>fuerit</strong></span> <span class='ocrx_word' id='word_1_46' title='bbox 808 372 852 400; x_wconf 88' lang='lat' dir='ltr'><strong>ille</strong></span> <span class='ocrx_word' id='word_1_47' title='bbox 870 373 909 400; x_wconf 79' lang='lat' dir='ltr'><strong>vi-</strong></span> 
     </span>
    </p>
   </div>
   <div class='ocr_carea' id='block_1_8' title="bbox 126 415 909 452">
    <p class='ocr_par' dir='ltr' id='par_1_8' title="bbox 126 415 909 452">
     <span class='ocr_line' id='line_1_8' title="bbox 126 415 909 452; baseline 0.005 -11"><span class='ocrx_word' id='word_1_48' title='bbox 126 419 194 447; x_wconf 80' lang='lat' dir='ltr'><strong>ctus,</strong></span> <span class='ocrx_word' id='word_1_49' title='bbox 211 415 261 450; x_wconf 87' lang='lat' dir='ltr'><strong>ipsi</strong></span> <span class='ocrx_word' id='word_1_50' title='bbox 282 423 377 443; x_wconf 84' lang='lat' dir='ltr'><strong>omnes</strong></span> <span class='ocrx_word' id='word_1_51' title='bbox 400 416 464 443; x_wconf 85' lang='lat' dir='ltr'><strong>victi</strong></span> <span class='ocrx_word' id='word_1_52' title='bbox 485 415 627 445; x_wconf 83' lang='lat' dir='ltr'><strong>fuerimus.</strong></span> <span class='ocrx_word' id='word_1_53' title='bbox 638 416 803 452; x_wconf 86' lang='lat' dir='ltr'><strong>lmperatore</strong></span> <span class='ocrx_word' id='word_1_54' title='bbox 820 422 909 445; x_wconf 88' lang='lat' dir='ltr'><strong>autem</strong></span> 
     </span>
    </p>
   </div>
   <div class='ocr_carea' id='block_1_9' title="bbox 123 460 910 498">
    <p class='ocr_par' dir='ltr' id='par_1_9' title="bbox 123 460 910 498">
     <span class='ocr_line' id='line_1_9' title="bbox 123 460 910 498; baseline 0.008 -12"><span class='ocrx_word' id='word_1_55' title='bbox 123 460 231 493; x_wconf 74' lang='lat' dir='ltr'><strong>iubente</strong></span> <span class='ocrx_word' id='word_1_56' title='bbox 247 461 321 487; x_wconf 89' lang='lat' dir='ltr'><strong>venit</strong></span> <span class='ocrx_word' id='word_1_57' title='bbox 338 461 555 496; x_wconf 84' lang='lat' dir='ltr'><strong>Amphilochius,</strong></span> <span class='ocrx_word' id='word_1_58' title='bbox 574 467 601 490; x_wconf 88' lang='lat' dir='ltr'><strong>ut</strong></span> <span class='ocrx_word' id='word_1_59' title='bbox 616 463 660 498; x_wconf 88' lang='lat' dir='ltr'><strong>qui</strong></span> <span class='ocrx_word' id='word_1_60' title='bbox 688 471 740 491; x_wconf 91' lang='lat' dir='ltr'><strong>non</strong></span> <span class='ocrx_word' id='word_1_61' title='bbox 770 465 910 492; x_wconf 85' lang='lat' dir='ltr'><strong>resisteret</strong></span> 
     </span>
    </p>
   </div>
   <div class='ocr_carea' id='block_1_10' title="bbox 126 505 909 543">
    <p class='ocr_par' dir='ltr' id='par_1_10' title="bbox 126 505 909 543">
     <span class='ocr_line' id='line_1_10' title="bbox 126 505 909 543; baseline 0.008 -11"><span class='ocrx_word' id='word_1_62' title='bbox 126 505 313 540; x_wconf 82' lang='lat' dir='ltr'><strong>imperialibus</strong></span> <span class='ocrx_word' id='word_1_63' title='bbox 328 507 474 539; x_wconf 82' lang='lat' dir='ltr'><strong>mandatis,</strong></span> <span class='ocrx_word' id='word_1_64' title='bbox 493 508 629 536; x_wconf 87' lang='lat' dir='ltr'><strong>Theodqu</strong></span> <span class='ocrx_word' id='word_1_65' title='bbox 644 508 702 543; x_wconf 74' lang='lat' dir='ltr'><strong>cjus</strong></span> <span class='ocrx_word' id='word_1_66' title='bbox 719 510 909 538; x_wconf 83' lang='lat' dir='ltr'><strong>archidiacono</strong></span> 
     </span>
    </p>
   </div>
   <div class='ocr_carea' id='block_1_11' title="bbox 125 551 909 590">
    <p class='ocr_par' dir='ltr' id='par_1_11' title="bbox 125 551 909 590">
     <span class='ocr_line' id='line_1_11' title="bbox 125 551 909 590; baseline 0.008 -11"><span class='ocrx_word' id='word_1_67' title='bbox 125 552 234 579; x_wconf 85' lang='lat' dir='ltr'><strong>comite.</strong></span> <span class='ocrx_word' id='word_1_68' title='bbox 264 551 358 585; x_wconf 88' lang='lat' dir='ltr'><strong>Porro,</strong></span> <span class='ocrx_word' id='word_1_69' title='bbox 378 561 439 580; x_wconf 90' lang='lat' dir='ltr'><strong>cum</strong></span> <span class='ocrx_word' id='word_1_70' title='bbox 468 553 559 582; x_wconf 88' lang='lat' dir='ltr'><strong>lconio</strong></span> <span class='ocrx_word' id='word_1_71' title='bbox 588 555 774 590; x_wconf 79' lang='lat' dir='ltr'><strong>egrederetur,</strong></span> <span class='ocrx_word' id='word_1_72' title='bbox 792 557 853 584; x_wconf 93' lang='lat' dir='ltr'><strong>tulit</strong></span> <span class='ocrx_word' id='word_1_73' title='bbox 875 565 909 585; x_wconf 86' lang='lat' dir='ltr'><strong>ett</strong></span> 
     </span>
    </p>
   </div>
   <div class='ocr_carea' id='block_1_12' title="bbox 127 596 910 636">
    <p class='ocr_par' dir='ltr' id='par_1_12' title="bbox 127 596 910 636">
     <span class='ocr_line' id='line_1_12' title="bbox 127 596 910 636; baseline 0.01 -14"><span class='ocrx_word' id='word_1_74' title='bbox 127 600 202 623; x_wconf 82' lang='lat' dir='ltr'><strong>strue</strong></span> <span class='ocrx_word' id='word_1_75' title='bbox 220 596 328 631; x_wconf 88' lang='lat' dir='ltr'><strong>plenum</strong></span> <span class='ocrx_word' id='word_1_76' title='bbox 341 597 402 633; x_wconf 81' lang='lat' dir='ltr'><strong>igne</strong></span> <span class='ocrx_word' id='word_1_77' title='bbox 419 598 564 627; x_wconf 83' lang='lat' dir='ltr'><strong>carbonem</strong></span> <span class='ocrx_word' id='word_1_78' title='bbox 584 599 631 636; x_wconf 72' lang='grc' dir='ltr'><strong>(ὁ),</strong></span> <span class='ocrx_word' id='word_1_79' title='bbox 651 601 810 636; x_wconf 84' lang='lat' dir='ltr'><strong>tradiditque</strong></span> <span class='ocrx_word' id='word_1_80' title='bbox 822 603 910 630; x_wconf 85' lang='lat' dir='ltr'><strong>archi-</strong></span> 
     </span>
    </p>
   </div>
   <div class='ocr_carea' id='block_1_13' title="bbox 125 641 908 682">
    <p class='ocr_par' dir='ltr' id='par_1_13' title="bbox 125 641 908 682">
     <span class='ocr_line' id='line_1_13' title="bbox 125 641 908 682; baseline 0.011 -16"><span class='ocrx_word' id='word_1_81' title='bbox 125 641 248 673; x_wconf 86' lang='lat' dir='ltr'><strong>diacono,</strong></span> <span class='ocrx_word' id='word_1_82' title='bbox 277 641 388 670; x_wconf 89' lang='lat' dir='ltr'><strong>dicens:</strong></span> <span class='ocrx_word' id='word_1_83' title='bbox 405 642 461 670; x_wconf 91' lang='lat' dir='ltr'><strong>lloc</strong></span> <span class='ocrx_word' id='word_1_84' title='bbox 483 646 552 678; x_wconf 81' lang='lat' dir='ltr'><strong>apud</strong></span> <span class='ocrx_word' id='word_1_85' title='bbox 571 650 597 672; x_wconf 84' lang='lat' dir='ltr'><strong>te</strong></span> <span class='ocrx_word' id='word_1_86' title='bbox 617 653 706 679; x_wconf 86' lang='lat' dir='ltr'><strong>serva,</strong></span> <span class='ocrx_word' id='word_1_87' title='bbox 734 656 819 682; x_wconf 84' lang='lat' dir='ltr'><strong>usque</strong></span> <span class='ocrx_word' id='word_1_88' title='bbox 845 648 908 675; x_wconf 92' lang='lat' dir='ltr'><strong>dum</strong></span> 
     </span>
    </p>
   </div>
   <div class='ocr_carea' id='block_1_14' title="bbox 126 685 909 726">
    <p class='ocr_par' dir='ltr' id='par_1_14' title="bbox 126 685 909 726">
     <span class='ocr_line' id='line_1_14' title="bbox 126 685 909 726; baseline 0.011 -14"><span class='ocrx_word' id='word_1_89' title='bbox 126 685 230 713; x_wconf 80' lang='lat' dir='ltr'><strong>dixero.</strong></span> <span class='ocrx_word' id='word_1_90' title='bbox 242 686 452 722; x_wconf 87' lang='lat' dir='ltr'><strong>Conscensoque</strong></span> <span class='ocrx_word' id='word_1_91' title='bbox 465 689 536 723; x_wconf 91' lang='lat' dir='ltr'><strong>pullo</strong></span> <span class='ocrx_word' id='word_1_92' title='bbox 546 691 624 722; x_wconf 85' lang='lat' dir='ltr'><strong>asini,</strong></span> <span class='ocrx_word' id='word_1_93' title='bbox 639 692 767 726; x_wconf 78' lang='lat' dir='ltr'><strong>pergebat</strong></span> <span class='ocrx_word' id='word_1_94' title='bbox 776 692 909 720; x_wconf 88' lang='lat' dir='ltr'><strong>C0nstan-</strong></span> 
     </span>
    </p>
   </div>
   <div class='ocr_carea' id='block_1_15' title="bbox 125 730 908 771">
    <p class='ocr_par' dir='ltr' id='par_1_15' title="bbox 125 730 908 771">
     <span class='ocr_line' id='line_1_15' title="bbox 125 730 908 771; baseline 0.01 -14"><span class='ocrx_word' id='word_1_95' title='bbox 125 730 262 766; x_wconf 90' lang='lat' dir='ltr'><strong>tinopolim</strong></span> <span class='ocrx_word' id='word_1_96' title='bbox 280 740 287 758; x_wconf 88' lang='lat'><strong>:</strong></span> <span class='ocrx_word' id='word_1_97' title='bbox 307 739 338 759; x_wconf 88' lang='lat' dir='ltr'><strong>ac</strong></span> <span class='ocrx_word' id='word_1_98' title='bbox 358 740 446 768; x_wconf 84' lang='lat' dir='ltr'><strong>neque</strong></span> <span class='ocrx_word' id='word_1_99' title='bbox 464 736 581 762; x_wconf 88' lang='lat' dir='ltr'><strong>comedit</strong></span> <span class='ocrx_word' id='word_1_100' title='bbox 599 743 687 771; x_wconf 89' lang='lat' dir='ltr'><strong>neque</strong></span> <span class='ocrx_word' id='word_1_101' title='bbox 716 737 793 768; x_wconf 89' lang='lat' dir='ltr'><strong>bibit,</strong></span> <span class='ocrx_word' id='word_1_102' title='bbox 824 738 908 766; x_wconf 90' lang='lat' dir='ltr'><strong>donec</strong></span> 
     </span>
    </p>
   </div>
   <div class='ocr_carea' id='block_1_16' title="bbox 123 777 907 817">
    <p class='ocr_par' dir='ltr' id='par_1_16' title="bbox 123 777 907 817">
     <span class='ocr_line' id='line_1_16' title="bbox 123 777 907 817; baseline 0.01 -14"><span class='ocrx_word' id='word_1_103' title='bbox 123 777 217 804; x_wconf 89' lang='lat' dir='ltr'><strong>urbem</strong></span> <span class='ocrx_word' id='word_1_104' title='bbox 245 777 442 812; x_wconf 78' lang='lat' dir='ltr'><strong>ingrederetur.</strong></span> <span class='ocrx_word' id='word_1_105' title='bbox 469 780 553 814; x_wconf 84' lang='lat' dir='ltr'><strong>Quam</strong></span> <span class='ocrx_word' id='word_1_106' title='bbox 580 781 717 816; x_wconf 77' lang='lat' dir='ltr'><strong>ingressus</strong></span> <span class='ocrx_word' id='word_1_107' title='bbox 738 783 803 810; x_wconf 88' lang='lat' dir='ltr'><strong>hora</strong></span> <span class='ocrx_word' id='word_1_108' title='bbox 827 791 907 817; x_wconf 82' lang='lat' dir='ltr'><strong>nona,</strong></span> 
     </span>
    </p>
   </div>
   <div class='ocr_carea' id='block_1_17' title="bbox 124 820 909 857">
    <p class='ocr_par' dir='ltr' id='par_1_17' title="bbox 124 820 909 857">
     <span class='ocr_line' id='line_1_17' title="bbox 124 820 909 857; baseline 0.013 -11"><span class='ocrx_word' id='word_1_109' title='bbox 124 820 232 848; x_wconf 87' lang='lat' dir='ltr'><strong>divertit</strong></span> <span class='ocrx_word' id='word_1_110' title='bbox 246 822 316 856; x_wconf 89' lang='lat' dir='ltr'><strong>apud</strong></span> <span class='ocrx_word' id='word_1_111' title='bbox 334 824 478 857; x_wconf 85' lang='lat' dir='ltr'><strong>quamdam</strong></span> <span class='ocrx_word' id='word_1_112' title='bbox 493 825 633 853; x_wconf 88' lang='lat' dir='ltr'><strong>mulierem</strong></span> <span class='ocrx_word' id='word_1_113' title='bbox 648 827 755 854; x_wconf 84' lang='lat' dir='ltr'><strong>viduam</strong></span> <span class='ocrx_word' id='word_1_114' title='bbox 774 835 825 855; x_wconf 89' lang='lat' dir='ltr'><strong>:ac</strong></span> <span class='ocrx_word' id='word_1_115' title='bbox 844 836 909 856; x_wconf 89' lang='lat' dir='ltr'><strong>con-</strong></span> 
     </span>
    </p>
   </div>
   <div class='ocr_carea' id='block_1_18' title="bbox 123 865 908 907">
    <p class='ocr_par' dir='ltr' id='par_1_18' title="bbox 123 865 908 907">
     <span class='ocr_line' id='line_1_18' title="bbox 123 865 908 907; baseline 0.01 -15"><span class='ocrx_word' id='word_1_116' title='bbox 123 865 225 898; x_wconf 76' lang='lat' dir='ltr'><strong>restim,</strong></span> <span class='ocrx_word' id='word_1_117' title='bbox 243 865 326 893; x_wconf 87' lang='lat' dir='ltr'><strong>Deum</strong></span> <span class='ocrx_word' id='word_1_118' title='bbox 339 867 512 901; x_wconf 83' lang='lat' dir='ltr'><strong>benedicens,</strong></span> <span class='ocrx_word' id='word_1_119' title='bbox 529 869 562 896; x_wconf 87' lang='lat' dir='ltr'><strong>ad</strong></span> <span class='ocrx_word' id='word_1_120' title='bbox 583 870 725 898; x_wconf 79' lang='lat' dir='ltr'><strong>ecclesiam</strong></span> <span class='ocrx_word' id='word_1_121' title='bbox 754 876 796 900; x_wconf 88' lang='lat' dir='ltr'><strong>est</strong></span> <span class='ocrx_word' id='word_1_122' title='bbox 822 871 908 907; x_wconf 79' lang='lat' dir='ltr'><strong>profe-</strong></span> 
     </span>
    </p>
   </div>
   <div class='ocr_carea' id='block_1_19' title="bbox 125 911 906 954">
    <p class='ocr_par' dir='ltr' id='par_1_19' title="bbox 125 911 906 954">
     <span class='ocr_line' id='line_1_19' title="bbox 125 911 906 954; baseline 0.01 -16"><span class='ocrx_word' id='word_1_123' title='bbox 125 917 194 940; x_wconf 87' lang='lat' dir='ltr'><strong>ctus.</strong></span> <span class='ocrx_word' id='word_1_124' title='bbox 215 911 398 940; x_wconf 85' lang='lat' dir='ltr'><strong>Erantautem</strong></span> <span class='ocrx_word' id='word_1_125' title='bbox 422 918 507 947; x_wconf 76' lang='lat' dir='ltr'><strong>porta:</strong></span> <span class='ocrx_word' id='word_1_126' title='bbox 525 922 619 944; x_wconf 90' lang='lat' dir='ltr'><strong>omnes</strong></span> <span class='ocrx_word' id='word_1_127' title='bbox 631 917 764 945; x_wconf 76' lang='lat' dir='ltr'><strong>obseratae</strong></span> <span class='ocrx_word' id='word_1_128' title='bbox 776 926 784 946; x_wconf 84' lang='lat'><strong>:</strong></span> <span class='ocrx_word' id='word_1_129' title='bbox 798 923 834 951; x_wconf 88' lang='lat' dir='ltr'><strong>at,</strong></span> <span class='ocrx_word' id='word_1_130' title='bbox 849 919 906 954; x_wconf 88' lang='lat' dir='ltr'><strong>ipso</strong></span> 
     </span>
    </p>
   </div>
   <div class='ocr_carea' id='block_1_20' title="bbox 124 957 906 997">
    <p class='ocr_par' dir='ltr' id='par_1_20' title="bbox 124 957 906 997">
     <span class='ocr_line' id='line_1_20' title="bbox 124 957 906 997; baseline 0.012 -14"><span class='ocrx_word' id='word_1_131' title='bbox 124 957 218 991; x_wconf 83' lang='lat' dir='ltr'><strong>positis</strong></span> <span class='ocrx_word' id='word_1_132' title='bbox 233 958 347 992; x_wconf 75' lang='lat' dir='ltr'><strong>genibus</strong></span> <span class='ocrx_word' id='word_1_133' title='bbox 361 965 497 993; x_wconf 84' lang='lat' dir='ltr'><strong>precante,</strong></span> <span class='ocrx_word' id='word_1_134' title='bbox 515 961 606 988; x_wconf 86' lang='lat' dir='ltr'><strong>statim</strong></span> <span class='ocrx_word' id='word_1_135' title='bbox 623 967 724 997; x_wconf 77' lang='lat' dir='ltr'><strong>aperta:</strong></span> <span class='ocrx_word' id='word_1_136' title='bbox 748 971 809 990; x_wconf 91' lang='lat' dir='ltr'><strong>eum</strong></span> <span class='ocrx_word' id='word_1_137' title='bbox 833 964 906 993; x_wconf 86' lang='lat' dir='ltr'><strong>intus</strong></span> 
     </span>
    </p>
   </div>
   <div class='ocr_carea' id='block_1_21' title="bbox 123 1004 906 1044">
    <p class='ocr_par' dir='ltr' id='par_1_21' title="bbox 123 1004 906 1044">
     <span class='ocr_line' id='line_1_21' title="bbox 123 1004 906 1044; baseline 0.01 -14"><span class='ocrx_word' id='word_1_138' title='bbox 123 1009 310 1039; x_wconf 81' lang='lat' dir='ltr'><strong>susceperunt.</strong></span> <span class='ocrx_word' id='word_1_139' title='bbox 338 1004 386 1033; x_wconf 90' lang='lat' dir='ltr'><strong>llle</strong></span> <span class='ocrx_word' id='word_1_140' title='bbox 415 1013 479 1035; x_wconf 84' lang='lat' dir='ltr'><strong>vero</strong></span> <span class='ocrx_word' id='word_1_141' title='bbox 507 1007 547 1036; x_wconf 88' lang='lat' dir='ltr'><strong>sic</strong></span> <span class='ocrx_word' id='word_1_142' title='bbox 575 1016 655 1036; x_wconf 82' lang='lat' dir='ltr'><strong>orare</strong></span> <span class='ocrx_word' id='word_1_143' title='bbox 677 1009 906 1044; x_wconf 69' lang='lat' dir='ltr'><strong>cmpittDomine</strong></span> 
     </span>
    </p>
   </div>
   <div class='ocr_carea' id='block_1_22' title="bbox 122 1049 904 1090">
    <p class='ocr_par' dir='ltr' id='par_1_22' title="bbox 122 1049 904 1090">
     <span class='ocr_line' id='line_1_22' title="bbox 122 1049 904 1090; baseline 0.009 -13"><span class='ocrx_word' id='word_1_144' title='bbox 122 1049 185 1078; x_wconf 79' lang='lat' dir='ltr'><strong>Jcsu</strong></span> <span class='ocrx_word' id='word_1_145' title='bbox 196 1050 314 1083; x_wconf 86' lang='lat' dir='ltr'><strong>Christe,</strong></span> <span class='ocrx_word' id='word_1_146' title='bbox 333 1052 414 1084; x_wconf 88' lang='lat' dir='ltr'><strong>Deus,</strong></span> <span class='ocrx_word' id='word_1_147' title='bbox 430 1060 481 1079; x_wconf 95' lang='lat' dir='ltr'><strong>non</strong></span> <span class='ocrx_word' id='word_1_148' title='bbox 495 1059 536 1080; x_wconf 88' lang='lat' dir='ltr'><strong>est</strong></span> <span class='ocrx_word' id='word_1_149' title='bbox 549 1054 576 1081; x_wconf 89' lang='lat' dir='ltr'><strong>in</strong></span> <span class='ocrx_word' id='word_1_150' title='bbox 589 1061 632 1081; x_wconf 90' lang='lat' dir='ltr'><strong>me</strong></span> <span class='ocrx_word' id='word_1_151' title='bbox 647 1061 736 1082; x_wconf 88' lang='lat' dir='ltr'><strong>sermo</strong></span> <span class='ocrx_word' id='word_1_152' title='bbox 749 1056 904 1090; x_wconf 75' lang='lat' dir='ltr'><strong>sapientizc:</strong></span> 
     </span>
    </p>
   </div>
   <div class='ocr_carea' id='block_1_23' title="bbox 122 1098 905 1136">
    <p class='ocr_par' dir='ltr' id='par_1_23' title="bbox 122 1098 905 1136">
     <span class='ocr_line' id='line_1_23' title="bbox 122 1098 905 1136; baseline 0.008 -13"><span class='ocrx_word' id='word_1_153' title='bbox 122 1104 171 1123; x_wconf 91' lang='lat' dir='ltr'><strong>nec</strong></span> <span class='ocrx_word' id='word_1_154' title='bbox 190 1098 249 1124; x_wconf 90' lang='lat' dir='ltr'><strong>novi</strong></span> <span class='ocrx_word' id='word_1_155' title='bbox 270 1098 335 1132; x_wconf 91' lang='lat' dir='ltr'><strong>quid</strong></span> <span class='ocrx_word' id='word_1_156' title='bbox 353 1099 441 1126; x_wconf 79' lang='lat' dir='ltr'><strong>dicant</strong></span> <span class='ocrx_word' id='word_1_157' title='bbox 466 1099 597 1134; x_wconf 88' lang='lat' dir='ltr'><strong>loquarve</strong></span> <span class='ocrx_word' id='word_1_158' title='bbox 618 1107 710 1127; x_wconf 91' lang='lat' dir='ltr'><strong>coram</strong></span> <span class='ocrx_word' id='word_1_159' title='bbox 733 1101 905 1136; x_wconf 86' lang='lat' dir='ltr'><strong>imperatore.</strong></span> 
     </span>
    </p>
   </div>
   <div class='ocr_carea' id='block_1_24' title="bbox 124 1144 906 1182">
    <p class='ocr_par' dir='ltr' id='par_1_24' title="bbox 124 1144 906 1182">
     <span class='ocr_line' id='line_1_24' title="bbox 124 1144 906 1182; baseline 0.006 -13"><span class='ocrx_word' id='word_1_160' title='bbox 124 1144 185 1170; x_wconf 67' lang='lat' dir='ltr'><strong>ilazc</strong></span> <span class='ocrx_word' id='word_1_161' title='bbox 199 1150 260 1170; x_wconf 92' lang='lat' dir='ltr'><strong>cum</strong></span> <span class='ocrx_word' id='word_1_162' title='bbox 278 1144 402 1177; x_wconf 77' lang='lat' dir='ltr'><strong>dixisset,</strong></span> <span class='ocrx_word' id='word_1_163' title='bbox 417 1145 503 1172; x_wconf 84' lang='lat' dir='ltr'><strong>astitit</strong></span> <span class='ocrx_word' id='word_1_164' title='bbox 518 1145 655 1177; x_wconf 87' lang='lat' dir='ltr'><strong>Christus,</strong></span> <span class='ocrx_word' id='word_1_165' title='bbox 668 1146 713 1180; x_wconf 92' lang='lat' dir='ltr'><strong>qui</strong></span> <span class='ocrx_word' id='word_1_166' title='bbox 732 1154 779 1181; x_wconf 89' lang='lat' dir='ltr'><strong>per</strong></span> <span class='ocrx_word' id='word_1_167' title='bbox 794 1147 906 1182; x_wconf 66' lang='lat' dir='ltr'><strong>prophe«</strong></span> 
     </span>
    </p>
   </div>
   <div class='ocr_carea' id='block_1_25' title="bbox 122 1190 906 1225">
    <p class='ocr_par' dir='ltr' id='par_1_25' title="bbox 122 1190 906 1225">
     <span class='ocr_line' id='line_1_25' title="bbox 122 1190 906 1225; baseline 0.004 -9"><span class='ocrx_word' id='word_1_168' title='bbox 122 1195 163 1216; x_wconf 84' lang='lat' dir='ltr'><strong>tas</strong></span> <span class='ocrx_word' id='word_1_169' title='bbox 177 1194 281 1216; x_wconf 70' lang='lat' dir='ltr'><strong>locutus</strong></span> <span class='ocrx_word' id='word_1_170' title='bbox 292 1194 344 1221; x_wconf 85' lang='lat' dir='ltr'><strong>est,</strong></span> <span class='ocrx_word' id='word_1_171' title='bbox 360 1190 472 1217; x_wconf 89' lang='lat' dir='ltr'><strong>dicens:</strong></span> <span class='ocrx_word' id='word_1_172' title='bbox 487 1190 573 1225; x_wconf 88' lang='lat' dir='ltr'><strong>Prope</strong></span> <span class='ocrx_word' id='word_1_173' title='bbox 589 1196 627 1218; x_wconf 72' lang='lat' dir='ltr'><strong>est</strong></span> <span class='ocrx_word' id='word_1_174' title='bbox 642 1191 771 1219; x_wconf 73' lang='lat' dir='ltr'><strong>Dominus</strong></span> <span class='ocrx_word' id='word_1_175' title='bbox 784 1193 906 1219; x_wconf 78' lang='lat' dir='ltr'><strong>inuocan-</strong></span> 
     </span>
    </p>
   </div>
   <div class='ocr_carea' id='block_1_26' title="bbox 126 1233 905 1273">
    <p class='ocr_par' dir='ltr' id='par_1_26' title="bbox 126 1233 905 1273">
     <span class='ocr_line' id='line_1_26' title="bbox 126 1233 905 1273; baseline 0.008 -13"><span class='ocrx_word' id='word_1_176' title='bbox 126 1233 194 1261; x_wconf 78' lang='lat' dir='ltr'><strong>tibus</strong></span> <span class='ocrx_word' id='word_1_177' title='bbox 221 1242 279 1261; x_wconf 82' lang='lat' dir='ltr'><strong>eum</strong></span> <span class='ocrx_word' id='word_1_178' title='bbox 309 1235 337 1262; x_wconf 77' lang='lat' dir='ltr'><strong>in</strong></span> <span class='ocrx_word' id='word_1_179' title='bbox 364 1236 505 1269; x_wconf 69' lang='lat' dir='ltr'><strong>veritate‘,</strong></span> <span class='ocrx_word' id='word_1_180' title='bbox 524 1236 618 1272; x_wconf 87' lang='lat' dir='ltr'><strong>aitque</strong></span> <span class='ocrx_word' id='word_1_181' title='bbox 648 1237 905 1273; x_wconf 85' lang='lat' dir='ltr'><strong>illi:Amphilochi,</strong></span> 
     </span>
    </p>
   </div>
   <div class='ocr_carea' id='block_1_27' title="bbox 121 1278 906 1319">
    <p class='ocr_par' dir='ltr' id='par_1_27' title="bbox 121 1278 906 1319">
     <span class='ocr_line' id='line_1_27' title="bbox 121 1278 906 1319; baseline 0.009 -13"><span class='ocrx_word' id='word_1_182' title='bbox 121 1278 175 1306; x_wconf 88' lang='lat' dir='ltr'><strong>noli</strong></span> <span class='ocrx_word' id='word_1_183' title='bbox 191 1279 295 1314; x_wconf 84' lang='lat' dir='ltr'><strong>timere,</strong></span> <span class='ocrx_word' id='word_1_184' title='bbox 310 1288 398 1316; x_wconf 81' lang='lat' dir='ltr'><strong>neque</strong></span> <span class='ocrx_word' id='word_1_185' title='bbox 416 1281 612 1316; x_wconf 85' lang='lat' dir='ltr'><strong>trepidaveris:</strong></span> <span class='ocrx_word' id='word_1_186' title='bbox 628 1290 687 1310; x_wconf 94' lang='lat' dir='ltr'><strong>sum</strong></span> <span class='ocrx_word' id='word_1_187' title='bbox 699 1291 749 1318; x_wconf 80' lang='lat' dir='ltr'><strong>ego</strong></span> <span class='ocrx_word' id='word_1_188' title='bbox 763 1288 863 1319; x_wconf 86' lang='lat' dir='ltr'><strong>tecum,</strong></span> <span class='ocrx_word' id='word_1_189' title='bbox 877 1290 906 1313; x_wconf 90' lang='lat' dir='ltr'><strong>ut</strong></span> 
     </span>
    </p>
   </div>
   <div class='ocr_carea' id='block_1_28' title="bbox 121 1326 903 1363">
    <p class='ocr_par' dir='ltr' id='par_1_28' title="bbox 121 1326 903 1363">
     <span class='ocr_line' id='line_1_28' title="bbox 121 1326 903 1363; baseline 0.009 -11"><span class='ocrx_word' id='word_1_190' title='bbox 121 1333 168 1360; x_wconf 90' lang='lat' dir='ltr'><strong>per</strong></span> <span class='ocrx_word' id='word_1_191' title='bbox 185 1330 209 1353; x_wconf 88' lang='lat' dir='ltr'><strong>te</strong></span> <span class='ocrx_word' id='word_1_192' title='bbox 226 1326 331 1360; x_wconf 87' lang='lat' dir='ltr'><strong>loquar,</strong></span> <span class='ocrx_word' id='word_1_193' title='bbox 347 1334 407 1362; x_wconf 81' lang='lat' dir='ltr'><strong>quae</strong></span> <span class='ocrx_word' id='word_1_194' title='bbox 421 1333 447 1355; x_wconf 90' lang='lat' dir='ltr'><strong>te</strong></span> <span class='ocrx_word' id='word_1_195' title='bbox 463 1332 569 1363; x_wconf 87' lang='lat' dir='ltr'><strong>oportet</strong></span> <span class='ocrx_word' id='word_1_196' title='bbox 584 1328 658 1363; x_wconf 89' lang='lat' dir='ltr'><strong>loqui</strong></span> <span class='ocrx_word' id='word_1_197' title='bbox 683 1336 774 1356; x_wconf 88' lang='lat' dir='ltr'><strong>coram</strong></span> <span class='ocrx_word' id='word_1_198' title='bbox 797 1335 903 1359; x_wconf 80' lang='lat' dir='ltr'><strong>senatu.</strong></span> 
     </span>
    </p>
   </div>
   <div class='ocr_carea' id='block_1_29' title="bbox 123 1371 905 1409">
    <p class='ocr_par' dir='ltr' id='par_1_29' title="bbox 123 1371 905 1409">
     <span class='ocr_line' id='line_1_29' title="bbox 123 1371 905 1409; baseline 0.009 -12"><span class='ocrx_word' id='word_1_199' title='bbox 123 1371 210 1406; x_wconf 91' lang='lat' dir='ltr'><strong>lisque</strong></span> <span class='ocrx_word' id='word_1_200' title='bbox 233 1372 324 1405; x_wconf 86' lang='lat' dir='ltr'><strong>dictis,</strong></span> <span class='ocrx_word' id='word_1_201' title='bbox 345 1373 381 1400; x_wconf 89' lang='lat' dir='ltr'><strong>ab</strong></span> <span class='ocrx_word' id='word_1_202' title='bbox 401 1380 434 1400; x_wconf 86' lang='lat' dir='ltr'><strong>eo</strong></span> <span class='ocrx_word' id='word_1_203' title='bbox 460 1373 592 1401; x_wconf 86' lang='lat' dir='ltr'><strong>discessit.</strong></span> <span class='ocrx_word' id='word_1_204' title='bbox 609 1375 644 1401; x_wconf 90' lang='lat' dir='ltr'><strong>At</strong></span> <span class='ocrx_word' id='word_1_205' title='bbox 659 1374 702 1402; x_wconf 88' lang='lat' dir='ltr'><strong>ille</strong></span> <span class='ocrx_word' id='word_1_206' title='bbox 721 1381 856 1409; x_wconf 85' lang='lat' dir='ltr'><strong>egressus,</strong></span> <span class='ocrx_word' id='word_1_207' title='bbox 877 1376 905 1404; x_wconf 92' lang='lat' dir='ltr'><strong>in</strong></span> 
     </span>
    </p>
   </div>
   <div class='ocr_carea' id='block_1_30' title="bbox 121 1417 541 1452">
    <p class='ocr_par' dir='ltr' id='par_1_30' title="bbox 121 1417 541 1452">
     <span class='ocr_line' id='line_1_30' title="bbox 121 1417 541 1452; baseline 0.01 -10"><span class='ocrx_word' id='word_1_208' title='bbox 121 1422 197 1443; x_wconf 74' lang='lat' dir='ltr'><strong>suum</strong></span> <span class='ocrx_word' id='word_1_209' title='bbox 213 1424 242 1444; x_wconf 88' lang='lat' dir='ltr'><strong>se</strong></span> <span class='ocrx_word' id='word_1_210' title='bbox 259 1417 404 1452; x_wconf 77' lang='lat' dir='ltr'><strong>hospitium</strong></span> <span class='ocrx_word' id='word_1_211' title='bbox 419 1417 541 1446; x_wconf 86' lang='lat' dir='ltr'><strong>contulit.</strong></span> 
     </span>
    </p>
   </div>
   <div class='ocr_carea' id='block_1_31' title="bbox 962 233 1744 270">
    <p class='ocr_par' dir='ltr' id='par_1_31' title="bbox 962 233 1744 270">
     <span class='ocr_line' id='line_1_31' title="bbox 962 233 1744 270; baseline 0.003 -9"><span class='ocrx_word' id='word_1_212' title='bbox 962 243 1045 270; x_wconf 81' lang='grc' dir='ltr'><strong>ματος</strong></span> <span class='ocrx_word' id='word_1_213' title='bbox 1066 235 1171 262; x_wconf 87' lang='grc' dir='ltr'>τούτου.</span> <span class='ocrx_word' id='word_1_214' title='bbox 1192 235 1248 262; x_wconf 80' lang='lat' dir='ltr'><strong>Kal</strong></span> <span class='ocrx_word' id='word_1_215' title='bbox 1269 233 1466 269; x_wconf 76' lang='grc' dir='ltr'><strong>ἀναμνησθεὶς,</strong></span> <span class='ocrx_word' id='word_1_216' title='bbox 1484 234 1552 270; x_wconf 83' lang='grc' dir='ltr'>πρὸς</span> <span class='ocrx_word' id='word_1_217' title='bbox 1572 235 1744 270; x_wconf 79' lang='grc' dir='ltr'>τὸνβασιλέα</span> 
     </span>
    </p>
   </div>
   <div class='ocr_carea' id='block_1_32' title="bbox 960 274 1743 315">
    <p class='ocr_par' dir='ltr' id='par_1_32' title="bbox 960 274 1743 315">
     <span class='ocr_line' id='line_1_32' title="bbox 960 274 1743 315; baseline 0.003 -8"><span class='ocrx_word' id='word_1_218' title='bbox 960 278 1036 307; x_wconf 75' lang='grc' dir='ltr'>εἷπον</span> <span class='ocrx_word' id='word_1_219' title='bbox 1061 281 1085 308; x_wconf 75' lang='grc' dir='ltr'><strong>οἱ</strong></span> <span class='ocrx_word' id='word_1_220' title='bbox 1102 280 1260 307; x_wconf 75' lang='grc' dir='ltr'>ἐπίσκοποι·</span> <span class='ocrx_word' id='word_1_221' title='bbox 1283 279 1371 315; x_wconf 82' lang='grc' dir='ltr'>Κύριε</span> <span class='ocrx_word' id='word_1_222' title='bbox 1389 278 1518 314; x_wconf 80' lang='grc' dir='ltr'>βασιλεῦ,</span> <span class='ocrx_word' id='word_1_223' title='bbox 1543 274 1671 307; x_wconf 75' lang='grc' dir='ltr'>κέλευσον</span> <span class='ocrx_word' id='word_1_224' title='bbox 1695 279 1743 309; x_wconf 80' lang='grc' dir='ltr'>οὖν</span> 
     </span>
    </p>
   </div>
   <div class='ocr_carea' id='block_1_33' title="bbox 961 325 1742 362">
    <p class='ocr_par' dir='ltr' id='par_1_33' title="bbox 961 325 1742 362">
     <span class='ocr_line' id='line_1_33' title="bbox 961 325 1742 362; baseline 0.003 -10"><span class='ocrx_word' id='word_1_225' title='bbox 961 325 1050 353; x_wconf 77' lang='grc' dir='ltr'>ἐλθεῖν</span> <span class='ocrx_word' id='word_1_226' title='bbox 1077 326 1124 353; x_wconf 84' lang='grc' dir='ltr'><strong>τὸν</strong></span> <span class='ocrx_word' id='word_1_227' title='bbox 1149 326 1297 353; x_wconf 74' lang='grc' dir='ltr'>ἐπίσκοπον</span> <span class='ocrx_word' id='word_1_228' title='bbox 1327 325 1455 353; x_wconf 85' lang='grc' dir='ltr'>Ἰκονίου·</span> <span class='ocrx_word' id='word_1_229' title='bbox 1480 326 1528 353; x_wconf 75' lang='grc' dir='ltr'><strong>καὶ</strong></span> <span class='ocrx_word' id='word_1_230' title='bbox 1552 326 1599 352; x_wconf 73' lang='grc' dir='ltr'><strong>ἐὰν</strong></span> <span class='ocrx_word' id='word_1_231' title='bbox 1624 327 1742 362; x_wconf 77' lang='grc' dir='ltr'><strong>ἐκεῖνος,</strong></span> 
     </span>
    </p>
   </div>
   <div class='ocr_carea' id='block_1_34' title="bbox 965 371 1742 408">
    <p class='ocr_par' dir='ltr' id='par_1_34' title="bbox 965 371 1742 408">
     <span class='ocr_line' id='line_1_34' title="bbox 965 371 1742 408; baseline 0.001 -10"><span class='ocrx_word' id='word_1_232' title='bbox 965 372 1124 408; x_wconf 80' lang='grc' dir='ltr'><strong>ἡττήθημεν</strong></span> <span class='ocrx_word' id='word_1_233' title='bbox 1136 371 1246 404; x_wconf 86' lang='grc' dir='ltr'>πάντες.</span> <span class='ocrx_word' id='word_1_234' title='bbox 1263 371 1462 404; x_wconf 82' lang='grc' dir='ltr'><strong>Κελευσθέντος</strong></span> <span class='ocrx_word' id='word_1_235' title='bbox 1481 372 1510 398; x_wconf 81' lang='grc' dir='ltr'><strong>δὲ</strong></span> <span class='ocrx_word' id='word_1_236' title='bbox 1529 372 1576 398; x_wconf 81' lang='grc' dir='ltr'>τοῦ</span> <span class='ocrx_word' id='word_1_237' title='bbox 1593 371 1742 407; x_wconf 84' lang='grc' dir='ltr'>βασιλέως,</span> 
     </span>
    </p>
   </div>
   <div class='ocr_carea' id='block_1_35' title="bbox 946 412 1743 454">
    <p class='ocr_par' dir='ltr' id='par_1_35' title="bbox 946 412 1743 454">
     <span class='ocr_line' id='line_1_35' title="bbox 946 412 1743 454; baseline 0 -9"><span class='ocrx_word' id='word_1_238' title='bbox 946 412 952 419; x_wconf 77' lang='grc'><em>’</em></span> <span class='ocrx_word' id='word_1_239' title='bbox 964 415 1046 454; x_wconf 72' lang='grc' dir='ltr'>ἢλθεν</span> <span class='ocrx_word' id='word_1_240' title='bbox 1057 419 1071 445; x_wconf 92' lang='lat'><strong>6</strong></span> <span class='ocrx_word' id='word_1_241' title='bbox 1089 418 1273 454; x_wconf 82' lang='grc' dir='ltr'>Ἀμφιλόχιος,</span> <span class='ocrx_word' id='word_1_242' title='bbox 1284 418 1322 451; x_wconf 89' lang='grc' dir='ltr'><strong>ὠς</strong></span> <span class='ocrx_word' id='word_1_243' title='bbox 1334 419 1372 453; x_wconf 78' lang='grc' dir='ltr'><strong>μὴ</strong></span> <span class='ocrx_word' id='word_1_244' title='bbox 1384 418 1579 453; x_wconf 83' lang='grc' dir='ltr'><strong>ἀνθιστάμενος</strong></span> <span class='ocrx_word' id='word_1_245' title='bbox 1593 418 1743 452; x_wconf 80' lang='grc' dir='ltr'><strong>βασιλικοῖς</strong></span> 
     </span>
    </p>
   </div>
   <div class='ocr_carea' id='block_1_36' title="bbox 961 463 1743 500">
    <p class='ocr_par' dir='ltr' id='par_1_36' title="bbox 961 463 1743 500">
     <span class='ocr_line' id='line_1_36' title="bbox 961 463 1743 500; baseline 0.003 -10"><span class='ocrx_word' id='word_1_246' title='bbox 961 464 1186 499; x_wconf 82' lang='grc' dir='ltr'><strong>προστάγμασιν,</strong></span> <span class='ocrx_word' id='word_1_247' title='bbox 1208 464 1278 499; x_wconf 74' lang='grc' dir='ltr'><strong>ἔχων</strong></span> <span class='ocrx_word' id='word_1_248' title='bbox 1303 464 1362 500; x_wconf 74' lang='grc' dir='ltr'>μετ’</span> <span class='ocrx_word' id='word_1_249' title='bbox 1378 463 1460 490; x_wconf 79' lang='grc' dir='ltr'>αὐτοῦ</span> <span class='ocrx_word' id='word_1_250' title='bbox 1475 464 1522 490; x_wconf 82' lang='grc' dir='ltr'><strong>καὶ</strong></span> <span class='ocrx_word' id='word_1_251' title='bbox 1541 464 1683 492; x_wconf 82' lang='grc' dir='ltr'>Θεόδουλον</span> <span class='ocrx_word' id='word_1_252' title='bbox 1697 464 1743 492; x_wconf 72' lang='grc' dir='ltr'><strong>τὸν</strong></span> 
     </span>
    </p>
   </div>
   <div class='ocr_carea' id='block_1_37' title="bbox 961 508 1742 544">
    <p class='ocr_par' dir='ltr' id='par_1_37' title="bbox 961 508 1742 544">
     <span class='ocr_line' id='line_1_37' title="bbox 961 508 1742 544; baseline 0 -8"><span class='ocrx_word' id='word_1_253' title='bbox 961 509 1152 544; x_wconf 82' lang='grc' dir='ltr'><strong>ἁρχιδιάκονον</strong></span> <span class='ocrx_word' id='word_1_254' title='bbox 1164 508 1258 536; x_wconf 77' lang='grc' dir='ltr'><strong>αὑτοῦ.</strong></span> <span class='ocrx_word' id='word_1_255' title='bbox 1282 508 1383 535; x_wconf 82' lang='grc' dir='ltr'><strong>Τούτου</strong></span> <span class='ocrx_word' id='word_1_256' title='bbox 1397 508 1426 535; x_wconf 85' lang='grc' dir='ltr'><strong>δὲ</strong></span> <span class='ocrx_word' id='word_1_257' title='bbox 1442 508 1621 544; x_wconf 78' lang='grc' dir='ltr'>ὲξερχομένου</span> <span class='ocrx_word' id='word_1_258' title='bbox 1639 509 1673 536; x_wconf 83' lang='grc' dir='ltr'><strong>ὲκ</strong></span> <span class='ocrx_word' id='word_1_259' title='bbox 1695 508 1742 536; x_wconf 81' lang='grc' dir='ltr'><strong>τοῦ</strong></span> 
     </span>
    </p>
   </div>
   <div class='ocr_carea' id='block_1_38' title="bbox 966 551 1743 589">
    <p class='ocr_par' dir='ltr' id='par_1_38' title="bbox 966 551 1743 589">
     <span class='ocr_line' id='line_1_38' title="bbox 966 551 1743 589; baseline 0 -9"><span class='ocrx_word' id='word_1_260' title='bbox 966 553 1092 585; x_wconf 81' lang='grc' dir='ltr'>Ἰκονίου,</span> <span class='ocrx_word' id='word_1_261' title='bbox 1109 551 1175 589; x_wconf 80' lang='grc' dir='ltr'>ἦρεν</span> <span class='ocrx_word' id='word_1_262' title='bbox 1195 554 1227 580; x_wconf 80' lang='grc' dir='ltr'><strong>ὲκ</strong></span> <span class='ocrx_word' id='word_1_263' title='bbox 1241 553 1290 588; x_wconf 86' lang='grc' dir='ltr'><strong>τῆς</strong></span> <span class='ocrx_word' id='word_1_264' title='bbox 1315 552 1463 588; x_wconf 77' lang='grc' dir='ltr'>ἀνθρακιᾶς</span> <span class='ocrx_word' id='word_1_265' title='bbox 1487 553 1640 588; x_wconf 81' lang='grc' dir='ltr'><strong>καρὸούνην</strong></span> <span class='ocrx_word' id='word_1_266' title='bbox 1658 562 1743 589; x_wconf 82' lang='grc' dir='ltr'>μεμε-</span> 
     </span>
    </p>
   </div>
   <div class='ocr_carea' id='block_1_39' title="bbox 960 598 1743 635">
    <p class='ocr_par' dir='ltr' id='par_1_39' title="bbox 960 598 1743 635">
     <span class='ocr_line' id='line_1_39' title="bbox 960 598 1743 635; baseline 0 -10"><span class='ocrx_word' id='word_1_267' title='bbox 960 599 1101 635; x_wconf 80' lang='grc' dir='ltr'><strong>στωμένην</strong></span> <span class='ocrx_word' id='word_1_268' title='bbox 1115 599 1201 635; x_wconf 83' lang='grc' dir='ltr'>πυρὸς</span> <span class='ocrx_word' id='word_1_269' title='bbox 1211 619 1218 631; x_wconf 92' lang='grc'><strong>,</strong></span> <span class='ocrx_word' id='word_1_270' title='bbox 1233 599 1280 626; x_wconf 74' lang='grc' dir='ltr'><strong>καὶ</strong></span> <span class='ocrx_word' id='word_1_271' title='bbox 1293 598 1392 626; x_wconf 72' lang='grc' dir='ltr'><strong>ἔδωκεν</strong></span> <span class='ocrx_word' id='word_1_272' title='bbox 1407 599 1445 634; x_wconf 82' lang='grc' dir='ltr'>τῷ</span> <span class='ocrx_word' id='word_1_273' title='bbox 1459 598 1640 635; x_wconf 76' lang='grc' dir='ltr'>ἀρχιδιακόνῳ</span> <span class='ocrx_word' id='word_1_274' title='bbox 1660 599 1743 626; x_wconf 81' lang='grc' dir='ltr'>αὐτοῦ</span> 
     </span>
    </p>
   </div>
   <div class='ocr_carea' id='block_1_40' title="bbox 959 644 1743 681">
    <p class='ocr_par' dir='ltr' id='par_1_40' title="bbox 959 644 1743 681">
     <span class='ocr_line' id='line_1_40' title="bbox 959 644 1743 681; baseline 0.001 -9"><span class='ocrx_word' id='word_1_275' title='bbox 959 645 1044 680; x_wconf 83' lang='grc' dir='ltr'>λέγων</span> <span class='ocrx_word' id='word_1_276' title='bbox 1055 654 1062 660; x_wconf 92' lang='grc'><strong>·</strong></span> <span class='ocrx_word' id='word_1_277' title='bbox 1085 645 1170 672; x_wconf 85' lang='grc' dir='ltr'>Τοῦτο</span> <span class='ocrx_word' id='word_1_278' title='bbox 1192 645 1309 679; x_wconf 83' lang='grc' dir='ltr'>φύλαξον</span> <span class='ocrx_word' id='word_1_279' title='bbox 1329 645 1406 681; x_wconf 77' lang='grc' dir='ltr'>παρὰ</span> <span class='ocrx_word' id='word_1_280' title='bbox 1423 645 1538 680; x_wconf 79' lang='grc' dir='ltr'><strong>σεαυτῷ,</strong></span> <span class='ocrx_word' id='word_1_281' title='bbox 1554 644 1607 677; x_wconf 74' lang='grc' dir='ltr'><strong>ἕως</strong></span> <span class='ocrx_word' id='word_1_282' title='bbox 1623 645 1657 673; x_wconf 79' lang='grc' dir='ltr'>ἂν</span> <span class='ocrx_word' id='word_1_283' title='bbox 1672 646 1743 673; x_wconf 68' lang='lat' dir='ltr'><strong>dm</strong></span> 
     </span>
    </p>
   </div>
   <div class='ocr_carea' id='block_1_41' title="bbox 960 690 1741 726">
    <p class='ocr_par' dir='ltr' id='par_1_41' title="bbox 960 690 1741 726">
     <span class='ocr_line' id='line_1_41' title="bbox 960 690 1741 726; baseline 0.001 -9"><span class='ocrx_word' id='word_1_284' title='bbox 960 699 1010 717; x_wconf 84' lang='grc' dir='ltr'>σοι.</span> <span class='ocrx_word' id='word_1_285' title='bbox 1033 691 1089 718; x_wconf 86' lang='lat' dir='ltr'><strong>Kal.</strong></span> <span class='ocrx_word' id='word_1_286' title='bbox 1112 691 1256 723; x_wconf 72' lang='grc' dir='ltr'>καθεσθεὶς</span> <span class='ocrx_word' id='word_1_287' title='bbox 1280 691 1326 718; x_wconf 78' lang='grc' dir='ltr'>ἐπὶ</span> <span class='ocrx_word' id='word_1_288' title='bbox 1345 691 1426 717; x_wconf 81' lang='grc' dir='ltr'>πόλου</span> <span class='ocrx_word' id='word_1_289' title='bbox 1450 690 1522 723; x_wconf 74' lang='grc' dir='ltr'>ὄνου,</span> <span class='ocrx_word' id='word_1_290' title='bbox 1546 691 1692 726; x_wconf 76' lang='grc' dir='ltr'><strong>ἐπορεύετο</strong></span> <span class='ocrx_word' id='word_1_291' title='bbox 1711 692 1741 718; x_wconf 78' lang='grc' dir='ltr'><strong>ὲν</strong></span> 
     </span>
    </p>
   </div>
   <div class='ocr_carea' id='block_1_42' title="bbox 959 735 1741 770">
    <p class='ocr_par' dir='ltr' id='par_1_42' title="bbox 959 735 1741 770">
     <span class='ocr_line' id='line_1_42' title="bbox 959 735 1741 770; baseline 0.003 -8"><span class='ocrx_word' id='word_1_292' title='bbox 959 736 1241 763; x_wconf 82' lang='grc' dir='ltr'>Κωνσταντινουπόλει</span> <span class='ocrx_word' id='word_1_293' title='bbox 1253 744 1260 750; x_wconf 85' lang='lat'>&#39;</span> <span class='ocrx_word' id='word_1_294' title='bbox 1273 736 1321 763; x_wconf 72' lang='grc' dir='ltr'><strong>καὶ</strong></span> <span class='ocrx_word' id='word_1_295' title='bbox 1333 736 1383 763; x_wconf 80' lang='grc' dir='ltr'><strong>οὐκ</strong></span> <span class='ocrx_word' id='word_1_296' title='bbox 1396 735 1507 770; x_wconf 77' lang='grc' dir='ltr'>ἔφαγεν,</span> <span class='ocrx_word' id='word_1_297' title='bbox 1520 736 1581 763; x_wconf 77' lang='grc' dir='ltr'>οὐδὲ</span> <span class='ocrx_word' id='word_1_298' title='bbox 1592 737 1678 769; x_wconf 70' lang='grc' dir='ltr'>ἔπιεν,</span> <span class='ocrx_word' id='word_1_299' title='bbox 1689 737 1741 768; x_wconf 71' lang='grc' dir='ltr'>ἕως</span> 
     </span>
    </p>
   </div>
   <div class='ocr_carea' id='block_1_43' title="bbox 959 781 1741 818">
    <p class='ocr_par' dir='ltr' id='par_1_43' title="bbox 959 781 1741 818">
     <span class='ocr_line' id='line_1_43' title="bbox 959 781 1741 818; baseline 0.001 -11"><span class='ocrx_word' id='word_1_300' title='bbox 959 781 993 808; x_wconf 81' lang='grc' dir='ltr'>ἂν</span> <span class='ocrx_word' id='word_1_301' title='bbox 1005 781 1128 817; x_wconf 80' lang='grc' dir='ltr'><strong>είσῆλϐεν</strong></span> <span class='ocrx_word' id='word_1_302' title='bbox 1141 782 1169 808; x_wconf 79' lang='grc' dir='ltr'><strong>ὲν</strong></span> <span class='ocrx_word' id='word_1_303' title='bbox 1177 781 1471 809; x_wconf 83' lang='grc' dir='ltr'>Κωνσταντινουπόλει.</span> <span class='ocrx_word' id='word_1_304' title='bbox 1483 781 1538 808; x_wconf 75' lang='grc' dir='ltr'><strong>Καὶ</strong></span> <span class='ocrx_word' id='word_1_305' title='bbox 1549 782 1671 817; x_wconf 82' lang='grc' dir='ltr'><strong>εἰσῆλθεν</strong></span> <span class='ocrx_word' id='word_1_306' title='bbox 1682 782 1741 818; x_wconf 82' lang='grc' dir='ltr'><strong>ὥρᾳ</strong></span> 
     </span>
    </p>
   </div>
   <div class='ocr_carea' id='block_1_44' title="bbox 960 825 1741 862">
    <p class='ocr_par' dir='ltr' id='par_1_44' title="bbox 960 825 1741 862">
     <span class='ocr_line' id='line_1_44' title="bbox 960 825 1741 862; baseline 0 -10"><span class='ocrx_word' id='word_1_307' title='bbox 960 825 993 858; x_wconf 83' lang='grc' dir='ltr'><strong>θ’,</strong></span> <span class='ocrx_word' id='word_1_308' title='bbox 1015 826 1147 853; x_wconf 79' lang='grc' dir='ltr'>κατέλυσε</span> <span class='ocrx_word' id='word_1_309' title='bbox 1171 826 1246 862; x_wconf 79' lang='grc' dir='ltr'>παρὰ.</span> <span class='ocrx_word' id='word_1_310' title='bbox 1267 834 1321 852; x_wconf 86' lang='grc' dir='ltr'>τινι</span> <span class='ocrx_word' id='word_1_311' title='bbox 1343 825 1451 860; x_wconf 77' lang='grc' dir='ltr'>γυναικὶ</span> <span class='ocrx_word' id='word_1_312' title='bbox 1467 826 1554 862; x_wconf 79' lang='grc' dir='ltr'><strong>χήρᾳ·</strong></span> <span class='ocrx_word' id='word_1_313' title='bbox 1575 827 1622 853; x_wconf 82' lang='grc' dir='ltr'><strong>καὶ</strong></span> <span class='ocrx_word' id='word_1_314' title='bbox 1640 826 1741 858; x_wconf 77' lang='grc' dir='ltr'><strong>εὐθέως</strong></span> 
     </span>
    </p>
   </div>
   <div class='ocr_carea' id='block_1_45' title="bbox 957 871 1740 907">
    <p class='ocr_par' dir='ltr' id='par_1_45' title="bbox 957 871 1740 907">
     <span class='ocr_line' id='line_1_45' title="bbox 957 871 1740 907; baseline 0 -9"><span class='ocrx_word' id='word_1_315' title='bbox 957 871 1117 907; x_wconf 75' lang='grc' dir='ltr'><strong>ἐξώρμησεν</strong></span> <span class='ocrx_word' id='word_1_316' title='bbox 1137 871 1184 898; x_wconf 75' lang='grc' dir='ltr'>ἐπὶ</span> <span class='ocrx_word' id='word_1_317' title='bbox 1198 871 1248 906; x_wconf 86' lang='grc' dir='ltr'><strong>τὴν</strong></span> <span class='ocrx_word' id='word_1_318' title='bbox 1262 871 1410 906; x_wconf 78' lang='grc' dir='ltr'><strong>ἐκκλησίαν</strong></span> <span class='ocrx_word' id='word_1_319' title='bbox 1426 871 1545 906; x_wconf 84' lang='grc' dir='ltr'>εὐλογῶν</span> <span class='ocrx_word' id='word_1_320' title='bbox 1557 871 1603 898; x_wconf 82' lang='grc' dir='ltr'><strong>τὸν</strong></span> <span class='ocrx_word' id='word_1_321' title='bbox 1615 871 1692 898; x_wconf 87' lang='grc' dir='ltr'>Θεόν.</span> <span class='ocrx_word' id='word_1_322' title='bbox 1707 872 1740 898; x_wconf 81' lang='lat' dir='ltr'><strong>At</strong></span> 
     </span>
    </p>
   </div>
   <div class='ocr_carea' id='block_1_46' title="bbox 956 915 1740 954">
    <p class='ocr_par' dir='ltr' id='par_1_46' title="bbox 956 915 1740 954">
     <span class='ocr_line' id='line_1_46' title="bbox 956 915 1740 954; baseline 0.001 -10"><span class='ocrx_word' id='word_1_323' title='bbox 956 918 984 944; x_wconf 86' lang='grc' dir='ltr'><strong>δὲ</strong></span> <span class='ocrx_word' id='word_1_324' title='bbox 997 917 1077 954; x_wconf 81' lang='grc' dir='ltr'>θύραι</span> <span class='ocrx_word' id='word_1_325' title='bbox 1093 918 1179 945; x_wconf 81' lang='grc' dir='ltr'>πᾶσαι</span> <span class='ocrx_word' id='word_1_326' title='bbox 1196 917 1400 953; x_wconf 79' lang='grc' dir='ltr'>ἠσφαλισμέναι</span> <span class='ocrx_word' id='word_1_327' title='bbox 1412 915 1493 954; x_wconf 81' lang='grc' dir='ltr'>ἦσαν.</span> <span class='ocrx_word' id='word_1_328' title='bbox 1517 917 1582 950; x_wconf 80' lang='grc' dir='ltr'><strong>Θεὶς</strong></span> <span class='ocrx_word' id='word_1_329' title='bbox 1593 917 1622 945; x_wconf 76' lang='grc' dir='ltr'><strong>δὲ</strong></span> <span class='ocrx_word' id='word_1_330' title='bbox 1640 918 1740 952; x_wconf 86' lang='grc' dir='ltr'>γόνατα</span> 
     </span>
    </p>
   </div>
   <div class='ocr_carea' id='block_1_47' title="bbox 956 963 1739 1000">
    <p class='ocr_par' dir='ltr' id='par_1_47' title="bbox 956 963 1739 1000">
     <span class='ocr_line' id='line_1_47' title="bbox 956 963 1739 1000; baseline 0.001 -10"><span class='ocrx_word' id='word_1_331' title='bbox 956 963 1130 1000; x_wconf 82' lang='grc' dir='ltr'><strong>προσηύξατο</strong></span> <span class='ocrx_word' id='word_1_332' title='bbox 1140 983 1147 996; x_wconf 83' lang='grc'><strong>,</strong></span> <span class='ocrx_word' id='word_1_333' title='bbox 1163 964 1210 990; x_wconf 78' lang='grc' dir='ltr'><strong>καὶ</strong></span> <span class='ocrx_word' id='word_1_334' title='bbox 1221 965 1248 990; x_wconf 88' lang='lat' dir='ltr'><strong>al</strong></span> <span class='ocrx_word' id='word_1_335' title='bbox 1265 964 1346 1000; x_wconf 87' lang='grc' dir='ltr'><strong>θύραι</strong></span> <span class='ocrx_word' id='word_1_336' title='bbox 1368 963 1544 999; x_wconf 81' lang='grc' dir='ltr'><strong>ἀνεῴχθησαν</strong></span> <span class='ocrx_word' id='word_1_337' title='bbox 1559 965 1739 1000; x_wconf 82' lang='grc' dir='ltr'>παραχρῆμα,</span> 
     </span>
    </p>
   </div>
   <div class='ocr_carea' id='block_1_48' title="bbox 956 1009 1740 1045">
    <p class='ocr_par' dir='ltr' id='par_1_48' title="bbox 956 1009 1740 1045">
     <span class='ocr_line' id='line_1_48' title="bbox 956 1009 1740 1045; baseline 0.001 -10"><span class='ocrx_word' id='word_1_338' title='bbox 956 1009 1004 1036; x_wconf 78' lang='grc' dir='ltr'><strong>καὶ</strong></span> <span class='ocrx_word' id='word_1_339' title='bbox 1021 1009 1159 1036; x_wconf 81' lang='grc' dir='ltr'><strong>εἰσέλαὸον</strong></span> <span class='ocrx_word' id='word_1_340' title='bbox 1173 1009 1254 1036; x_wconf 84' lang='grc' dir='ltr'>αὐτὸν</span> <span class='ocrx_word' id='word_1_341' title='bbox 1271 1009 1334 1036; x_wconf 80' lang='grc' dir='ltr'><strong>ἐσω.</strong></span> <span class='ocrx_word' id='word_1_342' title='bbox 1357 1009 1520 1045; x_wconf 74' lang='grc' dir='ltr'>Ἀρχόμενος</span> <span class='ocrx_word' id='word_1_343' title='bbox 1539 1009 1568 1036; x_wconf 81' lang='grc' dir='ltr'>δὲ</span> <span class='ocrx_word' id='word_1_344' title='bbox 1584 1009 1676 1043; x_wconf 73' lang='grc' dir='ltr'>ἔλεγεν</span> <span class='ocrx_word' id='word_1_345' title='bbox 1694 1009 1740 1036; x_wconf 82' lang='grc' dir='ltr'><strong>οὕ-</strong></span> 
     </span>
    </p>
   </div>
   <div class='ocr_carea' id='block_1_49' title="bbox 955 1053 1740 1090">
    <p class='ocr_par' dir='ltr' id='par_1_49' title="bbox 955 1053 1740 1090">
     <span class='ocr_line' id='line_1_49' title="bbox 955 1053 1740 1090; baseline -0.001 -9"><span class='ocrx_word' id='word_1_346' title='bbox 955 1063 1009 1081; x_wconf 87' lang='grc' dir='ltr'><strong>τω·</strong></span> <span class='ocrx_word' id='word_1_347' title='bbox 1026 1054 1113 1090; x_wconf 81' lang='grc' dir='ltr'>Κύριε</span> <span class='ocrx_word' id='word_1_348' title='bbox 1141 1053 1226 1089; x_wconf 81' lang='grc' dir='ltr'>Ἰησοῦ</span> <span class='ocrx_word' id='word_1_349' title='bbox 1245 1054 1348 1089; x_wconf 82' lang='grc' dir='ltr'>Χριστὲ</span> <span class='ocrx_word' id='word_1_350' title='bbox 1361 1054 1375 1080; x_wconf 90' lang='grc' dir='ltr'><strong>ό</strong></span> <span class='ocrx_word' id='word_1_351' title='bbox 1389 1053 1470 1085; x_wconf 80' lang='grc' dir='ltr'>Θεὸς,</span> <span class='ocrx_word' id='word_1_352' title='bbox 1492 1054 1532 1081; x_wconf 83' lang='grc' dir='ltr'><strong>ὅτι</strong></span> <span class='ocrx_word' id='word_1_353' title='bbox 1554 1053 1604 1080; x_wconf 83' lang='grc' dir='ltr'>οὐκ</span> <span class='ocrx_word' id='word_1_354' title='bbox 1620 1053 1694 1081; x_wconf 77' lang='grc' dir='ltr'>ἐστιν</span> <span class='ocrx_word' id='word_1_355' title='bbox 1710 1054 1740 1081; x_wconf 76' lang='grc' dir='ltr'><strong>ὲν</strong></span> 
     </span>
    </p>
   </div>
   <div class='ocr_carea' id='block_1_50' title="bbox 956 1098 1741 1136">
    <p class='ocr_par' dir='ltr' id='par_1_50' title="bbox 956 1098 1741 1136">
     <span class='ocr_line' id='line_1_50' title="bbox 956 1098 1741 1136; baseline -0.001 -10"><span class='ocrx_word' id='word_1_356' title='bbox 956 1100 1017 1136; x_wconf 75' lang='grc' dir='ltr'><strong>ἐμοὶ</strong></span> <span class='ocrx_word' id='word_1_357' title='bbox 1031 1100 1110 1134; x_wconf 84' lang='grc' dir='ltr'><strong>λόγος</strong></span> <span class='ocrx_word' id='word_1_358' title='bbox 1121 1099 1231 1134; x_wconf 82' lang='grc' dir='ltr'>σοφίας,</span> <span class='ocrx_word' id='word_1_359' title='bbox 1244 1099 1292 1126; x_wconf 82' lang='grc' dir='ltr'><strong>καὶ</strong></span> <span class='ocrx_word' id='word_1_360' title='bbox 1306 1099 1333 1126; x_wconf 91' lang='grc' dir='ltr'><strong>τί</strong></span> <span class='ocrx_word' id='word_1_361' title='bbox 1347 1099 1415 1126; x_wconf 76' lang='grc' dir='ltr'>εἴπω</span> <span class='ocrx_word' id='word_1_362' title='bbox 1427 1099 1443 1133; x_wconf 86' lang='grc' dir='ltr'>ἢ</span> <span class='ocrx_word' id='word_1_363' title='bbox 1457 1099 1483 1126; x_wconf 84' lang='grc' dir='ltr'><strong>τί</strong></span> <span class='ocrx_word' id='word_1_364' title='bbox 1497 1099 1607 1134; x_wconf 85' lang='grc' dir='ltr'>λαλήσω</span> <span class='ocrx_word' id='word_1_365' title='bbox 1634 1098 1741 1135; x_wconf 78' lang='grc' dir='ltr'>ἐμπρο-</span> 
     </span>
    </p>
   </div>
   <div class='ocr_carea' id='block_1_51' title="bbox 957 1143 1740 1181">
    <p class='ocr_par' dir='ltr' id='par_1_51' title="bbox 957 1143 1740 1181">
     <span class='ocr_line' id='line_1_51' title="bbox 957 1143 1740 1181; baseline 0 -9"><span class='ocrx_word' id='word_1_366' title='bbox 957 1145 1019 1173; x_wconf 87' lang='grc' dir='ltr'>σθεν</span> <span class='ocrx_word' id='word_1_367' title='bbox 1038 1146 1084 1173; x_wconf 80' lang='grc' dir='ltr'>τοῦ</span> <span class='ocrx_word' id='word_1_368' title='bbox 1098 1145 1229 1181; x_wconf 82' lang='grc' dir='ltr'>βασιλέως</span> <span class='ocrx_word' id='word_1_369' title='bbox 1250 1146 1300 1172; x_wconf 81' lang='grc' dir='ltr'>οὐκ</span> <span class='ocrx_word' id='word_1_370' title='bbox 1322 1143 1389 1173; x_wconf 82' lang='grc' dir='ltr'>οἴδα.</span> <span class='ocrx_word' id='word_1_371' title='bbox 1414 1146 1469 1172; x_wconf 83' lang='lat' dir='ltr'><strong>Kal.</strong></span> <span class='ocrx_word' id='word_1_372' title='bbox 1492 1146 1592 1178; x_wconf 81' lang='grc' dir='ltr'><strong>εὐθέως</strong></span> <span class='ocrx_word' id='word_1_373' title='bbox 1614 1146 1740 1181; x_wconf 84' lang='grc' dir='ltr'><strong>παρέστη</strong></span> 
     </span>
    </p>
   </div>
   <div class='ocr_carea' id='block_1_52' title="bbox 956 1191 1740 1227">
    <p class='ocr_par' dir='ltr' id='par_1_52' title="bbox 956 1191 1740 1227">
     <span class='ocr_line' id='line_1_52' title="bbox 956 1191 1740 1227; baseline -0.001 -8"><span class='ocrx_word' id='word_1_374' title='bbox 956 1191 1030 1227; x_wconf 79' lang='grc' dir='ltr'>αὐτῷ</span> <span class='ocrx_word' id='word_1_375' title='bbox 1046 1193 1060 1218; x_wconf 97' lang='lat'><strong>6</strong></span> <span class='ocrx_word' id='word_1_376' title='bbox 1074 1191 1205 1227; x_wconf 82' lang='grc' dir='ltr'>Χριστὸς,</span> <span class='ocrx_word' id='word_1_377' title='bbox 1220 1191 1234 1217; x_wconf 89' lang='lat'><strong>6</strong></span> <span class='ocrx_word' id='word_1_378' title='bbox 1248 1191 1293 1218; x_wconf 85' lang='grc' dir='ltr'><strong>διὰ</strong></span> <span class='ocrx_word' id='word_1_379' title='bbox 1311 1191 1364 1218; x_wconf 86' lang='grc' dir='ltr'>τῶν</span> <span class='ocrx_word' id='word_1_380' title='bbox 1378 1191 1524 1227; x_wconf 81' lang='grc' dir='ltr'><strong>προφητῶν</strong></span> <span class='ocrx_word' id='word_1_381' title='bbox 1542 1191 1677 1227; x_wconf 85' lang='grc' dir='ltr'>λαλήσας,</span> <span class='ocrx_word' id='word_1_382' title='bbox 1695 1191 1740 1218; x_wconf 83' lang='grc' dir='ltr'><strong>λέ-</strong></span> 
     </span>
    </p>
   </div>
   <div class='ocr_carea' id='block_1_53' title="bbox 954 1236 1741 1271">
    <p class='ocr_par' dir='ltr' id='par_1_53' title="bbox 954 1236 1741 1271">
     <span class='ocr_line' id='line_1_53' title="bbox 954 1236 1741 1271; baseline 0.003 -8"><span class='ocrx_word' id='word_1_383' title='bbox 954 1245 1022 1271; x_wconf 84' lang='grc' dir='ltr'><strong>γων·</strong></span> <span class='ocrx_word' id='word_1_384' title='bbox 1047 1237 1153 1271; x_wconf 71' lang='grc' dir='ltr'>Ἐγγὺς</span> <span class='ocrx_word' id='word_1_385' title='bbox 1170 1237 1277 1270; x_wconf 83' lang='grc' dir='ltr'><strong>Κύριος</strong></span> <span class='ocrx_word' id='word_1_386' title='bbox 1299 1236 1361 1269; x_wconf 81' lang='grc' dir='ltr'><strong>τοῖς</strong></span> <span class='ocrx_word' id='word_1_387' title='bbox 1382 1236 1629 1271; x_wconf 75' lang='grc' dir='ltr'><strong>ἐπικαλουμένοις</strong></span> <span class='ocrx_word' id='word_1_388' title='bbox 1646 1236 1741 1265; x_wconf 84' lang='grc' dir='ltr'><strong>αὑτὸν</strong></span> 
     </span>
    </p>
   </div>
   <div class='ocr_carea' id='block_1_54' title="bbox 955 1281 1738 1318">
    <p class='ocr_par' dir='ltr' id='par_1_54' title="bbox 955 1281 1738 1318">
     <span class='ocr_line' id='line_1_54' title="bbox 955 1281 1738 1318; baseline 0 -9"><span class='ocrx_word' id='word_1_389' title='bbox 955 1282 990 1309; x_wconf 83' lang='grc' dir='ltr'><strong>ἐν</strong></span> <span class='ocrx_word' id='word_1_390' title='bbox 1002 1281 1142 1316; x_wconf 77' lang='grc' dir='ltr'><strong>ἀληθείᾳ-</strong></span> <span class='ocrx_word' id='word_1_391' title='bbox 1158 1281 1205 1308; x_wconf 74' lang='grc' dir='ltr'><strong>καὶ</strong></span> <span class='ocrx_word' id='word_1_392' title='bbox 1218 1281 1293 1316; x_wconf 84' lang='grc' dir='ltr'>λέγει</span> <span class='ocrx_word' id='word_1_393' title='bbox 1305 1281 1390 1316; x_wconf 82' lang='grc' dir='ltr'>αὐτῷ·</span> <span class='ocrx_word' id='word_1_394' title='bbox 1410 1281 1578 1317; x_wconf 81' lang='grc' dir='ltr'>Ἀμφιλόχιε,</span> <span class='ocrx_word' id='word_1_395' title='bbox 1594 1282 1630 1318; x_wconf 82' lang='grc' dir='ltr'><strong>μὴ</strong></span> <span class='ocrx_word' id='word_1_396' title='bbox 1645 1282 1738 1316; x_wconf 77' lang='grc' dir='ltr'>φοὸοῦ,</span> 
     </span>
    </p>
   </div>
   <div class='ocr_carea' id='block_1_55' title="bbox 957 1327 1740 1364">
    <p class='ocr_par' dir='ltr' id='par_1_55' title="bbox 957 1327 1740 1364">
     <span class='ocr_line' id='line_1_55' title="bbox 957 1327 1740 1364; baseline -0.001 -9"><span class='ocrx_word' id='word_1_397' title='bbox 957 1328 1027 1364; x_wconf 81' lang='grc' dir='ltr'><strong>μηδὲ</strong></span> <span class='ocrx_word' id='word_1_398' title='bbox 1043 1327 1179 1363; x_wconf 82' lang='grc' dir='ltr'>διλειάσῃς</span> <span class='ocrx_word' id='word_1_399' title='bbox 1189 1336 1196 1343; x_wconf 86' lang='grc'><strong>·</strong></span> <span class='ocrx_word' id='word_1_400' title='bbox 1210 1328 1219 1337; x_wconf 78' lang='grc'><strong><em>⁶</em></strong></span> <span class='ocrx_word' id='word_1_401' title='bbox 1232 1328 1300 1362; x_wconf 85' lang='grc' dir='ltr'>μετὰ</span> <span class='ocrx_word' id='word_1_402' title='bbox 1311 1327 1357 1354; x_wconf 76' lang='grc' dir='ltr'>σοῦ</span> <span class='ocrx_word' id='word_1_403' title='bbox 1371 1327 1409 1362; x_wconf 86' lang='lat' dir='ltr'><strong>(d)</strong></span> <span class='ocrx_word' id='word_1_404' title='bbox 1423 1327 1516 1364; x_wconf 83' lang='grc' dir='ltr'>ὥσπερ</span> <span class='ocrx_word' id='word_1_405' title='bbox 1530 1328 1571 1354; x_wconf 86' lang='grc' dir='ltr'><strong>δεῖ</strong></span> <span class='ocrx_word' id='word_1_406' title='bbox 1582 1336 1612 1355; x_wconf 77' lang='grc' dir='ltr'>σε</span> <span class='ocrx_word' id='word_1_407' title='bbox 1625 1327 1740 1355; x_wconf 77' lang='grc' dir='ltr'>ἐνώπιον</span> 
     </span>
    </p>
   </div>
   <div class='ocr_carea' id='block_1_56' title="bbox 954 1373 1740 1409">
    <p class='ocr_par' dir='ltr' id='par_1_56' title="bbox 954 1373 1740 1409">
     <span class='ocr_line' id='line_1_56' title="bbox 954 1373 1740 1409; baseline 0 -9"><span class='ocrx_word' id='word_1_408' title='bbox 954 1373 1005 1408; x_wconf 84' lang='grc' dir='ltr'><strong>τῆς</strong></span> <span class='ocrx_word' id='word_1_409' title='bbox 1023 1373 1184 1409; x_wconf 81' lang='grc' dir='ltr'>συγκλήτου.</span> <span class='ocrx_word' id='word_1_410' title='bbox 1202 1373 1258 1400; x_wconf 83' lang='lat' dir='ltr'><strong>Kal.</strong></span> <span class='ocrx_word' id='word_1_411' title='bbox 1271 1373 1358 1400; x_wconf 82' lang='grc' dir='ltr'>ταῦτα</span> <span class='ocrx_word' id='word_1_412' title='bbox 1374 1373 1470 1406; x_wconf 82' lang='grc' dir='ltr'>εἰπὼν,</span> <span class='ocrx_word' id='word_1_413' title='bbox 1487 1373 1608 1408; x_wconf 80' lang='grc' dir='ltr'><strong>ἀπῆλθεν</strong></span> <span class='ocrx_word' id='word_1_414' title='bbox 1629 1374 1676 1400; x_wconf 83' lang='grc' dir='ltr'><strong>ἀπ’</strong></span> <span class='ocrx_word' id='word_1_415' title='bbox 1693 1373 1740 1400; x_wconf 80' lang='grc' dir='ltr'><strong>αὑ-</strong></span> 
     </span>
    </p>
   </div>
   <div class='ocr_carea' id='block_1_57' title="bbox 954 1418 1740 1455">
    <p class='ocr_par' dir='ltr' id='par_1_57' title="bbox 954 1418 1740 1455">
     <span class='ocr_line' id='line_1_57' title="bbox 954 1418 1740 1455; baseline 0.001 -10"><span class='ocrx_word' id='word_1_416' title='bbox 954 1419 1002 1446; x_wconf 76' lang='grc' dir='ltr'><strong>τοῦ</strong></span> <span class='ocrx_word' id='word_1_417' title='bbox 1013 1427 1020 1434; x_wconf 76' lang='grc' dir='ltr'><strong>ο</strong></span> <span class='ocrx_word' id='word_1_418' title='bbox 1034 1418 1081 1446; x_wconf 79' lang='grc' dir='ltr'>καὶ</span> <span class='ocrx_word' id='word_1_419' title='bbox 1094 1419 1208 1452; x_wconf 73' lang='grc' dir='ltr'><strong>ἐξελθὼν</strong></span> <span class='ocrx_word' id='word_1_420' title='bbox 1221 1419 1236 1445; x_wconf 83' lang='lat'><strong>6</strong></span> <span class='ocrx_word' id='word_1_421' title='bbox 1247 1419 1317 1455; x_wconf 81' lang='grc' dir='ltr'>ἀνὴρ</span> <span class='ocrx_word' id='word_1_422' title='bbox 1326 1438 1333 1452; x_wconf 84' lang='grc'><strong>,</strong></span> <span class='ocrx_word' id='word_1_423' title='bbox 1355 1419 1503 1454; x_wconf 71' lang='grc' dir='ltr'>ἐπορεύετο</span> <span class='ocrx_word' id='word_1_424' title='bbox 1523 1419 1553 1446; x_wconf 82' lang='grc' dir='ltr'><strong>ὲν</strong></span> <span class='ocrx_word' id='word_1_425' title='bbox 1569 1419 1608 1454; x_wconf 86' lang='grc' dir='ltr'>τῷ</span> <span class='ocrx_word' id='word_1_426' title='bbox 1624 1419 1740 1446; x_wconf 80' lang='grc' dir='ltr'>καταλύ-</span> 
     </span>
    </p>
   </div>
   <div class='ocr_carea' id='block_1_58' title="bbox 956 1464 1131 1500">
    <p class='ocr_par' dir='ltr' id='par_1_58' title="bbox 956 1464 1131 1500">
     <span class='ocr_line' id='line_1_58' title="bbox 956 1464 1131 1500; baseline -0.006 -9"><span class='ocrx_word' id='word_1_427' title='bbox 956 1473 1022 1500; x_wconf 83' lang='grc' dir='ltr'>ματι</span> <span class='ocrx_word' id='word_1_428' title='bbox 1037 1464 1131 1491; x_wconf 74' lang='grc' dir='ltr'>αὑτοῦ.</span> 
     </span>
    </p>
   </div>
   <div class='ocr_carea' id='block_1_59' title="bbox 154 1504 905 1557">
    <p class='ocr_par' dir='ltr' id='par_1_59' title="bbox 154 1504 903 1541">
     <span class='ocr_line' id='line_1_59' title="bbox 154 1504 903 1541; baseline 0.007 -9"><span class='ocrx_word' id='word_1_429' title='bbox 154 1504 199 1533; x_wconf 81' lang='grc' dir='ltr'><strong>ιν.</strong></span> <span class='ocrx_word' id='word_1_430' title='bbox 214 1504 280 1533; x_wconf 88' lang='lat' dir='ltr'><strong>Cum</strong></span> <span class='ocrx_word' id='word_1_431' title='bbox 295 1505 462 1533; x_wconf 68' lang='lat' dir='ltr'><strong>audivissent</strong></span> <span class='ocrx_word' id='word_1_432' title='bbox 475 1510 564 1534; x_wconf 87' lang='lat' dir='ltr'><strong>autem</strong></span> <span class='ocrx_word' id='word_1_433' title='bbox 587 1506 641 1541; x_wconf 90' lang='lat' dir='ltr'><strong>lupi</strong></span> <span class='ocrx_word' id='word_1_434' title='bbox 663 1507 777 1541; x_wconf 54' lang='lat' dir='ltr'><strong>Arabian,</strong></span> <span class='ocrx_word' id='word_1_435' title='bbox 796 1508 903 1537; x_wconf 84' lang='lat' dir='ltr'><strong>invase-</strong></span> 
     </span>
    </p>
   </div>
   <div class='ocr_carea' id='block_1_60' title="bbox 957 1504 1739 1557">
    <p class='ocr_par' dir='ltr' id='par_1_60' title="bbox 989 1509 1739 1546">
     <span class='ocr_line' id='line_1_60' title="bbox 989 1509 1739 1546; baseline 0 -9"><span class='ocrx_word' id='word_1_436' title='bbox 989 1509 1026 1537; x_wconf 83' lang='lat' dir='ltr'><strong>A&#39;.</strong></span> <span class='ocrx_word' id='word_1_437' title='bbox 1037 1509 1174 1536; x_wconf 85' lang='grc' dir='ltr'>Ἤκουσαν</span> <span class='ocrx_word' id='word_1_438' title='bbox 1185 1510 1213 1536; x_wconf 82' lang='grc' dir='ltr'><strong>δὲ</strong></span> <span class='ocrx_word' id='word_1_439' title='bbox 1221 1509 1328 1536; x_wconf 84' lang='grc' dir='ltr'>οἱλύκοι</span> <span class='ocrx_word' id='word_1_440' title='bbox 1338 1509 1388 1544; x_wconf 81' lang='grc' dir='ltr'><strong>τῆς</strong></span> <span class='ocrx_word' id='word_1_441' title='bbox 1408 1509 1547 1545; x_wconf 72' lang='grc' dir='ltr'>Ἀραϐίας,</span> <span class='ocrx_word' id='word_1_442' title='bbox 1560 1509 1608 1536; x_wconf 80' lang='grc' dir='ltr'><strong>καὶ</strong></span> <span class='ocrx_word' id='word_1_443' title='bbox 1622 1509 1739 1546; x_wconf 76' lang='grc' dir='ltr'><strong>ἐπέστη-</strong></span> 
     </span>
    </p>
   </div>
   <div class='ocr_carea' id='block_1_61' title="bbox 119 1551 904 1587">
    <p class='ocr_par' dir='ltr' id='par_1_61' title="bbox 119 1551 904 1587">
     <span class='ocr_line' id='line_1_61' title="bbox 119 1551 904 1587; baseline 0.005 -9"><span class='ocrx_word' id='word_1_444' title='bbox 119 1555 180 1579; x_wconf 90' lang='lat' dir='ltr'><strong>runt</strong></span> <span class='ocrx_word' id='word_1_445' title='bbox 209 1551 366 1585; x_wconf 86' lang='lat' dir='ltr'><strong>hospitium,</strong></span> <span class='ocrx_word' id='word_1_446' title='bbox 388 1559 503 1586; x_wconf 84' lang='lat' dir='ltr'><strong>moxque</strong></span> <span class='ocrx_word' id='word_1_447' title='bbox 534 1557 661 1587; x_wconf 88' lang='lat' dir='ltr'><strong>tanquam</strong></span> <span class='ocrx_word' id='word_1_448' title='bbox 688 1553 737 1580; x_wconf 88' lang='lat' dir='ltr'><strong>feri</strong></span> <span class='ocrx_word' id='word_1_449' title='bbox 759 1553 854 1582; x_wconf 70' lang='lat' dir='ltr'><strong>fluctus</strong></span> <span class='ocrx_word' id='word_1_450' title='bbox 870 1555 904 1583; x_wconf 86' lang='lat' dir='ltr'><strong>ad</strong></span> 
     </span>
    </p>
   </div>
   <div class='ocr_carea' id='block_1_62' title="bbox 119 1597 904 1636">
    <p class='ocr_par' dir='ltr' id='par_1_62' title="bbox 119 1597 904 1636">
     <span class='ocr_line' id='line_1_62' title="bbox 119 1597 904 1636; baseline 0.006 -13"><span class='ocrx_word' id='word_1_451' title='bbox 119 1600 223 1630; x_wconf 81' lang='lat' dir='ltr'><strong>petram</strong></span> <span class='ocrx_word' id='word_1_452' title='bbox 237 1597 317 1631; x_wconf 88' lang='lat' dir='ltr'><strong>allisi,</strong></span> <span class='ocrx_word' id='word_1_453' title='bbox 329 1601 358 1624; x_wconf 88' lang='lat' dir='ltr'><strong>ut</strong></span> <span class='ocrx_word' id='word_1_454' title='bbox 367 1605 460 1632; x_wconf 89' lang='lat' dir='ltr'><strong>spuma</strong></span> <span class='ocrx_word' id='word_1_455' title='bbox 473 1597 631 1626; x_wconf 85' lang='lat' dir='ltr'><strong>solutisunt.</strong></span> <span class='ocrx_word' id='word_1_456' title='bbox 640 1598 704 1626; x_wconf 86' lang='lat' dir='ltr'><strong>Erat</strong></span> <span class='ocrx_word' id='word_1_457' title='bbox 714 1600 784 1627; x_wconf 89' lang='lat' dir='ltr'><strong>enim</strong></span> <span class='ocrx_word' id='word_1_458' title='bbox 793 1601 904 1636; x_wconf 84' lang='lat' dir='ltr'><strong>Amphi-</strong></span> 
     </span>
    </p>
   </div>
   <div class='ocr_carea' id='block_1_63' title="bbox 118 1643 900 1677">
    <p class='ocr_par' dir='ltr' id='par_1_63' title="bbox 118 1643 900 1677">
     <span class='ocr_line' id='line_1_63' title="bbox 118 1643 900 1677; baseline 0.006 -8"><span class='ocrx_word' id='word_1_459' title='bbox 118 1643 223 1671; x_wconf 86' lang='lat' dir='ltr'><strong>lochius</strong></span> <span class='ocrx_word' id='word_1_460' title='bbox 239 1643 292 1670; x_wconf 81' lang='lat' dir='ltr'><strong>ﬁde</strong></span> <span class='ocrx_word' id='word_1_461' title='bbox 304 1643 330 1670; x_wconf 90' lang='lat' dir='ltr'><strong>in</strong></span> <span class='ocrx_word' id='word_1_462' title='bbox 342 1647 445 1677; x_wconf 89' lang='lat' dir='ltr'><strong>petram</strong></span> <span class='ocrx_word' id='word_1_463' title='bbox 457 1643 579 1672; x_wconf 87' lang='lat' dir='ltr'><strong>duratus.</strong></span> <span class='ocrx_word' id='word_1_464' title='bbox 595 1644 638 1671; x_wconf 90' lang='lat' dir='ltr'><strong>Ait</strong></span> <span class='ocrx_word' id='word_1_465' title='bbox 651 1652 715 1672; x_wconf 89' lang='lat' dir='ltr'><strong>vero</strong></span> <span class='ocrx_word' id='word_1_466' title='bbox 730 1645 900 1674; x_wconf 86' lang='lat' dir='ltr'><strong>Eunomius:</strong></span> 
     </span>
    </p>
   </div>
   <div class='ocr_carea' id='block_1_64' title="bbox 119 1689 899 1725">
    <p class='ocr_par' dir='ltr' id='par_1_64' title="bbox 119 1689 899 1725">
     <span class='ocr_line' id='line_1_64' title="bbox 119 1689 899 1725; baseline 0.005 -9"><span class='ocrx_word' id='word_1_467' title='bbox 119 1689 196 1717; x_wconf 89' lang='lat' dir='ltr'><strong>Tune</strong></span> <span class='ocrx_word' id='word_1_468' title='bbox 222 1697 251 1717; x_wconf 87' lang='lat' dir='ltr'><strong>es</strong></span> <span class='ocrx_word' id='word_1_469' title='bbox 277 1689 321 1717; x_wconf 88' lang='lat' dir='ltr'><strong>ille</strong></span> <span class='ocrx_word' id='word_1_470' title='bbox 347 1689 562 1723; x_wconf 80' lang='lat' dir='ltr'><strong>Amphilochius,</strong></span> <span class='ocrx_word' id='word_1_471' title='bbox 578 1689 625 1717; x_wconf 89' lang='lat' dir='ltr'><strong>Dei</strong></span> <span class='ocrx_word' id='word_1_472' title='bbox 641 1691 754 1719; x_wconf 84' lang='lat' dir='ltr'><strong>servus?</strong></span> <span class='ocrx_word' id='word_1_473' title='bbox 775 1691 825 1725; x_wconf 84' lang='lat' dir='ltr'><strong>Qui</strong></span> <span class='ocrx_word' id='word_1_474' title='bbox 842 1693 880 1720; x_wconf 89' lang='lat' dir='ltr'><strong>ait</strong></span> <span class='ocrx_word' id='word_1_475' title='bbox 893 1700 899 1706; x_wconf 85' lang='lat'>&#39;</span> 
     </span>
    </p>
   </div>
   <div class='ocr_carea' id='block_1_65' title="bbox 119 1734 902 1769">
    <p class='ocr_par' dir='ltr' id='par_1_65' title="bbox 119 1734 902 1769">
     <span class='ocr_line' id='line_1_65' title="bbox 119 1734 902 1769; baseline 0.004 -7"><span class='ocrx_word' id='word_1_476' title='bbox 119 1735 176 1769; x_wconf 79' lang='lat' dir='ltr'><strong>Ego</strong></span> <span class='ocrx_word' id='word_1_477' title='bbox 188 1742 247 1763; x_wconf 92' lang='lat' dir='ltr'><strong>sum</strong></span> <span class='ocrx_word' id='word_1_478' title='bbox 264 1734 466 1769; x_wconf 84' lang='lat' dir='ltr'><strong>Amphilochius</strong></span> <span class='ocrx_word' id='word_1_479' title='bbox 488 1739 623 1769; x_wconf 84' lang='lat' dir='ltr'><strong>peccator.</strong></span> <span class='ocrx_word' id='word_1_480' title='bbox 647 1736 795 1764; x_wconf 86' lang='lat' dir='ltr'><strong>Eunomius</strong></span> <span class='ocrx_word' id='word_1_481' title='bbox 811 1737 879 1765; x_wconf 87' lang='lat' dir='ltr'><strong>dixit</strong></span> <span class='ocrx_word' id='word_1_482' title='bbox 894 1747 902 1766; x_wconf 85' lang='lat'><em>:</em></span> 
     </span>
    </p>
   </div>
   <div class='ocr_carea' id='block_1_66' title="bbox 119 1779 902 1815">
    <p class='ocr_par' dir='ltr' id='par_1_66' title="bbox 119 1779 902 1815">
     <span class='ocr_line' id='line_1_66' title="bbox 119 1779 902 1815; baseline 0.004 -8"><span class='ocrx_word' id='word_1_483' title='bbox 119 1780 190 1813; x_wconf 78' lang='lat' dir='ltr'><strong>Quid</strong></span> <span class='ocrx_word' id='word_1_484' title='bbox 214 1788 273 1807; x_wconf 74' lang='lat' dir='ltr'><strong>vero</strong></span> <span class='ocrx_word' id='word_1_485' title='bbox 297 1779 424 1806; x_wconf 67' lang='lat' dir='ltr'><strong>subuerti:</strong></span> <span class='ocrx_word' id='word_1_486' title='bbox 446 1779 573 1807; x_wconf 69' lang='lat' dir='ltr'><strong>Israel“?</strong></span> <span class='ocrx_word' id='word_1_487' title='bbox 591 1780 795 1815; x_wconf 85' lang='lat' dir='ltr'><strong>Amphilochius</strong></span> <span class='ocrx_word' id='word_1_488' title='bbox 810 1782 878 1809; x_wconf 79' lang='lat' dir='ltr'><strong>dixit</strong></span> <span class='ocrx_word' id='word_1_489' title='bbox 894 1791 902 1811; x_wconf 88' lang='lat'><strong>:</strong></span> 
     </span>
    </p>
   </div>
   <div class='ocr_carea' id='block_1_67' title="bbox 120 1825 904 1862">
    <p class='ocr_par' dir='ltr' id='par_1_67' title="bbox 120 1825 904 1862">
     <span class='ocr_line' id='line_1_67' title="bbox 120 1825 904 1862; baseline 0.004 -9"><span class='ocrx_word' id='word_1_490' title='bbox 120 1825 183 1853; x_wconf 83' lang='lat' dir='ltr'><strong>Non</strong></span> <span class='ocrx_word' id='word_1_491' title='bbox 210 1833 256 1861; x_wconf 87' lang='lat' dir='ltr'><strong>ego</strong></span> <span class='ocrx_word' id='word_1_492' title='bbox 286 1826 418 1861; x_wconf 73' lang='lat' dir='ltr'><strong>cut-uerto,</strong></span> <span class='ocrx_word' id='word_1_493' title='bbox 440 1826 484 1854; x_wconf 73' lang='lat' dir='ltr'><strong>ml</strong></span> <span class='ocrx_word' id='word_1_494' title='bbox 521 1826 577 1854; x_wconf 83' lang='lat' dir='ltr'><strong>tu&#39;.</strong></span> <span class='ocrx_word' id='word_1_495' title='bbox 595 1825 745 1856; x_wconf 81' lang='lat' dir='ltr'><strong>Eunomius</strong></span> <span class='ocrx_word' id='word_1_496' title='bbox 771 1828 832 1856; x_wconf 87' lang='lat' dir='ltr'><strong>ait:</strong></span> <span class='ocrx_word' id='word_1_497' title='bbox 853 1828 904 1862; x_wconf 83' lang='lat' dir='ltr'><strong>Qui</strong></span> 
     </span>
    </p>
   </div>
   <div class='ocr_carea' id='block_1_68' title="bbox 118 1867 909 1910">
    <p class='ocr_par' dir='ltr' id='par_1_68' title="bbox 118 1867 909 1910">
     <span class='ocr_line' id='line_1_68' title="bbox 118 1867 909 1910; baseline 0.005 -12"><span class='ocrx_word' id='word_1_498' title='bbox 118 1879 182 1907; x_wconf 72' lang='lat' dir='ltr'><strong>ergo</strong></span> <span class='ocrx_word' id='word_1_499' title='bbox 219 1871 301 1901; x_wconf 82' lang='lat' dir='ltr'><strong>habet</strong></span> <span class='ocrx_word' id='word_1_500' title='bbox 328 1873 414 1908; x_wconf 87' lang='lat' dir='ltr'><strong>prima</strong></span> <span class='ocrx_word' id='word_1_501' title='bbox 441 1880 494 1900; x_wconf 91' lang='lat' dir='ltr'><strong>vox</strong></span> <span class='ocrx_word' id='word_1_502' title='bbox 519 1872 654 1909; x_wconf 75' lang='lat' dir='ltr'><strong>Evangelii</strong></span> <span class='ocrx_word' id='word_1_503' title='bbox 676 1882 683 1901; x_wconf 91' lang='lat'><strong>:</strong></span> <span class='ocrx_word' id='word_1_504' title='bbox 704 1873 739 1901; x_wconf 84' lang='lat' dir='ltr'><strong>In</strong></span> <span class='ocrx_word' id='word_1_505' title='bbox 775 1867 909 1910; x_wconf 34' lang='lat' dir='ltr'><strong>principia.</strong></span> 
     </span>
    </p>
   </div>
   <div class='ocr_carea' id='block_1_69' title="bbox 118 1917 903 1953">
    <p class='ocr_par' dir='ltr' id='par_1_69' title="bbox 118 1917 903 1953">
     <span class='ocr_line' id='line_1_69' title="bbox 118 1917 903 1953; baseline 0.003 -8"><span class='ocrx_word' id='word_1_506' title='bbox 118 1923 174 1946; x_wconf 74' lang='lat' dir='ltr'><strong>erat</strong></span> <span class='ocrx_word' id='word_1_507' title='bbox 189 1918 304 1946; x_wconf 81' lang='lat' dir='ltr'><strong>Verbum</strong></span> <span class='ocrx_word' id='word_1_508' title='bbox 317 1925 327 1944; x_wconf 84' lang='lat'><strong>.&#39;</strong></span> <span class='ocrx_word' id='word_1_509' title='bbox 340 1923 363 1946; x_wconf 83' lang='lat' dir='ltr'><strong>et</strong></span> <span class='ocrx_word' id='word_1_510' title='bbox 387 1917 495 1946; x_wconf 84' lang='lat' dir='ltr'><strong>Verbum</strong></span> <span class='ocrx_word' id='word_1_511' title='bbox 526 1925 582 1946; x_wconf 80' lang='lat' dir='ltr'><strong>erat</strong></span> <span class='ocrx_word' id='word_1_512' title='bbox 596 1919 665 1953; x_wconf 82' lang='lat' dir='ltr'><strong>apud</strong></span> <span class='ocrx_word' id='word_1_513' title='bbox 683 1919 778 1952; x_wconf 83' lang='lat' dir='ltr'><strong>Deum,</strong></span> <span class='ocrx_word' id='word_1_514' title='bbox 795 1925 819 1946; x_wconf 81' lang='lat' dir='ltr'><strong>et</strong></span> <span class='ocrx_word' id='word_1_515' title='bbox 834 1920 903 1947; x_wconf 75' lang='lat' dir='ltr'><strong>Deus</strong></span> 
     </span>
    </p>
   </div>
   <div class='ocr_carea' id='block_1_70' title="bbox 118 1963 904 2000">
    <p class='ocr_par' dir='ltr' id='par_1_70' title="bbox 118 1963 904 2000">
     <span class='ocr_line' id='line_1_70' title="bbox 118 1963 904 2000; baseline 0.004 -10"><span class='ocrx_word' id='word_1_516' title='bbox 118 1969 173 1991; x_wconf 80' lang='lat' dir='ltr'><strong>erat</strong></span> <span class='ocrx_word' id='word_1_517' title='bbox 198 1963 346 1991; x_wconf 81' lang='lat' dir='ltr'><strong>Vcrbum&#39;?</strong></span> <span class='ocrx_word' id='word_1_518' title='bbox 375 1963 443 1991; x_wconf 88' lang='lat' dir='ltr'><strong>Num</strong></span> <span class='ocrx_word' id='word_1_519' title='bbox 474 1968 535 1991; x_wconf 83' lang='lat' dir='ltr'><strong>ante</strong></span> <span class='ocrx_word' id='word_1_520' title='bbox 565 1964 727 2000; x_wconf 86' lang='lat' dir='ltr'><strong>principium</strong></span> <span class='ocrx_word' id='word_1_521' title='bbox 753 1970 822 1998; x_wconf 87' lang='lat' dir='ltr'><strong>erat,</strong></span> <span class='ocrx_word' id='word_1_522' title='bbox 840 1973 904 1993; x_wconf 89' lang='lat' dir='ltr'><strong>nec-</strong></span> 
     </span>
    </p>
   </div>
   <div class='ocr_carea' id='block_1_71' title="bbox 119 2009 901 2045">
    <p class='ocr_par' dir='ltr' id='par_1_71' title="bbox 119 2009 901 2045">
     <span class='ocr_line' id='line_1_71' title="bbox 119 2009 901 2045; baseline 0.001 -8"><span class='ocrx_word' id='word_1_523' title='bbox 119 2009 172 2037; x_wconf 80' lang='lat' dir='ltr'><strong>ne‘l</strong></span> <span class='ocrx_word' id='word_1_524' title='bbox 187 2009 392 2045; x_wconf 80' lang='lat' dir='ltr'><strong>Amphilochius</strong></span> <span class='ocrx_word' id='word_1_525' title='bbox 405 2010 472 2037; x_wconf 90' lang='lat' dir='ltr'><strong>dixit</strong></span> <span class='ocrx_word' id='word_1_526' title='bbox 495 2009 575 2038; x_wconf 84' lang='lat' dir='ltr'><strong>:Non</strong></span> <span class='ocrx_word' id='word_1_527' title='bbox 601 2011 671 2038; x_wconf 88' lang='lat' dir='ltr'><strong>sicut</strong></span> <span class='ocrx_word' id='word_1_528' title='bbox 698 2015 726 2037; x_wconf 89' lang='lat' dir='ltr'><strong>tu</strong></span> <span class='ocrx_word' id='word_1_529' title='bbox 752 2011 901 2045; x_wconf 83' lang='lat' dir='ltr'><strong>existimas,</strong></span> 
     </span>
    </p>
   </div>
   <div class='ocr_carea' id='block_1_72' title="bbox 119 2054 904 2086">
    <p class='ocr_par' dir='ltr' id='par_1_72' title="bbox 119 2054 904 2086">
     <span class='ocr_line' id='line_1_72' title="bbox 119 2054 904 2086; baseline 0 -4"><span class='ocrx_word' id='word_1_530' title='bbox 119 2059 242 2082; x_wconf 85' lang='lat' dir='ltr'><strong>creatura</strong></span> <span class='ocrx_word' id='word_1_531' title='bbox 258 2059 299 2082; x_wconf 89' lang='lat' dir='ltr'><strong>est</strong></span> <span class='ocrx_word' id='word_1_532' title='bbox 324 2054 371 2082; x_wconf 89' lang='lat' dir='ltr'><strong>Dei</strong></span> <span class='ocrx_word' id='word_1_533' title='bbox 401 2054 536 2086; x_wconf 85' lang='lat' dir='ltr'><strong>Verbum;</strong></span> <span class='ocrx_word' id='word_1_534' title='bbox 562 2055 609 2082; x_wconf 83' lang='lat' dir='ltr'><strong>sed</strong></span> <span class='ocrx_word' id='word_1_535' title='bbox 637 2059 679 2083; x_wconf 83' lang='lat' dir='ltr'><strong>est</strong></span> <span class='ocrx_word' id='word_1_536' title='bbox 704 2054 804 2082; x_wconf 83' lang='lat' dir='ltr'><strong>factum</strong></span> <span class='ocrx_word' id='word_1_537' title='bbox 827 2063 904 2083; x_wconf 84' lang='lat' dir='ltr'><strong>crea-</strong></span> 
     </span>
    </p>
   </div>
   <div class='ocr_carea' id='block_1_73' title="bbox 119 2099 903 2136">
    <p class='ocr_par' dir='ltr' id='par_1_73' title="bbox 119 2099 903 2136">
     <span class='ocr_line' id='line_1_73' title="bbox 119 2099 903 2136; baseline 0 -8"><span class='ocrx_word' id='word_1_538' title='bbox 119 2105 190 2134; x_wconf 84' lang='lat' dir='ltr'><strong>tura,</strong></span> <span class='ocrx_word' id='word_1_539' title='bbox 208 2105 238 2127; x_wconf 93' lang='lat' dir='ltr'><strong>ut</strong></span> <span class='ocrx_word' id='word_1_540' title='bbox 251 2100 309 2136; x_wconf 84' lang='lat' dir='ltr'><strong>ejus</strong></span> <span class='ocrx_word' id='word_1_541' title='bbox 324 2099 450 2128; x_wconf 86' lang='lat' dir='ltr'><strong>divinitas</strong></span> <span class='ocrx_word' id='word_1_542' title='bbox 466 2100 604 2136; x_wconf 82' lang='lat' dir='ltr'><strong>voluit(c).</strong></span> <span class='ocrx_word' id='word_1_543' title='bbox 618 2101 763 2128; x_wconf 85' lang='lat' dir='ltr'><strong>Eunomius</strong></span> <span class='ocrx_word' id='word_1_544' title='bbox 777 2101 814 2128; x_wconf 85' lang='lat' dir='ltr'><strong>ait</strong></span> <span class='ocrx_word' id='word_1_545' title='bbox 828 2109 835 2127; x_wconf 91' lang='lat'><strong>:</strong></span> <span class='ocrx_word' id='word_1_546' title='bbox 852 2100 903 2134; x_wconf 86' lang='lat' dir='ltr'><strong>Qui</strong></span> 
     </span>
    </p>
   </div>
   <div class='ocr_carea' id='block_1_74' title="bbox 956 1555 1738 1592">
    <p class='ocr_par' dir='ltr' id='par_1_74' title="bbox 956 1555 1738 1592">
     <span class='ocr_line' id='line_1_74' title="bbox 956 1555 1738 1592; baseline -0.001 -9"><span class='ocrx_word' id='word_1_547' title='bbox 956 1564 1007 1583; x_wconf 82' lang='grc' dir='ltr'><strong>σαν</strong></span> <span class='ocrx_word' id='word_1_548' title='bbox 1020 1556 1048 1582; x_wconf 81' lang='grc' dir='ltr'>ὲν</span> <span class='ocrx_word' id='word_1_549' title='bbox 1063 1556 1101 1591; x_wconf 83' lang='grc' dir='ltr'><strong>τῷ</strong></span> <span class='ocrx_word' id='word_1_550' title='bbox 1118 1555 1305 1590; x_wconf 82' lang='grc' dir='ltr'>καταλύματι’</span> <span class='ocrx_word' id='word_1_551' title='bbox 1323 1555 1370 1582; x_wconf 71' lang='grc' dir='ltr'><strong>καὶ</strong></span> <span class='ocrx_word' id='word_1_552' title='bbox 1388 1555 1489 1587; x_wconf 82' lang='grc' dir='ltr'><strong>εὐθέως</strong></span> <span class='ocrx_word' id='word_1_553' title='bbox 1502 1555 1692 1591; x_wconf 77' lang='grc' dir='ltr'><strong>προσέρῤηξαν</strong></span> <span class='ocrx_word' id='word_1_554' title='bbox 1706 1557 1738 1592; x_wconf 78' lang='grc' dir='ltr'><strong>τῇ</strong></span> 
     </span>
    </p>
   </div>
   <div class='ocr_carea' id='block_1_75' title="bbox 956 1601 1738 1638">
    <p class='ocr_par' dir='ltr' id='par_1_75' title="bbox 956 1601 1738 1638">
     <span class='ocr_line' id='line_1_75' title="bbox 956 1601 1738 1638; baseline 0 -10"><span class='ocrx_word' id='word_1_555' title='bbox 956 1602 1044 1638; x_wconf 75' lang='grc' dir='ltr'>πέτρᾳ</span> <span class='ocrx_word' id='word_1_556' title='bbox 1054 1621 1061 1634; x_wconf 93' lang='grc'><strong>,</strong></span> <span class='ocrx_word' id='word_1_557' title='bbox 1075 1601 1113 1633; x_wconf 86' lang='grc' dir='ltr'>ὡς</span> <span class='ocrx_word' id='word_1_558' title='bbox 1126 1601 1210 1637; x_wconf 79' lang='grc' dir='ltr'>ἄγρια</span> <span class='ocrx_word' id='word_1_559' title='bbox 1222 1601 1342 1636; x_wconf 80' lang='grc' dir='ltr'>κύματα,</span> <span class='ocrx_word' id='word_1_560' title='bbox 1356 1601 1402 1628; x_wconf 76' lang='grc' dir='ltr'><strong>καὶ</strong></span> <span class='ocrx_word' id='word_1_561' title='bbox 1414 1601 1452 1632; x_wconf 85' lang='grc' dir='ltr'>ὡς</span> <span class='ocrx_word' id='word_1_562' title='bbox 1465 1601 1551 1637; x_wconf 78' lang='grc' dir='ltr'><strong>ἀφρὸς</strong></span> <span class='ocrx_word' id='word_1_563' title='bbox 1564 1601 1738 1637; x_wconf 80' lang='grc' dir='ltr'><strong>ἐξελύθησαν.</strong></span> 
     </span>
    </p>
   </div>
   <div class='ocr_carea' id='block_1_76' title="bbox 956 1645 1738 1681">
    <p class='ocr_par' dir='ltr' id='par_1_76' title="bbox 956 1645 1738 1681">
     <span class='ocr_line' id='line_1_76' title="bbox 956 1645 1738 1681; baseline -0.003 -8"><span class='ocrx_word' id='word_1_564' title='bbox 956 1645 1175 1681; x_wconf 84' lang='grc' dir='ltr'>Πεπετρωμένος</span> <span class='ocrx_word' id='word_1_565' title='bbox 1187 1645 1241 1681; x_wconf 83' lang='grc' dir='ltr'>γὰρ</span> <span class='ocrx_word' id='word_1_566' title='bbox 1250 1647 1284 1680; x_wconf 85' lang='grc' dir='ltr'>τῇ</span> <span class='ocrx_word' id='word_1_567' title='bbox 1292 1645 1381 1671; x_wconf 84' lang='grc' dir='ltr'>πίστει</span> <span class='ocrx_word' id='word_1_568' title='bbox 1393 1645 1515 1680; x_wconf 81' lang='grc' dir='ltr'>ὑπῆρχεν</span> <span class='ocrx_word' id='word_1_569' title='bbox 1526 1646 1541 1671; x_wconf 90' lang='lat'><strong>6</strong></span> <span class='ocrx_word' id='word_1_570' title='bbox 1556 1645 1738 1680; x_wconf 73' lang='grc' dir='ltr'>Ἀμφιλόχιος.</span> 
     </span>
    </p>
   </div>
   <div class='ocr_carea' id='block_1_77' title="bbox 955 1688 1741 1726">
    <p class='ocr_par' dir='ltr' id='par_1_77' title="bbox 955 1688 1741 1726">
     <span class='ocr_line' id='line_1_77' title="bbox 955 1688 1741 1726; baseline -0.004 -7"><span class='ocrx_word' id='word_1_571' title='bbox 955 1692 1011 1719; x_wconf 77' lang='grc' dir='ltr'>Καὶ</span> <span class='ocrx_word' id='word_1_572' title='bbox 1032 1692 1105 1726; x_wconf 85' lang='grc' dir='ltr'>λέγει</span> <span class='ocrx_word' id='word_1_573' title='bbox 1125 1692 1138 1717; x_wconf 91' lang='lat'><strong>6</strong></span> <span class='ocrx_word' id='word_1_574' title='bbox 1152 1691 1299 1726; x_wconf 76' lang='grc' dir='ltr'>Εὑνόμιος·</span> <span class='ocrx_word' id='word_1_575' title='bbox 1316 1691 1352 1717; x_wconf 81' lang='grc' dir='ltr'><strong>Σὺ</strong></span> <span class='ocrx_word' id='word_1_576' title='bbox 1373 1688 1400 1717; x_wconf 77' lang='grc' dir='ltr'><strong>εἴ</strong></span> <span class='ocrx_word' id='word_1_577' title='bbox 1416 1692 1430 1717; x_wconf 92' lang='grc' dir='ltr'><strong>ό</strong></span> <span class='ocrx_word' id='word_1_578' title='bbox 1456 1691 1639 1725; x_wconf 78' lang='grc' dir='ltr'>Ἀμφιλόχιος,</span> <span class='ocrx_word' id='word_1_579' title='bbox 1654 1691 1668 1716; x_wconf 85' lang='grc' dir='ltr'>ὁ</span> <span class='ocrx_word' id='word_1_580' title='bbox 1679 1690 1741 1717; x_wconf 85' lang='grc' dir='ltr'><strong>δοῦ-</strong></span> 
     </span>
    </p>
   </div>
   <div class='ocr_carea' id='block_1_78' title="bbox 955 1733 1741 1769">
    <p class='ocr_par' dir='ltr' id='par_1_78' title="bbox 955 1733 1741 1769">
     <span class='ocr_line' id='line_1_78' title="bbox 955 1733 1741 1769; baseline -0.001 -7"><span class='ocrx_word' id='word_1_581' title='bbox 955 1735 1000 1767; x_wconf 86' lang='grc' dir='ltr'><strong>λος</strong></span> <span class='ocrx_word' id='word_1_582' title='bbox 1012 1735 1059 1762; x_wconf 79' lang='grc' dir='ltr'><strong>τοῦ</strong></span> <span class='ocrx_word' id='word_1_583' title='bbox 1079 1735 1162 1767; x_wconf 86' lang='grc' dir='ltr'><strong>Θεοῦ;</strong></span> <span class='ocrx_word' id='word_1_584' title='bbox 1184 1735 1212 1761; x_wconf 85' lang='lat'><strong>&#39;0</strong></span> <span class='ocrx_word' id='word_1_585' title='bbox 1223 1734 1252 1760; x_wconf 85' lang='grc' dir='ltr'><strong>δὲ</strong></span> <span class='ocrx_word' id='word_1_586' title='bbox 1267 1733 1357 1767; x_wconf 81' lang='grc' dir='ltr'>λέγει·</span> <span class='ocrx_word' id='word_1_587' title='bbox 1383 1733 1453 1768; x_wconf 82' lang='grc' dir='ltr'>Ἑγώ</span> <span class='ocrx_word' id='word_1_588' title='bbox 1466 1735 1523 1769; x_wconf 78' lang='grc' dir='ltr'>εἰμι</span> <span class='ocrx_word' id='word_1_589' title='bbox 1536 1735 1550 1760; x_wconf 85' lang='lat'><strong>6</strong></span> <span class='ocrx_word' id='word_1_590' title='bbox 1569 1733 1741 1769; x_wconf 79' lang='grc' dir='ltr'>Ἀμφιλόχιος</span> 
     </span>
    </p>
   </div>
   <div class='ocr_carea' id='block_1_79' title="bbox 955 1779 1738 1817">
    <p class='ocr_par' dir='ltr' id='par_1_79' title="bbox 955 1779 1738 1817">
     <span class='ocr_line' id='line_1_79' title="bbox 955 1779 1738 1817; baseline -0.004 -8"><span class='ocrx_word' id='word_1_591' title='bbox 955 1781 1129 1817; x_wconf 80' lang='grc' dir='ltr'>ἁμαρτωλός.</span> <span class='ocrx_word' id='word_1_592' title='bbox 1142 1780 1275 1814; x_wconf 75' lang='grc' dir='ltr'>Εὑνόμιος</span> <span class='ocrx_word' id='word_1_593' title='bbox 1290 1779 1350 1806; x_wconf 80' lang='grc' dir='ltr'>εἶπε</span> <span class='ocrx_word' id='word_1_594' title='bbox 1360 1788 1367 1794; x_wconf 93' lang='grc'><strong>·</strong></span> <span class='ocrx_word' id='word_1_595' title='bbox 1381 1779 1435 1806; x_wconf 81' lang='grc' dir='ltr'><strong>Καὶ</strong></span> <span class='ocrx_word' id='word_1_596' title='bbox 1448 1779 1476 1806; x_wconf 82' lang='grc' dir='ltr'>τί</span> <span class='ocrx_word' id='word_1_597' title='bbox 1487 1779 1675 1814; x_wconf 65' lang='grc' dir='ltr'><strong>διαστρέφεις</strong></span> <span class='ocrx_word' id='word_1_598' title='bbox 1687 1780 1738 1806; x_wconf 85' lang='grc' dir='ltr'>τὸῦ</span> 
     </span>
    </p>
   </div>
   <div class='ocr_carea' id='block_1_80' title="bbox 961 1822 1740 1862">
    <p class='ocr_par' dir='ltr' id='par_1_80' title="bbox 961 1822 1740 1862">
     <span class='ocr_line' id='line_1_80' title="bbox 961 1822 1740 1862; baseline -0.003 -8"><span class='ocrx_word' id='word_1_599' title='bbox 961 1826 1080 1862; x_wconf 80' lang='grc' dir='ltr'>Ἰσραήλ</span> <span class='ocrx_word' id='word_1_600' title='bbox 1088 1833 1098 1857; x_wconf 90' lang='grc'><em>;</em></span> <span class='ocrx_word' id='word_1_601' title='bbox 1121 1824 1295 1860; x_wconf 77' lang='grc' dir='ltr'>Ἀμφιλόχιος</span> <span class='ocrx_word' id='word_1_602' title='bbox 1308 1822 1399 1851; x_wconf 86' lang='grc' dir='ltr'>εἶπεν·</span> <span class='ocrx_word' id='word_1_603' title='bbox 1416 1825 1477 1852; x_wconf 76' lang='grc' dir='ltr'><strong>οὐκ</strong></span> <span class='ocrx_word' id='word_1_604' title='bbox 1489 1824 1546 1859; x_wconf 77' lang='grc' dir='ltr'><strong>ἐγὼ</strong></span> <span class='ocrx_word' id='word_1_605' title='bbox 1560 1824 1740 1859; x_wconf 60' lang='grc' dir='ltr'>διαστρέψω,</span> 
     </span>
    </p>
   </div>
   <div class='ocr_carea' id='block_1_81' title="bbox 953 1865 1740 1906">
    <p class='ocr_par' dir='ltr' id='par_1_81' title="bbox 953 1865 1740 1906">
     <span class='ocr_line' id='line_1_81' title="bbox 953 1865 1740 1906; baseline -0.004 -7"><span class='ocrx_word' id='word_1_606' title='bbox 953 1871 1035 1899; x_wconf 69' lang='grc' dir='ltr'>ἀλλὰ</span> <span class='ocrx_word' id='word_1_607' title='bbox 1045 1871 1095 1898; x_wconf 78' lang='grc' dir='ltr'><strong>σύ.</strong></span> <span class='ocrx_word' id='word_1_608' title='bbox 1106 1868 1238 1906; x_wconf 63' lang='grc' dir='ltr'><strong>Εὑνόμιος</strong></span> <span class='ocrx_word' id='word_1_609' title='bbox 1249 1868 1336 1904; x_wconf 77' lang='grc' dir='ltr'>λέγει·</span> <span class='ocrx_word' id='word_1_610' title='bbox 1346 1867 1409 1901; x_wconf 85' lang='grc' dir='ltr'><strong>Πῶς</strong></span> <span class='ocrx_word' id='word_1_611' title='bbox 1417 1865 1464 1896; x_wconf 83' lang='grc' dir='ltr'><strong>οὖν</strong></span> <span class='ocrx_word' id='word_1_612' title='bbox 1473 1869 1490 1905; x_wconf 80' lang='grc' dir='ltr'>ὴ</span> <span class='ocrx_word' id='word_1_613' title='bbox 1499 1867 1594 1905; x_wconf 82' lang='grc' dir='ltr'>πρώτη</span> <span class='ocrx_word' id='word_1_614' title='bbox 1606 1869 1681 1905; x_wconf 80' lang='grc' dir='ltr'>φωνὴ</span> <span class='ocrx_word' id='word_1_615' title='bbox 1691 1878 1740 1896; x_wconf 83' lang='grc' dir='ltr'><strong>του</strong></span> 
     </span>
    </p>
   </div>
   <div class='ocr_carea' id='block_1_82' title="bbox 954 1912 1738 1951">
    <p class='ocr_par' dir='ltr' id='par_1_82' title="bbox 954 1912 1738 1951">
     <span class='ocr_line' id='line_1_82' title="bbox 954 1912 1738 1951; baseline -0.003 -7"><span class='ocrx_word' id='word_1_616' title='bbox 954 1916 1121 1951; x_wconf 82' lang='grc' dir='ltr'>Εὐαγγελίου</span> <span class='ocrx_word' id='word_1_617' title='bbox 1135 1915 1220 1950; x_wconf 81' lang='grc' dir='ltr'>λέγει·</span> <span class='ocrx_word' id='word_1_618' title='bbox 1233 1915 1284 1942; x_wconf 84' lang='grc' dir='ltr'><strong>Ἐν</strong></span> <span class='ocrx_word' id='word_1_619' title='bbox 1296 1914 1375 1950; x_wconf 79' lang='grc' dir='ltr'><strong>ἀρχῇ</strong></span> <span class='ocrx_word' id='word_1_620' title='bbox 1387 1912 1427 1950; x_wconf 81' lang='grc' dir='ltr'><strong>ἦν</strong></span> <span class='ocrx_word' id='word_1_621' title='bbox 1442 1916 1458 1942; x_wconf 84' lang='grc' dir='ltr'><em>ὀ</em></span> <span class='ocrx_word' id='word_1_622' title='bbox 1472 1915 1576 1950; x_wconf 79' lang='grc' dir='ltr'>Λόγος.</span> <span class='ocrx_word' id='word_1_623' title='bbox 1592 1914 1641 1942; x_wconf 79' lang='grc' dir='ltr'><strong>καὶ</strong></span> <span class='ocrx_word' id='word_1_624' title='bbox 1656 1916 1672 1942; x_wconf 83' lang='grc' dir='ltr'><em>ὁ</em></span> <span class='ocrx_word' id='word_1_625' title='bbox 1684 1915 1738 1943; x_wconf 85' lang='grc' dir='ltr'><strong>Λό-</strong></span> 
     </span>
    </p>
   </div>
   <div class='ocr_carea' id='block_1_83' title="bbox 955 1959 1740 1999">
    <p class='ocr_par' dir='ltr' id='par_1_83' title="bbox 955 1959 1740 1999">
     <span class='ocr_line' id='line_1_83' title="bbox 955 1959 1740 1999; baseline -0.004 -9"><span class='ocrx_word' id='word_1_626' title='bbox 955 1971 1008 1999; x_wconf 81' lang='grc' dir='ltr'><strong>τος</strong></span> <span class='ocrx_word' id='word_1_627' title='bbox 1020 1961 1059 1998; x_wconf 79' lang='grc' dir='ltr'><strong>ἦν</strong></span> <span class='ocrx_word' id='word_1_628' title='bbox 1074 1962 1149 1997; x_wconf 80' lang='grc' dir='ltr'>πρὸς</span> <span class='ocrx_word' id='word_1_629' title='bbox 1165 1962 1220 1989; x_wconf 79' lang='grc' dir='ltr'><strong>τὸν</strong></span> <span class='ocrx_word' id='word_1_630' title='bbox 1235 1962 1318 1989; x_wconf 82' lang='grc' dir='ltr'>Θεόν·</span> <span class='ocrx_word' id='word_1_631' title='bbox 1333 1961 1384 1988; x_wconf 76' lang='grc' dir='ltr'><strong>καὶ</strong></span> <span class='ocrx_word' id='word_1_632' title='bbox 1399 1960 1471 1994; x_wconf 82' lang='grc' dir='ltr'><strong>Θεὸς</strong></span> <span class='ocrx_word' id='word_1_633' title='bbox 1482 1959 1522 1996; x_wconf 78' lang='grc' dir='ltr'><strong>ἦν</strong></span> <span class='ocrx_word' id='word_1_634' title='bbox 1533 1963 1549 1988; x_wconf 78' lang='grc' dir='ltr'><strong>ό</strong></span> <span class='ocrx_word' id='word_1_635' title='bbox 1563 1961 1668 1996; x_wconf 83' lang='grc' dir='ltr'>Λόγος.</span> <span class='ocrx_word' id='word_1_636' title='bbox 1682 1961 1740 1996; x_wconf 83' lang='grc' dir='ltr'><strong>Πρὸ</strong></span> 
     </span>
    </p>
   </div>
   <div class='ocr_carea' id='block_1_84' title="bbox 955 2004 1740 2044">
    <p class='ocr_par' dir='ltr' id='par_1_84' title="bbox 955 2004 1740 2044">
     <span class='ocr_line' id='line_1_84' title="bbox 955 2004 1740 2044; baseline -0.006 -8"><span class='ocrx_word' id='word_1_637' title='bbox 955 2009 1005 2044; x_wconf 88' lang='grc' dir='ltr'><strong>τῆς</strong></span> <span class='ocrx_word' id='word_1_638' title='bbox 1018 2008 1105 2044; x_wconf 86' lang='grc' dir='ltr'><strong>ἀρχῆς</strong></span> <span class='ocrx_word' id='word_1_639' title='bbox 1118 2006 1163 2043; x_wconf 84' lang='grc' dir='ltr'>ἦν,</span> <span class='ocrx_word' id='word_1_640' title='bbox 1178 2007 1195 2043; x_wconf 79' lang='grc' dir='ltr'><strong>ἦ</strong></span> <span class='ocrx_word' id='word_1_641' title='bbox 1209 2007 1260 2034; x_wconf 86' lang='grc' dir='ltr'><strong>οὐκ</strong></span> <span class='ocrx_word' id='word_1_642' title='bbox 1271 2004 1323 2042; x_wconf 61' lang='lat' dir='ltr'><strong>ﬁt);</strong></span> <span class='ocrx_word' id='word_1_643' title='bbox 1341 2006 1513 2042; x_wconf 85' lang='grc' dir='ltr'>’Δμφιλόχιος</span> <span class='ocrx_word' id='word_1_644' title='bbox 1526 2004 1615 2032; x_wconf 73' lang='grc' dir='ltr'>εἷπεν·</span> <span class='ocrx_word' id='word_1_645' title='bbox 1628 2006 1693 2042; x_wconf 82' lang='grc' dir='ltr'><strong>Οὐχ,</strong></span> <span class='ocrx_word' id='word_1_646' title='bbox 1702 2005 1740 2037; x_wconf 83' lang='grc' dir='ltr'><strong>ὡς</strong></span> 
     </span>
    </p>
   </div>
   <div class='ocr_carea' id='block_1_85' title="bbox 957 2051 1738 2089">
    <p class='ocr_par' dir='ltr' id='par_1_85' title="bbox 957 2051 1738 2089">
     <span class='ocr_line' id='line_1_85' title="bbox 957 2051 1738 2089; baseline -0.006 -7"><span class='ocrx_word' id='word_1_647' title='bbox 957 2055 990 2082; x_wconf 80' lang='grc' dir='ltr'>σὺ</span> <span class='ocrx_word' id='word_1_648' title='bbox 1011 2054 1229 2089; x_wconf 79' lang='grc' dir='ltr'>ὑπολαμὸάνεις,</span> <span class='ocrx_word' id='word_1_649' title='bbox 1251 2053 1355 2088; x_wconf 84' lang='grc' dir='ltr'>κτίσμα</span> <span class='ocrx_word' id='word_1_650' title='bbox 1374 2052 1447 2078; x_wconf 78' lang='grc' dir='ltr'>ἐστὶν</span> <span class='ocrx_word' id='word_1_651' title='bbox 1462 2053 1476 2079; x_wconf 79' lang='lat'><strong>6</strong></span> <span class='ocrx_word' id='word_1_652' title='bbox 1494 2052 1541 2078; x_wconf 80' lang='grc' dir='ltr'>τοῦ</span> <span class='ocrx_word' id='word_1_653' title='bbox 1556 2051 1623 2078; x_wconf 81' lang='grc' dir='ltr'><strong>Θεοῦ</strong></span> <span class='ocrx_word' id='word_1_654' title='bbox 1634 2052 1720 2086; x_wconf 82' lang='grc' dir='ltr'>Λόγος</span> <span class='ocrx_word' id='word_1_655' title='bbox 1731 2060 1738 2067; x_wconf 84' lang='grc'><strong>·</strong></span> 
     </span>
    </p>
   </div>
   <div class='ocr_carea' id='block_1_86' title="bbox 956 2097 1740 2134">
    <p class='ocr_par' dir='ltr' id='par_1_86' title="bbox 956 2097 1740 2134">
     <span class='ocr_line' id='line_1_86' title="bbox 956 2097 1740 2134; baseline -0.005 -7"><span class='ocrx_word' id='word_1_656' title='bbox 956 2100 1013 2127; x_wconf 74' lang='grc' dir='ltr'>ἀλλ’</span> <span class='ocrx_word' id='word_1_657' title='bbox 1030 2101 1068 2132; x_wconf 82' lang='grc' dir='ltr'><strong>ὡς</strong></span> <span class='ocrx_word' id='word_1_658' title='bbox 1087 2099 1218 2134; x_wconf 81' lang='grc' dir='ltr'><strong>ἠθέλησεν</strong></span> <span class='ocrx_word' id='word_1_659' title='bbox 1233 2099 1250 2133; x_wconf 80' lang='grc' dir='ltr'>ὴ</span> <span class='ocrx_word' id='word_1_660' title='bbox 1265 2097 1348 2124; x_wconf 80' lang='grc' dir='ltr'>αὑτοῦ</span> <span class='ocrx_word' id='word_1_661' title='bbox 1367 2097 1472 2132; x_wconf 82' lang='grc' dir='ltr'>θεότης,</span> <span class='ocrx_word' id='word_1_662' title='bbox 1494 2097 1670 2133; x_wconf 79' lang='grc' dir='ltr'><strong>μετεποιήθη.</strong></span> <span class='ocrx_word' id='word_1_663' title='bbox 1688 2097 1740 2124; x_wconf 84' lang='grc' dir='ltr'><strong>Εὑ-</strong></span> 
     </span>
    </p>
   </div>
   <div class='ocr_carea' id='block_1_87' title="bbox 154 2157 905 2194">
    <p class='ocr_par' dir='ltr' id='par_1_87' title="bbox 154 2158 905 2194">
     <span class='ocr_line' id='line_1_87' title="bbox 154 2158 905 2194; baseline 0.001 -8"><span class='ocrx_word' id='word_1_664' title='bbox 154 2158 251 2186; x_wconf 71' lang='lat' dir='ltr'><strong>‘Psal.</strong></span> <span class='ocrx_word' id='word_1_665' title='bbox 275 2165 363 2190; x_wconf 87' lang='lat' dir='ltr'><strong>chtv,</strong></span> <span class='ocrx_word' id='word_1_666' title='bbox 393 2158 437 2186; x_wconf 78' lang='grc'><strong>18.</strong></span> <span class='ocrx_word' id='word_1_667' title='bbox 475 2159 485 2174; x_wconf 81' lang='grc'><strong><em>⁵</em></strong></span> <span class='ocrx_word' id='word_1_668' title='bbox 501 2158 531 2185; x_wconf 92' lang='lat' dir='ltr'><strong>lll</strong></span> <span class='ocrx_word' id='word_1_669' title='bbox 560 2159 628 2194; x_wconf 77' lang='lat' dir='ltr'><strong>Reg.</strong></span> <span class='ocrx_word' id='word_1_670' title='bbox 649 2167 727 2193; x_wconf 81' lang='lat' dir='ltr'><strong>xvur,</strong></span> <span class='ocrx_word' id='word_1_671' title='bbox 742 2159 784 2187; x_wconf 82' lang='lat' dir='ltr'><strong>l7.</strong></span> <span class='ocrx_word' id='word_1_672' title='bbox 807 2160 905 2188; x_wconf 79' lang='lat' dir='ltr'><strong>.&#39;ibid.</strong></span> 
     </span>
    </p>
   </div>
   <div class='ocr_carea' id='block_1_88' title="bbox 957 2157 1195 2194">
    <p class='ocr_par' dir='ltr' id='par_1_88' title="bbox 957 2157 1195 2189">
     <span class='ocr_line' id='line_1_88' title="bbox 957 2157 1195 2189; baseline -0.013 -3"><span class='ocrx_word' id='word_1_673' title='bbox 957 2159 976 2186; x_wconf 64' lang='grc' dir='ltr'><strong>ζ.</strong></span> <span class='ocrx_word' id='word_1_674' title='bbox 1013 2159 1023 2174; x_wconf 88' lang='grc'><strong>⁷</strong></span> <span class='ocrx_word' id='word_1_675' title='bbox 1038 2157 1116 2186; x_wconf 85' lang='lat' dir='ltr'><strong>Joan.</strong></span> <span class='ocrx_word' id='word_1_676' title='bbox 1136 2165 1156 2189; x_wconf 91' lang='lat' dir='ltr'><strong>t,</strong></span> <span class='ocrx_word' id='word_1_677' title='bbox 1169 2157 1195 2184; x_wconf 83' lang='grc'><strong>1.</strong></span> 
     </span>
    </p>
   </div>
   <div class='ocr_carea' id='block_1_89' title="bbox 119 2201 1738 2240">
    <p class='ocr_par' dir='ltr' id='par_1_89' title="bbox 119 2201 1738 2240">
     <span class='ocr_line' id='line_1_89' title="bbox 119 2201 1738 2240; baseline -0.004 -8"><span class='ocrx_word' id='word_1_678' title='bbox 119 2206 161 2233; x_wconf 85' lang='lat' dir='ltr'><strong>sio</strong></span> <span class='ocrx_word' id='word_1_679' title='bbox 180 2206 397 2239; x_wconf 86' lang='lat' dir='ltr'><strong>congressionem</strong></span> <span class='ocrx_word' id='word_1_680' title='bbox 416 2205 501 2240; x_wconf 81' lang='lat' dir='ltr'><strong>verita</strong></span> <span class='ocrx_word' id='word_1_681' title='bbox 529 2205 637 2232; x_wconf 79' lang='lat' dir='ltr'><strong>Placilla</strong></span> <span class='ocrx_word' id='word_1_682' title='bbox 653 2206 803 2240; x_wconf 78' lang='lat' dir='ltr'><strong>(contendit</strong></span> <span class='ocrx_word' id='word_1_683' title='bbox 821 2205 903 2232; x_wconf 88' lang='lat' dir='ltr'><strong>Baro-</strong></span> <span class='ocrx_word' id='word_1_684' title='bbox 919 2208 941 2235; x_wconf 91' lang='lat' dir='ltr'><strong>D</strong></span> <span class='ocrx_word' id='word_1_685' title='bbox 991 2205 1027 2240; x_wconf 76' lang='grc' dir='ltr'><strong>(ε)</strong></span> <span class='ocrx_word' id='word_1_686' title='bbox 1042 2203 1096 2240; x_wconf 62' lang='lat' dir='ltr'><strong>Sed</strong></span> <span class='ocrx_word' id='word_1_687' title='bbox 1111 2208 1148 2240; x_wconf 65' lang='lat' dir='ltr'><strong>est</strong></span> <span class='ocrx_word' id='word_1_688' title='bbox 1163 2203 1261 2240; x_wconf 46' lang='lat' dir='ltr'><strong>factum</strong></span> <span class='ocrx_word' id='word_1_689' title='bbox 1281 2206 1416 2240; x_wconf 52' lang='lat' dir='ltr'><strong>creantur3</strong></span> <span class='ocrx_word' id='word_1_690' title='bbox 1434 2201 1541 2240; x_wconf 31' lang='grc' dir='ltr'><strong>μία-ἵης</strong></span> <span class='ocrx_word' id='word_1_691' title='bbox 1555 2201 1738 2240; x_wconf 34' lang='lat' dir='ltr'><strong>divinitatum-</strong></span> 
     </span>
    </p>
   </div>
   <div class='ocr_carea' id='block_1_90' title="bbox 119 2239 902 2276">
    <p class='ocr_par' dir='ltr' id='par_1_90' title="bbox 119 2239 902 2276">
     <span class='ocr_line' id='line_1_90' title="bbox 119 2239 902 2276; baseline -0.003 -9"><span class='ocrx_word' id='word_1_692' title='bbox 119 2241 180 2267; x_wconf 87' lang='lat' dir='ltr'><strong>nius</strong></span> <span class='ocrx_word' id='word_1_693' title='bbox 198 2249 240 2267; x_wconf 84' lang='lat' dir='ltr'><strong>an.</strong></span> <span class='ocrx_word' id='word_1_694' title='bbox 253 2239 306 2267; x_wconf 76' lang='lat'><strong>585</strong></span> <span class='ocrx_word' id='word_1_695' title='bbox 318 2240 415 2276; x_wconf 84' lang='lat' dir='ltr'><strong>dictam</strong></span> <span class='ocrx_word' id='word_1_696' title='bbox 430 2239 566 2276; x_wconf 79' lang='lat' dir='ltr'><strong>Flacillam</strong></span> <span class='ocrx_word' id='word_1_697' title='bbox 580 2248 613 2276; x_wconf 77' lang='lat' dir='ltr'><strong>ex</strong></span> <span class='ocrx_word' id='word_1_698' title='bbox 628 2241 712 2268; x_wconf 86' lang='lat' dir='ltr'><strong>veteri</strong></span> <span class='ocrx_word' id='word_1_699' title='bbox 731 2241 902 2276; x_wconf 65' lang='lat' dir='ltr'><strong>numismatu)</strong></span> 
     </span>
    </p>
   </div>
   <div class='ocr_carea' id='block_1_91' title="bbox 119 2275 902 2309">
    <p class='ocr_par' dir='ltr' id='par_1_91' title="bbox 119 2275 902 2309">
     <span class='ocr_line' id='line_1_91' title="bbox 119 2275 902 2309; baseline 0 -7"><span class='ocrx_word' id='word_1_700' title='bbox 119 2279 249 2308; x_wconf 84' lang='lat' dir='ltr'><strong>quantum</strong></span> <span class='ocrx_word' id='word_1_701' title='bbox 277 2275 373 2309; x_wconf 87' lang='lat' dir='ltr'><strong>potuit,</strong></span> <span class='ocrx_word' id='word_1_702' title='bbox 396 2275 543 2308; x_wconf 86' lang='lat' dir='ltr'><strong>prohibuit,</strong></span> <span class='ocrx_word' id='word_1_703' title='bbox 557 2279 585 2301; x_wconf 87' lang='lat' dir='ltr'><strong>ut</strong></span> <span class='ocrx_word' id='word_1_704' title='bbox 601 2275 710 2302; x_wconf 87' lang='lat' dir='ltr'><strong>Sczom.</strong></span> <span class='ocrx_word' id='word_1_705' title='bbox 726 2275 746 2302; x_wconf 96' lang='lat' dir='ltr'><strong>I.</strong></span> <span class='ocrx_word' id='word_1_706' title='bbox 767 2283 814 2306; x_wconf 81' lang='lat' dir='ltr'><strong>vn,</strong></span> <span class='ocrx_word' id='word_1_707' title='bbox 831 2283 857 2302; x_wconf 89' lang='lat' dir='ltr'><strong>c.</strong></span> <span class='ocrx_word' id='word_1_708' title='bbox 875 2275 902 2302; x_wconf 86' lang='lat'><strong>6.</strong></span> 
     </span>
    </p>
   </div>
   <div class='ocr_carea' id='block_1_92' title="bbox 121 2309 903 2344">
    <p class='ocr_par' dir='ltr' id='par_1_92' title="bbox 121 2309 903 2344">
     <span class='ocr_line' id='line_1_92' title="bbox 121 2309 903 2344; baseline -0.001 -7"><span class='ocrx_word' id='word_1_709' title='bbox 121 2310 155 2337; x_wconf 85' lang='lat' dir='ltr'><strong>Ut</strong></span> <span class='ocrx_word' id='word_1_710' title='bbox 184 2310 281 2337; x_wconf 90' lang='lat' dir='ltr'><strong>merito</strong></span> <span class='ocrx_word' id='word_1_711' title='bbox 305 2310 439 2344; x_wconf 80' lang='lat' dir='ltr'><strong>potuerint</strong></span> <span class='ocrx_word' id='word_1_712' title='bbox 456 2310 609 2343; x_wconf 83' lang='lat' dir='ltr'><strong>orthodoxi,</strong></span> <span class='ocrx_word' id='word_1_713' title='bbox 629 2318 725 2342; x_wconf 69' lang='lat' dir='ltr'><strong>magna</strong></span> <span class='ocrx_word' id='word_1_714' title='bbox 748 2309 804 2342; x_wconf 88' lang='lat' dir='ltr'><strong>jam</strong></span> <span class='ocrx_word' id='word_1_715' title='bbox 833 2311 903 2343; x_wconf 91' lang='lat' dir='ltr'><strong>apud</strong></span> 
     </span>
    </p>
   </div>
   <div class='ocr_carea' id='block_1_93' title="bbox 118 2344 903 2379">
    <p class='ocr_par' dir='ltr' id='par_1_93' title="bbox 118 2344 903 2379">
     <span class='ocr_line' id='line_1_93' title="bbox 118 2344 903 2379; baseline 0 -8"><span class='ocrx_word' id='word_1_716' title='bbox 118 2352 214 2372; x_wconf 83' lang='lat' dir='ltr'><strong>omnes</strong></span> <span class='ocrx_word' id='word_1_717' title='bbox 229 2345 366 2377; x_wconf 78' lang='lat' dir='ltr'><strong>opinione,</strong></span> <span class='ocrx_word' id='word_1_718' title='bbox 381 2349 408 2371; x_wconf 88' lang='lat' dir='ltr'><strong>ct</strong></span> <span class='ocrx_word' id='word_1_719' title='bbox 421 2344 512 2372; x_wconf 83' lang='lat' dir='ltr'><strong>Basilii</strong></span> <span class='ocrx_word' id='word_1_720' title='bbox 532 2353 618 2379; x_wconf 84' lang='lat' dir='ltr'><strong>nuper</strong></span> <span class='ocrx_word' id='word_1_721' title='bbox 640 2345 759 2373; x_wconf 85' lang='lat' dir='ltr'><strong>defuncti</strong></span> <span class='ocrx_word' id='word_1_722' title='bbox 786 2345 903 2372; x_wconf 79' lang='lat' dir='ltr'><strong>amicitia</strong></span> 
     </span>
    </p>
   </div>
   <div class='ocr_carea' id='block_1_94' title="bbox 119 2379 905 2413">
    <p class='ocr_par' dir='ltr' id='par_1_94' title="bbox 119 2379 905 2413">
     <span class='ocr_line' id='line_1_94' title="bbox 119 2379 905 2413; baseline 0.001 -7"><span class='ocrx_word' id='word_1_723' title='bbox 119 2385 146 2406; x_wconf 89' lang='lat' dir='ltr'><strong>et</strong></span> <span class='ocrx_word' id='word_1_724' title='bbox 175 2380 322 2407; x_wconf 78' lang='lat' dir='ltr'><strong>studiorum</strong></span> <span class='ocrx_word' id='word_1_725' title='bbox 349 2380 477 2407; x_wconf 87' lang='lat' dir='ltr'><strong>societate</strong></span> <span class='ocrx_word' id='word_1_726' title='bbox 506 2379 608 2406; x_wconf 80' lang='lat' dir='ltr'><strong>clarum</strong></span> <span class='ocrx_word' id='word_1_727' title='bbox 631 2380 848 2413; x_wconf 85' lang='lat' dir='ltr'><strong>Amphilochium</strong></span> <span class='ocrx_word' id='word_1_728' title='bbox 865 2387 905 2407; x_wconf 89' lang='lat' dir='ltr'><strong>re-</strong></span> 
     </span>
    </p>
   </div>
   <div class='ocr_carea' id='block_1_95' title="bbox 120 2414 833 2450">
    <p class='ocr_par' dir='ltr' id='par_1_95' title="bbox 120 2414 833 2450">
     <span class='ocr_line' id='line_1_95' title="bbox 120 2414 833 2450; baseline -0.003 -8"><span class='ocrx_word' id='word_1_729' title='bbox 120 2415 238 2450; x_wconf 83' lang='lat' dir='ltr'><strong>quirere.</strong></span> <span class='ocrx_word' id='word_1_730' title='bbox 254 2415 371 2449; x_wconf 86' lang='lat' dir='ltr'><strong>atquein</strong></span> <span class='ocrx_word' id='word_1_731' title='bbox 385 2421 422 2441; x_wconf 79' lang='lat' dir='ltr'><strong>&#39;eo</strong></span> <span class='ocrx_word' id='word_1_732' title='bbox 435 2414 579 2449; x_wconf 90' lang='lat' dir='ltr'><strong>plurimum</strong></span> <span class='ocrx_word' id='word_1_733' title='bbox 592 2414 707 2448; x_wconf 59' lang='lat' dir='ltr'><strong>praesidii</strong></span> <span class='ocrx_word' id='word_1_734' title='bbox 724 2422 833 2450; x_wconf 80' lang='lat' dir='ltr'><strong>ponere.</strong></span> 
     </span>
    </p>
   </div>
   <div class='ocr_carea' id='block_1_96' title="bbox 156 2449 905 2485">
    <p class='ocr_par' dir='ltr' id='par_1_96' title="bbox 156 2449 905 2485">
     <span class='ocr_line' id='line_1_96' title="bbox 156 2449 905 2485; baseline -0.001 -9"><span class='ocrx_word' id='word_1_735' title='bbox 156 2449 195 2485; x_wconf 90' lang='lat' dir='ltr'><strong>(a)</strong></span> <span class='ocrx_word' id='word_1_736' title='bbox 209 2450 318 2477; x_wconf 82' lang='lat' dir='ltr'><strong>Centum</strong></span> <span class='ocrx_word' id='word_1_737' title='bbox 337 2450 524 2485; x_wconf 74' lang='lat' dir='ltr'><strong>quinquaginta</strong></span> <span class='ocrx_word' id='word_1_738' title='bbox 552 2451 641 2476; x_wconf 85' lang='lat' dir='ltr'><strong>trium.</strong></span> <span class='ocrx_word' id='word_1_739' title='bbox 670 2453 738 2485; x_wconf 60' lang='grc' dir='ltr'><strong>ρνγ⁷ἶ</strong></span> <span class='ocrx_word' id='word_1_740' title='bbox 767 2449 818 2476; x_wconf 89' lang='lat' dir='ltr'><strong>Alii</strong></span> <span class='ocrx_word' id='word_1_741' title='bbox 847 2454 905 2485; x_wconf 71' lang='grc' dir='ltr'>ιιιητ</span> 
     </span>
    </p>
   </div>
   <div class='ocr_carea' id='block_1_97' title="bbox 121 2484 903 2519">
    <p class='ocr_par' dir='ltr' id='par_1_97' title="bbox 121 2484 903 2519">
     <span class='ocr_line' id='line_1_97' title="bbox 121 2484 903 2519; baseline 0 -9"><span class='ocrx_word' id='word_1_742' title='bbox 121 2484 189 2517; x_wconf 75' lang='lat' dir='ltr'><strong>trrrn,</strong></span> <span class='ocrx_word' id='word_1_743' title='bbox 208 2489 315 2512; x_wconf 87' lang='lat' dir='ltr'><strong>centum</strong></span> <span class='ocrx_word' id='word_1_744' title='bbox 332 2485 543 2519; x_wconf 79' lang='lat' dir='ltr'><strong>quinquaginta;</strong></span> <span class='ocrx_word' id='word_1_745' title='bbox 560 2485 607 2511; x_wconf 81' lang='lat' dir='ltr'><strong>sed</strong></span> <span class='ocrx_word' id='word_1_746' title='bbox 624 2485 708 2518; x_wconf 77' lang='lat' dir='ltr'><strong>potuit</strong></span> <span class='ocrx_word' id='word_1_747' title='bbox 726 2484 804 2510; x_wconf 81' lang='lat' dir='ltr'><strong>facile</strong></span> <span class='ocrx_word' id='word_1_748' title='bbox 816 2484 903 2510; x_wconf 86' lang='lat' dir='ltr'><strong>omitti</strong></span> 
     </span>
    </p>
   </div>
   <div class='ocr_carea' id='block_1_98' title="bbox 121 2519 905 2554">
    <p class='ocr_par' dir='ltr' id='par_1_98' title="bbox 121 2519 905 2554">
     <span class='ocr_line' id='line_1_98' title="bbox 121 2519 905 2554; baseline 0 -8"><span class='ocrx_word' id='word_1_749' title='bbox 121 2521 208 2547; x_wconf 85' lang='lat' dir='ltr'><strong>minor</strong></span> <span class='ocrx_word' id='word_1_750' title='bbox 224 2527 360 2549; x_wconf 85' lang='lat' dir='ltr'><strong>numerus.</strong></span> <span class='ocrx_word' id='word_1_751' title='bbox 378 2525 405 2546; x_wconf 92' lang='lat' dir='ltr'><strong>ut</strong></span> <span class='ocrx_word' id='word_1_752' title='bbox 426 2521 455 2546; x_wconf 87' lang='lat' dir='ltr'><strong>tit</strong></span> <span class='ocrx_word' id='word_1_753' title='bbox 472 2520 570 2554; x_wconf 89' lang='lat' dir='ltr'><strong>passim</strong></span> <span class='ocrx_word' id='word_1_754' title='bbox 590 2520 616 2546; x_wconf 90' lang='lat' dir='ltr'><strong>in</strong></span> <span class='ocrx_word' id='word_1_755' title='bbox 633 2519 703 2546; x_wconf 79' lang='lat' dir='ltr'><strong>aliis.</strong></span> <span class='ocrx_word' id='word_1_756' title='bbox 732 2520 808 2553; x_wconf 88' lang='lat' dir='ltr'><strong>Apud</strong></span> <span class='ocrx_word' id='word_1_757' title='bbox 824 2519 905 2553; x_wconf 87' lang='lat' dir='ltr'><strong>Lipo-</strong></span> 
     </span>
    </p>
   </div>
   <div class='ocr_carea' id='block_1_99' title="bbox 119 2555 624 2589">
    <p class='ocr_par' dir='ltr' id='par_1_99' title="bbox 119 2555 624 2589">
     <span class='ocr_line' id='line_1_99' title="bbox 119 2555 624 2589; baseline -0.006 -6"><span class='ocrx_word' id='word_1_758' title='bbox 119 2563 228 2582; x_wconf 86' lang='lat' dir='ltr'><strong>manum</strong></span> <span class='ocrx_word' id='word_1_759' title='bbox 242 2562 293 2581; x_wconf 93' lang='lat' dir='ltr'><strong>non</strong></span> <span class='ocrx_word' id='word_1_760' title='bbox 308 2555 468 2589; x_wconf 84' lang='lat' dir='ltr'><strong>exprimitur</strong></span> <span class='ocrx_word' id='word_1_761' title='bbox 487 2562 624 2581; x_wconf 88' lang='lat' dir='ltr'><strong>numerus.</strong></span> 
     </span>
    </p>
   </div>
   <div class='ocr_carea' id='block_1_100' title="bbox 155 2588 904 2624">
    <p class='ocr_par' dir='ltr' id='par_1_100' title="bbox 155 2588 904 2624">
     <span class='ocr_line' id='line_1_100' title="bbox 155 2588 904 2624; baseline -0.004 -7"><span class='ocrx_word' id='word_1_762' title='bbox 155 2590 193 2624; x_wconf 83' lang='lat' dir='ltr'><strong>(b)</strong></span> <span class='ocrx_word' id='word_1_763' title='bbox 210 2589 280 2616; x_wconf 80' lang='lat' dir='ltr'><strong>Tur’it</strong></span> <span class='ocrx_word' id='word_1_764' title='bbox 297 2597 328 2616; x_wconf 73' lang='lat' dir='ltr'><strong>ex</strong></span> <span class='ocrx_word' id='word_1_765' title='bbox 341 2588 412 2617; x_wconf 64' lang='lat' dir='ltr'><strong>strue</strong></span> <span class='ocrx_word' id='word_1_766' title='bbox 427 2590 529 2623; x_wconf 78' lang='lat' dir='ltr'><strong>plenum</strong></span> <span class='ocrx_word' id='word_1_767' title='bbox 548 2590 606 2624; x_wconf 81' lang='lat' dir='ltr'><strong>igne</strong></span> <span class='ocrx_word' id='word_1_768' title='bbox 620 2589 765 2616; x_wconf 77' lang='lat' dir='ltr'><strong>carbonem.</strong></span> <span class='ocrx_word' id='word_1_769' title='bbox 779 2588 904 2624; x_wconf 75' lang='grc' dir='ltr'><strong>Καρϐού-</strong></span> 
     </span>
    </p>
   </div>
   <div class='ocr_carea' id='block_1_101' title="bbox 119 2623 905 2666">
    <p class='ocr_par' dir='ltr' id='par_1_101' title="bbox 119 2623 905 2666">
     <span class='ocr_line' id='line_1_101' title="bbox 119 2623 905 2666; baseline -0.003 -14"><span class='ocrx_word' id='word_1_770' title='bbox 119 2633 168 2659; x_wconf 84' lang='grc' dir='ltr'><strong>νην</strong></span> <span class='ocrx_word' id='word_1_771' title='bbox 184 2623 397 2660; x_wconf 71' lang='grc' dir='ltr'><strong>μεμεστωμὲνην</strong></span> <span class='ocrx_word' id='word_1_772' title='bbox 410 2625 504 2666; x_wconf 80' lang='grc' dir='ltr'>πυρός.</span> <span class='ocrx_word' id='word_1_773' title='bbox 519 2623 570 2650; x_wconf 83' lang='lat' dir='ltr'><strong>Seu</strong></span> <span class='ocrx_word' id='word_1_774' title='bbox 586 2625 718 2666; x_wconf 66' lang='lat' dir='ltr'><strong>titionem,</strong></span> <span class='ocrx_word' id='word_1_775' title='bbox 734 2623 905 2666; x_wconf 39' lang='lat' dir='ltr'><strong>totum&#39;igni-</strong></span> 
     </span>
    </p>
   </div>
   <div class='ocr_carea' id='block_1_102' title="bbox 121 2658 905 2694">
    <p class='ocr_par' dir='ltr' id='par_1_102' title="bbox 121 2658 905 2694">
     <span class='ocr_line' id='line_1_102' title="bbox 121 2658 905 2694; baseline 0.001 -9"><span class='ocrx_word' id='word_1_776' title='bbox 121 2658 198 2686; x_wconf 59' lang='grc' dir='ltr'>ιιίιιιξ</span> <span class='ocrx_word' id='word_1_777' title='bbox 215 2658 267 2686; x_wconf 61' lang='lat' dir='ltr'><strong>vox</strong></span> <span class='ocrx_word' id='word_1_778' title='bbox 287 2658 423 2687; x_wconf 81' lang='lat' dir='ltr'><strong>corumuni</strong></span> <span class='ocrx_word' id='word_1_779' title='bbox 444 2658 499 2694; x_wconf 79' lang='lat' dir='ltr'><strong>jam</strong></span> <span class='ocrx_word' id='word_1_780' title='bbox 524 2666 572 2685; x_wconf 90' lang='lat' dir='ltr'><strong>usu</strong></span> <span class='ocrx_word' id='word_1_781' title='bbox 592 2658 694 2686; x_wconf 54' lang='lat' dir='ltr'><strong>Graecis</strong></span> <span class='ocrx_word' id='word_1_782' title='bbox 714 2665 832 2693; x_wconf 82' lang='lat' dir='ltr'><strong>recepta.</strong></span> <span class='ocrx_word' id='word_1_783' title='bbox 848 2659 905 2686; x_wconf 78' lang='lat' dir='ltr'><strong>Non</strong></span> 
     </span>
    </p>
   </div>
   <div class='ocr_carea' id='block_1_103' title="bbox 121 2694 907 2728">
    <p class='ocr_par' dir='ltr' id='par_1_103' title="bbox 121 2694 907 2728">
     <span class='ocr_line' id='line_1_103' title="bbox 121 2694 907 2728; baseline 0 -7"><span class='ocrx_word' id='word_1_784' title='bbox 121 2695 202 2721; x_wconf 78' lang='lat' dir='ltr'><strong>habet</strong></span> <span class='ocrx_word' id='word_1_785' title='bbox 217 2695 271 2720; x_wconf 90' lang='lat' dir='ltr'><strong>vita</strong></span> <span class='ocrx_word' id='word_1_786' title='bbox 288 2702 302 2720; x_wconf 74' lang='grc' dir='ltr'>ει</span> <span class='ocrx_word' id='word_1_787' title='bbox 321 2695 470 2728; x_wconf 78' lang='lat' dir='ltr'><strong>Lipomano</strong></span> <span class='ocrx_word' id='word_1_788' title='bbox 497 2694 567 2720; x_wconf 84' lang='lat' dir='ltr'><strong>edita</strong></span> <span class='ocrx_word' id='word_1_789' title='bbox 589 2694 637 2720; x_wconf 89' lang='lat' dir='ltr'><strong>hoc</strong></span> <span class='ocrx_word' id='word_1_790' title='bbox 659 2694 828 2726; x_wconf 84' lang='lat' dir='ltr'><strong>miraculum,</strong></span> <span class='ocrx_word' id='word_1_791' title='bbox 844 2702 907 2721; x_wconf 80' lang='lat' dir='ltr'><strong>vere</strong></span> 
     </span>
    </p>
   </div>
   <div class='ocr_carea' id='block_1_104' title="bbox 120 2729 902 2764">
    <p class='ocr_par' dir='ltr' id='par_1_104' title="bbox 120 2729 902 2764">
     <span class='ocr_line' id='line_1_104' title="bbox 120 2729 902 2764; baseline 0 -8"><span class='ocrx_word' id='word_1_792' title='bbox 120 2729 185 2756; x_wconf 81' lang='lat' dir='ltr'><strong>illud</strong></span> <span class='ocrx_word' id='word_1_793' title='bbox 204 2729 315 2762; x_wconf 80' lang='lat' dir='ltr'><strong>grande,</strong></span> <span class='ocrx_word' id='word_1_794' title='bbox 333 2730 382 2757; x_wconf 85' lang='lat' dir='ltr'><strong>etsi</strong></span> <span class='ocrx_word' id='word_1_795' title='bbox 399 2737 450 2757; x_wconf 91' lang='lat' dir='ltr'><strong>non</strong></span> <span class='ocrx_word' id='word_1_796' title='bbox 467 2730 525 2756; x_wconf 85' lang='lat' dir='ltr'><strong>sine</strong></span> <span class='ocrx_word' id='word_1_797' title='bbox 546 2729 680 2763; x_wconf 79' lang='lat' dir='ltr'><strong>exemplo.</strong></span> <span class='ocrx_word' id='word_1_798' title='bbox 713 2729 816 2764; x_wconf 66' lang='lat' dir='ltr'><strong>Smpius</strong></span> <span class='ocrx_word' id='word_1_799' title='bbox 830 2729 902 2756; x_wconf 87' lang='lat' dir='ltr'><strong>enim</strong></span> 
     </span>
    </p>
   </div>
   <div class='ocr_carea' id='block_1_105' title="bbox 120 2763 904 2797">
    <p class='ocr_par' dir='ltr' id='par_1_105' title="bbox 120 2763 904 2797">
     <span class='ocr_line' id='line_1_105' title="bbox 120 2763 904 2797; baseline 0 -6"><span class='ocrx_word' id='word_1_800' title='bbox 120 2772 150 2791; x_wconf 77' lang='lat' dir='ltr'><strong>se</strong></span> <span class='ocrx_word' id='word_1_801' title='bbox 163 2765 251 2792; x_wconf 86' lang='lat' dir='ltr'><strong>divina</strong></span> <span class='ocrx_word' id='word_1_802' title='bbox 265 2765 352 2792; x_wconf 86' lang='lat' dir='ltr'><strong>virtus</strong></span> <span class='ocrx_word' id='word_1_803' title='bbox 374 2773 406 2792; x_wconf 85' lang='lat' dir='ltr'><strong>eo</strong></span> <span class='ocrx_word' id='word_1_804' title='bbox 419 2765 497 2792; x_wconf 87' lang='lat' dir='ltr'><strong>modo</strong></span> <span class='ocrx_word' id='word_1_805' title='bbox 513 2763 629 2797; x_wconf 81' lang='lat' dir='ltr'><strong>prodidit</strong></span> <span class='ocrx_word' id='word_1_806' title='bbox 653 2765 679 2791; x_wconf 94' lang='lat' dir='ltr'><strong>in</strong></span> <span class='ocrx_word' id='word_1_807' title='bbox 694 2764 739 2791; x_wconf 87' lang='lat' dir='ltr'><strong>illo</strong></span> <span class='ocrx_word' id='word_1_808' title='bbox 754 2763 904 2796; x_wconf 73' lang='lat' dir='ltr'><strong>eletnento;</strong></span> 
     </span>
    </p>
   </div>
   <div class='ocr_carea' id='block_1_106' title="bbox 121 2798 906 2835">
    <p class='ocr_par' dir='ltr' id='par_1_106' title="bbox 121 2798 906 2835">
     <span class='ocr_line' id='line_1_106' title="bbox 121 2798 906 2835; baseline 0.001 -10"><span class='ocrx_word' id='word_1_809' title='bbox 121 2804 151 2826; x_wconf 85' lang='lat' dir='ltr'><strong>ut</strong></span> <span class='ocrx_word' id='word_1_810' title='bbox 167 2800 192 2835; x_wconf 67' lang='lat' dir='ltr'><strong>in</strong></span> <span class='ocrx_word' id='word_1_811' title='bbox 215 2800 322 2835; x_wconf 80' lang='lat' dir='ltr'><strong>fornace</strong></span> <span class='ocrx_word' id='word_1_812' title='bbox 341 2800 513 2835; x_wconf 82' lang='lat' dir='ltr'><strong>Babylonica,</strong></span> <span class='ocrx_word' id='word_1_813' title='bbox 529 2799 554 2826; x_wconf 91' lang='lat' dir='ltr'><strong>iu</strong></span> <span class='ocrx_word' id='word_1_814' title='bbox 570 2798 681 2832; x_wconf 82' lang='lat' dir='ltr'><strong>Brictio,</strong></span> <span class='ocrx_word' id='word_1_815' title='bbox 703 2800 730 2827; x_wconf 90' lang='lat' dir='ltr'><strong>in</strong></span> <span class='ocrx_word' id='word_1_816' title='bbox 757 2799 906 2827; x_wconf 82' lang='lat' dir='ltr'><strong>Francisco</strong></span> 
     </span>
    </p>
   </div>
   <div class='ocr_carea' id='block_1_107' title="bbox 121 2834 326 2868">
    <p class='ocr_par' dir='ltr' id='par_1_107' title="bbox 121 2834 326 2868">
     <span class='ocr_line' id='line_1_107' title="bbox 121 2834 326 2868; baseline -0.01 -6"><span class='ocrx_word' id='word_1_817' title='bbox 121 2836 154 2863; x_wconf 81' lang='lat' dir='ltr'><strong>de</strong></span> <span class='ocrx_word' id='word_1_818' title='bbox 168 2834 259 2868; x_wconf 83' lang='lat' dir='ltr'><strong>Paula,</strong></span> <span class='ocrx_word' id='word_1_819' title='bbox 274 2839 326 2862; x_wconf 86' lang='lat' dir='ltr'><strong>etc.</strong></span> 
     </span>
    </p>
   </div>
   <div class='ocr_carea' id='block_1_108' title="bbox 955 2234 1737 2272">
    <p class='ocr_par' dir='ltr' id='par_1_108' title="bbox 955 2234 1737 2272">
     <span class='ocr_line' id='line_1_108' title="bbox 955 2234 1737 2272; baseline -0.006 -6"><span class='ocrx_word' id='word_1_820' title='bbox 955 2234 1097 2267; x_wconf 77' lang='grc' dir='ltr'><strong>Ιαῐὶ,”Αλλ”</strong></span> <span class='ocrx_word' id='word_1_821' title='bbox 1111 2238 1149 2269; x_wconf 82' lang='grc' dir='ltr'>ὡς</span> <span class='ocrx_word' id='word_1_822' title='bbox 1159 2234 1290 2272; x_wconf 78' lang='grc' dir='ltr'>ἠθέλησεν</span> <span class='ocrx_word' id='word_1_823' title='bbox 1305 2238 1321 2271; x_wconf 89' lang='grc' dir='ltr'><strong>ή</strong></span> <span class='ocrx_word' id='word_1_824' title='bbox 1336 2235 1417 2262; x_wconf 81' lang='grc' dir='ltr'>αὑτοῦ</span> <span class='ocrx_word' id='word_1_825' title='bbox 1435 2234 1546 2272; x_wconf 46' lang='grc' dir='ltr'>Θεότὴς,</span> <span class='ocrx_word' id='word_1_826' title='bbox 1560 2234 1737 2270; x_wconf 61' lang='grc' dir='ltr'>μτεποιήθη.</span> 
     </span>
    </p>
   </div>
   <div class='ocr_carea' id='block_1_109' title="bbox 956 2271 1739 2305">
    <p class='ocr_par' dir='ltr' id='par_1_109' title="bbox 956 2271 1739 2305">
     <span class='ocr_line' id='line_1_109' title="bbox 956 2271 1739 2305; baseline -0.006 -3"><span class='ocrx_word' id='word_1_827' title='bbox 956 2275 1002 2302; x_wconf 89' lang='lat' dir='ltr'><strong>Sic</strong></span> <span class='ocrx_word' id='word_1_828' title='bbox 1026 2274 1112 2300; x_wconf 78' lang='lat' dir='ltr'><strong>visum</strong></span> <span class='ocrx_word' id='word_1_829' title='bbox 1137 2271 1178 2299; x_wconf 81' lang='lat' dir='ltr'><strong>est</strong></span> <span class='ocrx_word' id='word_1_830' title='bbox 1199 2271 1441 2305; x_wconf 39' lang='lat' dir='ltr'><strong>et&#39;interpungcrc</strong></span> <span class='ocrx_word' id='word_1_831' title='bbox 1461 2276 1488 2298; x_wconf 83' lang='lat' dir='ltr'><strong>et</strong></span> <span class='ocrx_word' id='word_1_832' title='bbox 1503 2271 1623 2303; x_wconf 83' lang='lat' dir='ltr'><strong>reddere,</strong></span> <span class='ocrx_word' id='word_1_833' title='bbox 1639 2274 1739 2297; x_wconf 63' lang='lat' dir='ltr'><strong>ut&#39;stet</strong></span> 
     </span>
    </p>
   </div>
   <div class='ocr_carea' id='block_1_110' title="bbox 955 2305 1738 2341">
    <p class='ocr_par' dir='ltr' id='par_1_110' title="bbox 955 2305 1738 2341">
     <span class='ocr_line' id='line_1_110' title="bbox 955 2305 1738 2341; baseline -0.008 -5"><span class='ocrx_word' id='word_1_834' title='bbox 955 2317 1051 2337; x_wconf 85' lang='lat' dir='ltr'><strong>sensus</strong></span> <span class='ocrx_word' id='word_1_835' title='bbox 1066 2307 1226 2338; x_wconf 85' lang='lat' dir='ltr'><strong>catholicus,</strong></span> <span class='ocrx_word' id='word_1_836' title='bbox 1242 2314 1295 2341; x_wconf 88' lang='lat' dir='ltr'><strong>quo</strong></span> <span class='ocrx_word' id='word_1_837' title='bbox 1313 2311 1414 2333; x_wconf 82' lang='lat' dir='ltr'><strong>certum</strong></span> <span class='ocrx_word' id='word_1_838' title='bbox 1434 2310 1485 2336; x_wconf 87' lang='lat' dir='ltr'><strong>cst.</strong></span> <span class='ocrx_word' id='word_1_839' title='bbox 1502 2312 1559 2341; x_wconf 72' lang='lat' dir='ltr'><strong>no_n_</strong></span> <span class='ocrx_word' id='word_1_840' title='bbox 1570 2305 1656 2341; x_wconf 84' lang='lat' dir='ltr'><strong>solum</strong></span> <span class='ocrx_word' id='word_1_841' title='bbox 1671 2305 1738 2331; x_wconf 88' lang='lat' dir='ltr'><strong>Aru-</strong></span> 
     </span>
    </p>
   </div>
   <div class='ocr_carea' id='block_1_111' title="bbox 957 2339 1736 2379">
    <p class='ocr_par' dir='ltr' id='par_1_111' title="bbox 957 2339 1736 2379">
     <span class='ocr_line' id='line_1_111' title="bbox 957 2339 1736 2379; baseline -0.006 -8"><span class='ocrx_word' id='word_1_842' title='bbox 957 2344 1121 2379; x_wconf 87' lang='lat' dir='ltr'><strong>philochium</strong></span> <span class='ocrx_word' id='word_1_843' title='bbox 1132 2339 1271 2379; x_wconf 62' lang='lat' dir='ltr'><strong>esseolim</strong></span> <span class='ocrx_word' id='word_1_844' title='bbox 1287 2341 1420 2379; x_wconf 60' lang='lat' dir='ltr'><strong>loculum,</strong></span> <span class='ocrx_word' id='word_1_845' title='bbox 1435 2341 1482 2367; x_wconf 83' lang='lat' dir='ltr'><strong>sed</strong></span> <span class='ocrx_word' id='word_1_846' title='bbox 1493 2345 1520 2367; x_wconf 90' lang='lat' dir='ltr'><strong>et</strong></span> <span class='ocrx_word' id='word_1_847' title='bbox 1536 2339 1736 2379; x_wconf 80' lang='lat' dir='ltr'><strong>Metapbrasten</strong></span> 
     </span>
    </p>
   </div>
   <div class='ocr_carea' id='block_1_112' title="bbox 957 2375 1738 2413">
    <p class='ocr_par' dir='ltr' id='par_1_112' title="bbox 957 2375 1738 2413">
     <span class='ocr_line' id='line_1_112' title="bbox 957 2375 1738 2413; baseline -0.008 -7"><span class='ocrx_word' id='word_1_848' title='bbox 957 2375 1117 2413; x_wconf 29' lang='lat' dir='ltr'><strong>scripsisset</strong></span> <span class='ocrx_word' id='word_1_849' title='bbox 1130 2376 1268 2411; x_wconf 81' lang='lat' dir='ltr'><strong>Signiﬁcat</strong></span> <span class='ocrx_word' id='word_1_850' title='bbox 1282 2382 1346 2409; x_wconf 79' lang='lat' dir='ltr'><strong>ergo</strong></span> <span class='ocrx_word' id='word_1_851' title='bbox 1361 2375 1476 2413; x_wconf 82' lang='lat' dir='ltr'><strong>Verbum</strong></span> <span class='ocrx_word' id='word_1_852' title='bbox 1495 2382 1546 2413; x_wconf 81' lang='lat' dir='ltr'><strong>no_n</strong></span> <span class='ocrx_word' id='word_1_853' title='bbox 1558 2381 1617 2409; x_wconf 82' lang='lat' dir='ltr'><strong>esse</strong></span> <span class='ocrx_word' id='word_1_854' title='bbox 1633 2378 1738 2413; x_wconf 67' lang='lat' dir='ltr'><strong>creatu-</strong></span> 
     </span>
    </p>
   </div>
   <div class='ocr_carea' id='block_1_113' title="bbox 958 2409 1732 2444">
    <p class='ocr_par' dir='ltr' id='par_1_113' title="bbox 958 2409 1732 2444">
     <span class='ocr_line' id='line_1_113' title="bbox 958 2409 1732 2444; baseline -0.008 -4"><span class='ocrx_word' id='word_1_855' title='bbox 958 2409 1026 2444; x_wconf 57' lang='lat' dir='ltr'><strong>ram&#39;.</strong></span> <span class='ocrx_word' id='word_1_856' title='bbox 1046 2413 1092 2440; x_wconf 90' lang='lat' dir='ltr'><strong>sed</strong></span> <span class='ocrx_word' id='word_1_857' title='bbox 1106 2409 1205 2439; x_wconf 75' lang='lat' dir='ltr'><strong>factum</strong></span> <span class='ocrx_word' id='word_1_858' title='bbox 1219 2415 1382 2441; x_wconf 87' lang='lat' dir='ltr'><strong>creaturam,</strong></span> <span class='ocrx_word' id='word_1_859' title='bbox 1397 2417 1427 2436; x_wconf 84' lang='lat' dir='ltr'><strong>ea</strong></span> <span class='ocrx_word' id='word_1_860' title='bbox 1443 2409 1532 2444; x_wconf 88' lang='lat' dir='ltr'><strong>phrasi</strong></span> <span class='ocrx_word' id='word_1_861' title='bbox 1556 2416 1608 2442; x_wconf 81' lang='lat' dir='ltr'><strong>qua</strong></span> <span class='ocrx_word' id='word_1_862' title='bbox 1624 2409 1732 2439; x_wconf 88' lang='lat' dir='ltr'><strong>dicitur,</strong></span> 
     </span>
    </p>
   </div>
   <div class='ocr_carea' id='block_1_114' title="bbox 958 2444 1739 2483">
    <p class='ocr_par' dir='ltr' id='par_1_114' title="bbox 958 2444 1739 2483">
     <span class='ocr_line' id='line_1_114' title="bbox 958 2444 1739 2483; baseline -0.006 -9"><span class='ocrx_word' id='word_1_863' title='bbox 958 2449 1055 2483; x_wconf 75' lang='lat' dir='ltr'><strong>factum</strong></span> <span class='ocrx_word' id='word_1_864' title='bbox 1072 2455 1143 2479; x_wconf 86' lang='lat' dir='ltr'><strong>caro,</strong></span> <span class='ocrx_word' id='word_1_865' title='bbox 1157 2445 1234 2473; x_wconf 83' lang='lat' dir='ltr'><strong>Joan.</strong></span> <span class='ocrx_word' id='word_1_866' title='bbox 1252 2453 1271 2479; x_wconf 82' lang='grc' dir='ltr'><strong>ι,</strong></span> <span class='ocrx_word' id='word_1_867' title='bbox 1291 2445 1335 2477; x_wconf 78' lang='lat' dir='ltr'><strong>M,</strong></span> <span class='ocrx_word' id='word_1_868' title='bbox 1358 2452 1403 2471; x_wconf 88' lang='lat' dir='ltr'><strong>seu</strong></span> <span class='ocrx_word' id='word_1_869' title='bbox 1431 2445 1481 2471; x_wconf 79' lang='lat' dir='ltr'><strong>sibi</strong></span> <span class='ocrx_word' id='word_1_870' title='bbox 1507 2444 1634 2483; x_wconf 69' lang='lat' dir='ltr'><strong>ascivisse</strong></span> <span class='ocrx_word' id='word_1_871' title='bbox 1658 2444 1739 2483; x_wconf 73' lang='lat' dir='ltr'><strong>ratio-</strong></span> 
     </span>
    </p>
   </div>
   <div class='ocr_carea' id='block_1_115' title="bbox 958 2479 1738 2518">
    <p class='ocr_par' dir='ltr' id='par_1_115' title="bbox 958 2479 1738 2518">
     <span class='ocr_line' id='line_1_115' title="bbox 958 2479 1738 2518; baseline -0.008 -8"><span class='ocrx_word' id='word_1_872' title='bbox 958 2479 1018 2510; x_wconf 79' lang='lat' dir='ltr'><strong>nem</strong></span> <span class='ocrx_word' id='word_1_873' title='bbox 1037 2483 1109 2518; x_wconf 80' lang='lat' dir='ltr'><strong>illam</strong></span> <span class='ocrx_word' id='word_1_874' title='bbox 1122 2486 1353 2518; x_wconf 39' lang='lat' dir='ltr'><strong>creaturaﬁqua‘.</strong></span> <span class='ocrx_word' id='word_1_875' title='bbox 1371 2484 1413 2506; x_wconf 86' lang='lat' dir='ltr'><strong>est</strong></span> <span class='ocrx_word' id='word_1_876' title='bbox 1429 2479 1535 2518; x_wconf 72' lang='lat' dir='ltr'><strong>propria</strong></span> <span class='ocrx_word' id='word_1_877' title='bbox 1549 2483 1576 2505; x_wconf 91' lang='lat' dir='ltr'><strong>et</strong></span> <span class='ocrx_word' id='word_1_878' title='bbox 1595 2479 1655 2518; x_wconf 78' lang='lat' dir='ltr'><strong>trita</strong></span> <span class='ocrx_word' id='word_1_879' title='bbox 1665 2479 1738 2518; x_wconf 73' lang='lat' dir='ltr'><strong>illius</strong></span> 
     </span>
    </p>
   </div>
   <div class='ocr_carea' id='block_1_116' title="bbox 958 2514 1735 2552">
    <p class='ocr_par' dir='ltr' id='par_1_116' title="bbox 958 2514 1735 2552">
     <span class='ocr_line' id='line_1_116' title="bbox 958 2514 1735 2552; baseline -0.005 -9"><span class='ocrx_word' id='word_1_880' title='bbox 958 2518 1031 2545; x_wconf 79' lang='lat' dir='ltr'><strong>verbi</strong></span> <span class='ocrx_word' id='word_1_881' title='bbox 1059 2517 1221 2552; x_wconf 76' lang='lat' dir='ltr'><strong>significatio</strong></span> <span class='ocrx_word' id='word_1_882' title='bbox 1236 2514 1338 2552; x_wconf 37' lang='lat' dir='ltr'><strong>:idq’ue</strong></span> <span class='ocrx_word' id='word_1_883' title='bbox 1359 2519 1387 2541; x_wconf 91' lang='lat' dir='ltr'><strong>ut</strong></span> <span class='ocrx_word' id='word_1_884' title='bbox 1403 2514 1560 2552; x_wconf 83' lang='lat' dir='ltr'><strong>voluit_cjus</strong></span> <span class='ocrx_word' id='word_1_885' title='bbox 1589 2514 1735 2552; x_wconf 49' lang='lat' dir='ltr'><strong>divinitas;</strong></span> 
     </span>
    </p>
   </div>
   <div class='ocr_carea' id='block_1_117' title="bbox 958 2548 1736 2586">
    <p class='ocr_par' dir='ltr' id='par_1_117' title="bbox 958 2548 1736 2586">
     <span class='ocr_line' id='line_1_117' title="bbox 958 2548 1736 2586; baseline -0.008 -6"><span class='ocrx_word' id='word_1_886' title='bbox 958 2553 1038 2580; x_wconf 84' lang='lat' dir='ltr'><strong>modo</strong></span> <span class='ocrx_word' id='word_1_887' title='bbox 1054 2548 1131 2586; x_wconf 65' lang='lat' dir='ltr'><strong>plane</strong></span> <span class='ocrx_word' id='word_1_888' title='bbox 1155 2551 1231 2578; x_wconf 87' lang='lat' dir='ltr'><strong>nobis</strong></span> <span class='ocrx_word' id='word_1_889' title='bbox 1243 2548 1425 2586; x_wconf 76' lang='lat' dir='ltr'><strong>incomperto,</strong></span> <span class='ocrx_word' id='word_1_890' title='bbox 1441 2554 1468 2575; x_wconf 83' lang='lat' dir='ltr'><strong>et</strong></span> <span class='ocrx_word' id='word_1_891' title='bbox 1485 2549 1510 2575; x_wconf 86' lang='lat' dir='ltr'><strong>ill</strong></span> <span class='ocrx_word' id='word_1_892' title='bbox 1530 2556 1583 2586; x_wconf 76' lang='lat' dir='ltr'><strong>quo</strong></span> <span class='ocrx_word' id='word_1_893' title='bbox 1605 2553 1658 2574; x_wconf 90' lang='lat' dir='ltr'><strong>tota</strong></span> <span class='ocrx_word' id='word_1_894' title='bbox 1673 2548 1736 2586; x_wconf 71' lang='lat' dir='ltr'><strong>facti</strong></span> 
     </span>
    </p>
   </div>
   <div class='ocr_carea' id='block_1_118' title="bbox 960 2582 1736 2620">
    <p class='ocr_par' dir='ltr' id='par_1_118' title="bbox 960 2582 1736 2620">
     <span class='ocr_line' id='line_1_118' title="bbox 960 2582 1736 2620; baseline -0.008 -6"><span class='ocrx_word' id='word_1_895' title='bbox 960 2588 1037 2620; x_wconf 76' lang='lat' dir='ltr'><strong>ratio,</strong></span> <span class='ocrx_word' id='word_1_896' title='bbox 1053 2582 1175 2614; x_wconf 72' lang='lat' dir='ltr'><strong>voluntas</strong></span> <span class='ocrx_word' id='word_1_897' title='bbox 1190 2586 1224 2612; x_wconf 85' lang='lat' dir='ltr'><strong>sit</strong></span> <span class='ocrx_word' id='word_1_898' title='bbox 1237 2582 1380 2620; x_wconf 85' lang='lat' dir='ltr'><strong>facientis._</strong></span> <span class='ocrx_word' id='word_1_899' title='bbox 1394 2583 1527 2620; x_wconf 78' lang='lat' dir='ltr'><strong>Interpres</strong></span> <span class='ocrx_word' id='word_1_900' title='bbox 1539 2582 1683 2618; x_wconf 29' lang='lat' dir='ltr'><strong>&#39;Lipomani</strong></span> <span class='ocrx_word' id='word_1_901' title='bbox 1698 2582 1736 2609; x_wconf 83' lang='lat' dir='ltr'><strong>sic</strong></span> 
     </span>
    </p>
   </div>
   <div class='ocr_carea' id='block_1_119' title="bbox 959 2618 1737 2652">
    <p class='ocr_par' dir='ltr' id='par_1_119' title="bbox 959 2618 1737 2652">
     <span class='ocr_line' id='line_1_119' title="bbox 959 2618 1737 2652; baseline -0.009 -2"><span class='ocrx_word' id='word_1_902' title='bbox 959 2618 1087 2650; x_wconf 75' lang='lat' dir='ltr'><strong>reddebat</strong></span> <span class='ocrx_word' id='word_1_903' title='bbox 1105 2630 1111 2647; x_wconf 92' lang='lat'>:</span> <span class='ocrx_word' id='word_1_904' title='bbox 1130 2622 1181 2649; x_wconf 80' lang='lat' dir='ltr'><strong>Sed</strong></span> <span class='ocrx_word' id='word_1_905' title='bbox 1203 2626 1231 2647; x_wconf 80' lang='lat' dir='ltr'><strong>ut</strong></span> <span class='ocrx_word' id='word_1_906' title='bbox 1248 2620 1337 2652; x_wconf 77' lang='lat' dir='ltr'><strong>uoluit,</strong></span> <span class='ocrx_word' id='word_1_907' title='bbox 1356 2618 1411 2652; x_wconf 70' lang='lat' dir='ltr'><strong>ejus</strong></span> <span class='ocrx_word' id='word_1_908' title='bbox 1427 2618 1549 2645; x_wconf 76' lang='lat' dir='ltr'><strong>divinitas</strong></span> <span class='ocrx_word' id='word_1_909' title='bbox 1563 2621 1737 2645; x_wconf 75' lang='lat' dir='ltr'><strong>transmutata</strong></span> 
     </span>
    </p>
   </div>
   <div class='ocr_carea' id='block_1_120' title="bbox 959 2653 1738 2691">
    <p class='ocr_par' dir='ltr' id='par_1_120' title="bbox 959 2653 1738 2691">
     <span class='ocr_line' id='line_1_120' title="bbox 959 2653 1738 2691; baseline -0.009 -7"><span class='ocrx_word' id='word_1_910' title='bbox 959 2662 1015 2690; x_wconf 71' lang='lat' dir='ltr'><strong>est;</strong></span> <span class='ocrx_word' id='word_1_911' title='bbox 1028 2656 1102 2690; x_wconf 84' lang='lat' dir='ltr'><strong>cujus</strong></span> <span class='ocrx_word' id='word_1_912' title='bbox 1129 2655 1319 2691; x_wconf 76' lang='lat' dir='ltr'><strong>propositionis</strong></span> <span class='ocrx_word' id='word_1_913' title='bbox 1336 2661 1388 2691; x_wconf 86' lang='lat' dir='ltr'><strong>non</strong></span> <span class='ocrx_word' id='word_1_914' title='bbox 1407 2653 1525 2691; x_wconf 60' lang='lat' dir='ltr'><strong>occurrit</strong></span> <span class='ocrx_word' id='word_1_915' title='bbox 1542 2661 1637 2681; x_wconf 87' lang='lat' dir='ltr'><strong>sensus</strong></span> <span class='ocrx_word' id='word_1_916' title='bbox 1648 2653 1738 2679; x_wconf 82' lang='lat' dir='ltr'><strong>catho-</strong></span> 
     </span>
    </p>
   </div>
   <div class='ocr_carea' id='block_1_121' title="bbox 959 2688 1732 2725">
    <p class='ocr_par' dir='ltr' id='par_1_121' title="bbox 959 2688 1732 2725">
     <span class='ocr_line' id='line_1_121' title="bbox 959 2688 1732 2725; baseline -0.008 -6"><span class='ocrx_word' id='word_1_917' title='bbox 959 2688 1039 2725; x_wconf 80' lang='lat' dir='ltr'><strong>licus,</strong></span> <span class='ocrx_word' id='word_1_918' title='bbox 1055 2688 1189 2725; x_wconf 75' lang='lat' dir='ltr'><strong>clamante</strong></span> <span class='ocrx_word' id='word_1_919' title='bbox 1205 2689 1328 2725; x_wconf 17' lang='lat' dir='ltr'><strong>Jacobor:</strong></span> <span class='ocrx_word' id='word_1_920' title='bbox 1343 2688 1419 2725; x_wconf 51' lang='lat' dir='ltr'><strong>{ipud</strong></span> <span class='ocrx_word' id='word_1_921' title='bbox 1431 2696 1513 2725; x_wconf 60' lang='lat' dir='ltr'><strong>quem</strong></span> <span class='ocrx_word' id='word_1_922' title='bbox 1531 2697 1583 2725; x_wconf 69' lang='lat' dir='ltr'><strong>non</strong></span> <span class='ocrx_word' id='word_1_923' title='bbox 1597 2692 1634 2725; x_wconf 71' lang='lat' dir='ltr'><strong>est</strong></span> <span class='ocrx_word' id='word_1_924' title='bbox 1649 2692 1732 2725; x_wconf 68' lang='lat' dir='ltr'><strong>trans-</strong></span> 
     </span>
    </p>
   </div>
   <div class='ocr_carea' id='block_1_122' title="bbox 959 2722 1738 2758">
    <p class='ocr_par' dir='ltr' id='par_1_122' title="bbox 959 2722 1738 2758">
     <span class='ocr_line' id='line_1_122' title="bbox 959 2722 1738 2758; baseline -0.008 -4"><span class='ocrx_word' id='word_1_925' title='bbox 959 2722 1081 2758; x_wconf 64' lang='lat' dir='ltr'><strong>mutatio,</strong></span> <span class='ocrx_word' id='word_1_926' title='bbox 1096 2731 1159 2756; x_wconf 84' lang='lat' dir='ltr'><strong>ctc..</strong></span> <span class='ocrx_word' id='word_1_927' title='bbox 1179 2724 1236 2752; x_wconf 71' lang='lat' dir='ltr'><strong>Jac.</strong></span> <span class='ocrx_word' id='word_1_928' title='bbox 1260 2732 1279 2755; x_wconf 79' lang='grc' dir='ltr'><strong>ι,</strong></span> <span class='ocrx_word' id='word_1_929' title='bbox 1297 2723 1324 2750; x_wconf 94' lang='grc'><strong>7.</strong></span> <span class='ocrx_word' id='word_1_930' title='bbox 1345 2723 1427 2750; x_wconf 78' lang='lat' dir='ltr'><strong>Plane</strong></span> <span class='ocrx_word' id='word_1_931' title='bbox 1444 2723 1592 2750; x_wconf 81' lang='lat' dir='ltr'><strong>cohibenda</strong></span> <span class='ocrx_word' id='word_1_932' title='bbox 1615 2723 1641 2749; x_wconf 91' lang='lat' dir='ltr'><strong>in</strong></span> <span class='ocrx_word' id='word_1_933' title='bbox 1658 2722 1738 2749; x_wconf 84' lang='lat' dir='ltr'><strong>rebus</strong></span> 
     </span>
    </p>
   </div>
   <div class='ocr_carea' id='block_1_123' title="bbox 961 2759 1737 2790">
    <p class='ocr_par' dir='ltr' id='par_1_123' title="bbox 961 2759 1737 2790">
     <span class='ocr_line' id='line_1_123' title="bbox 961 2759 1737 2790; baseline -0.008 -1"><span class='ocrx_word' id='word_1_934' title='bbox 961 2767 1015 2789; x_wconf 90' lang='lat' dir='ltr'><strong>tam</strong></span> <span class='ocrx_word' id='word_1_935' title='bbox 1032 2762 1123 2788; x_wconf 86' lang='lat' dir='ltr'><strong>arduis</strong></span> <span class='ocrx_word' id='word_1_936' title='bbox 1141 2760 1237 2787; x_wconf 86' lang='lat' dir='ltr'><strong>calami</strong></span> <span class='ocrx_word' id='word_1_937' title='bbox 1251 2759 1402 2790; x_wconf 78' lang='lat' dir='ltr'><strong>festinatio;</strong></span> <span class='ocrx_word' id='word_1_938' title='bbox 1421 2765 1471 2785; x_wconf 86' lang='lat' dir='ltr'><strong>nec</strong></span> <span class='ocrx_word' id='word_1_939' title='bbox 1496 2763 1549 2784; x_wconf 85' lang='lat' dir='ltr'><strong>tam</strong></span> <span class='ocrx_word' id='word_1_940' title='bbox 1563 2761 1668 2788; x_wconf 81' lang='lat' dir='ltr'><strong>sancta,</strong></span> <span class='ocrx_word' id='word_1_941' title='bbox 1684 2764 1737 2784; x_wconf 86' lang='lat' dir='ltr'><strong>non</strong></span> 
     </span>
    </p>
   </div>
   <div class='ocr_carea' id='block_1_124' title="bbox 959 2792 1651 2827">
    <p class='ocr_par' dir='ltr' id='par_1_124' title="bbox 959 2792 1651 2827">
     <span class='ocr_line' id='line_1_124' title="bbox 959 2792 1651 2827; baseline -0.009 -3"><span class='ocrx_word' id='word_1_942' title='bbox 959 2797 1070 2825; x_wconf 84' lang='lat' dir='ltr'><strong>initiatis</strong></span> <span class='ocrx_word' id='word_1_943' title='bbox 1081 2804 1111 2823; x_wconf 89' lang='lat' dir='ltr'><strong>ac</strong></span> <span class='ocrx_word' id='word_1_944' title='bbox 1129 2795 1213 2822; x_wconf 86' lang='lat' dir='ltr'><strong>solum</strong></span> <span class='ocrx_word' id='word_1_945' title='bbox 1228 2793 1447 2827; x_wconf 71' lang='lat' dir='ltr'><strong>grammaticalis.</strong></span> <span class='ocrx_word' id='word_1_946' title='bbox 1461 2792 1651 2826; x_wconf 78' lang='lat' dir='ltr'><strong>permittenda.</strong></span> 
     </span>
    </p>
   </div>
   <div class='ocr_carea' id='block_1_125' title="bbox 997 2828 1493 2867">
    <p class='ocr_par' dir='ltr' id='par_1_125' title="bbox 997 2828 1493 2867">
     <span class='ocr_line' id='line_1_125' title="bbox 997 2828 1493 2867; baseline -0.01 -9"><span class='ocrx_word' id='word_1_947' title='bbox 997 2832 1034 2867; x_wconf 72' lang='grc' dir='ltr'>(ει)</span> <span class='ocrx_word' id='word_1_948' title='bbox 1050 2832 1130 2858; x_wconf 76' lang='grc' dir='ltr'>Μετὰ</span> <span class='ocrx_word' id='word_1_949' title='bbox 1142 2829 1210 2858; x_wconf 85' lang='grc' dir='ltr'>σοῦ.</span> <span class='ocrx_word' id='word_1_950' title='bbox 1228 2829 1308 2858; x_wconf 86' lang='lat' dir='ltr'><strong>Deest</strong></span> <span class='ocrx_word' id='word_1_951' title='bbox 1324 2829 1368 2857; x_wconf 87' lang='lat' dir='ltr'><strong>hic</strong></span> <span class='ocrx_word' id='word_1_952' title='bbox 1383 2828 1493 2862; x_wconf 83' lang='lat' dir='ltr'><strong>ahquid.</strong></span> 
     </span>
    </p>
   </div>
  </div>
