1904 3054
165 144 206 172 2r
853 141 932 170 VITA
949 127 1123 176 ANTIQUA.‘
1751 137 1788 165 ea

164 199 259 236 νόμιος
279 199 353 234 λέγει
367 199 449 232 ’Πῶς
465 196 512 227 οὖν
524 199 572 226 καὶ
592 199 622 225 ὲν
642 198 748 235 Παλαιᾷ
767 198 890 236 Διαθήκῃ
910 200 953 227 λέ-

1007 207 1072 235 ergo
1101 199 1182 227 etiam
1213 200 1240 226 in
1264 198 1353 227 Veteri
1378 198 1549 226 Testamento
1564 216 1573 229 ,
1603 196 1668 223 dicit
1693 194 1714 223 ε’
1729 194 1787 222 Duo

166 253 209 280 γει
219 254 226 261 ·
243 245 301 272 Δύο
316 245 366 272 καὶ
379 245 444 279 δύο,
458 244 493 272 ἓν
507 244 664 272 κατέναντι
679 245 731 272 τοῦ
747 245 816 278 ἑνός
824 253 836 277 ,'.
856 245 954 281 Ἀμφι-

165 288 365 327 λόχιος-εῐπενι
385 291 530 324 Ἄκουσον,
547 288 570 319 ὦ
591 290 747 326 ταλαίπωρε
768 291 817 318 καὶ
838 291 954 318 δυσωδέ-

167 346 247 364 στατε
255 345 262 352 ·
274 337 321 364 δύο
331 336 435 363 καὶδύο
444 337 566 373 τέσσαρά
574 337 653 364 εἰσιν.
667 336 790 372 Μάρκος,
804 337 953 370 Ματθαῐος,

166 384 274 414 Λουκᾶς
290 382 343 417 ξκαὶ
364 383 512 418 Ἰωάννηςο
537 384 562 409 ol
585 383 717 419 τέσσαρες
746 382 953 418 εὐαγγελισταῑ,

166 430 190 455 οἱ
215 428 456 464 εὑαγγελισάμενοι
477 428 527 464 τὴν
544 428 656 464 ὑφήλιον
686 429 776 455 πᾶσαν
801 429 850 465 τὴν
868 436 955 463 σωτη-

167 473 229 509 ρίαν
255 474 335 510 ἡμῶν
359 474 413 501 τῶν
436 474 619 511 Χριστιανῶν.
651 474 680 501 Ὁ
705 474 734 500 δὲ
758 474 835 508 ἆγιος
859 473 954 509 Πατὴρ

167 519 330 551 ἀποστείλας
346 519 392 546 τὸν
405 520 547 555 Μονογενῆ
564 520 611 547 καὶ
624 519 780 555 ὀμόθρονον,
795 519 842 545 καὶ
858 518 954 554 ὀμοού-

168 571 225 590 σιον
238 563 286 590 καὶ
299 563 382 590 ἀΐδιον
404 563 486 589 αὑτοῦ
504 563 600 597 Λόγον,
616 563 664 589 τοῦ
679 562 865 599 σαρκωθῆναι,
889 562 952 599 ἔφη’

168 609 293 642 Αῐτησαι
308 609 375 642 παρ’
394 608 478 642 ἐμοῦ,
495 607 544 635 καὶ
556 607 642 634 δώσω
656 616 705 635 σοι
717 608 789 642 ἔθνη
804 607 861 642 τὴν
877 609 952 641 κλη-

165 653 310 687 ρονομίαν
327 661 401 686 σου,
417 653 467 680 καὶ
484 653 542 687 τὴν
566 652 753 687 κατάσχεσίν
768 660 826 680 σου
847 653 883 680 τὰ
903 652 955 679 πέ-

165 707 241 732 ρατα
256 697 310 732 τῆς
331 699 401 733 γῆς,
421 699 468 725 καὶ
487 699 521 726 τὰ
544 697 617 734 ἑξῆς.
636 699 766 733 Εὑνὸμιος
790 696 849 725 εἷπε
861 706 868 714 ·
892 698 955 730 Πῶς

168 742 215 771 οὖν
229 744 273 770 διὰ
283 743 331 770 τοῦ
347 745 490 780 Προφήτω
500 745 583 779 λέγει·
598 745 658 771 Οὐκ
670 745 779 778 ἐκρύϐη
795 744 828 770 τὸ
844 743 956 771 ὀστοῦν

167 797 225 823 μου
237 789 253 816 ὃ
267 789 414 823 ἐποίησας
426 790 461 816 ἐν
476 789 595 824 κρυφῇ;
616 789 788 825 ’Λμφιλόχιος
804 789 894 824 λέγει·
909 789 955 825 Μὴ

169 834 222 870 γὰρ
238 835 302 869 περὶ
316 834 362 860 τοῦ
377 835 495 869 Χριστοῦ
512 835 590 861 τοῦτο
604 835 696 869 λέγει;
713 835 773 870 οὐχι
786 843 792 851 ι
811 835 878 861 ἀλλὰ
891 835 955 870 περὶ

168 879 214 905 τοῦ
235 879 334 914 Ἀδὰμ,
356 879 437 915 ἡνίκα
451 879 516 914 χοῦν
529 879 618 907 λαϐὼν
634 881 688 908 ἀπὸ
702 880 751 916 τῆς
772 880 823 915 γῆς
841 881 855 907 6
871 880 953 913 Θεὸς,

169 922 269 949 ἔπλασε
289 923 335 950 τὸν
352 923 506 959 ἄνθρωπον,
523 924 570 950 καὶ
586 922 662 951 εἶπεν
674 932 681 939 ·
706 925 747 951 οὐ
766 924 862 951 καλὸν
878 923 955 952 εἷναι

169 968 223 995 τὸν
241 969 397 1003 ἄνθρωπον
412 969 524 1003 μόνον·
550 969 723 1004 ποιήσωμεν
739 970 818 1003 αὺτῷ
838 970 955 1004 ,βοηθὸν

169 1014 234 1042 κατ’
252 1014 359 1040 αὐτόν·
375 1014 424 1042 καὶ
443 1014 591 1041 ἐπέϐαλεν
610 1016 626 1042 d
650 1015 722 1048 Θεὸς
739 1007 887 1043 ἔκστασιν
905 1015 954 1043 ἐπὶ

169 1059 225 1085 τὸν
255 1058 360 1094 Ἀδὰμ,
387 1059 435 1086 καὶ
458 1059 600 1086 ὕπνωσε·
627 1059 678 1086 καὶ
695 1060 783 1087 ἔλαϐε
801 1061 875 1095 μίαν
896 1061 955 1087 τῶν

169 1104 309 1138 πλευρῶν
337 1104 448 1137 αὐτοῦ,
471 1105 521 1132 καὶ
546 1104 720 1132 ἀνέπλασεν
745 1105 824 1138 αὐτῷ
843 1107 886 1138 εὶς
904 1115 955 1140 γυ-

169 1149 267 1181 ναῖκα,
280 1150 328 1176 καὶ
342 1149 452 1177 ἔδωκεν
467 1151 557 1184 αὐτῷ.
572 1151 621 1177 Διὰ
635 1151 713 1177 τοῦτο
724 1151 738 1177 6
754 1151 899 1187 Προφήτης
917 1151 955 1184 ὡς

169 1196 202 1222 ὲκ
220 1195 266 1222 τοῦ
289 1195 376 1231 Ἀδὰμ
389 1193 466 1222 εἶπεν
477 1205 484 1211 ·
504 1197 565 1223 οὐκ
587 1197 696 1230 ἐκρύϐη
714 1196 747 1223 τὸ
768 1196 879 1223 ὀστοῦν
894 1205 954 1231 μου

169 1241 228 1269 ἀπὸ
251 1241 329 1274 σοῦ,
352 1242 369 1268 ὃ
387 1241 533 1276 ἐποίησας
558 1241 592 1269 ἐν
611 1241 722 1276 κρυφῇ.
749 1241 906 1268 Ὑπολαϐὼν
926 1241 954 1268 δὲ

168 1286 300 1322 Εὑνόμιος
324 1286 414 1321 λέγει’
441 1288 549 1321 Κύριος
571 1286 673 1314 ἓκτισέ
694 1295 733 1322 με
754 1287 853 1321 ἀρχὴν
878 1287 955 1314 ὁδῶν

167 1330 276 1357 αὑτοῦ·
303 1329 363 1362 πῶς
382 1329 462 1357 τοῦτο
482 1331 556 1366 λέγει
581 1331 595 1356 ὁ
619 1332 780 1368 Προφήτηςῖ
812 1333 893 1367 Ὁρᾷς
913 1332 954 1359 ὅτι

169 1375 274 1410 ποίημά
289 1376 363 1402 ἐστιν
377 1376 391 1402 ὁ
408 1375 489 1408 Υἱὸς,
504 1376 551 1402 καὶ
573 1376 632 1412 οὐχὶ
647 1376 799 1411 ὁμοούσιος.
827 1376 955 1412 Ἀμφιλό-

168 1429 225 1456 χιος
239 1418 315 1447 εἷπε’
330 1420 377 1456 Μὴ
390 1420 444 1456 γὰρ
467 1421 513 1447 καὶ
530 1421 608 1447 τοῦτο
626 1421 690 1457 περὶ
712 1421 758 1447 τοῦ
776 1420 894 1457 Χριστοῦ
911 1420 955 1447 λέ-

167 1476 228 1502 γει;
243 1468 317 1503 οὐχι·
335 1467 392 1494 ἀλλ’
408 1468 452 1494 ὅτε
468 1469 615 1504 συνήντησε
629 1470 690 1500 ταῖς
709 1467 825 1502 γυναιξὶ,
838 1468 909 1502 λέγω
922 1467 954 1504 δὴ

167 1511 282 1547 Μαριὰμ
311 1512 358 1538 καὶ
381 1511 517 1548 Μάρθαν,
545 1513 669 1547 λέγουσιν
691 1512 764 1549 αὑτῴ
787 1514 888 1539 ἐκεῖναι
916 1512 953 1549 μὴ

167 1544 334 1592 γνιιιρίσασαι
355 1544 449 1584 αὐτόν·
476 1544 564 1592 Κῦριε
574 1544 587 1591 ,1
604 1559 631 1585 ει
655 1557 738 1592 εἷδας
750 1544 823 1586 ’ποῦ
841 1544 954 1593 ἔθηκαν
967 1544 990 1574 C

167 1602 270 1634 αὑτὸν,
288 1601 353 1629 ειπὲ
369 1602 454 1637 ἡμῖν·
477 1603 524 1630 καὶ
539 1604 554 1629 ό
573 1603 676 1639 Κύριος
697 1603 765 1638 ἔφη·
786 1603 894 1637 Μαρία,
912 1602 953 1636 μή

165 1656 224 1682 μου
238 1647 333 1675 ἅπτου
342 1655 349 1664 ·
365 1649 493 1683 πορεύου
508 1647 541 1675 δὲ
554 1647 629 1682 πρὸς
639 1648 711 1682 τοὺς
721 1648 872 1683 ἀδελφούς
882 1656 952 1682 μου,

168 1692 217 1719 καὶ
231 1692 296 1719 εἰπὲ
308 1693 419 1726 αὐτοῖς,
437 1694 485 1720 καὶ
497 1693 531 1720 τὰ
545 1694 618 1730 ἑξῆς.
635 1694 728 1721 Ταῦτα
742 1694 862 1725 ἀκούσας
875 1695 889 1720 6
903 1693 954 1719 Εὑ-

166 1738 258 1773 νόμιος
275 1737 326 1774 ἔφη
338 1744 346 1752 ⁵
369 1738 466 1774 Αὔριον
487 1739 533 1765 ἐπὶ
548 1739 595 1766 τοῦ
617 1739 748 1774 βασιλέως
764 1739 810 1766 καὶ
824 1739 872 1773 τῆς
890 1746 954 1772 συγ-

166 1783 264 1818 κλήτου
286 1783 483 1819 διαλεγόμεθα·
513 1785 561 1812 καὶ
583 1785 760 1821 ἀνεχώρησαν
783 1785 830 1812 ἀπ’
856 1783 950 1812 αὐτοῦ.

167 1829 222 1856 Καὶ
244 1827 278 1864 ἦν
293 1831 369 1857 πᾶσα
384 1831 400 1865 ἡ
416 1830 493 1862 πόλις
514 1830 661 1866 αἰδουμένη
676 1831 716 1862 εἰς
735 1830 865 1866 ἀκρόασιν
884 1830 950 1865 ’Δμ-

167 1872 288 1907 φιλοχίου
305 1874 353 1899 καὶ
373 1873 506 1909 Εὑνομίου
519 1883 526 1889 ·
550 1875 642 1909 ἔλεγον
657 1875 710 1911 γὰρ
735 1874 950 1910 ἀμφιϐάλλοντες

167 1918 235 1953 πρὸς
255 1919 395 1954 ἀλλήλους,
412 1920 459 1947 καὶ
473 1920 597 1955 λέγοντες
607 1929 614 1936 ·
635 1919 709 1956 Ἀρα
722 1922 796 1953 ποῖος
811 1922 890 1956 Vixi;
906 1918 953 1947 οὒ-

202 1975 309 2003 ⁸Ειιε1ί.
338 1983 434 2007 xxxiii,
460 1977 504 2004 15.
553 1977 564 1994 ⁸
592 1976 664 2004 Psal.
690 1984 720 2009 tt,
747 1977 774 2004 8.

167 2010 190 2026 ⁸³
205 2009 284 2038 Joan.
300 2018 347 2042 xx,
367 2011 458 2039 15-11.

204 2067 241 2103 (ιι)
256 2067 315 2095 Duo
324 2072 348 2095 et
358 2069 450 2102 duo,et
459 2069 735 2096 unum-conlra‘tmum.
744 2068 797 2095 Δύο
804 2068 850 2096 καὶ
857 2067 914 2101 δύο,
922 2067 959 2095 ἒν-

165 2103 312 2130 ιιατέναντι
328 2103 374 2130 τοῦ
387 2104 456 2135 ἑνός.
473 2104 521 2131 Est
533 2104 615 2131 Eccli.
625 2111 723 2137 xxxm,
739 2104 783 2136 l5,
792 2104 891 2137 vixque
904 2111 951 2137 ap-

167 2142 252 2172 paret,
269 2138 331 2172 quid
346 2145 378 2165 eo
391 2138 449 2165 loco
467 2139 545 2165 vellet
561 2137 709 2166 Eunomius
728 2139 862 2166 coniicere
876 2147 882 2165 :
898 2138 948 2165 nisi

165 2173 358 2208 Anomreorum
376 2173 432 2206 ipse
455 2174 611 2208 coryphzeus
622 2181 653 2200 ac
665 2174 736 2200 velut
753 2178 829 2207 pater
839 2178 950 2208 conten-

168 2206 260 2240 debet,
273 2214 326 2243 non
352 2211 455 2234 tantum
472 2206 509 2243 in'
521 2206 630 2240 creatis,
647 2209 718 2243 quod
730 2206 864 2243 signiﬁcat
876 2207 951 2235 Seri-

168 2246 256 2280 ptura,
273 2246 303 2268 ut
319 2242 387 2280 bene
409 2242 445 2269 ibi
467 2242 619 2274 .lausenius,
644 2242 696 2280 sed
714 2242 877 2280 infdivinis,
892 2249 953 2280 esse

168 2276 274 2303 diversa
305 2276 398 2310 paria,
425 2285 539 2311 quorum
566 2285 647 2304 unum
673 2278 750 2304 alteri
781 2283 852 2306 esset
881 2277 954 2304 velut

167 2311 345 2342 contrarium.
364 2319 412 2338 nec
433 2319 479 2346 per
499 2311 589 2338 omnia
608 2312 713 2344 simile;
728 2320 813 2346 eoque
826 2320 878 2340 non
890 2318 953 2339 esse

166 2351 300 2385 personas
327 2345 438 2374 divinas
457 2346 618 2385 ὁμοουσίοιζς
630 2355 637 2362 ·
654 2345 776 2385 ejusdem
796 2346 952 2385 peremnia

166 2380 335 2416 substantiae,
350 2385 376 2416 et
388 2380 493 2408 summe
504 2388 581 2408 uuas.
597 2382 745 2416 Responsio
757 2380 951 2416 Aniphilochii,

166 2415 218 2442 etsi
241 2422 292 2441 non
306 2415 341 2441 ita
356 2415 492 2447 litteralis,
509 2423 560 2442 non
580 2415 689 2443 omnino
708 2421 796 2443 tamen
811 2415 891 2443 debet
914 2416 953 2442 vi-

165 2449 224 2489 deri
244 2448 417 2489 i_nsulliciens.
434 2450 506 2489 §atis
519 2451 589 2489 enim
606 2450 658 2489 fuit
679 2454 707 2478 ut
723 2458 856 2489 perversae
870 2458 950 2485 expo-

165 2484 269 2519 sitioni,
287 2492 336 2512 nec
363 2484 417 2512 ulla
437 2485 508 2512 {ultre
522 2485 644 2512 veritatis
666 2486 766 2519 specie,
783 2493 858 2513 suam
885 2484 954 2513 nou,-

166 2518 233 2546 nihil
255 2519 440 2552 verisimilem,
468 2527 516 2547 nec
539 2520 592 2547 ullo
617 2518 695 2547 modo
722 2521 795 2548 sanis
821 2520 952 2553 dogmatis

166 2553 318 2593 adversam.
334 2559 498 2593 opponeret.
517 2554 651 2593 Caeterum
671 2555 792 2582 occurrit
810 2560 871 2593 post
885 2556 952 2593 hcce

165 2588 277 2625 scripta,
295 2588 413 2625 nondum
428 2594 514 2616 tamen
534 2590 615 2622 edita,
637 2595 792 2625 excerptum
810 2588 952 2624 ’Amphilo-

165 2623 293 2662 cltianum
304 2631 335 2662 ex
352 2623 442 2651 codice
454 2625 625 2662 eminueard.’
637 2623 827 2662 Rupilucaldii.
842 2623 911 2660 quod
925 2629 953 2651 et

166 2658 226 2684 aliis
240 2658 358 2694 ejusdem
371 2659 506 2693 excerptis
518 2659 700 2692 adjunximus,
714 2667 767 2694 quo
786 2661 827 2686 vir
841 2658 952 2687 sanctus

167 2700 224 2719 rem
242 2693 336 2719 melius
350 2694 476 2727 explicat,
505 2694 604 2721 docens
624 2701 676 2721 non
701 2693 761 2722 esse
789 2694 816 2722 in
842 2695 950 2728 divinis,

166 2735 250 2754 unum
268 2733 294 2754 et
306 2735 400 2758 unum,
412 2729 465 2756 duo
479 2733 506 2755 et
522 2729 584 2759 duo.
609 2729 654 2756 sed
672 2730 803 2756 unitatem
820 2731 845 2757 in
864 2729 953 2756 Trini-

167 2766 286 2799 tatc,_et
309 2762 469 2799 Trinitatem
500 2763 526 2799 in
548 2763 657 2799 inritata
674 2773 681 2790 :
698 2765 797 2799 quibus
825 2765 952 2792 nimirum

166 2797 334 2836 signiﬁcetur
346 2797 471 2825 distincta
481 2798 656 2825 subsistentia
670 2797 749 2836 trium
765 2807 950 2836 personarum,

167 2832 200 2859 in
210 2832 347 2860 individua
374 2840 533 2868 summeque
563 2841 615 2861 uua
637 2832 951 2872 substantia,ctépépt-

826 1976 850 1992 ¹⁰
876 1976 948 2004 Psal.
975 1976 1165 2009 cxxxvtu,15.

1004 251 1028 273 et
1043 245 1107 277 duo,
1125 250 1148 273 et
1169 253 1249 272 unum
1275 250 1364 272 contra
1386 252 1466 271 unum
1481 243 1492 260 ⁸
1506 242 1561 278 (n)?
1586 241 1788 277 Amphilochius

1005 292 1072 320 dixit
1095 300 1103 318 :
1120 291 1187 319 Audi
1206 311 1214 325 ,
1229 291 1311 318 miser
1324 294 1351 317 et
1376 289 1562 325 putentissime
1577 298 1583 316 :
1601 288 1653 315 duo
1678 291 1705 315 et
1724 287 1789 318 duo,

1004 342 1119 374 quatuor
1146 341 1220 365 sunt.
1240 335 1517 369 Marcus,Malthazus,
1543 334 1629 363 Lucas
1655 337 1683 361 et
1708 332 1790 360 Joan-

1005 390 1069 416 nes;
1093 387 1206 418 quatuor
1227 380 1407 416 evangelista,
1423 380 1467 415 qui
1488 385 1566 407 terra:
1591 379 1720 406 universae
1743 384 1789 404 sa-

1004 429 1089 456 lutem
1110 432 1229 456 nostram
1243 426 1456 455 Christianorum
1472 425 1709 453 annuntiaverunt.
1736 423 1789 450 Pa-

1005 479 1048 502 ter
1077 478 1165 501 autem
1194 476 1314 505 sanctus,
1334 471 1416 499 misso
1438 471 1590 506 Unigenito,
1617 469 1790 505 ejusdemque

1006 520 1095 548 throni
1119 522 1245 548 consorte
1277 522 1304 546 et
1332 516 1552 546 consubstantiali
1579 521 1660 551 atque
1687 520 1789 543 alterno

1005 564 1093 593 Verbo
1108 571 1168 596 suo,
1191 567 1219 591 ut
1234 570 1342 590 carnem
1368 565 1495 594 sumeret,
1514 561 1581 589 dixit
1606 569 1613 587 :
1641 559 1751 586 Postulo
1772 567 1789 587 α

1004 619 1055 644 me,
1076 615 1099 638 et
1111 610 1178 637 dabo
1199 609 1244 636 tibi
1263 613 1348 643 gentes
1362 607 1540 635 [nereditatem
1554 612 1636 636 tuam,
1652 609 1676 633 et
1688 613 1789 640 posses-

1005 657 1104 684 sionem
1122 660 1193 682 tuam
1222 654 1344 681 terminos
1370 659 1445 681 lerrw
1460 653 1481 686 °,
1496 657 1524 680 et
1549 659 1609 687 qua:
1631 655 1788 685 sequuntur.

1005 701 1150 730 Eunomius
1171 700 1238 728 dixit
1252 710 1258 728 :
1272 700 1322 733 Qui
1336 707 1400 734 ergo
1414 700 1452 727 ait
1465 706 1512 734 per
1528 697 1689 732 Prophetam
1706 706 1712 724 :
1727 695 1789 723 Non

1005 752 1042 774 est
1057 747 1215 774 occultatum
1229 754 1257 773 os
1284 753 1381 779 meum,
1396 745 1464 781 quod
1487 743 1571 778 fecisti
1596 743 1623 770 in
1643 739 1789 769 occulto”?

1005 791 1207 827 Amphilochius
1222 790 1282 817 ait:
1303 789 1385 823 Quasi
1407 795 1473 816 vero
1488 788 1540 815 hoc
1567 787 1639 815 dicat
1657 786 1690 813 de
1711 785 1790 812 Chri-

1007 841 1049 864 sto
1067 847 1072 864 :
1088 844 1140 863 non
1158 837 1190 864 de
1202 835 1298 867 Adam,
1312 834 1418 870 quando
1433 834 1511 865 Deus,
1530 837 1641 866 accepto
1662 831 1695 858 de
1718 835 1789 858 terra

969 878 990 905 Β
1005 882 1121 917 pulvere,
1136 881 1261 908 formavit
1286 881 1432 913 hominem,
1449 883 1477 906 et
1492 879 1559 906 dixit
1575 887 1582 906 :
1611 876 1673 905 Non
1689 881 1726 904 est
1743 876 1789 902 bo-

1006 935 1067 954 num
1083 926 1212 954 hominem
1229 934 1284 953 esse
1308 925 1411 957 solum;
1435 925 1564 959 faciamus
1587 923 1610 950 ei
1628 922 1791 958 adjutorium

1005 972 1146 1001 secundum
1156 973 1251 1007 ipsum.
1272 971 1305 999 Et
1324 971 1432 998 immisit
1445 969 1644 1006 Deusiccstasim
1657 969 1684 995 in
1694 968 1789 1000 Adam,

1005 1023 1028 1045 et
1044 1018 1176 1044 dormivit.
1196 1017 1229 1043 Et
1249 1017 1348 1051 accepit
1366 1024 1444 1043 unam
1460 1020 1592 1042 costarum
1605 1014 1673 1048 ejus,
1687 1018 1711 1040 et
1727 1012 1791 1039 αναξρ

1005 1062 1094 1096 ﬁcavit
1116 1062 1139 1088 ei
1169 1062 1196 1088 in
1222 1061 1366 1092 mulierem,
1389 1068 1467 1094 quam
1495 1059 1564 1086 dedit
1580 1059 1618 1085 illi
1639 1059 1670 1085 “.
1691 1058 1791 1085 Idcirco

1002 1107 1133 1141 propheta
1156 1107 1229 1134 velut
1255 1114 1289 1134 ex
1329 1112 1442 1141 persona
1466 1105 1532 1131 Adae
1555 1103 1622 1131 dixit
1642 1113 1648 1131 ε
1671 1102 1733 1130 Non
1753 1107 1790 1130 est

1005 1151 1162 1178 occultatum
1184 1159 1212 1178 os
1229 1158 1313 1177 meum
1336 1159 1352 1177 a
1380 1154 1414 1182 te,
1438 1149 1506 1183 quod
1523 1148 1607 1182 fecisti
1627 1148 1655 1174 in
1676 1147 1789 1174 occulto.

1006 1194 1159 1230 Suscipiens
1173 1202 1235 1222 vero
1258 1194 1406 1221 Eunomius
1429 1193 1517 1220 dicit:
1541 1192 1667 1219 Dominus
1693 1192 1790 1218 creavit

1006 1250 1046 1269 me
1065 1241 1102 1276 (b)
1126 1241 1229 1268 initium
1258 1241 1360 1268 viarum
1382 1247 1491 1266 uiarum
1508 1239 1529 1255 ι’
1551 1248 1557 1265 :
1587 1237 1720 1273 quomodo
1740 1237 1791 1264 hoe

1005 1287 1069 1314 dicit
1093 1286 1246 1320 Propheta?
1269 1285 1348 1313 Vides
1382 1289 1411 1312 ut
1438 1284 1521 1312 Filius
1537 1288 1665 1312 creatura.
1679 1283 1724 1316 sil,
1738 1290 1790 1309 non

1005 1333 1125 1370 ejusdem
1137 1332 1309 1360 suhstantizm
1328 1331 1528 1366 Amphilochius
1545 1330 1611 1358 dixit
1625 1338 1632 1357 :
1647 1328 1715 1356 Num
1727 1335 1790 1356 vero

1005 1379 1083 1407 etiam
1099 1379 1151 1406 hoc
1166 1378 1229 1406 dicit
1252 1378 1284 1406 de
1309 1377 1436 1406 Christo?
1456 1377 1586 1404 minime:
1607 1375 1660 1412 sed
1681 1374 1791 1409 quando

1010 1425 1132 1452 occurrit
1154 1424 1322 1458 mulieribus,
1339 1424 1400 1452 dico
1416 1427 1505 1450 autem
1525 1422 1616 1449 Mariae
1630 1425 1657 1448 et
1668 1420 1788 1450 Marthae,

1005 1470 1097 1505 dicunt
1112 1469 1172 1503 lllcc,
1189 1477 1250 1497 cum
1266 1477 1328 1497 eum
1345 1477 1398 1497 non
1412 1469 1609 1504 cognovissent,
1628 1467 1746 1498 Domine,
1767 1466 1790 1492 si

1008 1516 1058 1544 suis
1075 1515 1119 1542 ubi
1143 1520 1284 1549 paruerunt
1302 1523 1372 1547 eum,
1388 1515 1467 1541 dicito
1493 1514 1576 1540 nobis.
1602 1512 1680 1540 Jews
1703 1516 1789 1538 autem

1004 1561 1072 1589 dixit
1084 1569 1093 1588 :
1107 1559 1207 1592 Maria,
1223 1560 1276 1586 noli
1290 1568 1330 1586 me
1358 1564 1461 1594 tangere
1476 1566 1485 1585 :
1499 1558 1563 1586 vade
1583 1562 1668 1585 autem
1683 1556 1718 1583 ad
1734 1556 1790 1590 fra-

1005 1614 1056 1634 (res
1073 1614 1142 1633 meos
1158 1611 1183 1633 et
1202 1606 1245 1632 dic
1260 1605 1313 1632 illis
1327 1605 1360 1637 ¹¹,
1374 1609 1426 1632 etc.
1444 1605 1510 1632 Cum
1529 1604 1677 1631 Eunomius
1689 1602 1732 1630 illa
1747 1609 1790 1628 au-

1005 1651 1097 1683 disset,
1109 1650 1177 1677 dixit
1191 1657 1196 1673 :
1215 1649 1419 1684 Disputahimns
1434 1649 1552 1676 crastina
1571 1648 1614 1675 die
1627 1654 1717 1675 coram
1736 1647 1789 1674 im-

1003 1700 1127 1730 peratore
1141 1700 1167 1722 et
1180 1700 1290 1728 senatu;
1320 1695 1497 1729 discessitque
1512 1694 1613 1721 abillo.
1626 1693 1693 1720 Tota
1709 1700 1790 1727 porro

1005 1741 1099 1769 civitas
1123 1741 1270 1769 reverentia
1291 1740 1405 1776 quadam
1431 1745 1458 1767 et
1479 1745 1551 1767 metu
1579 1739 1719 1766 tenebatur
1742 1736 1788 1773 (c),

1005 1787 1038 1813 ad
1050 1786 1232 1821 Amphilochii
1244 1785 1424 1820 Eunomiique
1437 1785 1553 1812 auditam
1570 1783 1787 1817 disputationem.

1003 1831 1132 1859 Dicebant
1149 1831 1219 1858 enim
1238 1831 1269 1858 ad
1291 1831 1403 1859 invicem
1424 1830 1600 1858 hmsitantes:
1619 1827 1685 1856 Uter
1708 1835 1789 1863 porro

1004 1877 1092 1904 victor
1115 1876 1220 1904 futurus
1232 1877 1294 1904 est?
1309 1875 1393 1903 [liene
1411 1883 1444 1903 an
1464 1875 1524 1902 ille?
1541 1873 1789 1908 AtAmphilochius

1009 1926 1093 1950 totam
1121 1927 1228 1951 noctem
1257 1922 1419 1956 precabatur
1443 1921 1533 1948 dicens
1557 1927 1565 1947 :
1593 1919 1704 1947 Domine
1726 1917 1789 1945 Jesu

1215 1976 1236 1991 “
1253 1975 1322 2004 Gen.
1338 1983 1367 2008 ιι,
1383 1975 1472 2002 18-2Ξ.
1529 1975 1550 1990 ¹¹
1570 1974 1649 2002 Prov.
1663 1981 1722 2007 vni,
1743 1973 1787 2000 l2.

1005 2074 1067 2098 στος
1082 2065 1112 2092 ὲν
1129 2064 1340 2100 μεμερισμένοις
1357 2063 1454 2100 θεότης
1463 2071 1470 2079 ι
1487 2067 1515 2090 ιιι
1528 2061 1675 2097 Gregorius
1700 2060 1788 2097 loqui-

1007 2105 1062 2132 tur,
1076 2104 1103 2127 et
1121 2098 1258 2126 citaviinus
1275 2100 1300 2126 in
1315 2098 1507 2134 superioribus.

1038 2131 1075 2171 (ὁ)
1090 2135 1216 2171 Dominus
1223 2134 1318 2161 creauit
1333 2131 1381 2171 me.
1393 2133 1431 2160 Ita
1444 2132 1522 2171 juxta
1531 2131 1612 2171 ωας,
1630 2131 1679 2171 nisi
1690 2131 1722 2171 in
1735 2131 1798 2159 illis.

1002 2167 1047 2198 est
1061 2170 1197 2202 mendum,
1219 2177 1316 2201 nempe
1339 2169 1455 2199 ἔκτισεν,
1467 2167 1528 2195 ἀντὶ
1551 2167 1609 2199 τοῦ,
1635 2167 1786 2202 ὲκεήσατο·

1007 2204 1139 2235 Possedit,
1159 2201 1294 2239 quomodo
1316 2204 1405 2232 reddit
1421 2203 1598 2239 Hieronymus
1612 2209 1643 2229 ex
1664 2201 1786 2239 Hebrgco.

1009 2239 1094 2267 Perro
1108 2244 1151 2266 est
1164 2236 1304 2273 responsio
1317 2239 1457 2266 obscurior
1473 2247 1480 2265 :
1497 2236 1527 2264 in’
1540 2238 1590 2273 hoc
1607 2241 1697 2273 tamen
1715 2236 1788 2273 vide-

1008 2278 1050 2301 tur
1063 2271 1220 2306 consistere,
1233 2278 1261 2300 ut
1275 2273 1415 2304 Dominus,
1430 2273 1482 2299 alio
1498 2271 1577 2298 modo
1592 2271 1642 2299 sibi
1658 2275 1685 2298 et
1696 2271 1784 2302 nobis.

1004 2309 1087 2336 Deum
1115 2313 1142 2336 et
1165 2307 1272 2335 Patrem
1297 2315 1358 2335 esse
1383 2307 1590 2341 signiﬁcaverit,
1619 2312 1705 2341 eoque
1734 2313 1786 2332 non

1005 2343 1200 2371 accenseudum
1219 2343 1326 2370 creatis.
1342 2342 1390 2370 Vel
1405 2340 1498 2373 etiam,
1512 2347 1540 2369 et
1554 2341 1622 2368 forte
1639 2340 1744 2372 melius,
1758 2346 1788 2367 ut

1007 2378 1059 2405 illis
1073 2377 1173 2409 verbis.
1194 2377 1257 2404 Noli
1283 2386 1324 2404 me
1348 2382 1453 2412 tangere
1466 2377 1522 2412 :7ad
1543 2376 1644 2410 aliquid
1659 2375 1741 2412 altius
1754 2376 1788 2412 de

1003 2412 1061 2446 ipso
1077 2413 1233 2446 sapiendmn
1259 2420 1338 2447 quam
1357 2410 1412 2445 prae
1424 2419 1454 2439 se
1474 2411 1568 2443 ferret,
1584 2418 1702 2444 vereque
1716 2410 1786 2447 divi-

1004 2444 1079 2480 num,
1096 2444 1223 2474 humilius
1234 2444 1407 2481 cogitantem,
1420 2453 1572 2481 quanquam
1582 2450 1717 2481 amantem
1730 2444 1797 2481 Mam

1003 2478 1083 2513 riam,
1100 2482 1230 2513 everterit,
1255 2478 1308 2516 quo
1323 2478 1477 2508 Eunomius.
1487 2478 1681 2516 blasphemiam
1702 2478 1786 2506 casti-

1003 2521 1056 2578 ᾔει,
1078 2520 1105 2543 et
1133 2516 1215 2543 Deum
1240 2514 1380 2551 agnoscat.
1403 2514 1555 2550 quanquam
1574 2514 1664 2549 specie
1682 2518 1785 2541 tantum

1022 2551 1151 2578 ominem.
1163 2551 1251 2578 Lansu
1264 2551 1408 2578 uicinorim.
1419 2551 1612 2578 annurilionem
1629 2548 1679 2575 soli
1696 2548 1785 2574 Maria:

1022 2551 1151 2578 ominem.
1163 2551 1251 2585 Lapsu
1258 2548 1612 2585 inerunt-ite,rappu'rilionein
1625 2548 1679 2585 soli
1696 2548 1786 2585 Maria.-

1003 2585 1116 2617 factam,
1139 2583 1307 2613 communem
1335 2583 1460 2616 Marthae,
1481 2583 1683 2619 Amphilochius
1700 2583 1784 2610 l'acit:

1003 2620 1123 2655 duasque
1139 2621 1222 2648 etiam
1239 2621 1265 2647 in
1282 2627 1362 2646 unam
1379 2620 1528 2648 confundit.

1038 2652 1240 2691 (c)'Reoereutia
1258 2654 1372 2691 quodam
1393 2659 1417 2682 et
1434 2659 1510 2691 metu,
1526 2654 1668 2691 tenebatur.
1688 2652 1785 2691 Διδοιι-

1005 2688 1073 2725 μὲνὴ
1092 2697 1099 2704 υ
1129 2688 1269 2724 interpres
1287 2689 1397 2725 Lipmu.
1429 2689 1611 2725 Mirabantur._
1639 2688 1785 2722 Sequentia

1002 2723 1098 2752 anxios
1112 2723 1265 2759 signiﬁcant
1276 2724 1309 2752 de
1322 2731 1415 2758 pugna:
1430 2724 1513 2759 exitu,
1528 2728 1556 2750 et
1570 2723 1708 2759 cuiusnam
1724 2730 1784 2756 par-

1004 2759 1069 2822 tipln:
1086 2757 1158 2788 esset
1175 2759 1263 2787 futura
1279 2757 1392 2787 victoria
1406 2766 1413 2791 ;
1428 2763 1459 2786 ut
1474 2758 1531 2786 fere
1547 2759 1573 2786 in
1591 2757 1724 2786 similibus
1739 2765 1785 2785 ac-

1004 2803 1026 2822 et
1048 2803 1054 2822 ι
1069 2813 1076 2821 .

1003 2795 1076 2823 cidit.
