1904 3054
110 127 148 156 25
588 127 616 154 S.
637 127 860 155 AMPlllLOCllll
882 126 1080 156 lCONlENSlS
1101 127 1259 156 EPISCOPI
1699 129 1737 158 ‘V.

110 188 230 220 Christo,
248 192 344 223 praesta
363 195 421 223 quae
441 188 506 215 mihi
527 195 555 215 es
568 188 714 223 pollicitus,
741 193 771 216 ut
795 188 897 222 gloriﬁ-

953 197 993 220 τος
1009 188 1024 224 ἢ
1043 190 1164 221 ἐκεῖνοςς
1183 190 1221 215 Δι’
1238 189 1301 224 ὅλης
1315 188 1344 214 δὲ
1364 188 1412 223 τῆς
1428 187 1523 219 νυκτὸς
1541 188 1736 224 προσηύχετοό

110 240 187 262 cetur
200 235 397 261 sanctissimum
423 241 520 261 nomen
536 238 609 260 tuum
627 233 715 261 Patris
730 238 757 261 ct
785 233 844 261 Filii
872 239 899 262 et

111 279 228 313 Spiritus
242 279 326 307 sancti
345 278 394 313 (α).
420 279 483 307 llmc
500 283 592 307 atttem
615 287 648 307 eo
665 283 790 314 precante
806 285 834 307 et
858 280 898 308 di-

111 329 199 357 cente,
219 332 270 352 uox
283 324 442 359 pereﬂluxit.

146 456 178 482 V.
196 455 275 482 Mane
288 460 376 482 autem
393 455 474 487 facto,
489 455 659 489 apprehenso
677 462 757 482 manu
771 455 896 488 diacono,

110 501 175 528 dicit
190 501 213 528 ei
230 511 236 527 :
253 500 388 528 Theodule
403 500 496 532 frater,
512 499 589 527 nobis
603 500 681 527 hodie
706 508 780 527 mors
802 506 830 527 et
842 501 896 527 vita

111 547 250 582 proposita
260 550 312 574 est.
328 546 454 581 Dixitque
473 546 603 573 diaconus
617 555 623 572 :
651 545 752 580 Ecquid
766 553 830 574 vero
846 547 896 574 sibi

110 593 167 620 ‘ult
183 600 274 621 sermo
290 593 352 626 iste,
370 592 466 628 pater?
482 593 685 627 Amphilochius
708 593 776 619 dixit
798 603 806 620 ;
823 593 897 626 Quo,-

112 640 183 666 niam
201 647 258 665 mos
286 643 337 672 est,
348 643 378 665 ut
401 639 477 666 nobis
486 639 518 665 ad
528 639 714 673 imperatorem
729 639 899 673 ingredienti-

112 685 218 718 hus(bi,
232 684 339 711 dicatur
356 693 363 712 :
379 684 454 711 Recti
467 693 565 711 omnes.
585 685 624 712 Tu
642 685 732 719 igitur,
744 685 779 711 fili
795 685 841 718 mi,
858 685 899 712 in-

111 730 294 764 gredientibus
309 730 394 761 nobis,
418 731 443 757 in
465 731 574 757 introitu
601 731 691 765 palatii
718 730 804 758 clanta
834 738 898 758 voce

112 783 206 809 magna
224 784 230 803 :
255 776 328 803 Recli
342 784 441 809 omnes,
458 777 509 803 sive
519 777 582 808 vita,
596 777 648 803 sive
661 784 737 803 mon.
752 776 898 811 Respondit

111 821 238 849 diaconus
259 829 267 849 :
294 822 374 850 Plane
389 830 463 854 vero,
479 822 501 849 si
516 822 551 849 ita
569 822 672 855 dixero,
686 829 728 848 me
752 822 898 856 imperator

957 234 1141 270 Ἀμφιλὸχιος,
1157 235 1245 268 λέγων
1255 243 1261 250 ·
1278 235 1364 270 Κιᾶριε
1385 233 1473 268 Ίησοῦ
1488 233 1601 269 Χριστὲ,
1617 233 1635 260 ἃ
1649 233 1736 269 ἐπηγ-

949 283 1031 316 γεὶλω
1052 291 1114 317 μοι,
1134 282 1258 316 ποίησον,
1279 281 1322 309 ἵνα
1344 280 1458 316 δοξασθῇ
1480 289 1526 307 σου
1551 280 1581 306 to
1605 281 1736 315 πανάγιον

948 328 1045 363 ὁνομα,
1057 328 1104 354 τοῦ
1120 327 1227 363 Πατρὺς
1241 327 1287 354 καὶ
1299 326 1346 353 τοῦ
1361 326 1425 352 Υἱοῦ
1440 327 1487 353 καὶ
1500 326 1546 352 τοῦ
1561 326 1637 360 ἁγίου
1652 326 1736 352 Πνεύ-

951 383 1045 409 ματος.
1062 374 1116 400 Καὶ
1133 373 1218 401 ταῦτα
1236 373 1316 401 αὐτοῦ
1341 373 1559 408 προσευχομένου
1581 373 1627 399 καὶ
1644 372 1736 406 λέγον-

952 429 1004 452 τος,
1023 419 1162 455 παρῆλθεν
1179 421 1195 455 ἡ
1210 420 1267 453 νύξ.

983 465 1021 494 Ε’.
1037 466 1146 501 Πρωῖας
1158 466 1185 492 δὲ
1204 466 1362 501 γενομένης,
1377 466 1570 501 ἐπιλαϐόμενος
1586 465 1636 500 τῆς
1643 466 1734 501 χειρὸς

948 511 994 537 τοῦ
1011 511 1134 538 διακόνου
1151 512 1225 546 λέγει
1246 512 1335 548 αὐτῷ·
1359 512 1469 546 Ἀδελςςὲ
1493 511 1635 542 Θεόδουλε,
1651 512 1736 546 σήμε-

951 565 996 591 ρον
1015 557 1128 588 θάνατος
1149 558 1195 584 καὶ
1215 557 1272 594 ζωὴ
1287 559 1354 593 ἡμῖν
1371 558 1523 594 πρόκειται.
1539 558 1594 584 Καὶ
1610 558 1624 583 ὁ
1643 557 1735 584 διάκορ

949 612 992 635 νος
1009 603 1059 638 ἔφη
1073 612 1079 618 ·
1097 604 1152 630 Καὶ
1167 604 1209 635 τίς
1221 604 1294 630 ἐστιν
1309 605 1323 630 ὁ
1337 604 1414 638 λόγος
1431 601 1508 634 οὗτος
1519 623 1525 634 ,
1540 603 1644 638 πάτερ;
1668 603 1735 638 Ἀμ-

950 648 1068 684 φιλόχιος
1097 646 1191 675 εἶπεν
1224 647 1333 684 Ἐπειδὴ
1360 647 1432 684 [οὐκ]
1459 648 1530 674 ἔστιν
1555 647 1614 679 ἔθος
1644 647 1674 673 ἐν
1695 647 1735 682 τῷ

949 695 1061 721 εἰσιέναι
1084 695 1156 729 ἡμᾶς
1177 695 1218 726 εἰς
1237 694 1282 720 τὸν
1306 694 1416 730 βασιλέα
1442 694 1530 720 εἰπεῖν
1555 694 1595 725 τὸ,
1637 693 1734 727 Ὀρθοι

949 740 1068 773 πάντες.
1087 740 1123 766 Σὺ
1140 738 1196 772 οὖν,
1213 740 1308 767 τέκνον
1333 737 1383 775 μου
1395 760 1402 771 ,
1428 740 1457 766 ὲν
1473 739 1512 774 τῷ
1529 739 1641 765 εἰσιέναι
1660 739 1735 774 ἡμᾶς

949 788 977 813 ἐν
990 788 1024 822 τῇ
1047 787 1140 822 εἰσόδῳ
1157 786 1204 814 τοῦ
1217 786 1359 818 παλατίου,
1372 786 1473 822 κράξον
1485 785 1590 822 μεγάλῃ
1601 786 1634 821 τῇ
1646 786 1733 820 φωνῇ·

955 831 1045 866 Ὀρθοὶ
1058 831 1179 864 πάντες,
1196 833 1256 858 εἴτε
1269 830 1325 865 ζωὴ
1339 831 1398 858 εἴτε
1410 831 1548 864 θάνατος.
1572 831 1600 857 '0
1612 830 1736 861 διάκονος

111 868 226 895 occidet.
252 867 295 894 Ait
320 868 546 902 Amphilochius:
566 867 614 901 Ne,
635 867 680 900 ﬁli,
710 868 897 902 imperatorem

953 877 1002 911 ἔφη
1014 885 1020 892 ·
1035 878 1091 904 Καὶ
1110 878 1230 910 πάντως,
1249 877 1296 903 ἐὰν
1310 877 1379 904 εἴπω
1396 876 1492 908 οὕτως,
1508 877 1651 903 ἀποκτενεῖ
1668 885 1701 912 με
1719 876 1735 904 ὁ

111 914 190 940 istum
209 914 340 947 timueris,
357 914 402 949 qui
414 919 502 949 potest
515 922 621 948 corpus,
635 922 687 941 non
702 914 764 941 item
780 914 896 940 animam

110 960 244 992 occidere,
262 959 350 995 potius
377 966 466 987 autent
491 961 564 987 illum
585 961 658 993 time,
677 959 722 994 qui
748 967 845 994 corpus
871 963 898 986 et

109 1006 227 1033 animam
246 1007 271 1033 in
292 1007 413 1042 gehenna
431 1007 531 1034 occidit
545 1006 575 1033 “'.
598 1005 669 1033 Dixit
684 1006 811 1033 diaconus
826 1015 834 1032 .-
847 1005 896 1038 Ita,

110 1058 195 1086 pater,
212 1052 307 1079 faciam
334 1056 362 1079 ut
381 1052 481 1084 divisti,
501 1052 558 1079 sive
577 1052 641 1084 vita,
663 1052 719 1078 sive
737 1059 809 1078 mors
836 1058 898 1085 pro-

112 1098 197 1132 posita
212 1102 263 1126 est.
279 1097 349 1124 Inter
366 1105 412 1124 eos
429 1104 566 1124 sermones
581 1104 641 1123 cum
661 1103 744 1130 prope
765 1098 897 1124 accessis-

111 1150 171 1172 sent
184 1145 217 1171 ad
235 1143 326 1178 palatii
356 1143 465 1175 atrium,
483 1142 668 1169 nuntiantibus
681 1141 836 1168 cursoribus
851 1142 898 1168 ad-

113 1193 221 1215 ventum
236 1187 428 1222 Amphilochii,
446 1187 537 1222 jussus
549 1191 590 1214 est
601 1186 703 1221 ingredi
720 1195 727 1213 :
752 1187 840 1221 aitque
854 1194 897 1213 ar-

111 1234 268 1260 ehidiacotto
292 1240 361 1260 suo:
378 1232 480 1259 Stolam
499 1239 597 1264 meam,
623 1237 666 1259 tua
692 1236 826 1259 commuta
850 1232 896 1266 (c).

112 1280 170 1312 Quo
186 1279 256 1306 iacto
273 1279 338 1307 dicit
350 1287 358 1304 :
370 1278 460 1306 Redde
472 1279 542 1313 quod
558 1279 620 1305 dttm
637 1283 728 1306 nostra
744 1278 811 1306 urbe
821 1286 898 1313 egre-

112 1326 246 1358 deremur,
271 1325 321 1353 fuit
337 1325 488 1359 depositum
507 1334 513 1352 :
535 1325 674 1359 solutoque
687 1325 834 1359 strophiolo
846 1324 896 1359 (d),

113 1372 222 1399 tradidit
246 1379 320 1406 aeque
337 1373 461 1400 ardentes
477 1379 576 1406 prunas
594 1378 624 1398 ac
642 1376 783 1404 acceperat
809 1371 895 1397 initio.

113 1418 171 1449 Quo
186 1417 253 1450 visu,
274 1417 405 1444 diaconus
420 1417 559 1444 factumst
576 1416 700 1443 fidentior
714 1424 721 1444 :
736 1415 898 1450 adolensque

113 1464 260 1499 thymiama
279 1464 326 1500 (ε),
341 1471 407 1491 voce
423 1471 518 1498 magna
532 1463 658 1490 clamavit
675 1473 682 1490 :
704 1463 776 1490 [tecti
798 1471 895 1490 omnes.

114 1510 243 1538 Universa
259 1518 338 1545 porro
359 1510 430 1545 regia
447 1514 517 1536 mota
545 1514 594 1541 est,
614 1516 762 1543 omnesque
785 1513 897 1543 stupue-

114 1561 175 1584 runt
197 1555 241 1592 (Ῑ).
259 1555 326 1583 Cum
348 1560 436 1582 autem
458 1554 659 1590 Amphilochius
687 1555 898 1590 appropinquas-

153 1625 175 1641 “
192 1625 256 1653 Luc.
275 1633 325 1657 xtl.
339 1625 364 1651 4.

149 1706 187 1739 (n)
202 1705 400 1733 Sanctissimtmt
411 1715 502 1734 nomen
513 1713 596 1741 tuum,
607 1707 707 1740 Patris,
718 1713 740 1734 et
755 1706 830 1739 Filii,
845 1713 898 1735 etc.

117 1740 205 1777 Unum
231 1749 327 1777 nomen
349 1746 390 1768 est
408 1743 669 1776 superadorandum,
688 1743 757 1777 quod
774 1742 899 1770 Christus

115 1776 282 1803 substantive
296 1781 323 1803 et
337 1777 458 1804 absolute
473 1777 572 1805 dicitur
587 1783 615 1806 et
639 1783 690 1810 est,
706 1778 731 1804 id
747 1777 832 1811 ipsum
849 1778 900 1805 l‘a-
933 1788 937 1793 ·

114 1810 175 1841 tris.
196 1815 223 1837 et
245 1811 360 1844 Spiritus
383 1813 467 1839 sancti
492 1820 600 1846 nomen,
622 1819 650 1840 ιιι
667 1818 708 1840 est
729 1810 780 1838 una
811 1813 895 1840 tribus

114 1850 250 1882 naturaet
264 1853 324 1882 esse
337 1849 428 1882 :rquod
446 1847 619 1875 subtilissime
640 1847 846 1882 Amphilochius
864 1848 896 1875 iis

114 1880 204 1908 verbis
218 1881 315 1908 innuit.
333 1880 426 1909 Utrum
439 1890 503 1909 vero
514 1891 595 1909 unum
614 1880 709 1909 nomen
723 1882 823 1910 Christi
841 1883 895 1910 (lis-

115 1915 198 1942 tincte
224 1916 386 1947 invocatum.
402 1916 536 1944 sulﬁciens
554 1919 587 1944 sit
599 1917 738 1944 Trinitatis
751 1917 893 1949 invocatio,

115 1950 263 1987 autsaltem
273 1952 541 1986 l'ueritaliquandoex
554 1953 668 1987 quadam
679 1952 854 1986 indulgentia,
863 1953 895 1979 ad

115 1985 234 2012 valerem
246 1986 368 2021 baptismi
381 1996 387 2019 ;
404 1985 583 2015 cutttroversia
593 1993 644 2020 est,
654 1988 737 2021 inqua
748 1987 776 2014 Ι).
786 1989 897 2014 Αιιιιινοα

115 2021 181 2052 sius,
192 2025 217 2057 et
225 2029 285 2047 eum
296 2027 404 2049 secutus
413 2022 547 2054 Nieolaus,
560 2022 632 2049 velut
644 2031 675 2049 ex
687 2023 743 2057 ejus
763 2023 894 2049 sententia

115 2056 266 2088 approbans
281 2057 441 2090 haptistuttm
456 2065 469 2083 ο
487 2057 579 2084 .ludzeo
599 2058 723 2083 collatum
742 2057 769 2082 in
788 2058 895 2084 nomine

115 2095 218 2116 tantum
234 2090 346 2122 Christi,
367 2099 381 2117 a
404 2096 480 2124 parte
503 2091 653 2118 afﬁrmante
674 2092 797 2118 videntur
810 2097 893 2118 stare.

117 2124 169 2151 Sed
187 2125 317 2158 quidquid
330 2126 364 2152 sit
386 2126 418 2152 de
432 2127 574 2153 Ambrosio
600 2127 646 2159 qui
672 2127 751 2153 aliter
766 2126 835 2153 forte
848 2135 895 2159 po-

117 2159 198 2186 tuerit
214 2160 322 2193 expoai,
341 2161 411 2195 quod
429 2165 531 2195 spectat
549 2161 582 2188 ad
600 2161 749 2192 Nicolaum,
769 2166 896 2189 constans

115 2198 156 2231 est
170 2201 286 2231 errasse,
310 2196 355 2230 qui
377 2203 424 2223 sua
447 2196 526 2222 etiam
548 2201 638 2229 artate,
659 2196 766 2231 quando
790 2201 895 2222 constat

116 2230 342 2263 dispensationem
364 2238 495 2261 cessasse,
511 2231 533 2257 si
555 2238 607 2264 qua
623 2239 739 2265 unquam
757 2230 815 2264 fuit,
830 2231 900 2265 ejus-

117 2264 188 2291 modi
206 2265 366 2298 haptismum
386 2271 472 2292 ratqu
489 2266 622 2293 habuerit.

152 2298 190 2334 (9)
202 2299 335 2335 Quoniam
350 2309 406 2327 mos
437 2306 484 2332 est,
506 2306 532 2327 ut
558 2302 665 2328 nobis...
685 2301 899 2335 ingredientibus.

118 2333 291 2368 Significatur
303 2335 385 2362 fuisse
400 2336 425 2362 id
441 2336 523 2362 ntoris
537 2336 562 2362 in
577 2336 649 2367 aula,
663 2341 693 2362 ut
703 2333 796 2362 omnes
813 2343 901 2362 assun-

118 2374 210 2403 gerent
225 2369 438 2403 ingredientibus
452 2371 585 2405 episcopis
602 2373 637 2398 oh
659 2371 837 2398 reverentiam
854 2378 899 2396 or-

117 2405 187 2430 dinis
201 2412 208 2430 :
223 2411 275 2438 quo
299 2405 363 2432 facit
383 2406 534 2433 incendium
562 2405 624 2432 illttd
651 2406 780 2432 divinitus
796 2406 901 2432 excita-

118 2445 174 2475 tum
198 2441 268 2475 apud
291 2440 450 2475 Sulpicium.
473 2448 525 2474 quo
548 2440 762 2472 Valentinianus,
785 2448 900 2468 renuens

118 2474 143 2500 id
169 2474 279 2502 honoris
300 2475 405 2502 deferre
431 2475 557 2506 Martino.
583 2475 649 2502 cella
673 2477 828 2502 deturbatus
848 2481 898 2502 est.

118 2509 195 2536 Facit
210 2510 303 2542 etiam,
319 2518 378 2544 quae
397 2511 424 2538 in
441 2510 604 2544 Euchologio
621 2511 735 2537 habetur
754 2510 840 2537 oratio
854 2518 900 2536 su-

119 2551 166 2580 per
186 2545 385 2578 imperatorem,
409 2545 561 2580 patriarcha
578 2546 741 2580 ingrediente
761 2544 898 2580 palatium,

119 2579 162 2606 eui
175 2579 198 2606 is
209 2581 320 2613 proinde
335 2585 364 2606 ut
376 2579 576 2607 benedicendus
594 2580 731 2607 humiliter
742 2587 899 2614 assurgens,

120 2615 298 2642 reverentiam
311 2615 430 2642 haberet.
443 2615 527 2642 Porro
546 2615 618 2648 illud,
635 2614 707 2642 ﬂecti
727 2623 824 2646 omnes,
840 2621 899 2646 seu,

119 2649 305 2685 Stentomnes
318 2656 344 2677 et
357 2654 515 2685 assurgaut;
534 2657 585 2676 non
604 2650 723 2684 episcopi
738 2650 900 2685 eratingre-

119 2683 228 2715 dientis,
246 2685 292 2712 sed
309 2683 480 2720 suscipieritis
498 2683 678 2719 imperatoris.
697 2683 901 2720 Amphilochius

119 2725 184 2755 vero
198 2726 275 2745 suum
299 2719 419 2751 fecit,ad
440 2720 523 2755 ipsius
544 2721 679 2754 totiusque
698 2719 767 2746 aula:
787 2719 900 2750 animos.

119 2753 250 2790 in_magni
278 2755 389 2790 alicujus
413 2753 643 2790 exspectationem
666 2761 698 2782 ex
722 2755 760 2781 rei
783 2755 902 2781 novitate

118 2788 276 2824 crigendos,
297 2788 546 2824 conciliantlaiuque
567 2790 688 2817 dicendis
702 2790 900 2823 auctoritatem,

120 2829 170 2857 pro
184 2823 282 2858 quibus
300 2829 373 2852 tanta
391 2825 485 2851 l‘ttlucia
502 2829 571 2851 nota:
595 2824 746 2851 sanctitatis
761 2824 901 2859 episcopus

121 2858 312 2896 imperatorem
335 2860 421 2890 adiret
439 2868 445 2886 :
461 2859 571 2894 adjectis
590 2860 705 2887 maxime
724 2858 899 2888 illis’verbis:

950 922 1086 958 βασιλεύς.
1102 923 1157 950 Καὶ
1168 924 1181 950 ὁ
1201 923 1375 958 Ἀμφιλόχιος
1385 923 1447 957 ἔφη’
1463 922 1509 958 Μὴ
1521 922 1615 956 φοϐοῦ,
1628 922 1733 956 τέκνον,

948 967 994 993 τὸν
1010 966 1120 1001 βασιλέα
1132 967 1226 993 τοῦτον
1250 967 1295 993 τὸν
1310 966 1457 1001 δυνάμενον
1474 966 1552 1001 σῶμα
1567 967 1734 998 ἀποκτεῖναι,

948 1012 996 1039 καὶ⁹
1007 1012 1056 1047 τὴν
1069 1012 1157 1047 ψυχὴν
1170 1011 1207 1047 μὴ
1220 1013 1377 1038 ἀποκτεῖναι
1387 1021 1394 1028 ’
1410 1011 1478 1038 ἀλλὰ
1491 1012 1590 1047 μᾶλλον
1602 1012 1735 1047 φοϐήθητε.

947 1059 1050 1085 ἐκεῖνον
1071 1058 1117 1085 τδν
1146 1058 1340 1086 ἀποκτείνοντα
1359 1058 1407 1094 τὴν
1427 1057 1515 1093 ψυχὴν
1536 1058 1582 1085 καὶ
1605 1059 1635 1085 τὺ
1656 1059 1736 1093 σῶμα.

948 1103 977 1130 ὲν
992 1104 1098 1140 γεέννῃ.
1122 1104 1151 1132 '0
1170 1104 1292 1137 διάκονος
1321 1103 1389 1140 ἔφη·
1416 1104 1488 1135 Ναὶ,
1515 1104 1621 1140 πάτερ·
1644 1104 1736 1137 καθὼς

948 1148 1061 1183 ἔφησας,
1073 1148 1144 1176 οὕτω
1158 1150 1272 1184 ποιήσω,
1283 1149 1338 1175 εἴτε
1353 1148 1420 1184 ζωὴ,
1435 1149 1489 1175 εἴτε
1502 1150 1625 1180 θάνατος.
1639 1149 1732 1176 Ταῦτα

948 1194 1092 1228 λέγοντες,
1121 1195 1238 1230 ἤγγισαν
1263 1195 1296 1230 τῇ
1320 1195 1416 1231 εἰσόδῳ
1443 1194 1490 1221 τοῦ
1513 1195 1655 1222 παλατίου.
1680 1195 1735 1221 Καὶ

949 1240 1085 1275 μηνύσασι
1106 1239 1286 1275 ταχυδρόμοις
1302 1239 1350 1275 τὴν
1373 1240 1524 1276 παρουςεαν
1551 1240 1735 1275 Ἀμφιλοχίαν,

948 1285 1094 1321 ἐκελεύσθη
1113 1286 1160 1312 τοῦ
1185 1286 1315 1312 εἰσιέναι·
1336 1286 1383 1312 καὶ
1404 1286 1476 1320 λέγει
1494 1285 1533 1321 τῷ
1555 1286 1736 1322 ἀρχιδιακόνῳ

948 1331 1047 1358 αὐτοῦ·
1067 1331 1200 1364 Ἀλλαξόν
1227 1340 1278 1367 μου
1300 1330 1349 1367 τὴν
1367 1331 1461 1367 στολὴν
1484 1333 1533 1368 τῆς
1549 1332 1656 1359 ἑαυτοῦ.
1680 1333 1736 1360 Καὶ.

948 1377 1042 1404 τούτου
1057 1377 1203 1412 γενομένου
1221 1376 1296 1411 λέγει
1313 1377 1387 1413 αὐτῷ
1399 1387 1405 1392 -
1432 1378 1543 1409 Ἀπόδος
1559 1387 1603 1412 μοι
1617 1377 1666 1413 τὴν
1684 1386 1737 1405 πα-

949 1421 1145 1457 ρακαταθήκην
1159 1421 1193 1457 ἢν
1213 1422 1372 1458 παρεθέμην
1388 1431 1428 1448 σοι
1445 1422 1473 1448 ὲν
1488 1422 1526 1457 τῷ
1547 1422 1646 1455 ἐξιέναι
1661 1423 1735 1458 ἡμᾶς

948 1468 980 1494 ἐκ
994 1467 1040 1494 τοῦ
1055 1468 1190 1504 ἡμετέρου
1211 1469 1306 1497 τόπου.
1324 1468 1379 1496 Καὶ
1398 1468 1481 1500 λύσας
1501 1468 1584 1496 αὑτοῦ
1604 1469 1633 1495 τὸ
1649 1469 1735 1504 ἐγχει-

951 1521 1016 1547 ριον,
1032 1512 1115 1539 ἔδωκε
1129 1513 1177 1549 τὴν
1192 1513 1341 1549 ἀνθρακιὰν
1358 1512 1447 1545 ζῶσαν
1462 1513 1555 1549 ὥσπερ
1570 1511 1603 1549 ἦν
1621 1513 1652 1540 τὸ
1668 1513 1735 1549 πρό-

949 1567 1037 1593 τερον.
1051 1559 1108 1586 Καὶ
1132 1558 1210 1586 τοῦτο
1229 1559 1307 1587 εἱδῶν
1329 1560 1343 1585 ὁ
1361 1559 1493 1592 διάκονος,
1516 1559 1733 1596 ὲθαρσωποιήθη.

954 1707 1011 1735 Sive
1028 1716 1107 1740 mort,
1128 1709 1180 1735 sive
1198 1709 1260 1735 vila.
1277 1707 1355 1735 Velut
1379 1710 1458 1741 caput
1483 1707 1516 1733 ad
1544 1706 1626 1740 pedes
1650 1705 1738 1740 ipsius

953 1746 1108 1776 deponeret,
1127 1743 1274 1778 labensque
1286 1743 1348 1769 vitae
1364 1741 1449 1768 aleam
1464 1741 1576 1778 subiret.
1620 1767 1622 1770 .

989 1775 1023 1813 (ε)
1034 1778 1133 1805 Stolam
1150 1775 1243 1810 meum,
1258 1783 1304 1804 tua
1318 1782 1458 1813 commata.
1473 1776 1553 1813 Forte
1570 1780 1598 1802 ιιι
1614 1775 1737 1813 ornatior

952 1811 1093 1847 appareret
1107 1820 1197 1840 coram
1214 1814 1386 1847 imperatore.
1400 1811 1456 1838 Non
1471 1811 1662 1847 c_nim>spernit
1674 1818 1737 1844 gra-

949 1845 1095 1875 ti'a'isthaac
1128 1853 1156 1875 et
1183 1845 1299 1875 humana
1320 1847 1419 1877 media.
1438 1851 1467 1872 ut
1484 1845 1509 1872 in
1530 1845 1590 1879 ejus
1607 1846 1738 1879 operibus

947 1882 1047 1916 aliquid
1075 1883 1155 1910 etiam
1179 1883 1214 1910 sit
1240 1887 1338 1909 uostrm
1363 1880 1512 1911 industriae.
1539 1881 1610 1916 quod
1631 1880 1735 1916 passim

946 1914 1119 1953 prosequitur
1142 1917 1362 1953 Chrysostomus,
1388 1921 1417 1953 et
1438 1916 1566 1953 observat
1584 1915 1609 1953 i_n
1631 1914 1734 1953 gltristi

947 1949 974 1979 in
991 1949 1126 1985 apostolos
1150 1949 1371 1987 dispensatione,
1386 1951 1432 1978 Sic
1456 1950 1564 1987 Esther.
1580 1949 1733 1987 dullitltqne

947 1984 1125 2015 adhibuerunt
1143 1984 1269 2014 mundum
1283 1986 1440 2013 muliebrem
1455 1994 1461 2012 :
1477 1986 1515 2012 sic
1527 1985 1599 2012 cavit
1614 1984 1736 2019 Raphacl

947 2029 982 2049 ne
1001 2023 1064 2056 qttid
1082 2022 1217 2049 sordidius
1241 2022 1267 2049 in
1292 2021 1383 2048 Tobias
1407 2019 1503 2056 afﬂicta
1523 2020 1731 2056 domotnovam

947 2054 1072 2090 sponsam
1089 2056 1236 2084 ochuderet
1253 2065 1260 2083 :
1275 2057 1401 2090 cavitque
1421 2054 1520 2082 Paulus
1539 2062 1572 2082 ne
1587 2054 1664 2081 vilior
1682 2054 1731 2080 tri-

947 2091 1019 2118 buno
1034 2093 1118 2126 I'actus
1132 2091 1329 2126 ﬂagellationc,
1339 2090 1397 2126 neci
1410 2090 1574 2126 traderetur.
1591 2093 1644 2126 etc.

983 2127 1021 2160 (d)
1035 2123 1181 2159 Solutoqné
1203 2125 1356 2160 strophiolo.
1379 2123 1471 2155 Δύσας
1488 2124 1575 2160 αὐτοῦν
1596 2124 1626 2150 τὺ
1647 2123 1739 2158 ἐγχεὶ-

951 2169 1018 2196 ριον.
1043 2160 1138 2187 Linteo
1152 2168 1205 2194 quo
1222 2160 1374 2196 carbonem
1391 2166 1546 2196 accensum_
1561 2159 1735 2196 deposuerat,

947 2192 985 2223 sic
1001 2197 1070 2222 dicto
1093 2192 1167 2228 quod
1187 2195 1318 2222 habeatur
1342 2194 1375 2221 ad
1401 2201 1506 2221 manus.
1530 2192 1559 2220 S.
1582 2192 1734 2220 Germanus

916 2232 938 2259 D
953 2232 1149 2264 manutergium
1165 2230 1285 2265 exponit,
1301 2229 1371 2264 quod
1389 2229 1476 2262 primo
1494 2229 1576 2265 datur
1591 2228 1734 2265 subdiaco-

952 2273 997 2297 no,
1014 2271 1041 2292 et
1057 2262 1153 2300 pendet
1182 2262 1265 2292 sacris
1277 2262 1426 2300 ministris,
1446 2271 1461 2290 a
1479 2263 1594 2290 sinistro
1610 2262 1732 2289 feruore:

952 2301 984 2327 de
1000 2299 1093 2334 quo’in
1109 2299 1308 2334 Euchologicis.

987 2330 1201 2376 (eiAdoleusgue
1231 2330 1383 2377 t'ltymiam‘a.
1406 2332 1573 2375 Kat'ﬂah‘ov
1597 2330 1733 2391 θυμίαμα.

987 2371 1037 2391 ιιιιιι
1068 2371 1170 2391 nhmu.
1195 2374 1275 2391 alnum.
1296 2369 1383 2391 Βαλίον
1412 2375 1573 2391 ιιετανοιαν·
1592 2366 1661 2391 nuod
1707 2374 1733 2391 a-

952 2366 1038 2397 Simili
1068 2366 1171 2404 phrasi',
1195 2366 1275 2403 atque
1295 2369 1383 2404 βαλὼν
1411 2366 1553 2404 μετανοιαν
1567 2366 1661 2404 '__quod
1677 2366 1736 2404 Pa-

952 2401 1088 2437 masceuo,
1099 2404 1194 2432 Joantti
1209 2401 1451 2439 llierosolymitajno
1465 2403 1490 2439 in
1506 2404 1563 2436 ejus
1573 2401 1645 2432 Vita,
1660 2401 1734 2439 aliis-

951 2440 1097 2477 qne‘medii
1111 2441 1160 2477 ξιξνί
1174 2436 1350 2477 scriptoribus
1364 2438 1556 2477 creberrimum
1570 2441 1612 2477 est
1626 2445 1633 2463 :
1648 2436 1731 2477 velut,

953 2471 1067 2502 Suliiens
1081 2479 1108 2501 et
1125 2471 1263 2502 incensum
1280 2474 1406 2510 offerens,
1421 2472 1514 2510 eadem
1530 2471 1600 2510 [orte
1612 2471 1736 2510 caerimo-

952 2510 1008 2546 nia,
1023 2516 1142 2546 qttanos
1154 2510 1247 2546 etiam,
1262 2509 1384 2546 personis
1399 2508 1427 2546 _i_n
1452 2506 1540 2546 altiori
1559 2506 1735 2546 gradtt'polsi-

952 2541 1131 2575 tis.'niaxime
1145 2545 1241 2576 sacris,
1257 2541 1304 2571 seu
1323 2544 1349 2570 in
1361 2543 1458 2578 quibus
1476 2541 1734 2578 Dettm'peculiarius

952 2586 1140 2613 agnoscamus,
1157 2584 1185 2605 et
1208 2579 1234 2606 in
1251 2579 1355 2613 signum
1370 2576 1464 2604 devoti
1479 2576 1592 2613 allectus
1614 2583 1674 2602 etnn
1692 2582 1733 2602 re-

951 2611 1082 2647 verentia,
1098 2614 1160 2641 llms
1175 2618 1202 2640 et
1217 2611 1361 2648 thymiama
1373 2613 1520 2648 oﬂ'erimus.
1533 2611 1636 2648 Modus_
1647 2614 1733 2648 tamen

954 2649 1000 2676 ille
1015 2644 1194 2685 Amphilochii
1209 2644 1354 2685 singularis
1368 2647 1428 2679 fuit,
1448 2647 1505 2685 ipso
1522 2654 1535 2672 a
1560 2645 1655 2685 prunis
1671 2644 1735 2685 ill:_n_-

951 2680 1092 2718 sozquod
1119 2684 1197 2719 plane
1223 2680 1265 2710 vel
1289 2690 1371 2709 unum
1399 2680 1525 2710 omnibus
1558 2680 1736 2715 percellendis

953 2724 1021 2746 erat.

988 2754 1021 2788 (Ι)
1037 2753 1182 2787 Omnesque
1192 2756 1357 2788 stupuerunt.
1373 2751 1546 2788 Ἐξέσττῃσαν.
1562 2747 1736 2788 Dictamaxi-

953 2783 1059 2822 me'j'am
1076 2783 1188 2816 ratione.
1205 2783 1251 2815 Sic
1265 2787 1348 2815 Marc.
1362 2795 1388 2820 ν,
1400 2787 1435 2814 42
1452 2783 1615 2820 Ἐ’ξέστησαν
1639 2783 1737 2811 ἐκστάσ-

954 2833 994 2850 σει
1011 2824 1125 2860 μεγάλῃ.
1143 2823 1304 2858 Slupuerunt
1322 2828 1426 2856 stupore
1439 2829 1541 2855 magno.
