1904 3054
175 120 212 148 25
852 116 932 144 VITA
951 116 1116 151 ANTIQUA.
1757 118 1794 147 26

174 175 231 202 Καὶ
253 175 342 210 βαλὼν
366 177 492 208 ουμιαμα
516 183 650 207 ανειμαςι
679 172 785 210 μεγάλῃ
803 174 836 208 τῇ
855 174 956 209 φωνῇἑ

1010 179 1051 202 set
1066 173 1231 209 imperatori,
1257 173 1319 200 ait:
1338 173 1396 200 Pa:
1414 173 1588 207 imperatori:
1607 180 1720 208 puerum
1744 182 1793 202 au-

173 220 306 251 διάκονος·
327 219 423 253 ὀρθοι
440 217 561 251 πάντες.
587 218 640 245 Καὶ
657 218 789 253 ἐσαλεύθη
814 219 845 245 τὸ
869 217 958 245 παλά-

174 275 230 294 τιον
244 267 314 299 ὅλον,
332 266 380 291 καὶ
401 264 547 300 ἐξέστησαν
561 264 689 296 ἅπαντες.
705 264 821 300 Πλησίον
837 264 866 291 δὲ
879 265 974 299 γενό-’

176 320 255 347 μενος
275 310 322 337 τοῦ
343 310 485 345 βασιλέως,
503 309 570 345 ἔφη·
586 310 698 344 Εἰρήνη
711 308 751 342 τῷ
766 309 890 342 βασιλεῖ
903 318 910 326 ·
927 309 958 336 τὸ

174 357 203 384 δὲ
215 356 318 383 παιδίον
335 355 506 391 παρέδραμε.
520 355 576 382 Καὶ
595 356 609 382 6
622 355 748 390 βασιλεὺς
758 362 765 369 '
785 355 956 390 ‘Aptptitdxts'

174 403 229 433 ναὶ,
258 402 334 437 φησὶ,
355 401 399 428 διὰ
420 401 446 427 τί
467 400 610 435 ἐνύϐρισας
628 400 659 427 τὺ
681 399 814 435 βασίλειόν
830 409 890 436 μου,
910 401 958 427 καὶ

175 447 236 481 ἐμοὶ
257 446 307 481 μὲν
328 445 471 477 ἀπέδωκας
493 445 542 480 τὴν
564 446 684 480 εἰρήνην,
709 445 755 471 τὸν
777 445 806 472 δὲ
828 445 884 472 υἱόν
906 454 956 480 μου

174 491 333 527 παρῆλθες;
354 491 410 518 Οὑκ
425 488 498 521 οἶδας
513 491 555 517 ὅτι
569 489 616 516 καὶ
627 488 704 521 οὗτος
725 490 783 525 μετ’
799 488 866 524 ἐμοῦ
881 489 958 524 βασι-

174 537 279 569 λεύσεις
296 536 351 562 Καὶ
364 537 379 563 6
391 536 418 562 'A
424 536 565 571 μφιλόχιος
576 535 735 571 ἀποκριθεὶς
746 533 823 562 εἶπεν
834 543 840 550 ·
858 535 957 561 ’Δκου-

176 581 221 608 σόν
234 589 295 616 μου,
308 580 417 615 βασιλεῦ
430 579 590 614 ἀγαθώτατε
599 587 605 594 ·
619 580 644 606 εἰ
658 580 700 611 σὺ,
714 580 728 605 6
738 578 879 610 σύνδουλός
895 587 956 614 μου,

174 629 188 654 6
200 627 318 662 σήμερον
332 625 369 653 ὢν
386 626 433 652 καὶ
445 625 539 660 αὔριον
557 624 594 660 μὴ
610 625 750 660 ὑπάρχων,
765 625 957 660 ἠγανάκτησας

175 671 351 706 ὑϐριζομένου
363 671 410 697 τοῦ
430 671 485 698 υίοῦ
510 679 567 702 σου,
590 671 604 696 6
615 669 644 696 δὲ
660 669 726 701 Θεὸς
741 671 755 696 6
769 670 894 705 οὐράνιος
907 670 957 697 οὐκ

175 716 359 751 ἀγανακτήσει
385 715 561 751 ὑϐριζομένου
584 713 632 741 τοῦ
658 714 724 741 Υίοῦ
751 714 848 747 αὐτοῦς
873 715 957 741 Καὶό

175 761 300 796 βασιλεὺς
322 760 389 796 ἔφη·
418 761 602 788 Ἀναιδέστατε
626 761 715 797 γέρων
736 761 783 787 καὶ
805 760 897 793 κύων,
913 760 957 787 διὰ

174 806 200 833 τί
222 807 420 842 ἀγανακτήσει;
443 807 498 832 Καὶ
520 807 534 833 6
560 806 733 841 ’Δμφιλόχιος
756 805 818 840 ἔφη·
841 805 955 833 Βασιλεῦ

175 852 342 887 ἁγαθώτατε,
355 840 473 879 Ἶᾶκουσον
489 851 534 879 τοῦ
550 840 644 883 παιδός
658 840 704 878 σου
715 859 722 866 ⁸
737 852 767 878 τὸ
784 852 833 887 μὲν
848 853 936 887 γῆρας
946 872 954 884 ,
971 840 993 868 Β

173 898 217 924 διὰ
231 898 285 924 τῶν
309 898 428 934 χρόνων·
444 899 461 933 ἡ
478 897 506 924 δὲ
523 897 648 930 ἁναιδία,
662 897 707 924 διὰ
725 898 788 929 τοὺς
806 897 954 929 ἀτάκτους*

174 942 246 970 κύων
259 943 298 974 δὲ,
320 944 360 969 ὅτι
376 943 449 978 τρεῖς
460 943 561 978 λῃστὰς
578 943 698 978 θεωρῶν,
712 943 741 969 οὐ
757 943 878 978 παύομαι
894 942 958 969 ὑλα-

173 987 244 1014 κτῶν
254 995 261 1001 ·
277 987 347 1021 λέγω
356 988 387 1022 δὴ
405 987 545 1022 Εὐνόμιον,
566 988 593 1013 ’A
599 988 703 1024 ρειανὸν
716 987 763 1014 καὶ
778 987 940 1014 Μακεδόνων
949 996 956 1004 ’

174 1031 221 1063 οὒς
233 1031 343 1066 ἐκκόψει
362 1032 460 1067 Κύριος
481 1033 514 1058 ὲκ
529 1032 577 1059 τοῦ
593 1032 658 1059 λαοῦ
673 1033 779 1064 τούτου,
793 1033 834 1060 ὅτι
850 1033 958 1069 ἐνύϐρι-

174 1086 224 1104 σαν
239 1077 322 1104 αὐτοῦ
338 1077 385 1113 τὴν
409 1077 534 1112 θεότητα.
557 1078 612 1104 Καὶ
635 1079 649 1104 6
669 1078 796 1113 βασιλεὺς
817 1079 845 1105 ἐν
869 1078 957 1114 ἑαυτῷ

172 1123 332 1158 γενόμενος,
350 1121 443 1151 εἷπεν·
465 1123 585 1159 Ἀληθῶς
605 1123 714 1159 εἴρηκεν
730 1124 744 1149 6
761 1123 848 1160 γέρων
869 1121 955 1156 οὗτος.

173 1169 205 1196 Εἰ
219 1169 272 1205 γὰρ
285 1170 339 1204 ἐγὼ
360 1169 537 1205 ἠγανάκτησα
557 1164 735 1206 ὑϐριζομένου
751 1171 798 1197 τοῦ
811 1170 871 1197 υίοῦ
888 1180 938 1206 μου
949 1178 955 1185 ·

173 1216 187 1241 6
200 1216 323 1251 οὐράνιος
340 1216 406 1248 Θεὸς
421 1217 470 1243 οὐκ
493 1217 688 1253 ἀγανακτήσει,
712 1216 890 1252 ὑῦριξομένου
908 1215 956 1243 τοῦ

174 1259 238 1286 Υἱοῦ
256 1259 338 1286 αὑτοῦ
352 1268 359 1293 ;
373 1260 467 1295 Πολλῷ
482 1261 581 1296 μᾶλλον
592 1261 776 1296 ἀγανακτήσει
789 1261 849 1287 καθ’
867 1259 956 1295 ἡμῶν.

173 1306 228 1332 Καὶ
242 1305 315 1340 λέγει
327 1307 341 1332 6
354 1306 479 1341 βασιλεὺς
499 1307 554 1338 τοῖς
565 1306 737 1340 παρεστῶσιν
757 1305 829 1341 αὺτῷ
842 1314 849 1321 ·
864 1307 958 1332 Κατα-

174 1351 295 1378 σπάσατε
310 1352 406 1384 αὐτοὺς
422 1351 476 1378 ἀπὺ
495 1351 548 1377 τῶν
562 1351 664 1387 θρόνων
682 1350 782 1378 αὐτῶν.
796 1349 887 1377 Ἦσαν
903 1351 958 1386 γὰρ

174 1398 398 1433 παρακαθήμενοι
418 1398 443 1423 οἱ
459 1397 614 1423 διδάσκαλοι
626 1397 675 1432 τῆς
686 1397 823 1428 ἀπωλείας
833 1397 858 1424 οἱ
872 1398 956 1432 τρεῖς.

174 1444 228 1469 Καὶ
246 1443 260 1469 6
276 1444 361 1479 δῆμος
374 1443 498 1479 ἔκραζον,
519 1443 643 1478 λέγοντες
655 1452 662 1459 ·
688 1443 744 1474 Τὰς
768 1442 889 1477 κεφαλὰς
910 1443 958 1469 αὐ-

173 1489 227 1516 τῶν
241 1489 478 1524 ἀποτμηθήτωσαν
492 1489 574 1524 ξίφει.
595 1490 624 1516 '0
636 1489 664 1516 δὲ
682 1489 855 1524 Ἀμφιλόχιος
885 1487 956 1515 εἷπε-
970 1505 992 1533 c

173 1535 259 1571 Κύριε
282 1535 403 1570 βασιλεῦ,
430 1536 467 1572 μὴ
491 1536 622 1571 κελεύσῃς
637 1535 715 1562 τοῦτο
734 1535 869 1569 γενέσθαι,
891 1534 958 1561 ἀλλὰ

172 1582 268 1617 δέομαί
287 1591 333 1608 σου
347 1581 393 1608 τοῦ
408 1583 535 1618 κράτους,
549 1581 719 1618 ἐξορισθῆναι
732 1582 829 1613 αὐτοὺς
844 1580 959 1607 ἕκαστον

174 1629 202 1654 ἐν
218 1629 251 1664 τῇ
268 1627 320 1663 ἰδίᾳ.
333 1628 452 1663 πατρίδι.
473 1628 528 1654 Καὶ
543 1628 707 1663 προσέταξεν
723 1629 737 1654 6
756 1627 895 1663 βασιλεὺς,
913 1636 958 1661 γε-

175 1673 268 1700 νέσθαι
284 1673 373 1705 καθὼς
387 1673 480 1705 ἔταξεν
491 1674 505 1699 ὁ
517 1673 607 1709 πατὴρ
620 1673 698 1708 ήμῶν
725 1674 905 1708 Ἀμφιλόχιος.
929 1674 959 1700 '0

173 1720 202 1747 δὲ
214 1719 299 1755 δῆμος
314 1719 430 1755 ἔκραζεν
443 1720 529 1754 λέγων
542 1729 548 1736 ι
564 1720 611 1751 Εἰς
623 1720 654 1746 τὸ
665 1719 797 1755 ἐξώτερον
811 1719 867 1755 πῦρ
880 1720 960 1746 ἀπελ-

174 1767 304 1794 θέτωσαν.
331 1767 385 1793 Καὶ
406 1765 610 1802 παραλαϐόντες
635 1766 751 1797 αὐτοὺς,
781 1765 828 1791 καὶ
852 1765 959 1799 πληγὰς

173 1812 312 1843 ἐπιθέντες
325 1832 332 1843 ,
350 1811 550 1846 ὲθριάμϐευσαν
567 1811 665 1842 αὐτοὺς
681 1811 709 1838 ὲν
722 1811 755 1846 τῇ
777 1810 853 1836 πόλει
867 1810 959 1844 λέγον-

173 1866 232 1890 τες·
249 1855 329 1884 οὗτοί
344 1858 412 1884 εἰσιν
431 1859 454 1883 οι
478 1857 570 1893 ἐχθροὶ
586 1857 633 1883 τοῦ
655 1857 722 1883 Θεοῦ
735 1878 742 1889 ,
757 1857 803 1883 καὶ
820 1856 873 1882 τῶν
893 1857 958 1891 Χρι-

175 1904 306 1930 στιανῶν
321 1904 367 1930 καὶ
384 1903 527 1934 ἐπιϐάντες
542 1903 640 1934 αὐτοὺς
657 1903 696 1933 εἰς
717 1902 766 1938 τὴν
788 1902 958 1937 ὲπτάλωφον,

174 1947 316 1981 ὲξεδίωξαν
331 1948 428 1980 αὐτοὺς
446 1947 515 1983 μετὰ
528 1948 581 1973 τῶν
599 1947 728 1983 μαθητῶν
753 1947 841 1974 αὐτῶν
856 1949 896 1979 εἰς
910 1947 958 1979 τὰς

174 1993 264 2029 χώρας
278 1993 377 2020 αὐτῶν.
395 1993 446 2020 Τὸν
468 1993 495 2019 δὲ
513 1993 605 2019 δοῦλον
620 1993 665 2019 τοῦ
685 1993 753 2019 Θεοῦ
774 1993 957 2028 Ἀμφιλόχιον,

173 2041 300 2074 χρήματα
321 2038 405 2065 πολλὰ
428 2039 489 2070 δοὺς
512 2037 587 2073 αὑτῷ
612 2039 626 2065 ὀ
650 2038 775 2073 βασιλεὺς
801 2038 957 2069 Θεοδόσιος.

173 2084 306 2110 ἀπέλυσεν
332 2084 413 2111 αὑτὸν
437 2085 465 2110 ὲν
486 2085 517 2119 τῇ
540 2084 593 2118 ἰδία
619 2084 706 2114 πόλει,
727 2083 883 2118 εὐλογηθεὶς
909 2083 955 2110 ὑπ’

173 2129 266 2161 αὐτοῦ,
283 2129 330 2156 καὶ
343 2130 417 2156 πᾶσα
431 2131 447 2164 ἡ
465 2129 624 2165 σύγκλητος.
634 2129 749 2165 Ὁμοίως
764 2130 811 2156 καὶ
819 2129 919 2161 πάντες
929 2130 954 2156 οἱ

1010 224 1063 246 tem
1096 218 1237 253 prazteriit.
1261 217 1327 244 Tum
1354 217 1522 251 imperator:
1541 217 1723 252 Amphilochi,
1743 225 1793 246 cur

1007 264 1090 291 etiam
1105 263 1246 299 imperium
1262 269 1351 290 meum
1366 261 1528 290 contumelia
1546 261 1676 289 all‘ecisti?
1696 269 1792 297 meque

1008 309 1137 342 salutans,
1145 316 1237 344 pacem
1247 307 1425 343 impertivisti,
1434 307 1517 334 lilium
1526 312 1613 334 autem
1623 315 1711 335 meum
1722 315 1791 343 pm-

1009 353 1106 381 teristi.
1122 353 1215 381 Nescis
1234 353 1292 380 fore
1312 356 1372 387 post
1399 359 1442 379 me
1467 352 1659 386 regnaturum?
1677 352 1712 379 At
1728 352 1791 379 Am-

1008 399 1157 434 philochius
1172 398 1338 433 respondens
1356 398 1394 425 ait
1409 406 1416 424 :
1433 397 1500 425 Audi
1518 405 1571 431 me,
1584 398 1684 433 optime
1709 398 1794 432 impe-

1007 450 1092 472 rator.
1118 445 1146 472 Si
1163 449 1201 477 lu.
1216 452 1364 472 conservus
1392 452 1476 476 meus,
1499 452 1543 479 qui
1568 452 1598 471 es
1622 445 1710 477 hodie,
1731 451 1791 472 cras

1007 497 1071 517 vero
1089 497 1141 517 non
1157 497 1196 521 es.
1209 497 1280 524 aegre
1293 488 1376 517 tulisti
1400 488 1523 516 allectum
1540 489 1700 516 contumelia
1716 495 1790 517 tuum

1007 535 1091 562 lilium
1114 542 1122 562 :
1152 534 1257 563 Deusne
1278 534 1339 562 coeli
1362 542 1415 561 non
1434 541 1504 569 aegre
1521 533 1601 566 leret,
1619 541 1679 562 cum
1708 535 1791 562 Filius

1007 581 1065 616 ejus
1076 580 1237 607 contumelia
1251 579 1402 606 al‘llciatur?
1413 578 1511 613 Aitque
1526 578 1690 613 imperator:
1704 579 1792 607 Senex

1007 625 1239 660 impudentissime
1253 629 1281 651 et
1304 624 1385 651 canis‘
1404 623 1454 658 (ιι),
1484 631 1532 651 cur
1556 631 1628 659 aegre
1653 623 1738 651 l'eret?
1757 624 1792 650 At

1006 671 1209 706 Amphilochius
1224 679 1232 697 :
1250 670 1356 705 Optime
1372 670 1527 705 imperator,
1542 669 1614 702 audi,
1632 676 1707 704 rogo,
1726 676 1791 703 pue-

1007 724 1066 744 rum
1090 721 1164 743 tuum
1180 725 1186 743 :
1204 723 1285 743 senex
1311 715 1418 749 quidem
1438 723 1508 748 sum,
1531 720 1639 750 propter
1662 719 1790 749 tempus:

1007 763 1149 797 impudens
1162 766 1263 794 autem,
1279 766 1388 796 propter
1401 760 1546 788 insolentes
1560 769 1568 788 :
1580 760 1654 788 cauis
1666 760 1791 794 denique.

1007 810 1077 844 quod
1097 814 1151 836 tres
1165 808 1285 835 latrones
1295 808 1398 840 videns,
1415 814 1512 841 nempe
1526 806 1698 840 Eunomium,
1711 806 1791 833 Aria—

1008 862 1072 881 num
1100 858 1127 881 et
1156 853 1351 886 Macedonium,
1379 852 1478 880 latrare
1503 860 1556 879 non
1585 853 1716 880 desinam.
1738 851 1792 878 Eos

1008 899 1137 928 Dominus
1153 898 1291 926 cxseindet
1303 906 1336 926 ex
1356 898 1452 933 popqu
1480 897 1541 929 isto,
1554 897 1624 932 quod
1650 897 1707 932 ejus
1723 897 1791 924 divi-

1008 946 1119 972 nitatem
1138 943 1277 972 aﬁ'ecerint
1301 942 1474 972 contumelia.
1493 942 1640 977 Imperator
1660 947 1749 970 autem
1764 943 1792 970 in

1008 998 1036 1018 se
1049 997 1184 1022 reversus,
1197 989 1269 1016 dixit
1287 997 1294 1016 :
1311 988 1380 1016 Vere
1398 988 1501 1015 locutus
1518 992 1558 1015 est
1578 987 1628 1014 iste
1644 995 1736 1016 senex.
1763 987 1792 1014 Si

1008 1036 1078 1063 enim
1094 1043 1142 1071 ego
1154 1042 1223 1070 σιεγε
1238 1035 1285 1061 tuli
1313 1034 1382 1068 quod
1399 1033 1467 1061 lilius
1490 1040 1564 1060 meus
1579 1033 1738 1060 contumelia
1754 1033 1794 1059 af-

1008 1080 1135 1108 ﬁceretur
1151 1088 1159 1107 :
1180 1080 1251 1106 Deus
1267 1079 1327 1106 coeli
1343 1086 1394 1106 non
1409 1085 1478 1113 aegre
1491 1077 1569 1110 l'crct,
1588 1086 1647 1105 cum
1663 1077 1721 1111 ejus
1746 1077 1793 1104 Fi-

1008 1126 1061 1153 lius
1081 1125 1243 1152 contumelia
1259 1124 1407 1151 adiciatur?
1421 1124 1502 1151 Plane
1514 1123 1610 1157 potiori
1623 1123 1685 1158 jure
1701 1123 1794 1150 adver-

1008 1179 1066 1198 sum
1096 1178 1145 1198 nos
1161 1169 1361 1197 succmsuerit.
1388 1168 1486 1203 Aitque
1512 1169 1669 1200 astantibus,
1685 1172 1713 1194 ut
1734 1167 1793 1194 illos

1012 1217 1120 1244 sedibus
1136 1217 1321 1244 deturbarent.
1344 1215 1504 1243 Assidebant
1518 1216 1588 1242 enim
1608 1219 1662 1242 tres
1680 1214 1716 1241 illi
1733 1222 1793 1249 per-

1009 1263 1118 1290 ditionis
1139 1262 1272 1297 magistri.
1288 1261 1420 1289 Clamavit
1437 1266 1525 1289 autem
1539 1260 1652 1296 populus
1675 1260 1766 1288 dicens
1783 1269 1791 1287 :

1008 1308 1101 1336 Gladio
1129 1308 1389 1335 animadvertantur.
1415 1308 1449 1334 At
1472 1307 1675 1342 Amphilochius
1699 1307 1791 1334 dixit:

1009 1354 1121 1382 Domine
1136 1354 1294 1388 imperator,
1310 1361 1343 1381 ne
1359 1354 1409 1381 hoc
1422 1353 1535 1387 iusseris
1551 1353 1607 1380 lieri
1622 1362 1629 1380 :
1651 1353 1696 1380 sed
1724 1360 1788 1387 rogo

1009 1405 1081 1427 tuam
1096 1401 1253 1435 potentiam,
1271 1405 1299 1427 ut
1318 1400 1502 1435 unusquisque
1521 1400 1655 1434 relegetur
1670 1399 1696 1426 in
1713 1406 1791 1426 Suam

1010 1446 1136 1480 patriam.
1165 1445 1371 1481 Prmeepit‘vero
1391 1446 1536 1480 imperator
1560 1449 1589 1472 ut
1603 1445 1678 1472 lleret
1697 1452 1792 1479 quem-

1009 1493 1153 1520 admodum
1192 1497 1267 1528 pater
1291 1497 1383 1520 noster
1413 1491 1618 1527 Amphilochius
1651 1496 1791 1519 statuerat.

1010 1538 1094 1567 Porro
1116 1539 1227 1574 populus
1255 1539 1381 1566 clamavit
1395 1538 1488 1566 dicens
1503 1547 1509 1564 :
1525 1539 1629 1574 Abeant
1651 1539 1677 1565 in
1703 1538 1791 1572 ignem

1009 1584 1187 1612 exteriorem.
1217 1584 1337 1617 Cumque
1348 1583 1597 1618 apprehendissent,
1608 1589 1634 1610 et
1650 1582 1793 1616 imposuis-

1007 1635 1067 1658 sent
1083 1630 1183 1665 plagas,
1206 1629 1343 1663 triumpho
1360 1629 1575 1663 circumegerunt
1594 1636 1640 1663 per
1657 1629 1791 1655 civitatem

1008 1676 1127 1703 dicentes
1141 1685 1147 1703 :
1165 1675 1200 1702 Hi
1218 1675 1316 1703 Christi
1334 1676 1420 1702 hostes
1431 1680 1500 1707 sunt,
1514 1680 1538 1702 et
1558 1673 1767 1702 Christianorum
1781 1681 1792 1701 :

1009 1721 1201 1756 impositosque
1214 1721 1239 1747 in
1255 1720 1406 1747 vehiculum
1420 1720 1472 1755 (b),
1489 1720 1649 1754 expulerunt
1669 1727 1728 1746 cum
1750 1719 1792 1746 di-

1008 1765 1116 1799 scipulis
1130 1765 1156 1792 in
1178 1772 1242 1792 suas
1256 1765 1374 1799 ipsorum
1391 1765 1553 1799 provincias.
1584 1765 1732 1799 Imperator
1746 1772 1793 1791 au-

1010 1815 1062 1838 tem
1076 1809 1246 1837 Theodosius
1274 1818 1380 1837 servum
1410 1811 1455 1838 Dei
1470 1810 1686 1845 Amphilochium
1720 1809 1791 1836 mul-

1010 1856 1044 1884 tis
1059 1857 1180 1890 peCuniis
1193 1857 1317 1884 donatum
1335 1857 1360 1883 in
1374 1856 1508 1891 propriam
1522 1856 1622 1883 dimisit
1635 1855 1789 1882 civitatem:

1008 1903 1220 1931 benedictionem
1240 1911 1299 1932 cum
1324 1908 1380 1931 toto
1399 1907 1494 1931 senatu
1509 1904 1542 1930 ab
1563 1911 1594 1930 eo
1622 1907 1791 1929 conseeutus.

1010 1948 1142 1975 Similiter
1154 1948 1237 1974 etiam
1258 1947 1376 1982 episcopi
1389 1955 1483 1974 omnes
1499 1948 1598 1975 reversi
1613 1952 1675 1974 sunt
1690 1948 1715 1973 in
1730 1954 1793 1974 suns

1009 1993 1140 2020 civitates.
1154 1993 1221 2019 Cum
1236 1998 1324 2020 autem
1337 1992 1550 2027 Amphilochius,
1568 1997 1622 2020 tres
1642 1992 1675 2019 ab
1698 1992 1793 2019 itinere

1010 2046 1094 2066 annos
1107 2038 1142 2073 (c)
1159 2039 1184 2064 in
1205 2039 1273 2065 vivis
1295 2039 1404 2073 egisset,
1418 2044 1459 2066 est
1474 2043 1501 2065 et
1528 2039 1583 2072 ipse
1608 2039 1793 2073 peregrinatus

1012 2085 1045 2110 ad
1064 2084 1206 2111 Dominum
1222 2092 1229 2110 :
1247 2084 1399 2118 gloriﬁcans
1415 2084 1519 2111 Patrem
1537 2089 1563 2110 et
1577 2084 1671 2111 Filium
1692 2089 1718 2110 et
1733 2083 1793 2118 Spi-

1013 2129 1094 2156 ritum
1106 2136 1239 2162 sanetttm,
1255 2137 1326 2157 nunc
1341 2134 1368 2157 et
1380 2137 1498 2164 semper,
1511 2134 1537 2156 et
1553 2129 1578 2156 in
1593 2129 1688 2157 swcula
1703 2137 1789 2156 saecu-

173 2175 317 2202 ἐπίσκοποι
333 2175 453 2210 ἀπῆλθον
466 2176 505 2206 είς
517 2175 567 2206 τὰς
578 2175 667 2208 πόλεις
679 2175 777 2202 αὐτῶν.
799 2176 828 2202 '0
840 2176 869 2202 δὲ
892 2176 956 2211 Ἀμ-

1013 2176 1109 2203 lorum.
1120 2176 1215 2203 Amen.

174 2221 308 2256 φιλόχιος,
333 2221 402 2255 μετὰ
424 2221 455 2248 τὸ
476 2222 610 2249 ἀπολῦσαι
625 2222 679 2249 ἀπὸ
692 2222 742 2256 τῆς
763 2220 839 2256 ὁδοῦ,
863 2221 960 2257 ἔζησεν
979 2223 1026 2258 ἐτη
1040 2226 1076 2256 γ’,
1102 2223 1150 2249 καὶ
1176 2221 1247 2248 οὕτω
1269 2221 1338 2257 πρὸς
1360 2222 1464 2258 Κύριον
1480 2222 1652 2257 ἐπεδήμησε“
1674 2221 1793 2254 δοξάζων

173 2267 218 2294 τὸν
239 2266 349 2302 Πατέρα
371 2268 418 2294 καὶ
437 2269 501 2296 Υἱὸν
521 2269 569 2295 καὶ
591 2268 668 2303 ἅγιον
692 2269 819 2304 Πνεῦμα,
842 2268 890 2295 νῦν
913 2269 959 2295 καὶ
971 2269 1023 2302 ἀεὶ,
1039 2269 1086 2296 καὶ
1102 2270 1141 2301 εις
1158 2269 1219 2300 τοὺς
1235 2268 1337 2300 αἰῶνας
1352 2268 1406 2295 τῶν
1419 2268 1533 2296 αἰώνων.
1558 2269 1651 2304 Ἀμήν.

208 2346 245 2382 (a)
265 2347 350 2374 Senex
370 2347 591 2381 impudentissime
615 2353 638 2374 et
661 2348 741 2375 ranis.
765 2347 953 2374 ’Λναιδέστατε

173 2382 259 2417 γέρων
278 2382 325 2408 καὶ
344 2382 424 2409 κύων.
451 2383 593 2410 Procaeius
609 2391 688 2416 quam
713 2390 761 2416 pro
783 2383 954 2417 imperatoris

175 2418 367 2450 "ruderatione,
384 2423 409 2443 et
425 2419 575 2444 reverentia
594 2419 659 2444 tanti
682 2418 764 2444 senis.
781 2418 854 2444 Adde
871 2418 954 2444 fuisse

174 2450 364 2487 Theodosium,
380 2460 531 2485 quanqnatn
553 2453 637 2478 \‘irutn
653 2453 849 2483 admirabilem,
868 2460 954 2487 prout-

174 2486 268 2518 ptioris
284 2486 339 2517 irae,
354 2487 424 2521 quod
436 2493 533 2520 pneter
548 2487 647 2513 cmdem
660 2487 952 2519 Thessalonicensium,

174 2521 253 2556 etiam
274 2521 371 2547 indicta
393 2522 425 2547 ab
448 2522 590 2549 AtnbroSio
614 2522 684 2548 illius
703 2524 844 2549 occasione
861 2529 952 2556 patrna,

174 2555 270 2592 innuit.
286 2556 452 2582 Sozomcuus
468 2557 505 2583 ait
523 2561 627 2583 tantum
648 2557 752 2592 iussum
774 2557 847 2584 foras
861 2555 953 2584 extur-

173 2588 230 2615 bari
249 2598 307 2615 cum
323 2591 493 2617 contumelia.

209 2624 250 2661 (b_)_
261 2623 449 2661 Impositusque
463 2627 489 2652 in
503 2626 658 2653 vehiculum.
681 2626 840 2658 Ἐπιὸἀντες
853 2627 893 2658 εἰς
905 2625 953 2661 τὴν

173 2657 342 2696 ὲπτᾴλωφον.
368 2659 582 2696 Norrhalntimus
600 2670 652 2696 quo
668 2669 726 2688 eam
749 2657 840 2689 vocem
858 2657 954 2688 melius

173 2693 347 2722 redderemus
365 2703 372 2721 :
389 2693 444 2722 ἀπὸ
455 2694 501 2721 τοῦ
516 2693 624 2732 λωφᾷνλ
646 2696 731 2724 Oncre
741 2697 819 2725 levor.
834 2696 902 2724 Num
918 2697 954 2723 sit

1008 2347 1103 2374 vitiosa
1130 2347 1250 2380 scriptio,
1276 2348 1397 2375 divinare
1422 2355 1473 2374 non
1503 2354 1654 2381 possumus.
1685 2346 1788 2373 Dicitur

1009 2382 1091 2409 Itoma
1104 2382 1254 2417 ἑπτάλοφος
1266 2383 1334 2417 apud
1343 2382 1516 2410 Plutarchum
1533 2383 1557 2408 in
1575 2381 1666 2408 l’robl.
1682 2387 1790 2417 propter

1010 2423 1110 2451 septem
1130 2415 1228 2448 colles;
1245 2415 1292 2445 sed
1309 2419 1374 2444 nihil
1389 2420 1420 2445 ad
1438 2417 1614 2452 propositum.
1629 2432 1664 2437 —-
1676 2417 1722 2447 Εἰς
1740 2415 1789 2450 τὴν

1008 2451 1244 2486 ἑπτάλωφονηιιῑο
1262 2453 1336 2479 locus
1354 2451 1483 2486 Cangium
1509 2452 1579 2478 haud
1602 2452 1666 2485 l'ugit
1690 2452 1714 2477 in
1739 2452 1791 2484 Ap-

1008 2487 1087 2520 peud.
1118 2485 1150 2513 ad
1173 2485 1335 2513 Glossarium
1353 2485 1462 2514 Gra'Eit.
1483 2494 1543 2520 pag.
1564 2487 1608 2518 75,
1631 2492 1730 2518 nosque
1750 2493 1791 2510 rc-

1009 2522 1091 2548 mittit
1107 2523 1139 2547 ad
1157 2529 1232 2548 suam
1247 2521 1501 2556 Constantinopolim
1510 2521 1608 2548 Christ.
1624 2521 1672 2548 lib.
1692 2527 1712 2551 1,
1723 2525 1788 2546 sccl.

1010 2563 1067 2588 vnt,
1084 2557 1188 2583 tametsi
1202 2557 1269 2583 nihil
1286 2558 1317 2584 ad
1334 2558 1404 2584 hunc
1421 2558 1508 2583 locum
1524 2557 1614 2582 l'acial.

1044 2592 1080 2625 (c)
1094 2591 1155 2617 Tres
1183 2592 1214 2618 ab
1231 2593 1322 2618 itinere
1346 2600 1441 2618 annos.
1462 2590 1557 2617 Plures
1573 2597 1656 2616 annos
1670 2589 1788 2625 uixisse,

1009 2623 1087 2653 docet
1102 2625 1232 2653 Baronius
1251 2634 1314 2653 ann.
1337 2626 1399 2656 594,
1416 2627 1461 2660 qui
1485 2629 1571 2659 potest
1584 2623 1705 2655 consuli;
1723 2629 1749 2649 ut
1763 2628 1790 2661 et

1009 2669 1069 2694 quae
1086 2661 1202 2688 diximus
1225 2661 1313 2688 initio.
1329 2661 1398 2687 Nihil
1423 2661 1527 2695 facilius
1543 2666 1622 2695 quam
1640 2663 1668 2686 ut
1683 2665 1789 2686 nomen

1008 2700 1143 2724 mutentur
1161 2696 1225 2724 vitio
1244 2696 1418 2731 scriptorum.
