1904 3054
109 106 142 133 27
740 105 908 134 VETERUM
926 106 1135 136 TESTIMONIA
1452 90 1459 94 ’
1693 107 1735 135 es

108 182 1717 203 amr—“mm

617 267 862 307 VETERUM
889 267 1212 307 TESTIMONIA

552 377 596 405 DE
616 379 645 407 S.
667 379 900 408 AMPHILOCHIO
918 379 1089 408 ICONIENSI
1107 379 1280 408 EPISCOPO.

902 523 926 553 Ι.

246 569 275 598 S.
290 569 422 604 BASILIUS,
437 571 484 600 lib.
499 571 536 599 De
549 571 650 608 Spiritu
663 577 767 606 sancto,
780 582 838 609 cap.
851 574 876 608 1,
894 583 955 610 pag.
971 575 998 607 1,
1009 580 1073 602 tam.
1089 575 1124 602 lll
1137 575 1232 603 nouiu.
1246 575 1309 602 edit.
1325 574 1382 602 BB.
1398 574 1487 603 Paris.
1507 574 1584 602 I730.

142 627 299 655 Collaudavi
315 627 394 662 plane
416 627 442 654 in
458 627 577 655 moribus
604 628 658 655 tuis
683 628 803 656 discendi
829 634 889 656 slu-

981 630 1116 665 Ἐπῄνεσα
1135 631 1166 657 τὺ
1193 629 1342 665 φιλομαθές
1368 639 1414 657 σου
1443 630 1490 657 καὶ
1513 630 1656 666 φιλόπονον
1678 631 1727 658 τοῦ

106 673 180 700 dium
199 677 279 707 atque
295 673 471 705 industriam;
493 680 628 707 supraque
647 674 755 701 modum
773 674 857 702 delect

985 675 1052 710 ἱπου,
1070 677 1117 703 καὶ
1131 676 1218 712 ἥσθην
1234 685 1266 710 γε
1284 676 1430 712 ὑπερφυῶς
1444 676 1483 711 τῷ
1499 676 1665 712 ἐπιστατικῷ
1680 677 1737 704 καὶ·

108 724 150 746 tus
160 726 219 746 sum
231 723 282 746 tuae
297 719 395 746 mentis
411 718 619 754 perspicacitate
635 724 716 755 atque
727 720 860 755 prudenti:

977 721 1063 757 φαλίῳ
1077 721 1128 757 τῆς
1141 721 1275 755 διανοίας,
1289 721 1323 748 δι’
1344 720 1378 757 ἧς
1392 722 1520 757 οὐδεμίαν
1538 721 1728 756 ἀδιερεύνητον

106 764 151 797 qui
167 763 307 791 arbitreris
321 763 420 790 nullam
436 770 544 798 vocem,
562 771 596 791 ex
613 764 655 792 his
669 772 729 799 quae
744 766 858 793 secundu

976 777 992 794 ;ι
1018 768 1115 804 χρῆναι
1142 767 1358 803 καταλιμπάνειν
1383 767 1491 803 φωνὴν,
1511 768 1565 794 τῶν
1583 768 1644 794 ὅσαι
1663 767 1728 803 περὶ

107 815 294 843 quemcunque
312 808 447 836 sermonis
463 816 540 836 usum
561 809 594 837 de
620 810 677 837 Deo
699 810 859 844 praedicanti:

976 814 1010 841 οὗ
1028 815 1099 841 κατὰ
1113 815 1203 840 πᾶσαν
1219 813 1314 849 χρείαν
1330 813 1378 839 τοῦ
1398 813 1478 847 λόγου
1495 813 1690 849 προφέρονται,
1706 811 1728 839 ὢ

106 858 232 886 oportere
252 853 428 881 indiscussam
455 854 623 890 relinquere,
649 863 666 883 o
690 856 801 883 charum
825 857 858 883 mi

977 858 1005 893 λη
1021 857 1137 893 κεφαλὴ,
1150 858 1197 885 καὶ¹
1208 857 1358 893 τιμιωτάτη
1373 866 1418 893 μοι
1433 857 1540 891 πασῶν,
1551 857 1648 893 emes
1664 857 1729 893 ’Δμ-

108 903 201 931 caput,
223 899 305 926 frater
329 899 518 935 Amphilochi,
535 908 616 935 quem
636 909 685 937 ego
711 909 766 936 pra:
786 902 890 930 cunctis
943 903 1057 938 φιλόχιε.

107 945 216 972 maximi
232 945 312 973 facio.

481 1004 557 1038 lusu,
572 1005 658 1040 Epist.
669 1013 817 1040 cunvul,
831 1013 889 1041 qua:
903 1010 941 1032 est
954 1004 1090 1032 Canonica
1104 1002 1127 1037 1,
1139 1003 1213 1036 ibid.,
1227 1012 1286 1039 pug.
1303 1003 1366 1031 268.

131 1050 280 1084 ,Sapientis
297 1053 463 1085 percontatio
476 1073 483 1085 ,
503 1053 583 1080 etiam
606 1053 717 1080 stultum
740 1054 883 1087 sapientem

982 1051 1071 1085 Σοφοῢ
1085 1050 1208 1086 ὲπερώτη
1213 1059 1260 1086 μα,
1277 1051 1324 1077 καὶ
1337 1050 1382 1077 τὸν
1399 1050 1511 1086 ἀνόητον
1525 1050 1629 1085 σοφίζει
1638 1057 1646 1066 ⁸
1661 1050 1730 1085 ὅπερ

107 1096 170 1123 facit
186 1108 191 1124 :
207 1098 277 1131 quod
294 1097 370 1125 nobis
394 1097 441 1124 Dei
456 1097 542 1132 gratia
562 1098 680 1131 accidit,
693 1098 798 1132 quoties
817 1098 859 1125 lab

993 1095 1040 1122 τοῦ
1063 1094 1131 1121 Θεοῦ
1148 1095 1239 1130 χάριτι
1258 1094 1399 1129 συμϐαίνει
1420 1096 1501 1130 ἡμῖν,
1516 1095 1611 1127 ὁσάκις
1630 1094 1663 1120 ἄν
1681 1102 1729 1121 σου

108 1143 185 1169 riosae
206 1147 257 1169 tum
283 1143 379 1169 anima:
402 1143 506 1169 litteras
530 1142 687 1177 accipimus.
705 1143 789 1170 Nobis
816 1143 859 1171 eni

978 1141 1082 1177 ἰώμεθα
1101 1140 1152 1175 τῆς
1166 1139 1310 1175 φιλοπόνου
1324 1140 1413 1175 ψυχῆς
1427 1140 1461 1167 τὰ
1477 1140 1629 1176 γράμματα
1642 1148 1649 1155 ·
1667 1140 1730 1166 ἐπι-

107 1186 172 1219 ipsis
187 1186 395 1220 perspicaciores
420 1187 661 1222 prudentioresque
681 1188 715 1216 ab
730 1188 786 1223 ipsa
804 1189 859 1216 inte

978 1186 1136 1222 ατικώτεροι
1151 1186 1205 1223 γὰρ
1227 1186 1331 1213 ἑαυτῶν
1355 1186 1401 1213 καὶ
1430 1186 1641 1221 ὲμφρονέπεροι
1656 1185 1730 1220 γινό-

108 1231 418 1266 rngatioueereddimur;
443 1239 475 1259 ac
498 1233 580 1259 multa
603 1233 732 1261 discimus
744 1254 752 1266 ,
767 1242 827 1268 qua:
842 1242 858 1260 n

986 1233 1015 1259 Ba.
1034 1233 1082 1259 ἀπ’
1097 1232 1182 1267 αὐτῆς
1197 1231 1247 1267 τῆς
1269 1231 1439 1267 ἐρωτήσεως,
1456 1231 1542 1258 πολλὰ
1556 1227 1593 1258 ὧν
1606 1231 1656 1258 οὐκ
1671 1231 1738 1258 ἐπιο-

108 1277 274 1311 sciebamus;
288 1277 370 1312 ﬁtque
385 1277 462 1305 nobis
479 1277 613 1312 doctrina,
633 1279 816 1314 responsionis
833 1284 859 1307 st

983 1278 1072 1314 άμεθα
1083 1298 1090 1311 ,
1105 1277 1294 1312 διδασκόμενοι
1304 1286 1311 1292 ·
1331 1277 1379 1304 καὶ
1391 1277 1495 1311 γίνεται
1509 1276 1588 1312 ἡμῶν
1606 1276 1731 1304 διδάσκα-

109 1322 192 1349 dium.
945 1324 1000 1356 λος,
1015 1324 1032 1360 ἡ
1046 1323 1110 1359 περὶ
1124 1323 1155 1350 τὸ
1168 1322 1362 1359 ἀποκρίνεσθαι
1378 1322 1506 1358 μέριμνα.

501 1378 578 1411 lout,
593 1378 677 1414 Epist.
689 1387 780 1413 cxcix,
793 1388 851 1416 quw
864 1385 901 1408 est
915 1379 1049 1408 Canonica
1063 1379 1096 1411 Il,
1108 1379 1184 1411 ibid.,
1198 1387 1260 1414 pag.
1276 1379 1338 1406 290.

144 1425 274 1453 Admirati
295 1433 400 1458 sumus,
425 1430 480 1454 tum
499 1427 619 1455 discendi
651 1432 723 1454 tuam
749 1427 822 1454 illam
851 1436 896 1456 cu-

992 1426 1204 1462 Ὲθαυμάσαμέν
1220 1435 1266 1453 σου
1280 1426 1328 1462 τὴν
1346 1426 1522 1461 φιλομάθειαν
1538 1426 1605 1461 ὁμοῦ
1619 1425 1665 1452 καὶ
1683 1425 1741 1461 τὴν.-

108 1471 262 1506 piditatem,
279 1475 335 1499 tum
364 1473 558 1506 humilitatem;
585 1473 655 1507 quod
677 1473 743 1500 velis
766 1474 860 1500 discert

979 1472 1198 1509 ηπεινοφροσύνην
1209 1480 1216 1487 ·
1231 1473 1272 1499 ὃτι
1288 1472 1334 1499 καὶ
1352 1471 1446 1507 μαθεῖν
1466 1470 1601 1506 καταδέχῃ
1623 1470 1672 1506 τὴν
1686 1470 1731 1496 τοῦ

109 1516 152 1543 cui
169 1517 204 1544 sit
219 1517 421 1546 creditusiocus
445 1519 573 1552 docendi;
594 1519 673 1554 idque
687 1526 703 1546 a
723 1519 816 1552 nobis,
831 1527 861 1555 qu

980 1518 1078 1544 ἱάσκειν
1096 1517 1172 1551 τάξιν
1187 1517 1418 1552 πεπιστευμένος,
1434 1517 1481 1543 καὶ
1503 1516 1650 1551 μανθάνειν
1667 1515 1732 1552 παρ’

110 1561 159 1589 bus
175 1561 240 1589 nihil
256 1562 343 1598 magni
360 1563 393 1590 ad
406 1563 545 1591 scientiam
557 1564 643 1591 adest.

942 1563 1032 1599 ἡμῶν,
1047 1561 1088 1595 οἷς
1105 1563 1181 1591 οὐδὲν
1199 1564 1270 1599 μέγα
1285 1563 1414 1598 πρόσεστι
1430 1562 1498 1598 πρὸς
1512 1561 1625 1597 γνῶσιν.

900 1620 946 1652 ΙΙ.

111 1667 139 1694 S.
159 1666 312 1695 Gnsconws
323 1667 516 1703 NAZIANZENUS,
534 1669 560 1695 in
573 1668 739 1698 Parzenetico
756 1671 789 1697 ad
803 1669 986 1706 Olympiadem
1003 1671 1145 1707 virginem,
1155 1679 1225 1699 vers.
1239 1671 1370 1703 100-104,
1387 1670 1457 1705 Opp.
1470 1674 1533 1697 tom.
1548 1670 1580 1702 ll,
1593 1677 1654 1704 pag.
1670 1667 1732 1695 154.

110 1715 134 1753 ᾼ-
150 1719 226 1753 patre
241 1719 392 1753 susceptam
402 1723 466 1753 quae
479 1720 505 1742 te
520 1715 646 1753 formavit
660 1715 782 1753 honestis
802 1750 808 1753 _

978 1717 986 1743 l
1002 1717 1026 1743 σ”
1040 1719 1072 1744 ὲκ
1088 1717 1192 1753 πατρὸς
1211 1717 1318 1753 ἔδεκτο,
1338 1716 1386 1742 καὶ
1400 1715 1608 1753 ἔπλασεν-ἤθεσι
1620 1713 1730 1745 κεδνοῖς,

111 1748 239 1781 Moribus,
259 1748 427 1784 Amphilochi
450 1758 528 1777 soror
543 1750 614 1776 omni
633 1750 692 1777 labe
707 1750 841 1783 carentis,

111 1785 195 1812 Quem
210 1784 284 1811 ccclis
297 1784 356 1811 misi
374 1784 487 1811 Domino
500 1792 561 1812 cum
573 1785 677 1812 virgine
688 1785 785 1812 Thecla
798 1805 806 1812 .

967 1752 1408 1812 il:’i§§3§3i“ltf§£.ﬁi‘§“8§3i
1420 1751 1568 1812 ῗέξέἰεηῖτὲ
1587 1784 1635 1811 σὺν
1654 1782 1719 1812 am

111 1785 195 1822 Quem
210 1784 284 1811 ccclis
297 1784 356 1822 misi
374 1784 487 1822 Domino
500 1792 561 1822 cum
572 1785 677 1822 virgine
688 1785 785 1812 Thecla
798 1805 806 1816 ,

988 1783 1135 1822 μφιλόχὸυ,’
1150 1783 1197 1814 τὸν
1211 1783 1516 1822 ἐπεμῷαΘεῷζ-Θέὀιλῂ
1529 1783 1568 1822 ’τε
1587 1784 1635 1811 σὺν
1654 1783 1736 1818 ἁγνῇ,

113 1818 264 1846 Praeconem
281 1819 335 1846 veri
352 1819 497 1853 celebrem,
513 1820 578 1846 mihi
591 1820 669 1847 dulce
683 1822 826 1855 decusque.

816 1833 826 1847 -.
948 1818 1086 1856 ἈῨῨελοιῖ
1100 1818 1229 1858 ἀτρεκίης
1244 1818 1369 1857 ὲριὴχέα,
1384 1818 1464 1853 Sci-150;
1483 1818 1568 1855 ἐμεῖο.

901 1868 955 1899 ΙΠ.

159 1916 188 1944 S.
204 1915 387 1950 HIERONHIUS,
402 1918 485 1953 Epist.
499 1926 562 1952 ιιι,
578 1918 614 1946 al.
625 1926 737 1952 Lnxiv,
750 1919 785 1946 ad
800 1918 927 1954 Magnum
942 1925 1083 1954 aratorem,
1100 1920 1114 1957 §
1128 1921 1154 1955 4,
1166 1920 1233 1956 Opp.
1251 1925 1314 1948 tom.
1329 1921 1350 1953 l,
1361 1928 1421 1955 pag.
1436 1918 1499 1952 ιεἰ,
1515 1918 1579 1946 edit.
1592 1916 1689 1944 Veron.

146 1973 260 2002 Exstant
274 1975 334 2002 libri
350 1985 356 2003 :
377 1975 616 2011 Cappadocumque
640 1976 751 2009 Basilii,
764 1976 885 2012 Gregorii
901 1981 928 2004 et
946 1978 1195 2014 AmphilochiLqui
1218 1986 1312 2006 omnes
1333 1978 1359 2005 in
1381 1980 1483 2004 tantum
1508 1974 1737 2010 philosophorum.

112 2020 239 2048 doctrinis
261 2026 343 2057 atque
358 2023 499 2050 sententiis
530 2030 593 2050 suos
607 2022 754 2050 refarciunt
768 2023 868 2057 libros,
884 2028 913 2050 ut
932 2026 1037 2052 nescias
1060 2025 1124 2060 quid
1142 2025 1167 2052 in
1186 2025 1238 2053 illis
1262 2026 1377 2060 primum
1395 2023 1524 2052 admirari
1546 2022 1655 2054 debeas,
1671 2029 1731 2048 eru-

113 2069 239 2096 ditionem
251 2070 352 2103 steculi,
368 2078 402 2097 an
422 2069 562 2098 scientiam
578 2069 790 2105 Scripturarum.

622 2127 698 2160 lusu,
715 2127 760 2154 lib.
775 2126 812 2153 De
827 2126 885 2154 Vir.
905 2127 1014 2160 illustr.,
1031 2135 1089 2162 cap.
1105 2134 1218 2155 εικιιιι,

149 2171 351 2208 Amphilochius
385 2172 466 2200 lconii
496 2173 654 2207 episcopus,
680 2181 765 2208 nuper
794 2174 858 2201 mihi
884 2174 980 2201 librum
1010 2173 1075 2209 legit
1093 2173 1132 2201 De
1155 2173 1254 2208 Spiritu
1290 2178 1391 2207 sancto,
1420 2173 1496 2209 quod
1517 2173 1587 2201 Deus
1610 2175 1638 2200 et
1663 2168 1730 2206 quod

114 2220 277 2254 adorandus,
291 2220 415 2256 quodque
431 2226 458 2248 et
473 2221 642 2256 omnipotens
656 2221 701 2249 sit.

616 2330 814 2365 Tucononirus,
831 2330 898 2358 llist.
914 2331 994 2363 eccl.,
1008 2331 1054 2358 lib.
1066 2338 1102 2363 iv,
1116 2337 1174 2362 cap.
1191 2329 1236 2356 Η.

149 2375 236 2404 Simili
250 2376 328 2404 modo
341 2376 546 2410 Amphilochius
559 2375 604 2404 ille
618 2376 809 2404 celeberrimus
820 2396 828 2410 ,
848 2375 893 2411 qui

987 2375 1124 2406 Ὡσαύτως
1143 2375 1172 2401 δὲ
1188 2374 1236 2401 καὶ
1252 2375 1266 2400 ό
1286 2372 1463 2409 πανεῦφημος
1482 2372 1666 2408 Ἀμφιλόχιος,
1687 2370 1737 2408 τὴν

115 2421 284 2456 metropolim
303 2422 442 2457 Lycaoniae
458 2422 586 2456 pastorali
602 2429 666 2449 cura
680 2422 822 2457 regendam
835 2429 866 2448 su

982 2420 1099 2448 Jxaévwv
1127 2419 1293 2456 μητρόπολιν
1316 2419 1408 2454 νέμειν
1434 2418 1663 2453 πεπιστευμένος,
1692 2418 1734 2444 καὶ

115 2473 222 2501 ceperat
232 2488 240 2501 ,
252 2473 279 2494 et
292 2468 443 2494 universam
457 2468 621 2502 provinciam
635 2468 803 2503 gubernabat
817 2487 824 2500 ,
837 2475 867 2494 cu

982 2475 1025 2493 ταν
1040 2465 1137 2492 ἰθύνων
1151 2464 1182 2491 τὸ
1206 2464 1291 2497 ἔθνος,
1310 2463 1501 2499 ὲπισκήψασαν
1514 2463 1611 2489 αὐτόσε
1626 2461 1675 2498 τὴν
1693 2462 1734 2488 in}:

115 2513 185 2540 hauc
201 2518 303 2546 pestem
323 2513 384 2540 illuc
395 2513 544 2547 pervasisse
562 2513 708 2546 didicisset,
728 2520 821 2541 rursus
839 2520 867 2540 ea

981 2521 1008 2547 ην
1030 2511 1131 2546 ταύτην
1154 2510 1246 2546 μαθὼν
1256 2531 1263 2544 ,
1278 2509 1441 2545 ἐξανέστησε
1465 2509 1545 2536 πάλιν
1556 2530 1562 2540 ,
1578 2509 1625 2536 καὶ
1644 2508 1677 2535 τὰ
1693 2508 1733 2534 ὑπ¹

115 2559 232 2593 depulit.
253 2564 280 2588 et
295 2567 400 2596 gregem
417 2560 467 2588 sibi
481 2560 654 2588 commissum
671 2567 703 2587 ca
722 2560 782 2587 labe
802 2559 867 2587 liber

983 2558 1035 2585 ντοῡ
1053 2558 1190 2593 νεμόμενα
1203 2557 1252 2592 τῆς
1269 2556 1359 2591 λώϐης
1372 2555 1479 2591 ἐκείνης
1494 2554 1665 2590 ἠλευθέρωσε
1679 2552 1735 2579 ποί-

117 2605 164 2632 vit.

951 2612 1023 2639 μνια.

798 2660 876 2694 locu,
889 2658 965 2692 ibid.,
980 2667 1037 2692 cap.
1051 2658 1094 2686 50.

156 2706 183 2733 In
202 2707 299 2734 Pisidia
310 2707 444 2743 Optimus,
460 2712 487 2736 et
499 2707 700 2742 Amphilochius
713 2706 739 2734 in
752 2706 898 2742 Lycaonia,

994 2705 1039 2730 'Ev
1067 2703 1175 2739 Πισιδίᾳ
1202 2703 1346 2736 Ὄπτιμος,
1369 2700 1416 2727 καὶ
1443 2699 1614 2735 Ἀμφιλόχιος
1636 2698 1665 2724 ἐν
1686 2697 1736 2724 Δυ-

119 2761 168 2788 pro
185 2754 235 2780 title
252 2761 267 2780 a
285 2754 431 2788 majoribus
447 2754 543 2781 tradita
559 2753 666 2780 fortiter
687 2757 871 2788 propugnante

983 2750 1054 2786 ιονίᾳ
1064 2770 1071 2783 ,
1087 2748 1218 2784 γενναίως
1234 2748 1303 2782 ὑπὲρ
1319 2747 1369 2782 τῆς
1385 2745 1549 2782 προγονικῆς
1569 2743 1735 2788 παραταττό-

121 2798 335 2827 advcrsariorum
351 2799 465 2834 impetus
481 2797 666 2826 rctuudcbant.

986 2803 1030 2822 ηνοι
1044 2794 1172 2827 πίστεως,
1187 2792 1235 2824 τὰς
1250 2791 1372 2824 ἐναντίας
1385 2789 1567 2825 ἀπεκρούοντο
1580 2787 1738 2824 προσϐολάς.
