  <div class='ocr_page' id='page_1' title='image "/cluster/home/n/w/nwhite01/storage/ocr_20150623/39/njp.32101010943528/020.png"; bbox 0 0 1904 3054; ppageno 0'>
   <div class='ocr_carea' id='block_1_1' title="bbox 177 111 1793 149">
    <p class='ocr_par' dir='ltr' id='par_1_1' title="bbox 177 111 1793 149">
     <span class='ocr_line' id='line_1_1' title="bbox 177 111 1793 149; baseline -0.004 -3"><span class='ocrx_word' id='word_1_1' title='bbox 177 117 215 146; x_wconf 68' lang='lat'><strong>99</strong></span> <span class='ocrx_word' id='word_1_2' title='bbox 828 114 871 141; x_wconf 87' lang='lat' dir='ltr'><strong>DE</strong></span> <span class='ocrx_word' id='word_1_3' title='bbox 889 115 919 143; x_wconf 90' lang='lat' dir='ltr'><strong>S.</strong></span> <span class='ocrx_word' id='word_1_4' title='bbox 941 111 1185 143; x_wconf 72' lang='lat' dir='ltr'><strong>AMPHILOCHIO.</strong></span> <span class='ocrx_word' id='word_1_5' title='bbox 1756 117 1793 149; x_wconf 69' lang='grc' dir='ltr'>ω</span> 
     </span>
    </p>
   </div>
   <div class='ocr_carea' id='block_1_2' title="bbox 806 169 1191 205">
    <p class='ocr_par' dir='ltr' id='par_1_2' title="bbox 806 169 1191 205">
     <span class='ocr_line' id='line_1_2' title="bbox 806 169 1191 205; baseline 0.008 -8"><span class='ocrx_word' id='word_1_6' title='bbox 806 169 882 204; x_wconf 72' lang='lat' dir='ltr'><strong>locu,</strong></span> <span class='ocrx_word' id='word_1_7' title='bbox 895 170 971 204; x_wconf 83' lang='lat' dir='ltr'><strong>ibid.,</strong></span> <span class='ocrx_word' id='word_1_8' title='bbox 982 170 1027 198; x_wconf 82' lang='lat' dir='ltr'><strong>lib.</strong></span> <span class='ocrx_word' id='word_1_9' title='bbox 1043 178 1071 204; x_wconf 87' lang='grc' dir='ltr'><strong>ν,</strong></span> <span class='ocrx_word' id='word_1_10' title='bbox 1088 177 1148 205; x_wconf 86' lang='lat' dir='ltr'><strong>cap.</strong></span> <span class='ocrx_word' id='word_1_11' title='bbox 1164 171 1191 200; x_wconf 90' lang='lat'><strong>8.</strong></span> 
     </span>
    </p>
   </div>
   <div class='ocr_carea' id='block_1_3' title="bbox 214 209 969 265">
    <p class='ocr_par' dir='ltr' id='par_1_3' title="bbox 214 228 965 265">
     <span class='ocr_line' id='line_1_3' title="bbox 214 228 965 265; baseline -0.003 -7"><span class='ocrx_word' id='word_1_12' title='bbox 214 229 305 258; x_wconf 87' lang='grc' dir='ltr'>Ἦσαν</span> <span class='ocrx_word' id='word_1_13' title='bbox 317 230 346 257; x_wconf 77' lang='grc' dir='ltr'>δὲ</span> <span class='ocrx_word' id='word_1_14' title='bbox 360 229 454 265; x_wconf 74' lang='grc' dir='ltr'>ἄνδρες</span> <span class='ocrx_word' id='word_1_15' title='bbox 467 228 635 263; x_wconf 77' lang='grc' dir='ltr'>ἀξιάγαστοι,</span> <span class='ocrx_word' id='word_1_16' title='bbox 652 229 699 256; x_wconf 74' lang='grc' dir='ltr'>καὶ</span> <span class='ocrx_word' id='word_1_17' title='bbox 712 229 793 264; x_wconf 72' lang='grc' dir='ltr'>ζήλου</span> <span class='ocrx_word' id='word_1_18' title='bbox 808 229 856 256; x_wconf 80' lang='grc' dir='ltr'>καὶ</span> <span class='ocrx_word' id='word_1_19' title='bbox 870 229 965 264; x_wconf 84' lang='grc' dir='ltr'>σοφίας</span> 
     </span>
    </p>
   </div>
   <div class='ocr_carea' id='block_1_4' title="bbox 1023 209 1792 265">
    <p class='ocr_par' dir='ltr' id='par_1_4' title="bbox 1053 228 1792 265">
     <span class='ocr_line' id='line_1_4' title="bbox 1053 228 1792 265; baseline 0.007 -9"><span class='ocrx_word' id='word_1_20' title='bbox 1053 228 1140 257; x_wconf 84' lang='lat' dir='ltr'><strong>Erant</strong></span> <span class='ocrx_word' id='word_1_21' title='bbox 1152 234 1242 257; x_wconf 85' lang='lat' dir='ltr'><strong>autem</strong></span> <span class='ocrx_word' id='word_1_22' title='bbox 1259 228 1310 257; x_wconf 84' lang='lat' dir='ltr'><strong>viri</strong></span> <span class='ocrx_word' id='word_1_23' title='bbox 1327 229 1499 258; x_wconf 77' lang='lat' dir='ltr'><strong>admirabiles</strong></span> <span class='ocrx_word' id='word_1_24' title='bbox 1512 250 1521 265; x_wconf 93' lang='lat'><strong>,</strong></span> <span class='ocrx_word' id='word_1_25' title='bbox 1535 234 1563 259; x_wconf 87' lang='lat' dir='ltr'><strong>et</strong></span> <span class='ocrx_word' id='word_1_26' title='bbox 1582 230 1640 260; x_wconf 83' lang='lat' dir='ltr'><strong>zelo</strong></span> <span class='ocrx_word' id='word_1_27' title='bbox 1659 231 1748 260; x_wconf 82' lang='lat' dir='ltr'><strong>divino</strong></span> <span class='ocrx_word' id='word_1_28' title='bbox 1761 241 1792 262; x_wconf 88' lang='lat' dir='ltr'><strong>ac</strong></span> 
     </span>
    </p>
   </div>
   <div class='ocr_carea' id='block_1_5' title="bbox 179 273 868 313">
    <p class='ocr_par' dir='ltr' id='par_1_5' title="bbox 179 273 868 313">
     <span class='ocr_line' id='line_1_5' title="bbox 179 273 868 313; baseline -0.007 -8"><span class='ocrx_word' id='word_1_29' title='bbox 179 276 323 305; x_wconf 73' lang='grc' dir='ltr'>ἀνάπλεοι·</span> <span class='ocrx_word' id='word_1_30' title='bbox 344 274 516 310; x_wconf 85' lang='grc' dir='ltr'>Ἀμφιλόχιος</span> <span class='ocrx_word' id='word_1_31' title='bbox 531 273 687 308; x_wconf 79' lang='grc' dir='ltr'><strong>Λυκαόνων,</strong></span> <span class='ocrx_word' id='word_1_32' title='bbox 703 282 731 301; x_wconf 92' lang='grc' dir='ltr'><strong>κ.</strong></span> <span class='ocrx_word' id='word_1_33' title='bbox 751 282 777 300; x_wconf 83' lang='grc' dir='ltr'><strong>τ.</strong></span> <span class='ocrx_word' id='word_1_34' title='bbox 799 273 824 300; x_wconf 89' lang='grc' dir='ltr'><strong>λ.</strong></span> <span class='ocrx_word' id='word_1_35' title='bbox 864 295 868 313; x_wconf 79' lang='lat'><strong>,_</strong></span> 
     </span>
    </p>
   </div>
   <div class='ocr_carea' id='block_1_6' title="bbox 1016 274 1792 313">
    <p class='ocr_par' dir='ltr' id='par_1_6' title="bbox 1016 274 1792 313">
     <span class='ocr_line' id='line_1_6' title="bbox 1016 274 1792 313; baseline 0.005 -12"><span class='ocrx_word' id='word_1_36' title='bbox 1016 274 1147 308; x_wconf 78' lang='lat' dir='ltr'><strong>sapientia</strong></span> <span class='ocrx_word' id='word_1_37' title='bbox 1161 274 1290 309; x_wconf 73' lang='lat' dir='ltr'><strong>singulari</strong></span> <span class='ocrx_word' id='word_1_38' title='bbox 1303 275 1406 310; x_wconf 78' lang='lat' dir='ltr'><strong>praediti</strong></span> <span class='ocrx_word' id='word_1_39' title='bbox 1418 283 1427 303; x_wconf 87' lang='lat'><strong>:</strong></span> <span class='ocrx_word' id='word_1_40' title='bbox 1439 276 1641 311; x_wconf 86' lang='lat' dir='ltr'><strong>Amphilochius</strong></span> <span class='ocrx_word' id='word_1_41' title='bbox 1651 276 1792 313; x_wconf 63' lang='lat' dir='ltr'><strong>Lycaoniae</strong></span> 
     </span>
    </p>
   </div>
   <div class='ocr_carea' id='block_1_7' title="bbox 1015 320 1196 348">
    <p class='ocr_par' dir='ltr' id='par_1_7' title="bbox 1015 320 1196 348">
     <span class='ocr_line' id='line_1_7' title="bbox 1015 320 1196 348; baseline 0.006 -2"><span class='ocrx_word' id='word_1_42' title='bbox 1015 320 1127 348; x_wconf 73' lang='lat' dir='ltr'><strong>antistes</strong></span> <span class='ocrx_word' id='word_1_43' title='bbox 1143 325 1196 348; x_wconf 91' lang='lat' dir='ltr'><strong>etc.</strong></span> 
     </span>
    </p>
   </div>
   <div class='ocr_carea' id='block_1_8' title="bbox 830 361 1124 398">
    <p class='ocr_par' dir='ltr' id='par_1_8' title="bbox 830 361 1124 398">
     <span class='ocr_line' id='line_1_8' title="bbox 830 361 1124 398; baseline 0.017 -11"><span class='ocrx_word' id='word_1_44' title='bbox 830 361 906 392; x_wconf 74' lang='lat' dir='ltr'><strong>lor-zu,</strong></span> <span class='ocrx_word' id='word_1_45' title='bbox 919 361 995 394; x_wconf 78' lang='lat' dir='ltr'><strong>ibid.,</strong></span> <span class='ocrx_word' id='word_1_46' title='bbox 1010 371 1067 398; x_wconf 81' lang='lat' dir='ltr'><strong>cap.</strong></span> <span class='ocrx_word' id='word_1_47' title='bbox 1081 364 1124 392; x_wconf 88' lang='lat' dir='ltr'><strong>l6.</strong></span> 
     </span>
    </p>
   </div>
   <div class='ocr_carea' id='block_1_9' title="bbox 215 408 963 446">
    <p class='ocr_par' dir='ltr' id='par_1_9' title="bbox 215 408 963 446">
     <span class='ocr_line' id='line_1_9' title="bbox 215 408 963 446; baseline -0.007 -6"><span class='ocrx_word' id='word_1_48' title='bbox 215 412 292 440; x_wconf 73' lang='grc' dir='ltr'>Μετὰ</span> <span class='ocrx_word' id='word_1_49' title='bbox 303 411 332 438; x_wconf 75' lang='grc' dir='ltr'>δὲ</span> <span class='ocrx_word' id='word_1_50' title='bbox 344 410 394 446; x_wconf 79' lang='grc' dir='ltr'>τὴν</span> <span class='ocrx_word' id='word_1_51' title='bbox 407 409 511 437; x_wconf 77' lang='grc' dir='ltr'>ἐκεῖθεν</span> <span class='ocrx_word' id='word_1_52' title='bbox 521 409 659 442; x_wconf 74' lang='grc' dir='ltr'>ἐπάνοδον,</span> <span class='ocrx_word' id='word_1_53' title='bbox 675 409 787 444; x_wconf 83' lang='grc' dir='ltr'>ἀφίκετο</span> <span class='ocrx_word' id='word_1_54' title='bbox 802 408 852 444; x_wconf 76' lang='grc' dir='ltr'>μὲν</span> <span class='ocrx_word' id='word_1_55' title='bbox 870 408 963 443; x_wconf 69' lang='grc' dir='ltr'>Ἄμφι-</span> 
     </span>
    </p>
   </div>
   <div class='ocr_carea' id='block_1_10' title="bbox 180 453 964 493">
    <p class='ocr_par' dir='ltr' id='par_1_10' title="bbox 180 453 964 493">
     <span class='ocr_line' id='line_1_10' title="bbox 180 453 964 493; baseline -0.006 -8"><span class='ocrx_word' id='word_1_56' title='bbox 180 458 268 493; x_wconf 82' lang='grc' dir='ltr'>λόχιος</span> <span class='ocrx_word' id='word_1_57' title='bbox 282 458 296 484; x_wconf 84' lang='grc' dir='ltr'>ὁ</span> <span class='ocrx_word' id='word_1_58' title='bbox 313 456 477 492; x_wconf 78' lang='grc' dir='ltr'><strong>θαυμάσιος,</strong></span> <span class='ocrx_word' id='word_1_59' title='bbox 493 453 523 483; x_wconf 79' lang='grc' dir='ltr'><strong>οὗ</strong></span> <span class='ocrx_word' id='word_1_60' title='bbox 541 455 672 487; x_wconf 82' lang='grc' dir='ltr'><strong>πολλάκις</strong></span> <span class='ocrx_word' id='word_1_61' title='bbox 693 454 840 490; x_wconf 76' lang='grc' dir='ltr'>ἐμνήσθην,</span> <span class='ocrx_word' id='word_1_62' title='bbox 858 454 964 481; x_wconf 77' lang='grc' dir='ltr'>ἀντιϐο-</span> 
     </span>
    </p>
   </div>
   <div class='ocr_carea' id='block_1_11' title="bbox 181 498 964 536">
    <p class='ocr_par' dir='ltr' id='par_1_11' title="bbox 181 498 964 536">
     <span class='ocr_line' id='line_1_11' title="bbox 181 498 964 536; baseline -0.004 -8"><span class='ocrx_word' id='word_1_63' title='bbox 181 501 235 528; x_wconf 84' lang='grc' dir='ltr'>λῶν</span> <span class='ocrx_word' id='word_1_64' title='bbox 252 501 313 533; x_wconf 75' lang='grc' dir='ltr'>τοὺς</span> <span class='ocrx_word' id='word_1_65' title='bbox 330 501 384 527; x_wconf 83' lang='grc' dir='ltr'>τῶν</span> <span class='ocrx_word' id='word_1_66' title='bbox 406 499 553 536; x_wconf 82' lang='grc' dir='ltr'>Ἀρειανῶν</span> <span class='ocrx_word' id='word_1_67' title='bbox 569 501 601 526; x_wconf 84' lang='grc' dir='ltr'>ὲκ</span> <span class='ocrx_word' id='word_1_68' title='bbox 612 499 665 526; x_wconf 83' lang='grc' dir='ltr'>τῶν</span> <span class='ocrx_word' id='word_1_69' title='bbox 686 499 791 526; x_wconf 84' lang='grc' dir='ltr'>πόλεων</span> <span class='ocrx_word' id='word_1_70' title='bbox 804 498 964 534; x_wconf 76' lang='grc' dir='ltr'>ἐξελαθῆναι</span> 
     </span>
    </p>
   </div>
   <div class='ocr_carea' id='block_1_12' title="bbox 181 545 965 581">
    <p class='ocr_par' dir='ltr' id='par_1_12' title="bbox 181 545 965 581">
     <span class='ocr_line' id='line_1_12' title="bbox 181 545 965 581; baseline -0.001 -8"><span class='ocrx_word' id='word_1_71' title='bbox 181 546 336 580; x_wconf 82' lang='grc' dir='ltr'>συλλόγους.</span> <span class='ocrx_word' id='word_1_72' title='bbox 370 546 399 573; x_wconf 91' lang='lat'><strong>&#39;0</strong></span> <span class='ocrx_word' id='word_1_73' title='bbox 417 546 446 572; x_wconf 76' lang='grc' dir='ltr'>δὲ</span> <span class='ocrx_word' id='word_1_74' title='bbox 465 546 590 581; x_wconf 81' lang='grc' dir='ltr'>βασιλεὺς</span> <span class='ocrx_word' id='word_1_75' title='bbox 614 546 802 581; x_wconf 82' lang='grc' dir='ltr'>ἀπηνεστέραν</span> <span class='ocrx_word' id='word_1_76' title='bbox 822 545 965 573; x_wconf 77' lang='grc' dir='ltr'>ὑπολαϐὼν</span> 
     </span>
    </p>
   </div>
   <div class='ocr_carea' id='block_1_13' title="bbox 179 590 988 627">
    <p class='ocr_par' dir='ltr' id='par_1_13' title="bbox 179 590 988 627">
     <span class='ocr_line' id='line_1_13' title="bbox 179 590 988 627; baseline 0 -9"><span class='ocrx_word' id='word_1_77' title='bbox 179 592 229 627; x_wconf 81' lang='grc' dir='ltr'>τὴν</span> <span class='ocrx_word' id='word_1_78' title='bbox 246 591 370 627; x_wconf 76' lang='grc' dir='ltr'>αἴτησιν,</span> <span class='ocrx_word' id='word_1_79' title='bbox 387 592 436 619; x_wconf 84' lang='grc' dir='ltr'>οὒκ</span> <span class='ocrx_word' id='word_1_80' title='bbox 456 591 574 623; x_wconf 77' lang='grc' dir='ltr'>ἐδέξατο.</span> <span class='ocrx_word' id='word_1_81' title='bbox 596 591 625 618; x_wconf 88' lang='lat'><strong>&#39;0</strong></span> <span class='ocrx_word' id='word_1_82' title='bbox 641 591 669 618; x_wconf 84' lang='grc' dir='ltr'>δὲ</span> <span class='ocrx_word' id='word_1_83' title='bbox 686 590 840 626; x_wconf 81' lang='grc' dir='ltr'>σοφώτατος</span> <span class='ocrx_word' id='word_1_84' title='bbox 869 591 965 627; x_wconf 85' lang='grc' dir='ltr'>Ἀμφι-</span> <span class='ocrx_word' id='word_1_85' title='bbox 977 613 988 618; x_wconf 80' lang='lat'><strong>-</strong></span> 
     </span>
    </p>
   </div>
   <div class='ocr_carea' id='block_1_14' title="bbox 180 637 966 674">
    <p class='ocr_par' dir='ltr' id='par_1_14' title="bbox 180 637 966 674">
     <span class='ocr_line' id='line_1_14' title="bbox 180 637 966 674; baseline 0 -10"><span class='ocrx_word' id='word_1_86' title='bbox 180 638 267 673; x_wconf 84' lang='grc' dir='ltr'>λόχιος</span> <span class='ocrx_word' id='word_1_87' title='bbox 280 637 437 674; x_wconf 77' lang='grc' dir='ltr'>παραυτίκα</span> <span class='ocrx_word' id='word_1_88' title='bbox 454 638 578 672; x_wconf 81' lang='grc' dir='ltr'>σιγήσας,</span> <span class='ocrx_word' id='word_1_89' title='bbox 595 637 704 673; x_wconf 86' lang='grc' dir='ltr'>μνήμης</span> <span class='ocrx_word' id='word_1_90' title='bbox 717 637 793 669; x_wconf 81' lang='grc' dir='ltr'>ἀξίαν</span> <span class='ocrx_word' id='word_1_91' title='bbox 806 637 899 673; x_wconf 81' lang='grc' dir='ltr'>ὲξεῦρε</span> <span class='ocrx_word' id='word_1_92' title='bbox 914 646 966 673; x_wconf 84' lang='grc' dir='ltr'>μη-</span> 
     </span>
    </p>
   </div>
   <div class='ocr_carea' id='block_1_15' title="bbox 180 680 964 720">
    <p class='ocr_par' dir='ltr' id='par_1_15' title="bbox 180 680 964 720">
     <span class='ocr_line' id='line_1_15' title="bbox 180 680 964 720; baseline 0 -9"><span class='ocrx_word' id='word_1_93' title='bbox 180 684 274 720; x_wconf 80' lang='grc' dir='ltr'>χανήν.</span> <span class='ocrx_word' id='word_1_94' title='bbox 299 683 372 710; x_wconf 84' lang='grc' dir='ltr'><strong>Εἵσω</strong></span> <span class='ocrx_word' id='word_1_95' title='bbox 391 683 447 719; x_wconf 87' lang='grc' dir='ltr'><strong>γὰρ</strong></span> <span class='ocrx_word' id='word_1_96' title='bbox 469 680 547 714; x_wconf 82' lang='grc' dir='ltr'>αὖθις</span> <span class='ocrx_word' id='word_1_97' title='bbox 568 682 622 709; x_wconf 85' lang='grc' dir='ltr'>τῶν</span> <span class='ocrx_word' id='word_1_98' title='bbox 640 682 782 718; x_wconf 84' lang='grc' dir='ltr'>βασιλείων</span> <span class='ocrx_word' id='word_1_99' title='bbox 809 683 964 718; x_wconf 75' lang='grc' dir='ltr'>γενόμενος,</span> 
     </span>
    </p>
   </div>
   <div class='ocr_carea' id='block_1_16' title="bbox 181 727 966 764">
    <p class='ocr_par' dir='ltr' id='par_1_16' title="bbox 181 727 966 764">
     <span class='ocr_line' id='line_1_16' title="bbox 181 727 966 764; baseline -0.001 -8"><span class='ocrx_word' id='word_1_100' title='bbox 181 730 230 756; x_wconf 82' lang='grc' dir='ltr'>καὶ</span> <span class='ocrx_word' id='word_1_101' title='bbox 241 728 405 764; x_wconf 81' lang='grc' dir='ltr'><strong>παρεστῶτα</strong></span> <span class='ocrx_word' id='word_1_102' title='bbox 414 727 454 763; x_wconf 84' lang='grc' dir='ltr'>τῷ</span> <span class='ocrx_word' id='word_1_103' title='bbox 467 727 571 762; x_wconf 85' lang='grc' dir='ltr'>βασιλεῖ</span> <span class='ocrx_word' id='word_1_104' title='bbox 581 727 627 754; x_wconf 81' lang='grc' dir='ltr'>τὸν</span> <span class='ocrx_word' id='word_1_105' title='bbox 639 727 697 754; x_wconf 84' lang='grc' dir='ltr'>υἱὸν</span> <span class='ocrx_word' id='word_1_106' title='bbox 715 728 856 764; x_wconf 80' lang='grc' dir='ltr'>Ἀρκάδιον</span> <span class='ocrx_word' id='word_1_107' title='bbox 870 728 966 756; x_wconf 81' lang='grc' dir='ltr'>θεασά-</span> 
     </span>
    </p>
   </div>
   <div class='ocr_carea' id='block_1_17' title="bbox 182 769 965 810">
    <p class='ocr_par' dir='ltr' id='par_1_17' title="bbox 182 769 965 810">
     <span class='ocr_line' id='line_1_17' title="bbox 182 769 965 810; baseline 0.001 -10"><span class='ocrx_word' id='word_1_108' title='bbox 182 783 261 810; x_wconf 82' lang='grc' dir='ltr'>μενος</span> <span class='ocrx_word' id='word_1_109' title='bbox 281 774 387 810; x_wconf 73' lang='grc' dir='ltr'>(νεωστὶ</span> <span class='ocrx_word' id='word_1_110' title='bbox 399 774 428 801; x_wconf 81' lang='grc' dir='ltr'>δὲ</span> <span class='ocrx_word' id='word_1_111' title='bbox 441 769 517 805; x_wconf 76' lang='grc' dir='ltr'>οὗτος</span> <span class='ocrx_word' id='word_1_112' title='bbox 529 773 732 810; x_wconf 79' lang='grc' dir='ltr'><strong>κεχειροτόνητο</strong></span> <span class='ocrx_word' id='word_1_113' title='bbox 751 774 899 809; x_wconf 80' lang='grc' dir='ltr'>βασιλεὺς),</span> <span class='ocrx_word' id='word_1_114' title='bbox 915 775 965 802; x_wconf 67' lang='lat' dir='ltr'><strong>af:—</strong></span> 
     </span>
    </p>
   </div>
   <div class='ocr_carea' id='block_1_18' title="bbox 180 820 966 857">
    <p class='ocr_par' dir='ltr' id='par_1_18' title="bbox 180 820 966 857">
     <span class='ocr_line' id='line_1_18' title="bbox 180 820 966 857; baseline 0.001 -10"><span class='ocrx_word' id='word_1_115' title='bbox 180 821 226 847; x_wconf 81' lang='grc' dir='ltr'>τὸν</span> <span class='ocrx_word' id='word_1_116' title='bbox 248 821 296 855; x_wconf 90' lang='grc' dir='ltr'>μὲν</span> <span class='ocrx_word' id='word_1_117' title='bbox 312 820 455 855; x_wconf 75' lang='grc' dir='ltr'>ἠσπάσατο</span> <span class='ocrx_word' id='word_1_118' title='bbox 470 820 591 855; x_wconf 79' lang='grc' dir='ltr'>συνήθως</span> <span class='ocrx_word' id='word_1_119' title='bbox 610 821 655 848; x_wconf 80' lang='grc' dir='ltr'><strong>τὸν</strong></span> <span class='ocrx_word' id='word_1_120' title='bbox 671 821 794 856; x_wconf 83' lang='grc' dir='ltr'>βασιλέα,</span> <span class='ocrx_word' id='word_1_121' title='bbox 813 821 966 857; x_wconf 79' lang='grc' dir='ltr'>ἀγέραστον</span> 
     </span>
    </p>
   </div>
   <div class='ocr_carea' id='block_1_19' title="bbox 180 867 967 903">
    <p class='ocr_par' dir='ltr' id='par_1_19' title="bbox 180 867 967 903">
     <span class='ocr_line' id='line_1_19' title="bbox 180 867 967 903; baseline 0 -9"><span class='ocrx_word' id='word_1_122' title='bbox 180 869 210 895; x_wconf 77' lang='grc' dir='ltr'>δὲ</span> <span class='ocrx_word' id='word_1_123' title='bbox 226 868 353 895; x_wconf 82' lang='grc' dir='ltr'>κατέλιπε</span> <span class='ocrx_word' id='word_1_124' title='bbox 365 867 410 894; x_wconf 82' lang='grc' dir='ltr'>τὸν</span> <span class='ocrx_word' id='word_1_125' title='bbox 423 867 527 895; x_wconf 81' lang='grc' dir='ltr'>υἱόν,¹0</span> <span class='ocrx_word' id='word_1_126' title='bbox 539 867 566 894; x_wconf 83' lang='grc' dir='ltr'>δὲ</span> <span class='ocrx_word' id='word_1_127' title='bbox 579 867 714 902; x_wconf 84' lang='grc' dir='ltr'>βασιλεὺς,</span> <span class='ocrx_word' id='word_1_128' title='bbox 733 867 911 903; x_wconf 82' lang='grc' dir='ltr'>ὲπιλησθῆναι</span> <span class='ocrx_word' id='word_1_129' title='bbox 924 876 967 894; x_wconf 82' lang='grc' dir='ltr'>νο-</span> 
     </span>
    </p>
   </div>
   <div class='ocr_carea' id='block_1_20' title="bbox 182 912 967 948">
    <p class='ocr_par' dir='ltr' id='par_1_20' title="bbox 182 912 967 948">
     <span class='ocr_line' id='line_1_20' title="bbox 182 912 967 948; baseline -0.001 -8"><span class='ocrx_word' id='word_1_130' title='bbox 182 913 264 948; x_wconf 81' lang='grc' dir='ltr'>μίσας</span> <span class='ocrx_word' id='word_1_131' title='bbox 271 913 316 940; x_wconf 80' lang='grc' dir='ltr'>τὸν</span> <span class='ocrx_word' id='word_1_132' title='bbox 333 912 515 948; x_wconf 82' lang='grc' dir='ltr'>Ἀμφιλόχιον,</span> <span class='ocrx_word' id='word_1_133' title='bbox 530 912 688 948; x_wconf 81' lang='grc' dir='ltr'>προσελθεῖν</span> <span class='ocrx_word' id='word_1_134' title='bbox 700 912 746 939; x_wconf 74' lang='grc' dir='ltr'>καὶ</span> <span class='ocrx_word' id='word_1_135' title='bbox 758 912 868 947; x_wconf 86' lang='grc' dir='ltr'>φιλῆσαι</span> <span class='ocrx_word' id='word_1_136' title='bbox 885 921 967 948; x_wconf 85' lang='grc' dir='ltr'>προσ-</span> 
     </span>
    </p>
   </div>
   <div class='ocr_carea' id='block_1_21' title="bbox 181 956 966 993">
    <p class='ocr_par' dir='ltr' id='par_1_21' title="bbox 181 956 966 993">
     <span class='ocr_line' id='line_1_21' title="bbox 181 956 966 993; baseline -0.001 -9"><span class='ocrx_word' id='word_1_137' title='bbox 181 958 259 991; x_wconf 80' lang='grc' dir='ltr'>έταξε</span> <span class='ocrx_word' id='word_1_138' title='bbox 273 958 319 985; x_wconf 75' lang='grc' dir='ltr'>τὸν</span> <span class='ocrx_word' id='word_1_139' title='bbox 332 958 401 984; x_wconf 75' lang='grc' dir='ltr'>υἱόν.</span> <span class='ocrx_word' id='word_1_140' title='bbox 421 958 452 984; x_wconf 84' lang='lat'><strong>&#39;0</strong></span> <span class='ocrx_word' id='word_1_141' title='bbox 463 957 492 984; x_wconf 83' lang='grc' dir='ltr'>δὲ</span> <span class='ocrx_word' id='word_1_142' title='bbox 505 958 659 993; x_wconf 82' lang='grc' dir='ltr'>ἀποχρῆναι</span> <span class='ocrx_word' id='word_1_143' title='bbox 673 957 724 993; x_wconf 73' lang='grc' dir='ltr'>ἔφη</span> <span class='ocrx_word' id='word_1_144' title='bbox 740 957 790 992; x_wconf 81' lang='grc' dir='ltr'>τὴν</span> <span class='ocrx_word' id='word_1_145' title='bbox 802 956 876 992; x_wconf 76' lang='grc' dir='ltr'><strong>αὑτῷ</strong></span> <span class='ocrx_word' id='word_1_146' title='bbox 901 957 966 992; x_wconf 87' lang='grc' dir='ltr'>παρ’</span> 
     </span>
    </p>
   </div>
   <div class='ocr_carea' id='block_1_22' title="bbox 180 1003 967 1039">
    <p class='ocr_par' dir='ltr' id='par_1_22' title="bbox 180 1003 967 1039">
     <span class='ocr_line' id='line_1_22' title="bbox 180 1003 967 1039; baseline -0.001 -9"><span class='ocrx_word' id='word_1_147' title='bbox 180 1003 266 1031; x_wconf 75' lang='grc' dir='ltr'>αὐτοῦ</span> <span class='ocrx_word' id='word_1_148' title='bbox 283 1003 506 1039; x_wconf 82' lang='grc' dir='ltr'>προσενεχθεῖσαν</span> <span class='ocrx_word' id='word_1_149' title='bbox 526 1004 619 1038; x_wconf 86' lang='grc' dir='ltr'>τιμήν.</span> <span class='ocrx_word' id='word_1_150' title='bbox 641 1003 669 1030; x_wconf 85' lang='grc'><strong>’0</strong></span> <span class='ocrx_word' id='word_1_151' title='bbox 685 1003 713 1030; x_wconf 80' lang='grc' dir='ltr'>δὲ</span> <span class='ocrx_word' id='word_1_152' title='bbox 729 1003 905 1038; x_wconf 80' lang='grc' dir='ltr'>δυσχεράνας,</span> <span class='ocrx_word' id='word_1_153' title='bbox 926 1003 967 1029; x_wconf 82' lang='lat' dir='ltr'><strong>ol-</strong></span> 
     </span>
    </p>
   </div>
   <div class='ocr_carea' id='block_1_23' title="bbox 1049 412 1796 450">
    <p class='ocr_par' dir='ltr' id='par_1_23' title="bbox 1049 412 1796 450">
     <span class='ocr_line' id='line_1_23' title="bbox 1049 412 1796 450; baseline 0.003 -10"><span class='ocrx_word' id='word_1_154' title='bbox 1049 412 1113 441; x_wconf 85' lang='lat' dir='ltr'><strong>Post</strong></span> <span class='ocrx_word' id='word_1_155' title='bbox 1126 413 1291 449; x_wconf 76' lang='lat' dir='ltr'><strong>(Theodosii)</strong></span> <span class='ocrx_word' id='word_1_156' title='bbox 1304 413 1376 442; x_wconf 91' lang='lat' dir='ltr'><strong>illinc</strong></span> <span class='ocrx_word' id='word_1_157' title='bbox 1390 414 1516 447; x_wconf 83' lang='lat' dir='ltr'><strong>reditum,</strong></span> <span class='ocrx_word' id='word_1_158' title='bbox 1528 415 1731 450; x_wconf 80' lang='lat' dir='ltr'><strong>Amphilochius</strong></span> <span class='ocrx_word' id='word_1_159' title='bbox 1748 414 1796 442; x_wconf 90' lang='lat' dir='ltr'><strong>ille</strong></span> 
     </span>
    </p>
   </div>
   <div class='ocr_carea' id='block_1_24' title="bbox 1014 458 1792 493">
    <p class='ocr_par' dir='ltr' id='par_1_24' title="bbox 1014 458 1792 493">
     <span class='ocr_line' id='line_1_24' title="bbox 1014 458 1792 493; baseline 0.001 -9"><span class='ocrx_word' id='word_1_160' title='bbox 1014 458 1178 486; x_wconf 84' lang='lat' dir='ltr'><strong>admirabilis</strong></span> <span class='ocrx_word' id='word_1_161' title='bbox 1194 458 1270 492; x_wconf 88' lang='lat' dir='ltr'><strong>cujus</strong></span> <span class='ocrx_word' id='word_1_162' title='bbox 1283 459 1379 493; x_wconf 62' lang='lat' dir='ltr'><strong>saepius</strong></span> <span class='ocrx_word' id='word_1_163' title='bbox 1392 467 1408 486; x_wconf 88' lang='lat' dir='ltr'><strong>a</strong></span> <span class='ocrx_word' id='word_1_164' title='bbox 1421 467 1465 487; x_wconf 91' lang='lat' dir='ltr'><strong>me</strong></span> <span class='ocrx_word' id='word_1_165' title='bbox 1476 459 1532 493; x_wconf 89' lang='lat' dir='ltr'><strong>jam</strong></span> <span class='ocrx_word' id='word_1_166' title='bbox 1546 460 1614 487; x_wconf 80' lang='lat' dir='ltr'><strong>facta</strong></span> <span class='ocrx_word' id='word_1_167' title='bbox 1628 464 1668 486; x_wconf 79' lang='lat' dir='ltr'><strong>est</strong></span> <span class='ocrx_word' id='word_1_168' title='bbox 1681 460 1792 490; x_wconf 89' lang='lat' dir='ltr'><strong>mentio,</strong></span> 
     </span>
    </p>
   </div>
   <div class='ocr_carea' id='block_1_25' title="bbox 1016 503 1795 538">
    <p class='ocr_par' dir='ltr' id='par_1_25' title="bbox 1016 503 1795 538">
     <span class='ocr_line' id='line_1_25' title="bbox 1016 503 1795 538; baseline 0.001 -8"><span class='ocrx_word' id='word_1_169' title='bbox 1016 503 1133 531; x_wconf 87' lang='lat' dir='ltr'><strong>accessit</strong></span> <span class='ocrx_word' id='word_1_170' title='bbox 1147 508 1272 532; x_wconf 89' lang='lat' dir='ltr'><strong>oraturus</strong></span> <span class='ocrx_word' id='word_1_171' title='bbox 1286 504 1485 538; x_wconf 85' lang='lat' dir='ltr'><strong>imperatorem,</strong></span> <span class='ocrx_word' id='word_1_172' title='bbox 1502 505 1540 531; x_wconf 94' lang='lat' dir='ltr'><strong>uti</strong></span> <span class='ocrx_word' id='word_1_173' title='bbox 1552 512 1584 531; x_wconf 82' lang='lat' dir='ltr'><strong>ex</strong></span> <span class='ocrx_word' id='word_1_174' title='bbox 1599 505 1708 532; x_wconf 88' lang='lat' dir='ltr'><strong>urbibus</strong></span> <span class='ocrx_word' id='word_1_175' title='bbox 1715 505 1795 531; x_wconf 87' lang='lat' dir='ltr'><strong>Aria-</strong></span> 
     </span>
    </p>
   </div>
   <div class='ocr_carea' id='block_1_26' title="bbox 1015 549 1795 584">
    <p class='ocr_par' dir='ltr' id='par_1_26' title="bbox 1015 549 1795 584">
     <span class='ocr_line' id='line_1_26' title="bbox 1015 549 1795 584; baseline 0.001 -9"><span class='ocrx_word' id='word_1_176' title='bbox 1015 556 1109 576; x_wconf 91' lang='lat' dir='ltr'><strong>norum</strong></span> <span class='ocrx_word' id='word_1_177' title='bbox 1133 554 1280 577; x_wconf 83' lang='lat' dir='ltr'><strong>conventus</strong></span> <span class='ocrx_word' id='word_1_178' title='bbox 1293 549 1391 583; x_wconf 86' lang='lat' dir='ltr'><strong>ejiciat.</strong></span> <span class='ocrx_word' id='word_1_179' title='bbox 1404 551 1439 577; x_wconf 91' lang='lat' dir='ltr'><strong>At</strong></span> <span class='ocrx_word' id='word_1_180' title='bbox 1462 551 1618 584; x_wconf 84' lang='lat' dir='ltr'><strong>imperator,</strong></span> <span class='ocrx_word' id='word_1_181' title='bbox 1639 549 1795 584; x_wconf 88' lang='lat' dir='ltr'><strong>postulatio-</strong></span> 
     </span>
    </p>
   </div>
   <div class='ocr_carea' id='block_1_27' title="bbox 1015 593 1793 628">
    <p class='ocr_par' dir='ltr' id='par_1_27' title="bbox 1015 593 1793 628">
     <span class='ocr_line' id='line_1_27' title="bbox 1015 593 1793 628; baseline 0 -6"><span class='ocrx_word' id='word_1_182' title='bbox 1015 601 1076 622; x_wconf 88' lang='lat' dir='ltr'><strong>nem</strong></span> <span class='ocrx_word' id='word_1_183' title='bbox 1094 593 1165 621; x_wconf 84' lang='lat' dir='ltr'><strong>illam</strong></span> <span class='ocrx_word' id='word_1_184' title='bbox 1178 594 1258 621; x_wconf 84' lang='lat' dir='ltr'><strong>nimis</strong></span> <span class='ocrx_word' id='word_1_185' title='bbox 1269 600 1391 622; x_wconf 87' lang='lat' dir='ltr'><strong>severam</strong></span> <span class='ocrx_word' id='word_1_186' title='bbox 1405 600 1431 622; x_wconf 91' lang='lat' dir='ltr'><strong>et</strong></span> <span class='ocrx_word' id='word_1_187' title='bbox 1443 595 1616 621; x_wconf 83' lang='lat' dir='ltr'><strong>inhumanam</strong></span> <span class='ocrx_word' id='word_1_188' title='bbox 1629 595 1774 622; x_wconf 88' lang='lat' dir='ltr'><strong>arbitratus</strong></span> <span class='ocrx_word' id='word_1_189' title='bbox 1785 615 1793 628; x_wconf 95' lang='lat'><strong>,</strong></span> 
     </span>
    </p>
   </div>
   <div class='ocr_carea' id='block_1_28' title="bbox 1016 639 1795 675">
    <p class='ocr_par' dir='ltr' id='par_1_28' title="bbox 1016 639 1795 675">
     <span class='ocr_line' id='line_1_28' title="bbox 1016 639 1795 675; baseline 0.001 -9"><span class='ocrx_word' id='word_1_190' title='bbox 1016 639 1112 674; x_wconf 82' lang='lat' dir='ltr'><strong>rejicit.</strong></span> <span class='ocrx_word' id='word_1_191' title='bbox 1143 639 1363 674; x_wconf 87' lang='lat' dir='ltr'><strong>Sapientissimus</strong></span> <span class='ocrx_word' id='word_1_192' title='bbox 1381 640 1464 675; x_wconf 76' lang='lat' dir='ltr'><strong>igitur</strong></span> <span class='ocrx_word' id='word_1_193' title='bbox 1487 639 1692 674; x_wconf 90' lang='lat' dir='ltr'><strong>Atnphilochius</strong></span> <span class='ocrx_word' id='word_1_194' title='bbox 1710 647 1739 667; x_wconf 89' lang='lat' dir='ltr'><strong>re</strong></span> <span class='ocrx_word' id='word_1_195' title='bbox 1761 641 1795 667; x_wconf 89' lang='lat' dir='ltr'><strong>ad</strong></span> 
     </span>
    </p>
   </div>
   <div class='ocr_carea' id='block_1_29' title="bbox 1017 686 1796 721">
    <p class='ocr_par' dir='ltr' id='par_1_29' title="bbox 1017 686 1796 721">
     <span class='ocr_line' id='line_1_29' title="bbox 1017 686 1796 721; baseline -0.001 -9"><span class='ocrx_word' id='word_1_196' title='bbox 1017 690 1120 720; x_wconf 83' lang='lat' dir='ltr'><strong>tempus</strong></span> <span class='ocrx_word' id='word_1_197' title='bbox 1134 686 1233 719; x_wconf 84' lang='lat' dir='ltr'><strong>tacita,</strong></span> <span class='ocrx_word' id='word_1_198' title='bbox 1254 686 1333 713; x_wconf 86' lang='lat' dir='ltr'><strong>aliam</strong></span> <span class='ocrx_word' id='word_1_199' title='bbox 1351 686 1482 713; x_wconf 85' lang='lat' dir='ltr'><strong>rationem</strong></span> <span class='ocrx_word' id='word_1_200' title='bbox 1504 687 1537 713; x_wconf 93' lang='lat' dir='ltr'><strong>ad</strong></span> <span class='ocrx_word' id='word_1_201' title='bbox 1561 686 1587 713; x_wconf 93' lang='lat' dir='ltr'><strong>id</strong></span> <span class='ocrx_word' id='word_1_202' title='bbox 1604 687 1674 721; x_wconf 89' lang='lat' dir='ltr'><strong>quod</strong></span> <span class='ocrx_word' id='word_1_203' title='bbox 1691 686 1796 713; x_wconf 70' lang='lat' dir='ltr'><strong>volebat</strong></span> 
     </span>
    </p>
   </div>
   <div class='ocr_carea' id='block_1_30' title="bbox 1015 731 1797 766">
    <p class='ocr_par' dir='ltr' id='par_1_30' title="bbox 1015 731 1797 766">
     <span class='ocr_line' id='line_1_30' title="bbox 1015 731 1797 766; baseline -0.003 -8"><span class='ocrx_word' id='word_1_204' title='bbox 1015 731 1189 759; x_wconf 87' lang='lat' dir='ltr'><strong>obtinendum</strong></span> <span class='ocrx_word' id='word_1_205' title='bbox 1199 751 1207 764; x_wconf 93' lang='lat'><strong>,</strong></span> <span class='ocrx_word' id='word_1_206' title='bbox 1223 739 1336 766; x_wconf 85' lang='lat' dir='ltr'><strong>eamque</strong></span> <span class='ocrx_word' id='word_1_207' title='bbox 1353 731 1431 766; x_wconf 83' lang='lat' dir='ltr'><strong>plane</strong></span> <span class='ocrx_word' id='word_1_208' title='bbox 1447 731 1648 759; x_wconf 88' lang='lat' dir='ltr'><strong>memorabilem</strong></span> <span class='ocrx_word' id='word_1_209' title='bbox 1663 731 1797 765; x_wconf 79' lang='lat' dir='ltr'><strong>excogita-</strong></span> 
     </span>
    </p>
   </div>
   <div class='ocr_carea' id='block_1_31' title="bbox 1016 776 1798 812">
    <p class='ocr_par' dir='ltr' id='par_1_31' title="bbox 1016 776 1798 812">
     <span class='ocr_line' id='line_1_31' title="bbox 1016 776 1798 812; baseline -0.001 -9"><span class='ocrx_word' id='word_1_210' title='bbox 1016 777 1065 804; x_wconf 84' lang='lat' dir='ltr'><strong>vit.</strong></span> <span class='ocrx_word' id='word_1_211' title='bbox 1082 777 1220 812; x_wconf 80' lang='lat' dir='ltr'><strong>ingressus</strong></span> <span class='ocrx_word' id='word_1_212' title='bbox 1235 778 1307 804; x_wconf 91' lang='lat' dir='ltr'><strong>enlm</strong></span> <span class='ocrx_word' id='word_1_213' title='bbox 1324 777 1410 805; x_wconf 89' lang='lat' dir='ltr'><strong>denuo</strong></span> <span class='ocrx_word' id='word_1_214' title='bbox 1426 777 1453 804; x_wconf 94' lang='lat' dir='ltr'><strong>in</strong></span> <span class='ocrx_word' id='word_1_215' title='bbox 1472 777 1611 812; x_wconf 81' lang='lat' dir='ltr'><strong>palatium,</strong></span> <span class='ocrx_word' id='word_1_216' title='bbox 1623 784 1683 804; x_wconf 88' lang='lat' dir='ltr'><strong>eum</strong></span> <span class='ocrx_word' id='word_1_217' title='bbox 1695 776 1798 803; x_wconf 83' lang='lat' dir='ltr'><strong>videret</strong></span> 
     </span>
    </p>
   </div>
   <div class='ocr_carea' id='block_1_32' title="bbox 1017 821 1797 857">
    <p class='ocr_par' dir='ltr' id='par_1_32' title="bbox 1017 821 1797 857">
     <span class='ocr_line' id='line_1_32' title="bbox 1017 821 1797 857; baseline -0.003 -8"><span class='ocrx_word' id='word_1_218' title='bbox 1017 826 1148 849; x_wconf 81' lang='lat' dir='ltr'><strong>astantem</strong></span> <span class='ocrx_word' id='word_1_219' title='bbox 1187 822 1343 857; x_wconf 86' lang='lat' dir='ltr'><strong>imperatori</strong></span> <span class='ocrx_word' id='word_1_220' title='bbox 1367 822 1450 850; x_wconf 81' lang='lat' dir='ltr'><strong>lilium</strong></span> <span class='ocrx_word' id='word_1_221' title='bbox 1473 830 1552 850; x_wconf 91' lang='lat' dir='ltr'><strong>suum</strong></span> <span class='ocrx_word' id='word_1_222' title='bbox 1570 822 1714 850; x_wconf 87' lang='lat' dir='ltr'><strong>Arcadium</strong></span> <span class='ocrx_word' id='word_1_223' title='bbox 1728 842 1735 854; x_wconf 90' lang='lat'><strong>,</strong></span> <span class='ocrx_word' id='word_1_224' title='bbox 1752 821 1797 856; x_wconf 91' lang='lat' dir='ltr'><strong>qui</strong></span> 
     </span>
    </p>
   </div>
   <div class='ocr_carea' id='block_1_33' title="bbox 1017 867 1798 902">
    <p class='ocr_par' dir='ltr' id='par_1_33' title="bbox 1017 867 1798 902">
     <span class='ocr_line' id='line_1_33' title="bbox 1017 867 1798 902; baseline 0.001 -9"><span class='ocrx_word' id='word_1_225' title='bbox 1017 874 1100 901; x_wconf 84' lang='lat' dir='ltr'><strong>nuper</strong></span> <span class='ocrx_word' id='word_1_226' title='bbox 1120 867 1255 902; x_wconf 78' lang='lat' dir='ltr'><strong>Augustus</strong></span> <span class='ocrx_word' id='word_1_227' title='bbox 1278 867 1446 895; x_wconf 86' lang='lat' dir='ltr'><strong>renuntiatus</strong></span> <span class='ocrx_word' id='word_1_228' title='bbox 1462 867 1561 901; x_wconf 80' lang='lat' dir='ltr'><strong>fuerat,</strong></span> <span class='ocrx_word' id='word_1_229' title='bbox 1578 868 1664 902; x_wconf 91' lang='lat' dir='ltr'><strong>ipsum</strong></span> <span class='ocrx_word' id='word_1_230' title='bbox 1680 868 1798 901; x_wconf 89' lang='lat' dir='ltr'><strong>impera-</strong></span> 
     </span>
    </p>
   </div>
   <div class='ocr_carea' id='block_1_34' title="bbox 1018 911 1789 948">
    <p class='ocr_par' dir='ltr' id='par_1_34' title="bbox 1018 911 1789 948">
     <span class='ocr_line' id='line_1_34' title="bbox 1018 911 1789 948; baseline 0.001 -10"><span class='ocrx_word' id='word_1_231' title='bbox 1018 916 1102 938; x_wconf 86' lang='lat' dir='ltr'><strong>torem</strong></span> <span class='ocrx_word' id='word_1_232' title='bbox 1112 911 1290 940; x_wconf 87' lang='lat' dir='ltr'><strong>Theodosium</strong></span> <span class='ocrx_word' id='word_1_233' title='bbox 1303 911 1382 940; x_wconf 87' lang='lat' dir='ltr'><strong>solito</strong></span> <span class='ocrx_word' id='word_1_234' title='bbox 1394 920 1467 940; x_wconf 88' lang='lat' dir='ltr'><strong>more</strong></span> <span class='ocrx_word' id='word_1_235' title='bbox 1475 913 1599 940; x_wconf 84' lang='lat' dir='ltr'><strong>salutavit</strong></span> <span class='ocrx_word' id='word_1_236' title='bbox 1613 913 1658 940; x_wconf 89' lang='lat' dir='ltr'><strong>ille</strong></span> <span class='ocrx_word' id='word_1_237' title='bbox 1671 914 1789 948; x_wconf 84' lang='lat' dir='ltr'><strong>quidem,</strong></span> 
     </span>
    </p>
   </div>
   <div class='ocr_carea' id='block_1_35' title="bbox 1017 956 1798 992">
    <p class='ocr_par' dir='ltr' id='par_1_35' title="bbox 1017 956 1798 992">
     <span class='ocr_line' id='line_1_35' title="bbox 1017 956 1798 992; baseline 0 -8"><span class='ocrx_word' id='word_1_238' title='bbox 1017 957 1063 984; x_wconf 87' lang='lat' dir='ltr'><strong>sed</strong></span> <span class='ocrx_word' id='word_1_239' title='bbox 1078 956 1160 983; x_wconf 87' lang='lat' dir='ltr'><strong>lilium</strong></span> <span class='ocrx_word' id='word_1_240' title='bbox 1177 958 1233 984; x_wconf 89' lang='lat' dir='ltr'><strong>sine</strong></span> <span class='ocrx_word' id='word_1_241' title='bbox 1244 958 1346 985; x_wconf 87' lang='lat' dir='ltr'><strong>honore</strong></span> <span class='ocrx_word' id='word_1_242' title='bbox 1359 957 1470 985; x_wconf 88' lang='lat' dir='ltr'><strong>dimisit.</strong></span> <span class='ocrx_word' id='word_1_243' title='bbox 1484 958 1630 992; x_wconf 90' lang='lat' dir='ltr'><strong>Imperator</strong></span> <span class='ocrx_word' id='word_1_244' title='bbox 1644 964 1742 991; x_wconf 88' lang='lat' dir='ltr'><strong>autem,</strong></span> <span class='ocrx_word' id='word_1_245' title='bbox 1755 966 1798 984; x_wconf 87' lang='lat' dir='ltr'><strong>ra-</strong></span> 
     </span>
    </p>
   </div>
   <div class='ocr_carea' id='block_1_36' title="bbox 1019 1002 1798 1038">
    <p class='ocr_par' dir='ltr' id='par_1_36' title="bbox 1019 1002 1798 1038">
     <span class='ocr_line' id='line_1_36' title="bbox 1019 1002 1798 1038; baseline 0 -9"><span class='ocrx_word' id='word_1_246' title='bbox 1019 1006 1062 1030; x_wconf 90' lang='lat' dir='ltr'><strong>tus</strong></span> <span class='ocrx_word' id='word_1_247' title='bbox 1076 1002 1291 1036; x_wconf 84' lang='lat' dir='ltr'><strong>Amphilochium</strong></span> <span class='ocrx_word' id='word_1_248' title='bbox 1313 1003 1425 1030; x_wconf 91' lang='lat' dir='ltr'><strong>oblitum</strong></span> <span class='ocrx_word' id='word_1_249' title='bbox 1447 1003 1548 1036; x_wconf 82' lang='lat' dir='ltr'><strong>ollicii,</strong></span> <span class='ocrx_word' id='word_1_250' title='bbox 1569 1003 1645 1038; x_wconf 85' lang='lat' dir='ltr'><strong>jubet</strong></span> <span class='ocrx_word' id='word_1_251' title='bbox 1667 1005 1701 1031; x_wconf 89' lang='lat' dir='ltr'><strong>ad</strong></span> <span class='ocrx_word' id='word_1_252' title='bbox 1715 1004 1798 1030; x_wconf 85' lang='lat' dir='ltr'><strong>lilium</strong></span> 
     </span>
    </p>
   </div>
   <div class='ocr_carea' id='block_1_37' title="bbox 183 1047 969 1085">
    <p class='ocr_par' dir='ltr' id='par_1_37' title="bbox 183 1047 965 1083">
     <span class='ocr_line' id='line_1_37' title="bbox 183 1047 965 1083; baseline -0.001 -7"><span class='ocrx_word' id='word_1_253' title='bbox 183 1050 260 1076; x_wconf 81' lang='grc' dir='ltr'>κείαν</span> <span class='ocrx_word' id='word_1_254' title='bbox 289 1048 380 1075; x_wconf 80' lang='grc' dir='ltr'>ἐκάλει</span> <span class='ocrx_word' id='word_1_255' title='bbox 406 1047 549 1083; x_wconf 82' lang='grc' dir='ltr'>παροινίαν</span> <span class='ocrx_word' id='word_1_256' title='bbox 571 1047 621 1083; x_wconf 86' lang='grc' dir='ltr'>τὴν</span> <span class='ocrx_word' id='word_1_257' title='bbox 645 1047 691 1075; x_wconf 82' lang='grc' dir='ltr'>τοῦ</span> <span class='ocrx_word' id='word_1_258' title='bbox 722 1048 816 1078; x_wconf 79' lang='grc' dir='ltr'>παιδὸς</span> <span class='ocrx_word' id='word_1_259' title='bbox 843 1047 965 1082; x_wconf 82' lang='grc' dir='ltr'>ἀτιμίαν.</span> 
     </span>
    </p>
   </div>
   <div class='ocr_carea' id='block_1_38' title="bbox 1023 1047 1800 1085">
    <p class='ocr_par' dir='ltr' id='par_1_38' title="bbox 1023 1049 1800 1085">
     <span class='ocr_line' id='line_1_38' title="bbox 1023 1049 1800 1085; baseline 0.001 -9"><span class='ocrx_word' id='word_1_260' title='bbox 1023 1050 1162 1082; x_wconf 74' lang='lat' dir='ltr'><strong>accedere,</strong></span> <span class='ocrx_word' id='word_1_261' title='bbox 1181 1056 1296 1083; x_wconf 88' lang='lat' dir='ltr'><strong>eumque</strong></span> <span class='ocrx_word' id='word_1_262' title='bbox 1315 1049 1442 1077; x_wconf 87' lang='lat' dir='ltr'><strong>osculari.</strong></span> <span class='ocrx_word' id='word_1_263' title='bbox 1469 1050 1505 1077; x_wconf 89' lang='lat' dir='ltr'><strong>At</strong></span> <span class='ocrx_word' id='word_1_264' title='bbox 1528 1050 1734 1085; x_wconf 85' lang='lat' dir='ltr'><strong>Amphilochius</strong></span> <span class='ocrx_word' id='word_1_265' title='bbox 1758 1057 1800 1077; x_wconf 88' lang='lat' dir='ltr'><strong>re-</strong></span> 
     </span>
    </p>
   </div>
   <div class='ocr_carea' id='block_1_39' title="bbox 181 1092 966 1130">
    <p class='ocr_par' dir='ltr' id='par_1_39' title="bbox 181 1092 966 1130">
     <span class='ocr_line' id='line_1_39' title="bbox 181 1092 966 1130; baseline -0.003 -9"><span class='ocrx_word' id='word_1_266' title='bbox 181 1094 340 1130; x_wconf 83' lang='grc' dir='ltr'>Τηνικαῦτα</span> <span class='ocrx_word' id='word_1_267' title='bbox 362 1093 452 1120; x_wconf 83' lang='grc' dir='ltr'>λοιπὸν</span> <span class='ocrx_word' id='word_1_268' title='bbox 473 1095 487 1120; x_wconf 82' lang='grc' dir='ltr'>ὁ</span> <span class='ocrx_word' id='word_1_269' title='bbox 508 1092 660 1127; x_wconf 79' lang='grc' dir='ltr'>σοφώτατος</span> <span class='ocrx_word' id='word_1_270' title='bbox 689 1093 860 1128; x_wconf 83' lang='grc' dir='ltr'>Ἀμφιλόχιος</span> <span class='ocrx_word' id='word_1_271' title='bbox 883 1094 966 1120; x_wconf 79' lang='grc' dir='ltr'>ἐκχα-</span> 
     </span>
    </p>
   </div>
   <div class='ocr_carea' id='block_1_40' title="bbox 181 1137 966 1174">
    <p class='ocr_par' dir='ltr' id='par_1_40' title="bbox 181 1137 966 1174">
     <span class='ocr_line' id='line_1_40' title="bbox 181 1137 966 1174; baseline -0.004 -8"><span class='ocrx_word' id='word_1_272' title='bbox 181 1139 275 1167; x_wconf 85' lang='grc' dir='ltr'>λύπτει</span> <span class='ocrx_word' id='word_1_273' title='bbox 292 1139 337 1166; x_wconf 79' lang='grc' dir='ltr'>τὸν</span> <span class='ocrx_word' id='word_1_274' title='bbox 353 1139 399 1166; x_wconf 81' lang='grc' dir='ltr'>τοῦ</span> <span class='ocrx_word' id='word_1_275' title='bbox 412 1138 595 1174; x_wconf 83' lang='grc' dir='ltr'>γεγενημένου</span> <span class='ocrx_word' id='word_1_276' title='bbox 614 1138 725 1170; x_wconf 80' lang='grc' dir='ltr'>σκοπὸν,</span> <span class='ocrx_word' id='word_1_277' title='bbox 743 1137 791 1164; x_wconf 77' lang='grc' dir='ltr'>καὶ</span> <span class='ocrx_word' id='word_1_278' title='bbox 810 1137 878 1173; x_wconf 80' lang='grc' dir='ltr'>βοῶν</span> <span class='ocrx_word' id='word_1_279' title='bbox 894 1138 945 1174; x_wconf 75' lang='grc' dir='ltr'>ἔφη</span> <span class='ocrx_word' id='word_1_280' title='bbox 958 1147 966 1154; x_wconf 74' lang='grc' dir='ltr'><em>υ</em></span> 
     </span>
    </p>
   </div>
   <div class='ocr_carea' id='block_1_41' title="bbox 187 1181 968 1221">
    <p class='ocr_par' dir='ltr' id='par_1_41' title="bbox 187 1181 968 1221">
     <span class='ocr_line' id='line_1_41' title="bbox 187 1181 968 1221; baseline -0.004 -9"><span class='ocrx_word' id='word_1_281' title='bbox 187 1184 276 1221; x_wconf 76' lang='grc' dir='ltr'>Ὁρᾷς,</span> <span class='ocrx_word' id='word_1_282' title='bbox 285 1181 307 1211; x_wconf 79' lang='grc' dir='ltr'><strong>ὦ</strong></span> <span class='ocrx_word' id='word_1_283' title='bbox 318 1183 438 1219; x_wconf 77' lang='grc' dir='ltr'>βασιλεῦ,</span> <span class='ocrx_word' id='word_1_284' title='bbox 451 1184 525 1215; x_wconf 84' lang='grc' dir='ltr'>ὅπως</span> <span class='ocrx_word' id='word_1_285' title='bbox 537 1184 567 1209; x_wconf 79' lang='grc' dir='ltr'>οὺ</span> <span class='ocrx_word' id='word_1_286' title='bbox 577 1182 668 1219; x_wconf 79' lang='grc' dir='ltr'>φέρεις</span> <span class='ocrx_word' id='word_1_287' title='bbox 681 1183 730 1218; x_wconf 87' lang='grc' dir='ltr'>τὴν</span> <span class='ocrx_word' id='word_1_288' title='bbox 743 1183 789 1210; x_wconf 79' lang='grc' dir='ltr'><strong>τοῦ</strong></span> <span class='ocrx_word' id='word_1_289' title='bbox 802 1183 897 1215; x_wconf 80' lang='grc' dir='ltr'>παιδὸς</span> <span class='ocrx_word' id='word_1_290' title='bbox 909 1184 968 1210; x_wconf 81' lang='grc' dir='ltr'>ἀτι-</span> 
     </span>
    </p>
   </div>
   <div class='ocr_carea' id='block_1_42' title="bbox 184 1228 968 1267">
    <p class='ocr_par' dir='ltr' id='par_1_42' title="bbox 184 1228 968 1267">
     <span class='ocr_line' id='line_1_42' title="bbox 184 1228 968 1267; baseline -0.004 -10"><span class='ocrx_word' id='word_1_291' title='bbox 184 1230 261 1267; x_wconf 85' lang='grc' dir='ltr'>μίαν,</span> <span class='ocrx_word' id='word_1_292' title='bbox 277 1230 345 1256; x_wconf 81' lang='grc' dir='ltr'>ὰλλὰ</span> <span class='ocrx_word' id='word_1_293' title='bbox 366 1231 423 1261; x_wconf 86' lang='grc' dir='ltr'>τοῖς</span> <span class='ocrx_word' id='word_1_294' title='bbox 439 1230 480 1261; x_wconf 70' lang='grc' dir='ltr'><strong>εἰς</strong></span> <span class='ocrx_word' id='word_1_295' title='bbox 496 1228 589 1255; x_wconf 82' lang='grc' dir='ltr'>τοῦτον</span> <span class='ocrx_word' id='word_1_296' title='bbox 614 1228 773 1263; x_wconf 75' lang='grc' dir='ltr'>παροινοῦσι</span> <span class='ocrx_word' id='word_1_297' title='bbox 795 1228 968 1263; x_wconf 81' lang='grc' dir='ltr'>χαλεπαίνεις</span> 
     </span>
    </p>
   </div>
   <div class='ocr_carea' id='block_1_43' title="bbox 183 1272 969 1312">
    <p class='ocr_par' dir='ltr' id='par_1_43' title="bbox 183 1272 969 1312">
     <span class='ocr_line' id='line_1_43' title="bbox 183 1272 969 1312; baseline -0.003 -10"><span class='ocrx_word' id='word_1_298' title='bbox 183 1275 303 1312; x_wconf 84' lang='grc' dir='ltr'>πικρῶς;</span> <span class='ocrx_word' id='word_1_299' title='bbox 324 1275 471 1302; x_wconf 81' lang='grc' dir='ltr'>Πίστευσον</span> <span class='ocrx_word' id='word_1_300' title='bbox 486 1274 517 1310; x_wconf 86' lang='grc' dir='ltr'>δὴ</span> <span class='ocrx_word' id='word_1_301' title='bbox 534 1272 591 1307; x_wconf 71' lang='grc' dir='ltr'>οὖν,</span> <span class='ocrx_word' id='word_1_302' title='bbox 609 1275 654 1300; x_wconf 75' lang='grc' dir='ltr'>καὶ</span> <span class='ocrx_word' id='word_1_303' title='bbox 671 1273 724 1301; x_wconf 81' lang='grc' dir='ltr'><strong>τῶν</strong></span> <span class='ocrx_word' id='word_1_304' title='bbox 737 1274 805 1300; x_wconf 82' lang='grc' dir='ltr'>ὅλων</span> <span class='ocrx_word' id='word_1_305' title='bbox 824 1274 890 1301; x_wconf 84' lang='grc' dir='ltr'>Θεὸν</span> <span class='ocrx_word' id='word_1_306' title='bbox 906 1274 969 1306; x_wconf 78' lang='grc' dir='ltr'>τοὺς</span> 
     </span>
    </p>
   </div>
   <div class='ocr_carea' id='block_1_44' title="bbox 183 1319 968 1356">
    <p class='ocr_par' dir='ltr' id='par_1_44' title="bbox 183 1319 968 1356">
     <span class='ocr_line' id='line_1_44' title="bbox 183 1319 968 1356; baseline -0.004 -7"><span class='ocrx_word' id='word_1_307' title='bbox 183 1322 228 1349; x_wconf 80' lang='grc' dir='ltr'>τὸν</span> <span class='ocrx_word' id='word_1_308' title='bbox 242 1323 306 1349; x_wconf 85' lang='grc' dir='ltr'>Υἱδν</span> <span class='ocrx_word' id='word_1_309' title='bbox 319 1321 402 1348; x_wconf 80' lang='grc' dir='ltr'>αὑτοῦ</span> <span class='ocrx_word' id='word_1_310' title='bbox 415 1321 460 1348; x_wconf 82' lang='grc' dir='ltr'>τὸν</span> <span class='ocrx_word' id='word_1_311' title='bbox 478 1320 608 1356; x_wconf 81' lang='grc' dir='ltr'>μονογενῆ</span> <span class='ocrx_word' id='word_1_312' title='bbox 626 1319 851 1356; x_wconf 74' lang='grc' dir='ltr'>βλασφημοῦντας</span> <span class='ocrx_word' id='word_1_313' title='bbox 860 1319 968 1355; x_wconf 80' lang='grc' dir='ltr'>βδελύτ-</span> 
     </span>
    </p>
   </div>
   <div class='ocr_carea' id='block_1_45' title="bbox 183 1364 969 1402">
    <p class='ocr_par' dir='ltr' id='par_1_45' title="bbox 183 1364 969 1402">
     <span class='ocr_line' id='line_1_45' title="bbox 183 1364 969 1402; baseline -0.005 -7"><span class='ocrx_word' id='word_1_314' title='bbox 183 1368 286 1400; x_wconf 85' lang='grc' dir='ltr'>τεσθαι,</span> <span class='ocrx_word' id='word_1_315' title='bbox 311 1368 359 1394; x_wconf 78' lang='grc' dir='ltr'>καὶ</span> <span class='ocrx_word' id='word_1_316' title='bbox 385 1367 423 1398; x_wconf 80' lang='grc' dir='ltr'><strong>ὡς</strong></span> <span class='ocrx_word' id='word_1_317' title='bbox 449 1366 612 1402; x_wconf 81' lang='grc' dir='ltr'>ἀχαρίστους</span> <span class='ocrx_word' id='word_1_318' title='bbox 630 1365 694 1401; x_wconf 71' lang='grc' dir='ltr'>περὶ</span> <span class='ocrx_word' id='word_1_319' title='bbox 718 1365 764 1392; x_wconf 81' lang='grc' dir='ltr'><strong>τὸν</strong></span> <span class='ocrx_word' id='word_1_320' title='bbox 787 1365 900 1400; x_wconf 84' lang='grc' dir='ltr'>Σωτῆρα</span> <span class='ocrx_word' id='word_1_321' title='bbox 922 1364 969 1391; x_wconf 73' lang='grc' dir='ltr'><strong>καὶ</strong></span> 
     </span>
    </p>
   </div>
   <div class='ocr_carea' id='block_1_46' title="bbox 184 1410 968 1449">
    <p class='ocr_par' dir='ltr' id='par_1_46' title="bbox 184 1410 968 1449">
     <span class='ocr_line' id='line_1_46' title="bbox 184 1410 968 1449; baseline -0.005 -9"><span class='ocrx_word' id='word_1_322' title='bbox 184 1413 330 1449; x_wconf 83' lang='grc' dir='ltr'>εὐεργέτην</span> <span class='ocrx_word' id='word_1_323' title='bbox 345 1412 543 1448; x_wconf 79' lang='grc' dir='ltr'>γεγενημένους</span> <span class='ocrx_word' id='word_1_324' title='bbox 563 1412 661 1446; x_wconf 77' lang='grc' dir='ltr'>μισεῖν.</span> <span class='ocrx_word' id='word_1_325' title='bbox 683 1410 760 1437; x_wconf 79' lang='grc' dir='ltr'>Οὕτω</span> <span class='ocrx_word' id='word_1_326' title='bbox 782 1411 870 1442; x_wconf 74' lang='grc' dir='ltr'>συνεὶς</span> <span class='ocrx_word' id='word_1_327' title='bbox 887 1411 901 1437; x_wconf 82' lang='grc' dir='ltr'>ὁ</span> <span class='ocrx_word' id='word_1_328' title='bbox 919 1410 968 1446; x_wconf 87' lang='grc' dir='ltr'><strong>βα-</strong></span> 
     </span>
    </p>
   </div>
   <div class='ocr_carea' id='block_1_47' title="bbox 186 1457 968 1493">
    <p class='ocr_par' dir='ltr' id='par_1_47' title="bbox 186 1457 968 1493">
     <span class='ocr_line' id='line_1_47' title="bbox 186 1457 968 1493; baseline -0.003 -8"><span class='ocrx_word' id='word_1_329' title='bbox 186 1459 286 1490; x_wconf 83' lang='grc' dir='ltr'>σιλεὺς,</span> <span class='ocrx_word' id='word_1_330' title='bbox 300 1458 347 1485; x_wconf 74' lang='grc' dir='ltr'>καὶ</span> <span class='ocrx_word' id='word_1_331' title='bbox 361 1458 396 1485; x_wconf 85' lang='grc' dir='ltr'>τά</span> <span class='ocrx_word' id='word_1_332' title='bbox 411 1466 440 1484; x_wconf 88' lang='grc' dir='ltr'><strong>τε</strong></span> <span class='ocrx_word' id='word_1_333' title='bbox 457 1457 649 1493; x_wconf 82' lang='grc' dir='ltr'>πεπραγμένα,</span> <span class='ocrx_word' id='word_1_334' title='bbox 661 1457 697 1484; x_wconf 83' lang='grc' dir='ltr'>τά</span> <span class='ocrx_word' id='word_1_335' title='bbox 709 1465 739 1483; x_wconf 81' lang='grc' dir='ltr'><strong>τε</strong></span> <span class='ocrx_word' id='word_1_336' title='bbox 758 1457 889 1493; x_wconf 75' lang='grc' dir='ltr'>εἰρημένα</span> <span class='ocrx_word' id='word_1_337' title='bbox 904 1457 968 1484; x_wconf 82' lang='grc' dir='ltr'>θαυ-</span> 
     </span>
    </p>
   </div>
   <div class='ocr_carea' id='block_1_48' title="bbox 187 1503 968 1541">
    <p class='ocr_par' dir='ltr' id='par_1_48' title="bbox 187 1503 968 1541">
     <span class='ocr_line' id='line_1_48' title="bbox 187 1503 968 1541; baseline -0.001 -10"><span class='ocrx_word' id='word_1_338' title='bbox 187 1505 287 1541; x_wconf 82' lang='grc' dir='ltr'>μάσας,</span> <span class='ocrx_word' id='word_1_339' title='bbox 301 1504 382 1539; x_wconf 84' lang='grc' dir='ltr'>νόμον</span> <span class='ocrx_word' id='word_1_340' title='bbox 397 1503 477 1535; x_wconf 78' lang='grc' dir='ltr'>εὐθὺς</span> <span class='ocrx_word' id='word_1_341' title='bbox 488 1503 592 1538; x_wconf 62' lang='grc' dir='ltr'>ἔγραψε</span> <span class='ocrx_word' id='word_1_342' title='bbox 601 1503 664 1535; x_wconf 83' lang='grc' dir='ltr'>τοὺς</span> <span class='ocrx_word' id='word_1_343' title='bbox 676 1503 731 1530; x_wconf 86' lang='grc' dir='ltr'>τῶν</span> <span class='ocrx_word' id='word_1_344' title='bbox 748 1503 893 1539; x_wconf 77' lang='grc' dir='ltr'>αἱρετικῶν</span> <span class='ocrx_word' id='word_1_345' title='bbox 910 1503 968 1530; x_wconf 84' lang='grc' dir='ltr'>συλ-</span> 
     </span>
    </p>
   </div>
   <div class='ocr_carea' id='block_1_49' title="bbox 186 1550 445 1585">
    <p class='ocr_par' dir='ltr' id='par_1_49' title="bbox 186 1550 445 1585">
     <span class='ocr_line' id='line_1_49' title="bbox 186 1550 445 1585; baseline -0.004 -8"><span class='ocrx_word' id='word_1_346' title='bbox 186 1551 280 1585; x_wconf 80' lang='grc' dir='ltr'>λόγους</span> <span class='ocrx_word' id='word_1_347' title='bbox 298 1550 445 1577; x_wconf 86' lang='grc' dir='ltr'>κωλύοντα.</span> 
     </span>
    </p>
   </div>
   <div class='ocr_carea' id='block_1_50' title="bbox 1018 1094 1798 1129">
    <p class='ocr_par' dir='ltr' id='par_1_50' title="bbox 1018 1094 1798 1129">
     <span class='ocr_line' id='line_1_50' title="bbox 1018 1094 1798 1129; baseline 0 -7"><span class='ocrx_word' id='word_1_348' title='bbox 1018 1095 1144 1128; x_wconf 87' lang='lat' dir='ltr'><strong>spondit:</strong></span> <span class='ocrx_word' id='word_1_349' title='bbox 1161 1094 1232 1121; x_wconf 84' lang='lat' dir='ltr'><strong>Satis</strong></span> <span class='ocrx_word' id='word_1_350' title='bbox 1246 1101 1306 1122; x_wconf 90' lang='lat' dir='ltr'><strong>esse</strong></span> <span class='ocrx_word' id='word_1_351' title='bbox 1323 1095 1394 1129; x_wconf 90' lang='lat' dir='ltr'><strong>quod</strong></span> <span class='ocrx_word' id='word_1_352' title='bbox 1411 1096 1437 1122; x_wconf 92' lang='lat' dir='ltr'><strong>ei</strong></span> <span class='ocrx_word' id='word_1_353' title='bbox 1451 1095 1581 1123; x_wconf 87' lang='lat' dir='ltr'><strong>honorem</strong></span> <span class='ocrx_word' id='word_1_354' title='bbox 1595 1096 1728 1123; x_wconf 90' lang='lat' dir='ltr'><strong>habuerit.</strong></span> <span class='ocrx_word' id='word_1_355' title='bbox 1744 1096 1798 1123; x_wconf 91' lang='lat' dir='ltr'><strong>Ita-</strong></span> 
     </span>
    </p>
   </div>
   <div class='ocr_carea' id='block_1_51' title="bbox 1017 1139 1800 1176">
    <p class='ocr_par' dir='ltr' id='par_1_51' title="bbox 1017 1139 1800 1176">
     <span class='ocr_line' id='line_1_51' title="bbox 1017 1139 1800 1176; baseline 0.003 -10"><span class='ocrx_word' id='word_1_356' title='bbox 1017 1148 1070 1176; x_wconf 89' lang='lat' dir='ltr'><strong>que</strong></span> <span class='ocrx_word' id='word_1_357' title='bbox 1101 1139 1267 1167; x_wconf 87' lang='lat' dir='ltr'><strong>Tlteodosius</strong></span> <span class='ocrx_word' id='word_1_358' title='bbox 1295 1148 1350 1167; x_wconf 88' lang='lat' dir='ltr'><strong>rem</strong></span> <span class='ocrx_word' id='word_1_359' title='bbox 1371 1139 1466 1168; x_wconf 88' lang='lat' dir='ltr'><strong>acerbe</strong></span> <span class='ocrx_word' id='word_1_360' title='bbox 1493 1144 1521 1167; x_wconf 87' lang='lat' dir='ltr'><strong>et</strong></span> <span class='ocrx_word' id='word_1_361' title='bbox 1549 1141 1666 1175; x_wconf 76' lang='lat' dir='ltr'><strong>graviter</strong></span> <span class='ocrx_word' id='word_1_362' title='bbox 1690 1140 1800 1173; x_wconf 78' lang='lat' dir='ltr'><strong>ferens,</strong></span> 
     </span>
    </p>
   </div>
   <div class='ocr_carea' id='block_1_52' title="bbox 1018 1184 1800 1221">
    <p class='ocr_par' dir='ltr' id='par_1_52' title="bbox 1018 1184 1800 1221">
     <span class='ocr_line' id='line_1_52' title="bbox 1018 1184 1800 1221; baseline 0 -9"><span class='ocrx_word' id='word_1_363' title='bbox 1018 1186 1145 1221; x_wconf 86' lang='lat' dir='ltr'><strong>probrum</strong></span> <span class='ocrx_word' id='word_1_364' title='bbox 1164 1185 1217 1212; x_wconf 90' lang='lat' dir='ltr'><strong>lilio</strong></span> <span class='ocrx_word' id='word_1_365' title='bbox 1237 1185 1371 1220; x_wconf 83' lang='lat' dir='ltr'><strong>objectum</strong></span> <span class='ocrx_word' id='word_1_366' title='bbox 1388 1185 1492 1219; x_wconf 74' lang='lat' dir='ltr'><strong>injuriae</strong></span> <span class='ocrx_word' id='word_1_367' title='bbox 1512 1184 1571 1212; x_wconf 91' lang='lat' dir='ltr'><strong>loco</strong></span> <span class='ocrx_word' id='word_1_368' title='bbox 1585 1184 1636 1212; x_wconf 87' lang='lat' dir='ltr'><strong>sibi</strong></span> <span class='ocrx_word' id='word_1_369' title='bbox 1653 1185 1702 1220; x_wconf 87' lang='lat' dir='ltr'><strong>ipsi</strong></span> <span class='ocrx_word' id='word_1_370' title='bbox 1718 1185 1800 1213; x_wconf 76' lang='lat' dir='ltr'><strong>illata:</strong></span> 
     </span>
    </p>
   </div>
   <div class='ocr_carea' id='block_1_53' title="bbox 1018 1231 1802 1266">
    <p class='ocr_par' dir='ltr' id='par_1_53' title="bbox 1018 1231 1802 1266">
     <span class='ocr_line' id='line_1_53' title="bbox 1018 1231 1802 1266; baseline 0.001 -8"><span class='ocrx_word' id='word_1_371' title='bbox 1018 1232 1179 1258; x_wconf 88' lang='lat' dir='ltr'><strong>numeravit.</strong></span> <span class='ocrx_word' id='word_1_372' title='bbox 1205 1231 1272 1258; x_wconf 89' lang='lat' dir='ltr'><strong>Tum</strong></span> <span class='ocrx_word' id='word_1_373' title='bbox 1297 1231 1512 1266; x_wconf 80' lang='lat' dir='ltr'><strong>sapientissimus</strong></span> <span class='ocrx_word' id='word_1_374' title='bbox 1527 1231 1742 1266; x_wconf 85' lang='lat' dir='ltr'><strong>Amphilochius,</strong></span> <span class='ocrx_word' id='word_1_375' title='bbox 1755 1232 1802 1259; x_wconf 90' lang='lat' dir='ltr'><strong>de-</strong></span> 
     </span>
    </p>
   </div>
   <div class='ocr_carea' id='block_1_54' title="bbox 1020 1275 1801 1310">
    <p class='ocr_par' dir='ltr' id='par_1_54' title="bbox 1020 1275 1801 1310">
     <span class='ocr_line' id='line_1_54' title="bbox 1020 1275 1801 1310; baseline -0.001 -8"><span class='ocrx_word' id='word_1_376' title='bbox 1020 1275 1126 1303; x_wconf 86' lang='lat' dir='ltr'><strong>clarans</strong></span> <span class='ocrx_word' id='word_1_377' title='bbox 1149 1275 1325 1310; x_wconf 88' lang='lat' dir='ltr'><strong>imperatori,</strong></span> <span class='ocrx_word' id='word_1_378' title='bbox 1343 1275 1412 1310; x_wconf 91' lang='lat' dir='ltr'><strong>quod</strong></span> <span class='ocrx_word' id='word_1_379' title='bbox 1434 1275 1522 1302; x_wconf 88' lang='lat' dir='ltr'><strong>animo</strong></span> <span class='ocrx_word' id='word_1_380' title='bbox 1547 1275 1714 1307; x_wconf 86' lang='lat' dir='ltr'><strong>instituebat,</strong></span> <span class='ocrx_word' id='word_1_381' title='bbox 1735 1283 1801 1302; x_wconf 87' lang='lat' dir='ltr'><strong>con-</strong></span> 
     </span>
    </p>
   </div>
   <div class='ocr_carea' id='block_1_55' title="bbox 1021 1321 1803 1355">
    <p class='ocr_par' dir='ltr' id='par_1_55' title="bbox 1021 1321 1803 1355">
     <span class='ocr_line' id='line_1_55' title="bbox 1021 1321 1803 1355; baseline 0.001 -8"><span class='ocrx_word' id='word_1_382' title='bbox 1021 1325 1095 1348; x_wconf 85' lang='lat' dir='ltr'><strong>tenta</strong></span> <span class='ocrx_word' id='word_1_383' title='bbox 1111 1328 1177 1348; x_wconf 86' lang='lat' dir='ltr'><strong>voce</strong></span> <span class='ocrx_word' id='word_1_384' title='bbox 1192 1330 1199 1348; x_wconf 89' lang='lat'>:</span> <span class='ocrx_word' id='word_1_385' title='bbox 1218 1321 1308 1354; x_wconf 80' lang='lat' dir='ltr'><strong>Vides,</strong></span> <span class='ocrx_word' id='word_1_386' title='bbox 1323 1321 1420 1355; x_wconf 87' lang='lat' dir='ltr'><strong>inquit,</strong></span> <span class='ocrx_word' id='word_1_387' title='bbox 1435 1328 1452 1348; x_wconf 96' lang='lat' dir='ltr'><strong>o</strong></span> <span class='ocrx_word' id='word_1_388' title='bbox 1469 1321 1623 1355; x_wconf 78' lang='lat' dir='ltr'><strong>imperator,</strong></span> <span class='ocrx_word' id='word_1_389' title='bbox 1639 1328 1717 1355; x_wconf 81' lang='lat' dir='ltr'><strong>quam</strong></span> <span class='ocrx_word' id='word_1_390' title='bbox 1732 1327 1803 1355; x_wconf 74' lang='lat' dir='ltr'><strong>aegre</strong></span> 
     </span>
    </p>
   </div>
   <div class='ocr_carea' id='block_1_56' title="bbox 1020 1365 1802 1401">
    <p class='ocr_par' dir='ltr' id='par_1_56' title="bbox 1020 1365 1802 1401">
     <span class='ocr_line' id='line_1_56' title="bbox 1020 1365 1802 1401; baseline -0.001 -8"><span class='ocrx_word' id='word_1_391' title='bbox 1020 1366 1192 1401; x_wconf 80' lang='lat' dir='ltr'><strong>ignominiam</strong></span> <span class='ocrx_word' id='word_1_392' title='bbox 1220 1366 1265 1393; x_wconf 83' lang='lat' dir='ltr'><strong>ﬁlii</strong></span> <span class='ocrx_word' id='word_1_393' title='bbox 1291 1366 1328 1393; x_wconf 92' lang='lat' dir='ltr'><strong>tui</strong></span> <span class='ocrx_word' id='word_1_394' title='bbox 1351 1365 1423 1393; x_wconf 85' lang='lat' dir='ltr'><strong>feras</strong></span> <span class='ocrx_word' id='word_1_395' title='bbox 1449 1375 1456 1394; x_wconf 94' lang='lat'><strong>:</strong></span> <span class='ocrx_word' id='word_1_396' title='bbox 1489 1366 1543 1393; x_wconf 85' lang='lat' dir='ltr'><strong>imo</strong></span> <span class='ocrx_word' id='word_1_397' title='bbox 1559 1373 1622 1393; x_wconf 88' lang='lat' dir='ltr'><strong>vero</strong></span> <span class='ocrx_word' id='word_1_398' title='bbox 1645 1366 1696 1393; x_wconf 86' lang='lat' dir='ltr'><strong>illis</strong></span> <span class='ocrx_word' id='word_1_399' title='bbox 1714 1365 1802 1400; x_wconf 92' lang='lat' dir='ltr'><strong>quiin</strong></span> 
     </span>
    </p>
   </div>
   <div class='ocr_carea' id='block_1_57' title="bbox 1018 1411 1803 1446">
    <p class='ocr_par' dir='ltr' id='par_1_57' title="bbox 1018 1411 1803 1446">
     <span class='ocr_line' id='line_1_57' title="bbox 1018 1411 1803 1446; baseline -0.003 -7"><span class='ocrx_word' id='word_1_400' title='bbox 1018 1419 1079 1439; x_wconf 88' lang='lat' dir='ltr'><strong>eum</strong></span> <span class='ocrx_word' id='word_1_401' title='bbox 1099 1412 1237 1444; x_wconf 89' lang='lat' dir='ltr'><strong>insultant,</strong></span> <span class='ocrx_word' id='word_1_402' title='bbox 1253 1412 1425 1439; x_wconf 80' lang='lat' dir='ltr'><strong>vehementer</strong></span> <span class='ocrx_word' id='word_1_403' title='bbox 1435 1419 1588 1439; x_wconf 87' lang='lat' dir='ltr'><strong>succenses.</strong></span> <span class='ocrx_word' id='word_1_404' title='bbox 1606 1411 1707 1438; x_wconf 89' lang='lat' dir='ltr'><strong>Credas</strong></span> <span class='ocrx_word' id='word_1_405' title='bbox 1723 1411 1803 1446; x_wconf 79' lang='lat' dir='ltr'><strong>igitur</strong></span> 
     </span>
    </p>
   </div>
   <div class='ocr_carea' id='block_1_58' title="bbox 1022 1457 1804 1492">
    <p class='ocr_par' dir='ltr' id='par_1_58' title="bbox 1022 1457 1804 1492">
     <span class='ocr_line' id='line_1_58' title="bbox 1022 1457 1804 1492; baseline 0 -8"><span class='ocrx_word' id='word_1_406' title='bbox 1022 1457 1088 1485; x_wconf 91' lang='lat' dir='ltr'><strong>mihi</strong></span> <span class='ocrx_word' id='word_1_407' title='bbox 1110 1458 1200 1490; x_wconf 85' lang='lat' dir='ltr'><strong>velim,</strong></span> <span class='ocrx_word' id='word_1_408' title='bbox 1215 1457 1292 1492; x_wconf 85' lang='lat' dir='ltr'><strong>hujus</strong></span> <span class='ocrx_word' id='word_1_409' title='bbox 1303 1458 1485 1485; x_wconf 84' lang='lat' dir='ltr'><strong>universitatis</strong></span> <span class='ocrx_word' id='word_1_410' title='bbox 1499 1463 1630 1485; x_wconf 89' lang='lat' dir='ltr'><strong>rectorem</strong></span> <span class='ocrx_word' id='word_1_411' title='bbox 1641 1458 1722 1484; x_wconf 91' lang='lat' dir='ltr'><strong>Deum</strong></span> <span class='ocrx_word' id='word_1_412' title='bbox 1732 1477 1739 1490; x_wconf 87' lang='lat'><strong>,</strong></span> <span class='ocrx_word' id='word_1_413' title='bbox 1756 1464 1804 1485; x_wconf 89' lang='lat' dir='ltr'><strong>eos</strong></span> 
     </span>
    </p>
   </div>
   <div class='ocr_carea' id='block_1_59' title="bbox 1021 1502 1803 1538">
    <p class='ocr_par' dir='ltr' id='par_1_59' title="bbox 1021 1502 1803 1538">
     <span class='ocr_line' id='line_1_59' title="bbox 1021 1502 1803 1538; baseline -0.003 -8"><span class='ocrx_word' id='word_1_414' title='bbox 1021 1503 1065 1537; x_wconf 92' lang='lat' dir='ltr'><strong>qui</strong></span> <span class='ocrx_word' id='word_1_415' title='bbox 1079 1507 1172 1530; x_wconf 89' lang='lat' dir='ltr'><strong>contra</strong></span> <span class='ocrx_word' id='word_1_416' title='bbox 1184 1502 1281 1530; x_wconf 88' lang='lat' dir='ltr'><strong>Filium</strong></span> <span class='ocrx_word' id='word_1_417' title='bbox 1298 1511 1376 1530; x_wconf 90' lang='lat' dir='ltr'><strong>suum</strong></span> <span class='ocrx_word' id='word_1_418' title='bbox 1389 1503 1553 1538; x_wconf 83' lang='lat' dir='ltr'><strong>unigenitum</strong></span> <span class='ocrx_word' id='word_1_419' title='bbox 1566 1503 1710 1537; x_wconf 90' lang='lat' dir='ltr'><strong>loquuntur</strong></span> <span class='ocrx_word' id='word_1_420' title='bbox 1728 1502 1803 1529; x_wconf 85' lang='lat' dir='ltr'><strong>blas-</strong></span> 
     </span>
    </p>
   </div>
   <div class='ocr_carea' id='block_1_60' title="bbox 981 1546 1804 1583">
    <p class='ocr_par' dir='ltr' id='par_1_60' title="bbox 981 1546 1804 1583">
     <span class='ocr_line' id='line_1_60' title="bbox 981 1546 1804 1583; baseline -0.004 -7"><span class='ocrx_word' id='word_1_421' title='bbox 981 1546 1004 1576; x_wconf 90' lang='lat' dir='ltr'><strong><em>C</em></strong></span> <span class='ocrx_word' id='word_1_422' title='bbox 1022 1549 1155 1583; x_wconf 89' lang='lat' dir='ltr'><strong>phemias,</strong></span> <span class='ocrx_word' id='word_1_423' title='bbox 1181 1549 1273 1576; x_wconf 86' lang='lat' dir='ltr'><strong>itidem</strong></span> <span class='ocrx_word' id='word_1_424' title='bbox 1310 1549 1462 1581; x_wconf 85' lang='lat' dir='ltr'><strong>detestari,</strong></span> <span class='ocrx_word' id='word_1_425' title='bbox 1487 1553 1515 1576; x_wconf 86' lang='lat' dir='ltr'><strong>et</strong></span> <span class='ocrx_word' id='word_1_426' title='bbox 1539 1553 1663 1582; x_wconf 87' lang='lat' dir='ltr'><strong>tanquam</strong></span> <span class='ocrx_word' id='word_1_427' title='bbox 1684 1548 1804 1582; x_wconf 75' lang='lat' dir='ltr'><strong>ingratos</strong></span> 
     </span>
    </p>
   </div>
   <div class='ocr_carea' id='block_1_61' title="bbox 187 1595 1805 1632">
    <p class='ocr_par' dir='ltr' id='par_1_61' title="bbox 187 1595 1805 1632">
     <span class='ocr_line' id='line_1_61' title="bbox 187 1595 1805 1632; baseline -0.001 -9"><span class='ocrx_word' id='word_1_428' title='bbox 187 1605 251 1632; x_wconf 78' lang='lat' dir='ltr'><strong>erga</strong></span> <span class='ocrx_word' id='word_1_429' title='bbox 268 1597 439 1624; x_wconf 85' lang='lat' dir='ltr'><strong>Servatorem</strong></span> <span class='ocrx_word' id='word_1_430' title='bbox 455 1601 483 1624; x_wconf 92' lang='lat' dir='ltr'><strong>et</strong></span> <span class='ocrx_word' id='word_1_431' title='bbox 497 1597 565 1624; x_wconf 81' lang='lat' dir='ltr'><strong>bene</strong></span> <span class='ocrx_word' id='word_1_432' title='bbox 580 1596 612 1624; x_wconf 88' lang='lat' dir='ltr'><strong>de</strong></span> <span class='ocrx_word' id='word_1_433' title='bbox 627 1603 657 1624; x_wconf 91' lang='lat' dir='ltr'><strong>se</strong></span> <span class='ocrx_word' id='word_1_434' title='bbox 673 1596 817 1630; x_wconf 90' lang='lat' dir='ltr'><strong>meritum,</strong></span> <span class='ocrx_word' id='word_1_435' title='bbox 834 1595 896 1623; x_wconf 91' lang='lat' dir='ltr'><strong>odio</strong></span> <span class='ocrx_word' id='word_1_436' title='bbox 910 1597 1046 1631; x_wconf 86' lang='lat' dir='ltr'><strong>prosequi.</strong></span> <span class='ocrx_word' id='word_1_437' title='bbox 1068 1596 1150 1631; x_wconf 83' lang='lat' dir='ltr'><strong>Cujus</strong></span> <span class='ocrx_word' id='word_1_438' title='bbox 1170 1597 1322 1624; x_wconf 89' lang='lat' dir='ltr'><strong>institutum</strong></span> <span class='ocrx_word' id='word_1_439' title='bbox 1345 1604 1405 1624; x_wconf 90' lang='lat' dir='ltr'><strong>cum</strong></span> <span class='ocrx_word' id='word_1_440' title='bbox 1439 1596 1491 1623; x_wconf 87' lang='lat' dir='ltr'><strong>hoc</strong></span> <span class='ocrx_word' id='word_1_441' title='bbox 1524 1600 1601 1630; x_wconf 88' lang='lat' dir='ltr'><strong>pacto</strong></span> <span class='ocrx_word' id='word_1_442' title='bbox 1631 1595 1805 1623; x_wconf 81' lang='lat' dir='ltr'><strong>intellexisset</strong></span> 
     </span>
    </p>
   </div>
   <div class='ocr_carea' id='block_1_62' title="bbox 188 1633 1802 1681">
    <p class='ocr_par' dir='ltr' id='par_1_62' title="bbox 188 1633 1802 1681">
     <span class='ocr_line' id='line_1_62' title="bbox 188 1633 1802 1681; baseline -0.002 -9"><span class='ocrx_word' id='word_1_443' title='bbox 188 1646 340 1680; x_wconf 78' lang='lat' dir='ltr'><strong>imperator,</strong></span> <span class='ocrx_word' id='word_1_444' title='bbox 357 1633 426 1672; x_wconf 70' lang='lat' dir='ltr'><strong>facta</strong></span> <span class='ocrx_word' id='word_1_445' title='bbox 443 1645 500 1681; x_wconf 82' lang='lat' dir='ltr'><strong>ejus</strong></span> <span class='ocrx_word' id='word_1_446' title='bbox 520 1645 643 1680; x_wconf 85' lang='lat' dir='ltr'><strong>dictaque</strong></span> <span class='ocrx_word' id='word_1_447' title='bbox 659 1644 739 1672; x_wconf 88' lang='lat' dir='ltr'><strong>simul</strong></span> <span class='ocrx_word' id='word_1_448' title='bbox 753 1644 912 1678; x_wconf 85' lang='lat' dir='ltr'><strong>admiratus,</strong></span> <span class='ocrx_word' id='word_1_449' title='bbox 943 1647 1029 1680; x_wconf 79' lang='lat' dir='ltr'><strong>legem</strong></span> <span class='ocrx_word' id='word_1_450' title='bbox 1063 1645 1186 1680; x_wconf 87' lang='lat' dir='ltr'><strong>protinus</strong></span> <span class='ocrx_word' id='word_1_451' title='bbox 1222 1644 1401 1680; x_wconf 88' lang='lat' dir='ltr'><strong>conscripsit,</strong></span> <span class='ocrx_word' id='word_1_452' title='bbox 1423 1651 1484 1679; x_wconf 69' lang='lat' dir='ltr'><strong>quze</strong></span> <span class='ocrx_word' id='word_1_453' title='bbox 1509 1643 1620 1671; x_wconf 83' lang='lat' dir='ltr'><strong>vetabat</strong></span> <span class='ocrx_word' id='word_1_454' title='bbox 1652 1645 1802 1670; x_wconf 89' lang='lat' dir='ltr'><strong>conventus</strong></span> 
     </span>
    </p>
   </div>
   <div class='ocr_carea' id='block_1_63' title="bbox 190 1692 443 1727">
    <p class='ocr_par' dir='ltr' id='par_1_63' title="bbox 190 1692 443 1727">
     <span class='ocr_line' id='line_1_63' title="bbox 190 1692 443 1727; baseline -0.004 -7"><span class='ocrx_word' id='word_1_455' title='bbox 190 1692 223 1720; x_wconf 85' lang='lat' dir='ltr'><strong>ab</strong></span> <span class='ocrx_word' id='word_1_456' title='bbox 239 1692 373 1720; x_wconf 71' lang='lat' dir='ltr'><strong>hmreticis</strong></span> <span class='ocrx_word' id='word_1_457' title='bbox 390 1692 443 1727; x_wconf 74' lang='lat' dir='ltr'><strong>agi.</strong></span> 
     </span>
    </p>
   </div>
   <div class='ocr_carea' id='block_1_64' title="bbox 309 1761 1706 1824">
    <p class='ocr_par' dir='ltr' id='par_1_64' title="bbox 309 1761 1706 1824">
     <span class='ocr_line' id='line_1_64' title="bbox 309 1761 1706 1824; baseline -0.005 -8"><span class='ocrx_word' id='word_1_458' title='bbox 309 1788 453 1817; x_wconf 77' lang='lat' dir='ltr'><strong>FACUNDUS</strong></span> <span class='ocrx_word' id='word_1_459' title='bbox 465 1787 674 1823; x_wconf 73' lang='lat' dir='ltr'><strong>HEBIIANENSIS,</strong></span> <span class='ocrx_word' id='word_1_460' title='bbox 689 1788 743 1815; x_wconf 76' lang='lat' dir='ltr'><strong>&#39;lib.</strong></span> <span class='ocrx_word' id='word_1_461' title='bbox 761 1795 801 1821; x_wconf 70' lang='grc' dir='ltr'>ιι,</span> <span class='ocrx_word' id='word_1_462' title='bbox 815 1796 874 1823; x_wconf 85' lang='lat' dir='ltr'><strong>cap.</strong></span> <span class='ocrx_word' id='word_1_463' title='bbox 889 1787 918 1822; x_wconf 76' lang='lat'><strong>5,</strong></span> <span class='ocrx_word' id='word_1_464' title='bbox 932 1761 999 1824; x_wconf 52' lang='lat' dir='ltr'><strong>pag:</strong></span> <span class='ocrx_word' id='word_1_465' title='bbox 1010 1761 1073 1820; x_wconf 60' lang='lat'><strong>:160,</strong></span> <span class='ocrx_word' id='word_1_466' title='bbox 1090 1791 1153 1814; x_wconf 79' lang='lat' dir='ltr'><strong>(om.</strong></span> <span class='ocrx_word' id='word_1_467' title='bbox 1171 1785 1202 1819; x_wconf 92' lang='lat' dir='ltr'><strong>ll,</strong></span> <span class='ocrx_word' id='word_1_468' title='bbox 1221 1785 1288 1820; x_wconf 86' lang='lat' dir='ltr'><strong>Opp.</strong></span> <span class='ocrx_word' id='word_1_469' title='bbox 1305 1784 1436 1812; x_wconf 75' lang='lat' dir='ltr'><strong>SIRIIOND.</strong></span> <span class='ocrx_word' id='word_1_470' title='bbox 1452 1783 1514 1811; x_wconf 74' lang='lat' dir='ltr'><strong>edit.</strong></span> <span class='ocrx_word' id='word_1_471' title='bbox 1530 1782 1618 1810; x_wconf 70' lang='lat' dir='ltr'><strong>Paris.</strong></span> <span class='ocrx_word' id='word_1_472' title='bbox 1632 1780 1706 1809; x_wconf 78' lang='grc'>1696.</span> 
     </span>
    </p>
   </div>
   <div class='ocr_carea' id='block_1_65' title="bbox 225 1834 973 1870">
    <p class='ocr_par' dir='ltr' id='par_1_65' title="bbox 225 1834 973 1870">
     <span class='ocr_line' id='line_1_65' title="bbox 225 1834 973 1870; baseline 0 -8"><span class='ocrx_word' id='word_1_473' title='bbox 225 1835 264 1862; x_wconf 79' lang='lat' dir='ltr'><strong>Ex</strong></span> <span class='ocrx_word' id='word_1_474' title='bbox 285 1835 364 1862; x_wconf 87' lang='lat' dir='ltr'><strong>dictis</strong></span> <span class='ocrx_word' id='word_1_475' title='bbox 387 1835 458 1862; x_wconf 77' lang='lat' dir='ltr'><strong>beati</strong></span> <span class='ocrx_word' id='word_1_476' title='bbox 480 1835 659 1870; x_wconf 88' lang='lat' dir='ltr'><strong>Amphilochii</strong></span> <span class='ocrx_word' id='word_1_477' title='bbox 684 1834 832 1863; x_wconf 87' lang='lat' dir='ltr'><strong>lconiensis</strong></span> <span class='ocrx_word' id='word_1_478' title='bbox 854 1835 973 1870; x_wconf 87' lang='lat' dir='ltr'><strong>episcopi</strong></span> 
     </span>
    </p>
   </div>
   <div class='ocr_carea' id='block_1_66' title="bbox 191 1879 973 1916">
    <p class='ocr_par' dir='ltr' id='par_1_66' title="bbox 191 1879 973 1916">
     <span class='ocr_line' id='line_1_66' title="bbox 191 1879 973 1916; baseline 0 -9"><span class='ocrx_word' id='word_1_479' title='bbox 191 1881 278 1915; x_wconf 82' lang='lat' dir='ltr'><strong>aliqua</strong></span> <span class='ocrx_word' id='word_1_480' title='bbox 294 1880 477 1915; x_wconf 79' lang='lat' dir='ltr'><strong>proferemus,</strong></span> <span class='ocrx_word' id='word_1_481' title='bbox 497 1888 577 1916; x_wconf 89' lang='lat' dir='ltr'><strong>quem</strong></span> <span class='ocrx_word' id='word_1_482' title='bbox 605 1885 632 1908; x_wconf 89' lang='lat' dir='ltr'><strong>et</strong></span> <span class='ocrx_word' id='word_1_483' title='bbox 648 1881 868 1915; x_wconf 81' lang='lat' dir='ltr'><strong>sapientissimus</strong></span> <span class='ocrx_word' id='word_1_484' title='bbox 891 1879 973 1907; x_wconf 76' lang='lat' dir='ltr'><strong>Joan-</strong></span> 
     </span>
    </p>
   </div>
   <div class='ocr_carea' id='block_1_67' title="bbox 193 1926 973 1960">
    <p class='ocr_par' dir='ltr' id='par_1_67' title="bbox 193 1926 973 1960">
     <span class='ocr_line' id='line_1_67' title="bbox 193 1926 973 1960; baseline -0.003 -6"><span class='ocrx_word' id='word_1_485' title='bbox 193 1934 239 1954; x_wconf 82' lang='lat' dir='ltr'><strong>nes</strong></span> <span class='ocrx_word' id='word_1_486' title='bbox 248 1927 429 1954; x_wconf 84' lang='lat' dir='ltr'><strong>Antiochenus</strong></span> <span class='ocrx_word' id='word_1_487' title='bbox 447 1934 507 1954; x_wconf 84' lang='lat' dir='ltr'><strong>eum</strong></span> <span class='ocrx_word' id='word_1_488' title='bbox 530 1926 655 1954; x_wconf 86' lang='lat' dir='ltr'><strong>orientali</strong></span> <span class='ocrx_word' id='word_1_489' title='bbox 676 1926 791 1954; x_wconf 89' lang='lat' dir='ltr'><strong>concilio</strong></span> <span class='ocrx_word' id='word_1_490' title='bbox 815 1926 973 1960; x_wconf 86' lang='lat' dir='ltr'><strong>probatissi-</strong></span> 
     </span>
    </p>
   </div>
   <div class='ocr_carea' id='block_1_68' title="bbox 192 1971 972 2009">
    <p class='ocr_par' dir='ltr' id='par_1_68' title="bbox 192 1971 972 2009">
     <span class='ocr_line' id='line_1_68' title="bbox 192 1971 972 2009; baseline -0.001 -10"><span class='ocrx_word' id='word_1_491' title='bbox 192 1981 264 2000; x_wconf 89' lang='lat' dir='ltr'><strong>nutm</strong></span> <span class='ocrx_word' id='word_1_492' title='bbox 287 1974 423 2002; x_wconf 89' lang='lat' dir='ltr'><strong>doctorem</strong></span> <span class='ocrx_word' id='word_1_493' title='bbox 444 1973 638 2009; x_wconf 78' lang='lat' dir='ltr'><strong>pronuntiavit.</strong></span> <span class='ocrx_word' id='word_1_494' title='bbox 660 1977 687 2000; x_wconf 86' lang='lat' dir='ltr'><strong>et</strong></span> <span class='ocrx_word' id='word_1_495' title='bbox 706 1972 880 2006; x_wconf 88' lang='lat' dir='ltr'><strong>imperatores</strong></span> <span class='ocrx_word' id='word_1_496' title='bbox 902 1971 972 1999; x_wconf 86' lang='lat' dir='ltr'><strong>Gra-</strong></span> 
     </span>
    </p>
   </div>
   <div class='ocr_carea' id='block_1_69' title="bbox 194 2016 974 2054">
    <p class='ocr_par' dir='ltr' id='par_1_69' title="bbox 194 2016 974 2054">
     <span class='ocr_line' id='line_1_69' title="bbox 194 2016 974 2054; baseline -0.003 -10"><span class='ocrx_word' id='word_1_497' title='bbox 194 2018 280 2046; x_wconf 85' lang='lat' dir='ltr'><strong>tianus</strong></span> <span class='ocrx_word' id='word_1_498' title='bbox 297 2023 326 2047; x_wconf 89' lang='lat' dir='ltr'><strong>et</strong></span> <span class='ocrx_word' id='word_1_499' title='bbox 350 2018 435 2054; x_wconf 83' lang='lat' dir='ltr'><strong>major</strong></span> <span class='ocrx_word' id='word_1_500' title='bbox 451 2017 617 2047; x_wconf 88' lang='lat' dir='ltr'><strong>Theodosius</strong></span> <span class='ocrx_word' id='word_1_501' title='bbox 636 2017 715 2044; x_wconf 89' lang='lat' dir='ltr'><strong>talem</strong></span> <span class='ocrx_word' id='word_1_502' title='bbox 730 2016 928 2050; x_wconf 81' lang='lat' dir='ltr'><strong>Judicaverunt,</strong></span> <span class='ocrx_word' id='word_1_503' title='bbox 944 2021 974 2043; x_wconf 95' lang='lat' dir='ltr'><strong>ut</strong></span> 
     </span>
    </p>
   </div>
   <div class='ocr_carea' id='block_1_70' title="bbox 1025 1826 1804 1870">
    <p class='ocr_par' dir='ltr' id='par_1_70' title="bbox 1025 1826 1804 1870">
     <span class='ocr_line' id='line_1_70' title="bbox 1025 1826 1804 1870; baseline -0.012 -8"><span class='ocrx_word' id='word_1_504' title='bbox 1025 1834 1220 1870; x_wconf 71' lang='lat' dir='ltr'><strong>praeciperent,</strong></span> <span class='ocrx_word' id='word_1_505' title='bbox 1236 1833 1305 1860; x_wconf 88' lang='lat' dir='ltr'><strong>sicut</strong></span> <span class='ocrx_word' id='word_1_506' title='bbox 1323 1832 1392 1860; x_wconf 88' lang='lat' dir='ltr'><strong>libro</strong></span> <span class='ocrx_word' id='word_1_507' title='bbox 1407 1839 1433 1858; x_wconf 90' lang='lat' dir='ltr'><strong>tv</strong></span> <span class='ocrx_word' id='word_1_508' title='bbox 1456 1830 1664 1858; x_wconf 85' lang='lat' dir='ltr'><strong>memoravimus</strong></span> <span class='ocrx_word' id='word_1_509' title='bbox 1688 1829 1759 1863; x_wconf 82' lang='lat' dir='ltr'><strong>(cap.</strong></span> <span class='ocrx_word' id='word_1_510' title='bbox 1776 1826 1804 1858; x_wconf 75' lang='lat'><strong>2,</strong></span> 
     </span>
    </p>
   </div>
   <div class='ocr_carea' id='block_1_71' title="bbox 1026 1875 1805 1915">
    <p class='ocr_par' dir='ltr' id='par_1_71' title="bbox 1026 1875 1805 1915">
     <span class='ocr_line' id='line_1_71' title="bbox 1026 1875 1805 1915; baseline -0.012 -8"><span class='ocrx_word' id='word_1_511' title='bbox 1026 1888 1088 1915; x_wconf 73' lang='lat' dir='ltr'><strong>pag.</strong></span> <span class='ocrx_word' id='word_1_512' title='bbox 1099 1880 1175 1913; x_wconf 71' lang='lat'><strong>£321),</strong></span> <span class='ocrx_word' id='word_1_513' title='bbox 1194 1878 1253 1906; x_wconf 88' lang='lat' dir='ltr'><strong>illos</strong></span> <span class='ocrx_word' id='word_1_514' title='bbox 1270 1877 1340 1905; x_wconf 83' lang='lat' dir='ltr'><strong>solos</strong></span> <span class='ocrx_word' id='word_1_515' title='bbox 1353 1877 1483 1904; x_wconf 81' lang='lat' dir='ltr'><strong>ecclesias</strong></span> <span class='ocrx_word' id='word_1_516' title='bbox 1499 1876 1609 1907; x_wconf 86' lang='lat' dir='ltr'><strong>habere,</strong></span> <span class='ocrx_word' id='word_1_517' title='bbox 1624 1875 1669 1909; x_wconf 90' lang='lat' dir='ltr'><strong>qui</strong></span> <span class='ocrx_word' id='word_1_518' title='bbox 1689 1881 1720 1900; x_wconf 78' lang='lat' dir='ltr'><strong>ex</strong></span> <span class='ocrx_word' id='word_1_519' title='bbox 1737 1880 1805 1908; x_wconf 69' lang='lat' dir='ltr'><strong>prm-</strong></span> 
     </span>
    </p>
   </div>
   <div class='ocr_carea' id='block_1_72' title="bbox 1026 1919 1807 1958">
    <p class='ocr_par' dir='ltr' id='par_1_72' title="bbox 1026 1919 1807 1958">
     <span class='ocr_line' id='line_1_72' title="bbox 1026 1919 1807 1958; baseline -0.012 -5"><span class='ocrx_word' id='word_1_520' title='bbox 1026 1925 1090 1953; x_wconf 91' lang='lat' dir='ltr'><strong>dicti</strong></span> <span class='ocrx_word' id='word_1_521' title='bbox 1114 1924 1200 1952; x_wconf 88' lang='lat' dir='ltr'><strong>sancti</strong></span> <span class='ocrx_word' id='word_1_522' title='bbox 1220 1922 1398 1958; x_wconf 87' lang='lat' dir='ltr'><strong>Amphilochii</strong></span> <span class='ocrx_word' id='word_1_523' title='bbox 1414 1926 1442 1949; x_wconf 87' lang='lat' dir='ltr'><strong>et</strong></span> <span class='ocrx_word' id='word_1_524' title='bbox 1465 1921 1573 1948; x_wconf 89' lang='lat' dir='ltr'><strong>Diodori</strong></span> <span class='ocrx_word' id='word_1_525' title='bbox 1597 1925 1677 1954; x_wconf 87' lang='lat' dir='ltr'><strong>atque</strong></span> <span class='ocrx_word' id='word_1_526' title='bbox 1692 1919 1807 1946; x_wconf 84' lang='lat' dir='ltr'><strong>aliorum</strong></span> 
     </span>
    </p>
   </div>
   <div class='ocr_carea' id='block_1_73' title="bbox 1027 1967 1691 2002">
    <p class='ocr_par' dir='ltr' id='par_1_73' title="bbox 1027 1967 1691 2002">
     <span class='ocr_line' id='line_1_73' title="bbox 1027 1967 1691 2002; baseline -0.011 -4"><span class='ocrx_word' id='word_1_527' title='bbox 1027 1971 1157 1998; x_wconf 86' lang='lat' dir='ltr'><strong>similium</strong></span> <span class='ocrx_word' id='word_1_528' title='bbox 1164 1969 1353 1998; x_wconf 89' lang='lat' dir='ltr'><strong>communione</strong></span> <span class='ocrx_word' id='word_1_529' title='bbox 1367 1967 1489 1996; x_wconf 88' lang='lat' dir='ltr'><strong>catholici</strong></span> <span class='ocrx_word' id='word_1_530' title='bbox 1502 1967 1691 2002; x_wconf 87' lang='lat' dir='ltr'><strong>probarentur.</strong></span> 
     </span>
    </p>
   </div>
   <div class='ocr_carea' id='block_1_74' title="bbox 979 2063 1030 2094">
    <p class='ocr_par' dir='ltr' id='par_1_74' title="bbox 979 2063 1030 2094">
     <span class='ocr_line' id='line_1_74' title="bbox 979 2063 1030 2094; baseline -0.039 0"><span class='ocrx_word' id='word_1_531' title='bbox 979 2063 1030 2094; x_wconf 86' lang='lat' dir='ltr'><strong>VI.</strong></span> 
     </span>
    </p>
   </div>
   <div class='ocr_carea' id='block_1_75' title="bbox 244 2106 1780 2152">
    <p class='ocr_par' dir='ltr' id='par_1_75' title="bbox 244 2106 1780 2152">
     <span class='ocr_line' id='line_1_75' title="bbox 244 2106 1780 2152; baseline -0.008 -5"><span class='ocrx_word' id='word_1_532' title='bbox 244 2118 347 2146; x_wconf 67' lang='lat' dir='ltr'><strong>Cosnas</strong></span> <span class='ocrx_word' id='word_1_533' title='bbox 357 2118 593 2150; x_wconf 71' lang='lat' dir='ltr'><strong>luotcopnsus&#39;rrrs,</strong></span> <span class='ocrx_word' id='word_1_534' title='bbox 610 2115 782 2152; x_wconf 78' lang='lat' dir='ltr'><strong>Topograph.</strong></span> <span class='ocrx_word' id='word_1_535' title='bbox 798 2115 911 2149; x_wconf 85' lang='lat' dir='ltr'><strong>Christ.,</strong></span> <span class='ocrx_word' id='word_1_536' title='bbox 928 2114 978 2141; x_wconf 85' lang='lat' dir='ltr'><strong>lib.</strong></span> <span class='ocrx_word' id='word_1_537' title='bbox 993 2122 1041 2148; x_wconf 89' lang='lat' dir='ltr'><strong>vn,</strong></span> <span class='ocrx_word' id='word_1_538' title='bbox 1059 2121 1118 2148; x_wconf 85' lang='lat' dir='ltr'><strong>pag.</strong></span> <span class='ocrx_word' id='word_1_539' title='bbox 1132 2112 1196 2146; x_wconf 74' lang='lat'><strong>292,</strong></span> <span class='ocrx_word' id='word_1_540' title='bbox 1209 2116 1272 2138; x_wconf 84' lang='lat' dir='ltr'><strong>lant.</strong></span> <span class='ocrx_word' id='word_1_541' title='bbox 1291 2109 1312 2137; x_wconf 94' lang='lat' dir='ltr'><strong>ll</strong></span> <span class='ocrx_word' id='word_1_542' title='bbox 1331 2109 1443 2138; x_wconf 89' lang='lat' dir='ltr'><strong>Collect.</strong></span> <span class='ocrx_word' id='word_1_543' title='bbox 1458 2109 1509 2136; x_wconf 81' lang='lat' dir='ltr'><strong>PP.</strong></span> <span class='ocrx_word' id='word_1_544' title='bbox 1531 2109 1619 2136; x_wconf 70' lang='lat' dir='ltr'><strong>Graec.</strong></span> <span class='ocrx_word' id='word_1_545' title='bbox 1637 2106 1780 2135; x_wconf 79' lang='lat' dir='ltr'><strong>ltlontlauc.</strong></span> 
     </span>
    </p>
   </div>
   <div class='ocr_carea' id='block_1_76' title="bbox 233 2161 973 2200">
    <p class='ocr_par' dir='ltr' id='par_1_76' title="bbox 233 2161 973 2200">
     <span class='ocr_line' id='line_1_76' title="bbox 233 2161 973 2200; baseline -0.004 -10"><span class='ocrx_word' id='word_1_546' title='bbox 233 2164 414 2200; x_wconf 80' lang='grc' dir='ltr'>’Δμφιλόχιος,</span> <span class='ocrx_word' id='word_1_547' title='bbox 435 2164 582 2195; x_wconf 74' lang='grc' dir='ltr'>ἐπίσκοπος</span> <span class='ocrx_word' id='word_1_548' title='bbox 599 2163 746 2198; x_wconf 84' lang='grc' dir='ltr'>γενόμενος</span> <span class='ocrx_word' id='word_1_549' title='bbox 771 2161 819 2188; x_wconf 81' lang='grc' dir='ltr'>τοῦ</span> <span class='ocrx_word' id='word_1_550' title='bbox 851 2161 973 2193; x_wconf 88' lang='grc' dir='ltr'>Ἰκονίου,</span> 
     </span>
    </p>
   </div>
   <div class='ocr_carea' id='block_1_77' title="bbox 191 2206 975 2244">
    <p class='ocr_par' dir='ltr' id='par_1_77' title="bbox 191 2206 975 2244">
     <span class='ocr_line' id='line_1_77' title="bbox 191 2206 975 2244; baseline -0.005 -8"><span class='ocrx_word' id='word_1_551' title='bbox 191 2209 267 2244; x_wconf 82' lang='grc' dir='ltr'>φίλος</span> <span class='ocrx_word' id='word_1_552' title='bbox 286 2210 333 2236; x_wconf 68' lang='grc' dir='ltr'>καὶ</span> <span class='ocrx_word' id='word_1_553' title='bbox 352 2210 509 2240; x_wconf 81' lang='grc' dir='ltr'>κοινωνικὸς</span> <span class='ocrx_word' id='word_1_554' title='bbox 527 2208 574 2235; x_wconf 79' lang='grc' dir='ltr'>τοῦ</span> <span class='ocrx_word' id='word_1_555' title='bbox 593 2208 727 2243; x_wconf 89' lang='grc' dir='ltr'>μακαρίου</span> <span class='ocrx_word' id='word_1_556' title='bbox 749 2207 899 2239; x_wconf 85' lang='grc' dir='ltr'>Βασιλείου,</span> <span class='ocrx_word' id='word_1_557' title='bbox 927 2206 975 2233; x_wconf 83' lang='grc' dir='ltr'>καὶ</span> 
     </span>
    </p>
   </div>
   <div class='ocr_carea' id='block_1_78' title="bbox 192 2252 976 2290">
    <p class='ocr_par' dir='ltr' id='par_1_78' title="bbox 192 2252 976 2290">
     <span class='ocr_line' id='line_1_78' title="bbox 192 2252 976 2290; baseline -0.005 -8"><span class='ocrx_word' id='word_1_558' title='bbox 192 2255 273 2287; x_wconf 67' lang='grc' dir='ltr'>αὐτὸς</span> <span class='ocrx_word' id='word_1_559' title='bbox 289 2256 317 2281; x_wconf 84' lang='grc' dir='ltr'>ὲν</span> <span class='ocrx_word' id='word_1_560' title='bbox 339 2256 396 2287; x_wconf 85' lang='grc' dir='ltr'>τοῖς</span> <span class='ocrx_word' id='word_1_561' title='bbox 412 2255 480 2290; x_wconf 80' lang='grc' dir='ltr'>πρὸς</span> <span class='ocrx_word' id='word_1_562' title='bbox 494 2254 623 2281; x_wconf 77' lang='grc' dir='ltr'>Σέλευκον</span> <span class='ocrx_word' id='word_1_563' title='bbox 641 2253 715 2289; x_wconf 78' lang='grc' dir='ltr'>αὐτῷ</span> <span class='ocrx_word' id='word_1_564' title='bbox 735 2254 878 2289; x_wconf 78' lang='grc' dir='ltr'>γραφεῖσιν</span> <span class='ocrx_word' id='word_1_565' title='bbox 900 2252 976 2287; x_wconf 76' lang='grc' dir='ltr'><strong>Ἰάμ-</strong></span> 
     </span>
    </p>
   </div>
   <div class='ocr_carea' id='block_1_79' title="bbox 193 2300 390 2333">
    <p class='ocr_par' dir='ltr' id='par_1_79' title="bbox 193 2300 390 2333">
     <span class='ocr_line' id='line_1_79' title="bbox 193 2300 390 2333; baseline 0 -7"><span class='ocrx_word' id='word_1_566' title='bbox 193 2300 260 2333; x_wconf 78' lang='grc' dir='ltr'>ϐοις,</span> <span class='ocrx_word' id='word_1_567' title='bbox 275 2309 302 2327; x_wconf 89' lang='grc' dir='ltr'><strong>κ.</strong></span> <span class='ocrx_word' id='word_1_568' title='bbox 320 2309 345 2329; x_wconf 81' lang='grc' dir='ltr'><strong>τ.</strong></span> <span class='ocrx_word' id='word_1_569' title='bbox 365 2300 390 2327; x_wconf 85' lang='grc' dir='ltr'><strong>λ.</strong></span> 
     </span>
    </p>
   </div>
   <div class='ocr_carea' id='block_1_80' title="bbox 1062 2153 1808 2195">
    <p class='ocr_par' dir='ltr' id='par_1_80' title="bbox 1062 2153 1808 2195">
     <span class='ocr_line' id='line_1_80' title="bbox 1062 2153 1808 2195; baseline -0.011 -8"><span class='ocrx_word' id='word_1_570' title='bbox 1062 2159 1266 2195; x_wconf 89' lang='lat' dir='ltr'><strong>Amphilochius</strong></span> <span class='ocrx_word' id='word_1_571' title='bbox 1286 2156 1365 2184; x_wconf 88' lang='lat' dir='ltr'><strong>lconii</strong></span> <span class='ocrx_word' id='word_1_572' title='bbox 1393 2155 1534 2190; x_wconf 84' lang='lat' dir='ltr'><strong>episcopus</strong></span> <span class='ocrx_word' id='word_1_573' title='bbox 1547 2174 1554 2187; x_wconf 92' lang='lat'><strong>,</strong></span> <span class='ocrx_word' id='word_1_574' title='bbox 1575 2155 1676 2182; x_wconf 85' lang='lat' dir='ltr'><strong>amicus</strong></span> <span class='ocrx_word' id='word_1_575' title='bbox 1691 2158 1717 2181; x_wconf 86' lang='lat' dir='ltr'><strong>et</strong></span> <span class='ocrx_word' id='word_1_576' title='bbox 1729 2153 1808 2180; x_wconf 73' lang='lat' dir='ltr'><strong>fanni-</strong></span> 
     </span>
    </p>
   </div>
   <div class='ocr_carea' id='block_1_81' title="bbox 1028 2199 1809 2237">
    <p class='ocr_par' dir='ltr' id='par_1_81' title="bbox 1028 2199 1809 2237">
     <span class='ocr_line' id='line_1_81' title="bbox 1028 2199 1809 2237; baseline -0.01 -3"><span class='ocrx_word' id='word_1_577' title='bbox 1028 2206 1102 2234; x_wconf 84' lang='lat' dir='ltr'><strong>liaris</strong></span> <span class='ocrx_word' id='word_1_578' title='bbox 1119 2205 1192 2233; x_wconf 85' lang='lat' dir='ltr'><strong>beati</strong></span> <span class='ocrx_word' id='word_1_579' title='bbox 1209 2203 1309 2236; x_wconf 82' lang='lat' dir='ltr'><strong>Basilii,</strong></span> <span class='ocrx_word' id='word_1_580' title='bbox 1322 2202 1348 2230; x_wconf 89' lang='lat' dir='ltr'><strong>in</strong></span> <span class='ocrx_word' id='word_1_581' title='bbox 1359 2201 1456 2237; x_wconf 78' lang='lat' dir='ltr'><strong>lambis</strong></span> <span class='ocrx_word' id='word_1_582' title='bbox 1469 2201 1525 2229; x_wconf 86' lang='lat' dir='ltr'><strong>suis</strong></span> <span class='ocrx_word' id='word_1_583' title='bbox 1537 2200 1570 2227; x_wconf 89' lang='lat' dir='ltr'><strong>ad</strong></span> <span class='ocrx_word' id='word_1_584' title='bbox 1582 2200 1722 2228; x_wconf 86' lang='lat' dir='ltr'><strong>Seleucum</strong></span> <span class='ocrx_word' id='word_1_585' title='bbox 1740 2199 1809 2227; x_wconf 89' lang='lat' dir='ltr'><strong>scri-</strong></span> 
     </span>
    </p>
   </div>
   <div class='ocr_carea' id='block_1_82' title="bbox 1030 2252 1162 2287">
    <p class='ocr_par' dir='ltr' id='par_1_82' title="bbox 1030 2252 1162 2287">
     <span class='ocr_line' id='line_1_82' title="bbox 1030 2252 1162 2287; baseline 0 -9"><span class='ocrx_word' id='word_1_586' title='bbox 1030 2252 1092 2287; x_wconf 87' lang='lat' dir='ltr'><strong>ptis,</strong></span> <span class='ocrx_word' id='word_1_587' title='bbox 1109 2255 1162 2278; x_wconf 85' lang='lat' dir='ltr'><strong>etc.</strong></span> 
     </span>
    </p>
   </div>
   <div class='ocr_carea' id='block_1_83' title="bbox 974 2340 1040 2372">
    <p class='ocr_par' dir='ltr' id='par_1_83' title="bbox 974 2340 1040 2372">
     <span class='ocr_line' id='line_1_83' title="bbox 974 2340 1040 2372; baseline -0.03 0"><span class='ocrx_word' id='word_1_588' title='bbox 974 2340 1040 2372; x_wconf 84' lang='lat' dir='ltr'><strong>VII.</strong></span> 
     </span>
    </p>
   </div>
   <div class='ocr_carea' id='block_1_84' title="bbox 402 2386 1610 2429">
    <p class='ocr_par' dir='ltr' id='par_1_84' title="bbox 402 2386 1610 2429">
     <span class='ocr_line' id='line_1_84' title="bbox 402 2386 1610 2429; baseline -0.01 -4"><span class='ocrx_word' id='word_1_589' title='bbox 402 2397 550 2425; x_wconf 70' lang='lat' dir='ltr'><strong>CONCILIUM</strong></span> <span class='ocrx_word' id='word_1_590' title='bbox 563 2396 692 2424; x_wconf 67' lang='lat' dir='ltr'><strong>NICENUM</strong></span> <span class='ocrx_word' id='word_1_591' title='bbox 708 2397 740 2428; x_wconf 89' lang='lat' dir='ltr'><strong>ll,</strong></span> <span class='ocrx_word' id='word_1_592' title='bbox 757 2396 815 2422; x_wconf 79' lang='lat' dir='ltr'><strong>Act.</strong></span> <span class='ocrx_word' id='word_1_593' title='bbox 836 2402 862 2429; x_wconf 85' lang='grc' dir='ltr'><strong>ν,</strong></span> <span class='ocrx_word' id='word_1_594' title='bbox 878 2403 939 2429; x_wconf 84' lang='lat' dir='ltr'><strong>pag.</strong></span> <span class='ocrx_word' id='word_1_595' title='bbox 960 2392 1040 2425; x_wconf 78' lang='grc'>1015,</span> <span class='ocrx_word' id='word_1_596' title='bbox 1057 2397 1120 2418; x_wconf 84' lang='lat' dir='ltr'><strong>tam.</strong></span> <span class='ocrx_word' id='word_1_597' title='bbox 1138 2389 1195 2416; x_wconf 88' lang='lat' dir='ltr'><strong>Vlll</strong></span> <span class='ocrx_word' id='word_1_598' title='bbox 1217 2387 1321 2416; x_wconf 87' lang='lat' dir='ltr'><strong>Concil.</strong></span> <span class='ocrx_word' id='word_1_599' title='bbox 1335 2388 1398 2416; x_wconf 83' lang='lat' dir='ltr'><strong>edit.</strong></span> <span class='ocrx_word' id='word_1_600' title='bbox 1419 2386 1610 2415; x_wconf 65' lang='lat' dir='ltr'><strong>Veneto-Law.</strong></span> 
     </span>
    </p>
   </div>
   <div class='ocr_carea' id='block_1_85' title="bbox 231 2427 969 2479">
    <p class='ocr_par' dir='ltr' id='par_1_85' title="bbox 231 2427 969 2479">
     <span class='ocr_line' id='line_1_85' title="bbox 231 2427 969 2479; baseline -0.005 -10"><span class='ocrx_word' id='word_1_601' title='bbox 231 2442 363 2479; x_wconf 78' lang='grc' dir='ltr'>Ταράσιος</span> <span class='ocrx_word' id='word_1_602' title='bbox 378 2444 392 2469; x_wconf 88' lang='grc' dir='ltr'>ὀ</span> <span class='ocrx_word' id='word_1_603' title='bbox 401 2442 550 2477; x_wconf 81' lang='grc' dir='ltr'>ἀγιὼτατος</span> <span class='ocrx_word' id='word_1_604' title='bbox 561 2441 732 2476; x_wconf 76' lang='grc' dir='ltr'>πατριάρχης</span> <span class='ocrx_word' id='word_1_605' title='bbox 748 2438 833 2467; x_wconf 77' lang='grc' dir='ltr'>εἷπεψ</span> <span class='ocrx_word' id='word_1_606' title='bbox 854 2427 883 2466; x_wconf 33' lang='lat' dir='ltr'><strong>lo-</strong></span> <span class='ocrx_word' id='word_1_607' title='bbox 890 2427 969 2474; x_wconf 68' lang='grc' dir='ltr'><strong>πᾷτὴ,</strong></span> 
     </span>
    </p>
   </div>
   <div class='ocr_carea' id='block_1_86' title="bbox 1023 2427 1813 2479">
    <p class='ocr_par' dir='ltr' id='par_1_86' title="bbox 1073 2427 1813 2466">
     <span class='ocr_line' id='line_1_86' title="bbox 1073 2427 1813 2466; baseline -0.012 -4"><span class='ocrx_word' id='word_1_608' title='bbox 1073 2434 1199 2462; x_wconf 88' lang='lat' dir='ltr'><strong>Tarasius</strong></span> <span class='ocrx_word' id='word_1_609' title='bbox 1231 2433 1415 2461; x_wconf 88' lang='lat' dir='ltr'><strong>sanctissimus</strong></span> <span class='ocrx_word' id='word_1_610' title='bbox 1441 2432 1593 2466; x_wconf 89' lang='lat' dir='ltr'><strong>patriarcha</strong></span> <span class='ocrx_word' id='word_1_611' title='bbox 1618 2429 1708 2456; x_wconf 78' lang='lat' dir='ltr'><strong>dixit:</strong></span> <span class='ocrx_word' id='word_1_612' title='bbox 1736 2427 1813 2454; x_wconf 76' lang='lat' dir='ltr'><strong>Pater</strong></span> 
     </span>
    </p>
   </div>
   <div class='ocr_carea' id='block_1_87' title="bbox 195 2483 980 2524">
    <p class='ocr_par' dir='ltr' id='par_1_87' title="bbox 195 2483 980 2524">
     <span class='ocr_line' id='line_1_87' title="bbox 195 2483 980 2524; baseline -0.008 -8"><span class='ocrx_word' id='word_1_613' title='bbox 195 2488 273 2524; x_wconf 78' lang='grc' dir='ltr'>ἡμῶν</span> <span class='ocrx_word' id='word_1_614' title='bbox 288 2491 302 2516; x_wconf 81' lang='grc' dir='ltr'><strong>ὁ</strong></span> <span class='ocrx_word' id='word_1_615' title='bbox 313 2489 389 2523; x_wconf 75' lang='grc' dir='ltr'>ἅγιος</span> <span class='ocrx_word' id='word_1_616' title='bbox 412 2487 582 2524; x_wconf 73' lang='grc' dir='ltr'>Ἀμφιλόχιος</span> <span class='ocrx_word' id='word_1_617' title='bbox 602 2487 688 2523; x_wconf 75' lang='grc' dir='ltr'>μέγας</span> <span class='ocrx_word' id='word_1_618' title='bbox 702 2486 769 2519; x_wconf 70' lang='grc' dir='ltr'>ἐστὶ,</span> <span class='ocrx_word' id='word_1_619' title='bbox 790 2486 836 2512; x_wconf 72' lang='grc' dir='ltr'>καὶ</span> <span class='ocrx_word' id='word_1_620' title='bbox 852 2484 886 2511; x_wconf 78' lang='grc' dir='ltr'>τὰ</span> <span class='ocrx_word' id='word_1_621' title='bbox 907 2483 980 2519; x_wconf 80' lang='grc' dir='ltr'><strong>ἑξῆς.</strong></span> 
     </span>
    </p>
   </div>
   <div class='ocr_carea' id='block_1_88' title="bbox 1037 2478 1740 2514">
    <p class='ocr_par' dir='ltr' id='par_1_88' title="bbox 1037 2478 1740 2514">
     <span class='ocr_line' id='line_1_88' title="bbox 1037 2478 1740 2514; baseline -0.013 -5"><span class='ocrx_word' id='word_1_622' title='bbox 1037 2486 1129 2509; x_wconf 89' lang='lat' dir='ltr'><strong>noster</strong></span> <span class='ocrx_word' id='word_1_623' title='bbox 1146 2483 1255 2508; x_wconf 84' lang='lat' dir='ltr'><strong>sanctus</strong></span> <span class='ocrx_word' id='word_1_624' title='bbox 1267 2478 1470 2514; x_wconf 79' lang='lat' dir='ltr'><strong>Amphilochius</strong></span> <span class='ocrx_word' id='word_1_625' title='bbox 1491 2484 1602 2512; x_wconf 84' lang='lat' dir='ltr'><strong>magnus</strong></span> <span class='ocrx_word' id='word_1_626' title='bbox 1617 2480 1658 2503; x_wconf 88' lang='lat' dir='ltr'><strong>est</strong></span> <span class='ocrx_word' id='word_1_627' title='bbox 1668 2494 1675 2507; x_wconf 94' lang='lat'><strong>,</strong></span> <span class='ocrx_word' id='word_1_628' title='bbox 1689 2480 1740 2501; x_wconf 89' lang='lat' dir='ltr'><strong>etc.</strong></span> 
     </span>
    </p>
   </div>
   <div class='ocr_carea' id='block_1_89' title="bbox 970 2530 1049 2560">
    <p class='ocr_par' dir='ltr' id='par_1_89' title="bbox 970 2530 1049 2560">
     <span class='ocr_line' id='line_1_89' title="bbox 970 2530 1049 2560; baseline -0.013 0"><span class='ocrx_word' id='word_1_629' title='bbox 970 2530 1049 2560; x_wconf 86' lang='lat' dir='ltr'><strong>VIII.</strong></span> 
     </span>
    </p>
   </div>
   <div class='ocr_carea' id='block_1_90' title="bbox 811 2579 1217 2614">
    <p class='ocr_par' dir='ltr' id='par_1_90' title="bbox 811 2579 1217 2614">
     <span class='ocr_line' id='line_1_90' title="bbox 811 2579 1217 2614; baseline -0.017 -1"><span class='ocrx_word' id='word_1_630' title='bbox 811 2583 940 2614; x_wconf 79' lang='lat' dir='ltr'><strong>Puortus,</strong></span> <span class='ocrx_word' id='word_1_631' title='bbox 956 2581 1085 2610; x_wconf 89' lang='lat' dir='ltr'><strong>Bihlioth.</strong></span> <span class='ocrx_word' id='word_1_632' title='bbox 1099 2579 1157 2606; x_wconf 84' lang='lat' dir='ltr'><strong>cad.</strong></span> <span class='ocrx_word' id='word_1_633' title='bbox 1171 2587 1217 2606; x_wconf 81' lang='lat' dir='ltr'><strong>ut.</strong></span> 
     </span>
    </p>
   </div>
   <div class='ocr_carea' id='block_1_91' title="bbox 238 2630 979 2668">
    <p class='ocr_par' dir='ltr' id='par_1_91' title="bbox 238 2630 979 2668">
     <span class='ocr_line' id='line_1_91' title="bbox 238 2630 979 2668; baseline -0.004 -9"><span class='ocrx_word' id='word_1_634' title='bbox 238 2631 406 2668; x_wconf 82' lang='grc' dir='ltr'>’Δνεγνὼσθη</span> <span class='ocrx_word' id='word_1_635' title='bbox 432 2632 538 2664; x_wconf 85' lang='grc' dir='ltr'>σύνοδος</span> <span class='ocrx_word' id='word_1_636' title='bbox 552 2631 684 2668; x_wconf 81' lang='grc' dir='ltr'>γενομένη</span> <span class='ocrx_word' id='word_1_637' title='bbox 699 2633 728 2658; x_wconf 81' lang='grc' dir='ltr'>ὲν</span> <span class='ocrx_word' id='word_1_638' title='bbox 745 2631 808 2666; x_wconf 82' lang='grc' dir='ltr'><strong>Σίδῃ</strong></span> <span class='ocrx_word' id='word_1_639' title='bbox 819 2650 825 2662; x_wconf 93' lang='grc'><strong>,</strong></span> <span class='ocrx_word' id='word_1_640' title='bbox 840 2630 911 2657; x_wconf 82' lang='grc' dir='ltr'>κατὰ</span> <span class='ocrx_word' id='word_1_641' title='bbox 930 2630 979 2665; x_wconf 84' lang='grc' dir='ltr'><strong>τῆς</strong></span> 
     </span>
    </p>
   </div>
   <div class='ocr_carea' id='block_1_92' title="bbox 197 2676 980 2714">
    <p class='ocr_par' dir='ltr' id='par_1_92' title="bbox 197 2676 980 2714">
     <span class='ocr_line' id='line_1_92' title="bbox 197 2676 980 2714; baseline -0.005 -9"><span class='ocrx_word' id='word_1_642' title='bbox 197 2678 328 2714; x_wconf 72' lang='grc' dir='ltr'>αἱρέσεως</span> <span class='ocrx_word' id='word_1_643' title='bbox 353 2679 406 2705; x_wconf 78' lang='grc' dir='ltr'>τῶν</span> <span class='ocrx_word' id='word_1_644' title='bbox 430 2678 641 2710; x_wconf 85' lang='grc' dir='ltr'>Μεσσαλιανῶν,</span> <span class='ocrx_word' id='word_1_645' title='bbox 673 2678 755 2713; x_wconf 75' lang='grc' dir='ltr'>ἧγουν</span> <span class='ocrx_word' id='word_1_646' title='bbox 776 2676 898 2711; x_wconf 77' lang='grc' dir='ltr'>Εὺχιτῶν</span> <span class='ocrx_word' id='word_1_647' title='bbox 922 2676 980 2710; x_wconf 76' lang='grc' dir='ltr'>ἦτοι</span> 
     </span>
    </p>
   </div>
   <div class='ocr_carea' id='block_1_93' title="bbox 205 2721 981 2759">
    <p class='ocr_par' dir='ltr' id='par_1_93' title="bbox 205 2721 981 2759">
     <span class='ocr_line' id='line_1_93' title="bbox 205 2721 981 2759; baseline -0.005 -9"><span class='ocrx_word' id='word_1_648' title='bbox 205 2723 393 2758; x_wconf 74' lang='grc' dir='ltr'>Ἀδελφιανῶν.</span> <span class='ocrx_word' id='word_1_649' title='bbox 409 2724 520 2759; x_wconf 81' lang='grc' dir='ltr'>Ἑξῆρχε</span> <span class='ocrx_word' id='word_1_650' title='bbox 541 2723 570 2749; x_wconf 79' lang='grc' dir='ltr'>δὲ</span> <span class='ocrx_word' id='word_1_651' title='bbox 584 2723 633 2757; x_wconf 77' lang='grc' dir='ltr'>τῆς</span> <span class='ocrx_word' id='word_1_652' title='bbox 656 2722 764 2749; x_wconf 78' lang='grc' dir='ltr'>συνόδου</span> <span class='ocrx_word' id='word_1_653' title='bbox 782 2721 952 2756; x_wconf 72' lang='grc' dir='ltr'>Ἀμφιλόχιος</span> <span class='ocrx_word' id='word_1_654' title='bbox 967 2721 981 2747; x_wconf 80' lang='grc' dir='ltr'><strong><em>ὁ</em></strong></span> 
     </span>
    </p>
   </div>
   <div class='ocr_carea' id='block_1_94' title="bbox 198 2765 982 2804">
    <p class='ocr_par' dir='ltr' id='par_1_94' title="bbox 198 2765 982 2804">
     <span class='ocr_line' id='line_1_94' title="bbox 198 2765 982 2804; baseline -0.003 -9"><span class='ocrx_word' id='word_1_655' title='bbox 198 2767 246 2795; x_wconf 74' lang='grc' dir='ltr'><strong>ἰ’ιῦ</strong></span> <span class='ocrx_word' id='word_1_656' title='bbox 263 2768 384 2802; x_wconf 85' lang='grc' dir='ltr'>Ἰκονίου,</span> <span class='ocrx_word' id='word_1_657' title='bbox 398 2767 606 2804; x_wconf 74' lang='grc' dir='ltr'>συνεδρευόντων</span> <span class='ocrx_word' id='word_1_658' title='bbox 616 2767 688 2804; x_wconf 72' lang='grc' dir='ltr'>αὐτῷ</span> <span class='ocrx_word' id='word_1_659' title='bbox 700 2767 747 2794; x_wconf 64' lang='grc' dir='ltr'>καὶ</span> <span class='ocrx_word' id='word_1_660' title='bbox 762 2767 867 2803; x_wconf 67' lang='grc' dir='ltr'>ἐτέρων,</span> <span class='ocrx_word' id='word_1_661' title='bbox 876 2765 982 2794; x_wconf 75' lang='grc' dir='ltr'>ἐπισκό-</span> 
     </span>
    </p>
   </div>
   <div class='ocr_carea' id='block_1_95' title="bbox 200 2817 319 2841">
    <p class='ocr_par' dir='ltr' id='par_1_95' title="bbox 200 2817 319 2841">
     <span class='ocr_line' id='line_1_95' title="bbox 200 2817 319 2841; baseline 0 0"><span class='ocrx_word' id='word_1_662' title='bbox 200 2821 257 2841; x_wconf 66' lang='grc' dir='ltr'>πων</span> <span class='ocrx_word' id='word_1_663' title='bbox 271 2817 319 2841; x_wconf 76' lang='grc' dir='ltr'>κε’.</span> 
     </span>
    </p>
   </div>
   <div class='ocr_carea' id='block_1_96' title="bbox 1068 2619 1814 2662">
    <p class='ocr_par' dir='ltr' id='par_1_96' title="bbox 1068 2619 1814 2662">
     <span class='ocr_line' id='line_1_96' title="bbox 1068 2619 1814 2662; baseline -0.012 -7"><span class='ocrx_word' id='word_1_664' title='bbox 1068 2628 1150 2655; x_wconf 86' lang='lat' dir='ltr'><strong>Lecta</strong></span> <span class='ocrx_word' id='word_1_665' title='bbox 1171 2625 1289 2662; x_wconf 80' lang='lat' dir='ltr'><strong>synodus</strong></span> <span class='ocrx_word' id='word_1_666' title='bbox 1315 2623 1386 2651; x_wconf 75' lang='lat' dir='ltr'><strong>Sidae</strong></span> <span class='ocrx_word' id='word_1_667' title='bbox 1413 2623 1503 2650; x_wconf 82' lang='lat' dir='ltr'><strong>habita</strong></span> <span class='ocrx_word' id='word_1_668' title='bbox 1534 2622 1664 2649; x_wconf 86' lang='lat' dir='ltr'><strong>adversus</strong></span> <span class='ocrx_word' id='word_1_669' title='bbox 1692 2619 1814 2647; x_wconf 82' lang='lat' dir='ltr'><strong>haeresim</strong></span> 
     </span>
    </p>
   </div>
   <div class='ocr_carea' id='block_1_97' title="bbox 1034 2666 1815 2703">
    <p class='ocr_par' dir='ltr' id='par_1_97' title="bbox 1034 2666 1815 2703">
     <span class='ocr_line' id='line_1_97' title="bbox 1034 2666 1815 2703; baseline -0.01 -3"><span class='ocrx_word' id='word_1_670' title='bbox 1034 2672 1266 2703; x_wconf 84' lang='lat' dir='ltr'><strong>Mcssalianorum,</strong></span> <span class='ocrx_word' id='word_1_671' title='bbox 1281 2671 1332 2697; x_wconf 91' lang='lat' dir='ltr'><strong>hoc</strong></span> <span class='ocrx_word' id='word_1_672' title='bbox 1351 2674 1392 2697; x_wconf 89' lang='lat' dir='ltr'><strong>est</strong></span> <span class='ocrx_word' id='word_1_673' title='bbox 1412 2669 1584 2696; x_wconf 78' lang='lat' dir='ltr'><strong>Euehitarum</strong></span> <span class='ocrx_word' id='word_1_674' title='bbox 1604 2675 1650 2694; x_wconf 80' lang='lat' dir='ltr'><strong>Seu</strong></span> <span class='ocrx_word' id='word_1_675' title='bbox 1673 2666 1815 2701; x_wconf 84' lang='lat' dir='ltr'><strong>Adelphia-</strong></span> 
     </span>
    </p>
   </div>
   <div class='ocr_carea' id='block_1_98' title="bbox 1034 2710 1815 2750">
    <p class='ocr_par' dir='ltr' id='par_1_98' title="bbox 1034 2710 1815 2750">
     <span class='ocr_line' id='line_1_98' title="bbox 1034 2710 1815 2750; baseline -0.012 -4"><span class='ocrx_word' id='word_1_676' title='bbox 1034 2725 1142 2746; x_wconf 87' lang='lat' dir='ltr'><strong>norum.</strong></span> <span class='ocrx_word' id='word_1_677' title='bbox 1164 2715 1276 2744; x_wconf 66' lang='lat' dir='ltr'><strong>Praefuit</strong></span> <span class='ocrx_word' id='word_1_678' title='bbox 1300 2715 1403 2750; x_wconf 81' lang='lat' dir='ltr'><strong>synodo</strong></span> <span class='ocrx_word' id='word_1_679' title='bbox 1424 2713 1627 2748; x_wconf 86' lang='lat' dir='ltr'><strong>Amphilochius</strong></span> <span class='ocrx_word' id='word_1_680' title='bbox 1649 2712 1729 2740; x_wconf 85' lang='lat' dir='ltr'><strong>lconii</strong></span> <span class='ocrx_word' id='word_1_681' title='bbox 1760 2710 1815 2744; x_wconf 87' lang='lat' dir='ltr'><strong>cpi-</strong></span> 
     </span>
    </p>
   </div>
   <div class='ocr_carea' id='block_1_99' title="bbox 1034 2757 1813 2799">
    <p class='ocr_par' dir='ltr' id='par_1_99' title="bbox 1034 2757 1813 2799">
     <span class='ocr_line' id='line_1_99' title="bbox 1034 2757 1813 2799; baseline -0.01 -7"><span class='ocrx_word' id='word_1_682' title='bbox 1034 2772 1142 2799; x_wconf 84' lang='lat' dir='ltr'><strong>scopus,</strong></span> <span class='ocrx_word' id='word_1_683' title='bbox 1168 2762 1368 2793; x_wconf 85' lang='lat' dir='ltr'><strong>considentibus</strong></span> <span class='ocrx_word' id='word_1_684' title='bbox 1385 2766 1412 2790; x_wconf 85' lang='lat' dir='ltr'><strong>et</strong></span> <span class='ocrx_word' id='word_1_685' title='bbox 1434 2761 1493 2789; x_wconf 83' lang='lat' dir='ltr'><strong>aliis</strong></span> <span class='ocrx_word' id='word_1_686' title='bbox 1512 2759 1604 2795; x_wconf 76' lang='lat' dir='ltr'><strong>viginti</strong></span> <span class='ocrx_word' id='word_1_687' title='bbox 1625 2760 1741 2794; x_wconf 88' lang='lat' dir='ltr'><strong>quinque</strong></span> <span class='ocrx_word' id='word_1_688' title='bbox 1759 2757 1813 2793; x_wconf 87' lang='lat' dir='ltr'><strong>cpi-</strong></span> 
     </span>
    </p>
   </div>
   <div class='ocr_carea' id='block_1_100' title="bbox 1036 2817 1133 2845">
    <p class='ocr_par' dir='ltr' id='par_1_100' title="bbox 1036 2817 1133 2845">
     <span class='ocr_line' id='line_1_100' title="bbox 1036 2817 1133 2845; baseline 0 -7"><span class='ocrx_word' id='word_1_689' title='bbox 1036 2817 1133 2845; x_wconf 78' lang='lat' dir='ltr'><strong>scopis.</strong></span> 
     </span>
    </p>
   </div>
  </div>
