1904 3054
89 119 121 147 3!
731 115 898 146 VETERUM
918 114 1126 144 TESTIMONIA
1687 104 1724 132 53

880 176 947 209 IX.‘.

526 225 643 254 Joannes
657 226 782 254 Zonnas
795 227 829 253 ad
839 233 970 254 canonem
986 233 1064 254 uvn
1079 225 1187 254 concilii
1201 225 1330 261 Carthag.

476 273 554 308 Apud
574 273 748 302 BEVEREGIUII
762 274 790 301 in
804 274 901 302 Pandet

953 281 1098 308 canonum,
1115 279 1178 301 tom.
1196 273 1228 307 ll,
1242 283 1303 309 pag.
1317 273 1378 302 549.
1522 313 1536 318 _

133 321 205 356 Quos
216 321 299 349 libros
310 321 398 358 legere
416 321 444 349 in
460 321 576 349 ecclesia
589 327 722 356 oporteat,
737 325 764 349 et
777 327 882 356 postre-
897 345 901 353 λ

968 321 1038 357 Περὶ
1063 321 1110 348 τοῦ
1137 321 1200 348 τίνα
1233 321 1274 348 δεῖ
1299 320 1649 356 ἀναγινώσκεσθαι’βιϐλία
1676 319 1722 348 ἐπ’

97 376 159 396 mus
178 368 360 403 apostolorum
373 375 457 395 canon
473 368 576 400 statuit,
588 382 623 387 —
633 373 782 402 etmagnus
796 367 882 394 Atha-

99 414 205 446 nasius,
222 414 266 447 qui
288 413 349 441 libri
370 413 473 448 legendi
488 414 559 446 sint,
575 420 670 440 omnes
690 417 842 445 enumerat.
855 416 884 440 et

97 466 210 493 magnus
228 459 372 494 Gregorius
392 459 543 495 Theologus
566 478 575 493 ,
592 464 619 487 et
636 463 744 487 sanctus
768 458 882 494 Amphi-

97 503 212 532 locltius.

935 358 1087 401 ὲκκλη“σίᾳ,
1111 365 1160 393 καὶ
1175 366 1190 392 6
1205 366 1361 398 τελευταῖος
1385 366 1440 393 τῶν
1462 366 1649 393 ἀποπολικῶν
1671 375 1724 393 κα-

939 412 1022 439 νόνων
1036 411 1224 447 διαλαμϐάνει,
1237 427 1273 432 -
1285 413 1333 440 καὶ
1347 412 1362 438 6
1376 412 1463 448 μέγας
1483 411 1642 444 Ἀθανάσιος
1670 412 1724 438 ἀπ-

935 457 1103 493 αριθμεῖται,
1128 458 1178 485 ὅσα
1189 458 1242 494 χρὴ
1261 457 1496 493 ἀναγινώσκεσθαι
1518 457 1624 493 βιϐλία,
1640 457 1687 484 καὶ
1708 458 1724 484 ὁ

935 503 1022 539 μέγας
1036 503 1187 539 Γρηγόριος
1200 505 1215 531 6
1228 504 1374 539 Θεολόγος,
1390 503 1437 531 καὶ
1454 504 1468 531 6
1489 503 1567 539 ἅγιος
1594 503 1722 539 ’Δμφιλό-

933 557 1002 583 χιος.

570 591 671 619 Eadem
686 591 771 619 ferme
787 591 869 619 habet
887 591 905 618 1.
919 600 946 620 c.
962 592 1122 623 Theodorus
1134 594 1291 623 Balsamon.

576 686 810 715 MAltTYIiOLOGlUIi
828 687 972 723 Romanu,
989 690 1016 717 d.
1035 696 1102 718 mn
1119 690 1282 718 Novembris.

135 733 217 761 lconii
240 733 265 760 in
291 733 429 769 Lycaonia
444 733 530 761 sancti
548 733 728 769 Amphilochii
746 733 884 768 episcopi,

100 779 146 814 qui
167 783 319 806 sanctorum
334 780 422 806 Basilii
439 780 527 814 magni
542 785 569 806 et
583 779 705 813 Gregorii
722 778 886 807 Nazianzeni

101 826 128 852 in
141 833 231 853 eremo
250 825 349 858 socius,
367 831 394 853 et
405 826 431 852 iu
446 826 599 861 episcopatu
611 825 722 861 collega,
733 830 793 862 post
804 825 886 852 multa

939 738 1087 764 certamina
1099 744 1147 771 pro
1160 737 1293 765 catholica
1309 737 1362 765 ﬁde
1375 741 1504 772 suscepta.
1513 757 1529 770 ,.
1540 737 1685 765 sanctitate
1697 741 1725 766 et

940 781 1063 810 doctrina
1077 782 1166 811 clarus
1176 782 1279 817 quievit
1292 783 1318 810 in
1334 790 1409 818 pace.

884 873 936 904 XI.

365 923 543 951 Μεκοιοοιιιιι
557 923 716 951 ϐιιιιῖοοιιυιι
726 926 804 958 jussu
819 923 912 951 Basilii
928 925 991 958 imp.
1005 924 1152 958 confectum
1163 925 1210 952 sub
1225 925 1268 952 die
1284 933 1329 952 χιιι
1344 924 1476 952 Octobris.

640 969 719 998 Part.
735 978 756 1003 ι,
771 979 831 1005 pag.
849 971 900 997 127
927 971 989 998 edit.
1009 970 1102 998 Urbin.
1117 971 1198 998 1727.

104 1011 324 1040 Commemorutio
362 1014 446 1040 sancti
479 1016 561 1047 patris
594 1016 676 1042 nostri
709 1015 886 1051 Amphilocltii

946 1016 1045 1051 Πνήμη
1068 1016 1121 1043 τοῦ
1139 1016 1173 1043 ἐν
1194 1011 1290 1051 ἁγίοις
1306 1016 1417 1050 πατρὸς
1432 1015 1517 1050 ἡμῶν
1539 1013 1728 1050 Ἀμφιλοχίαν

380 1050 493 1084 episcopi
510 1050 604 1077 Ieom'i.

138 1102 186 1130 llic
208 1110 262 1130 non
281 1103 401 1130 mortalis
416 1104 582 1139 cujuspiam,
600 1109 755 1132 sanctorum
777 1105 888 1140 angelo-

104 1156 162 1175 rum
181 1149 304 1175 manibus
323 1149 462 1177 ordinatus
479 1150 644 1184 episcopus:
660 1150 810 1177 commilito
825 1158 889 1177 san-

104 1199 208 1220 ctorum
224 1193 347 1228 Patrum,
359 1195 450 1223 Basilii
468 1196 569 1231 magni,
584 1196 707 1231 Gregorii
720 1196 848 1233 Theologi
863 1201 891 1224 et

104 1240 225 1275 Gregorii
250 1241 381 1276 Nysseni,
397 1242 526 1269 adversus
544 1242 637 1268 Arium
654 1262 662 1276 ,
680 1242 838 1270 Eunomium
864 1248 891 1269 et

104 1286 198 1313 horum
223 1287 324 1314 similes
338 1287 481 1315 hereticos
495 1288 522 1314 in
535 1288 593 1315 acie
608 1289 692 1315 stetit.
716 1288 765 1321 Qui
781 1295 841 1316 cum
857 1287 890 1315 ad

106 1333 251 1363 Theodosii
268 1335 356 1370 magni
382 1340 502 1370 tempora
521 1335 648 1367 vixisset,
670 1339 751 1370 atque
770 1335 850 1362 abeo
863 1339 892 1362 ut

106 1386 242 1408 coerceret
271 1381 434 1408 Arianorum
467 1388 583 1416 synaxes
619 1380 796 1415 postulasset;
828 1385 892 1408 tunc

105 1426 213 1460 quidem
240 1426 391 1461 supersedit
406 1426 576 1461 ,imperator,
603 1427 704 1454 veritus
728 1433 761 1453 ne
791 1434 822 1454 ea
847 1434 892 1454 res

106 1479 218 1506 magnos
231 1473 361 1499 excitaret
372 1472 509 1499 tumultus.
523 1472 576 1499 Sed
596 1476 690 1507 postea
703 1479 763 1499 cum
776 1472 891 1507 quadam

106 1518 139 1543 de
158 1525 238 1545 causa
266 1518 454 1552 imperatorem
488 1518 669 1545 Theodosium
707 1518 891 1551 convenisset,

108 1561 234 1596 illumque
256 1562 360 1595 solum,
389 1562 504 1590 Arcadio
523 1563 577 1589 tilio
595 1563 639 1597 qui
657 1570 740 1597 prope
758 1563 893 1590 assidebat

107 1608 309 1642 praetermisso,
328 1609 482 1643 adorasset;
503 1615 611 1645 rogatus
628 1617 707 1645 quam
733 1610 767 1638 ob
789 1617 844 1637 rem
866 1610 893 1638 id

109 1652 210 1680 faceret
223 1673 231 1684 ,
250 1654 387 1688 respondit
402 1664 409 1682 :
425 1654 653 1688 Quemadmodum
668 1660 695 1683 tu
708 1676 716 1688 ,
732 1656 890 1690 imperator,

109 1696 216 1732 indigne
232 1697 295 1730 fers.
311 1699 397 1726 sinon
414 1699 483 1727 idem
499 1700 570 1733 ﬁlio,
590 1701 634 1735 qui
651 1701 715 1733 tibi,
732 1701 819 1729 honor
843 1701 892 1728 lta-

109 1741 222 1776 beatur.
235 1744 276 1777 sic
289 1749 317 1771 et
332 1745 385 1772 Deo
401 1745 474 1772 Patri
487 1745 612 1779 iniuriam
628 1747 686 1774 ﬁeri
701 1747 780 1779 scito,
794 1747 815 1774 si
830 1747 890 1781 quis

111 1787 206 1815 Filium
222 1794 249 1816 et
270 1788 386 1817 Verbum
403 1791 565 1818 contumelia
581 1791 671 1819 afﬁcit.
686 1791 788 1825 Quibus
800 1792 891 1819 verbis

110 1839 246 1869 permotus
261 1835 502 1870 imperator,]usta
523 1837 572 1863 viri
588 1837 674 1864 sancti
691 1837 850 1864 sententiam
862 1844 894 1864 ac

110 1880 288 1914 voluntatem,
311 1889 366 1909 rem
387 1883 515 1910 coniecit.
538 1882 614 1909 Hunc
638 1887 727 1910 autent
743 1883 768 1909 in
786 1882 893 1910 modum

111 1931 246 1955 transacta
259 1935 319 1955 cum
339 1928 438 1963 pietate
451 1929 517 1961 vita,
531 1929 563 1956 ad
580 1928 723 1956 Dominum
738 1927 875 1963 migravit.

1165 1051 1333 1078 ἐπισκόπου
1363 1050 1496 1078 Ἰκονίου.

974 1103 1057 1139 Οὗτος
1073 1107 1275 1143 προχειρίξεται
1289 1106 1436 1138 ἐπίσκοπος
1457 1105 1565 1132 Ἰκονίου
1579 1105 1624 1140 ὑφ’
1644 1105 1728 1139 ἁγίων

939 1151 1074 1186 ἀγγέλων,
1091 1153 1141 1179 οὐκ
1162 1151 1336 1189 ἀνθρωπίνης
1353 1151 1459 1187 χειρός·
1481 1150 1683 1184 συναγωνιστὴς
1699 1149 1728 1176 δὲ

939 1198 1083 1233 γενόμενος
1095 1198 1150 1224 τῶν
1167 1198 1251 1232 ἁγίων
1266 1196 1406 1232 Πατέρων,
1423 1195 1563 1222 Βασιλείου
1577 1195 1624 1221 τοῦ
1641 1194 1728 1230 μεγά-

940 1243 998 1276 λου,
1018 1243 1170 1279 Γρηγορίου
1195 1243 1242 1270 τοῦ
1266 1242 1408 1276 Θεολόγου,
1436 1242 1484 1268 καὶ
1511 1241 1659 1277 Γρηγορίου
1680 1241 1728 1268 τοῦ

940 1289 1061 1324 Νύσσης,
1085 1289 1156 1317 κατὰ
1177 1290 1231 1316 τῶν
1256 1288 1402 1325 αἱρετικῶν
1424 1289 1596 1324 παρετάξατο
1623 1288 1734 1323 Ἀρείου

941 1336 989 1362 καὶ
1007 1336 1140 1371 Εὑνομίου
1159 1336 1206 1363 καὶ
1223 1335 1277 1362 τῶν
1296 1335 1405 1371 ὁμοίων.
1426 1334 1571 1371 Παρετάθη
1588 1335 1616 1361 δὲ
1634 1336 1650 1370 ή
1671 1334 1730 1369 ζωὴ

942 1381 1022 1409 αὑτοῦ
1041 1381 1121 1418 μέχρι
1140 1382 1279 1409 Θεοδοσίου
1298 1381 1345 1408 τοῦ
1365 1381 1498 1417 μεγάλου·
1521 1381 1549 1407 ὃν
1565 1380 1612 1407 καὶ
1629 1379 1731 1414 ἠξίωσε,

942 1427 1062 1454 κωλῦσαι
1077 1428 1132 1454 τῶν
1145 1427 1290 1463 ’Δρειανῶν
1303 1427 1353 1458 τὰς
1372 1428 1401 1453 ὲν
1415 1428 1473 1459 ταῖς
1489 1426 1581 1453 πόλεσι
1595 1425 1727 1457 συνάξεις,

943 1473 1018 1509 Βαρὺ
1033 1473 1062 1500 δὲ
1074 1473 1236 1508 νομίσαντος
1249 1473 1328 1499 τοῦτο
1337 1472 1384 1499 τοῦ
1401 1472 1540 1507 βασιλέως,
1556 1472 1600 1498 διὰ
1615 1471 1664 1506 τὴν
1681 1479 1730 1497 τα-

944 1519 1029 1555 ραχὴν
1041 1539 1048 1551 ,
1065 1519 1125 1545 τότε
1142 1519 1191 1554 μὲν
1210 1518 1357 1554 ἡσύχασεν.
1379 1518 1511 1553 ’Ὕστερον
1529 1517 1558 1544 δὲ
1575 1517 1646 1544 κατά
1669 1524 1731 1543 τινα

943 1565 1037 1601 χρείαν
1048 1564 1176 1592 εἰσελθὼν
1186 1564 1254 1602 πρὸς
1267 1564 1312 1591 τὴν
1326 1564 1447 1600 βασιλέα,
1462 1564 1508 1590 καὶ
1521 1563 1565 1590 τὸν
1576 1562 1632 1589 υἱὸν
1647 1561 1730 1589 αὑτοῦ

950 1611 1090 1647 Ἀρκάδιον
1109 1609 1169 1637 ἰδὼν
1193 1610 1232 1646 τῷ
1254 1611 1338 1646 πατρὶ
1363 1609 1586 1645 συγκαθήμενον,
1609 1609 1654 1636 τὸν
1680 1609 1729 1644 μὲν

944 1656 1083 1683 Θεοδόσιον
1097 1655 1294 1691 προσεκύνησε,
1311 1655 1356 1682 τὸν
1370 1655 1398 1681 δὲ
1412 1655 1469 1681 υῑδν
1485 1653 1616 1689 παρῆλθε.
1633 1653 1685 1679 Τοῦ
1701 1653 1730 1680 δὲ

946 1700 1077 1737 βασιλέως
1086 1701 1219 1732 εἰπόντος·
1236 1700 1295 1727 Ἵνα
1308 1700 1334 1726 τί
1349 1700 1394 1727 τὸν
1404 1699 1461 1726 υἱόν
1477 1707 1526 1734 μου
1541 1698 1728 1733 παρέδραμεςς

944 1745 995 1782 ἔφη
1005 1754 1012 1761 ·
1024 1745 1120 1778 Γνῶθι,
1136 1744 1256 1780 βασιλεῦ,
1271 1745 1312 1771 ὅτι
1327 1744 1421 1780 ὥσπερ
1431 1743 1462 1770 σὺ
1475 1742 1666 1778 ⁴ἠγανάκτησας
1683 1741 1730 1768 τοῦ

943 1791 1002 1817 υἱοῦ
1015 1789 1270 1826 παραϐλεπομένου,
1287 1788 1358 1816 οὕτω
1379 1789 1426 1815 καὶ
1446 1789 1460 1815 6
1480 1789 1546 1820 Θεὸς
1561 1788 1608 1814 καὶ
1624 1786 1730 1822 Πατὴρ,

943 1835 990 1863 τοῦ
1008 1835 1074 1862 Υίοῧ
1089 1836 1137 1862 καὶ
1157 1835 1244 1869 Λόγου
1264 1833 1452 1869 ὑϐριζομένου.
1474 1833 1555 1860 Ὅθεν
1580 1832 1701 1862 πεισθεὶς
1716 1831 1731 1857 ὁ

945 1880 1080 1915 βασιλεὺς,
1099 1879 1209 1916 ἐποίησε
1223 1879 1253 1906 τὸ
1270 1879 1317 1906 τοῦ
1334 1879 1411 1913 ἁγίου
1425 1878 1540 1913 θέλημα.
1554 1877 1631 1905 Οὕτω
1643 1877 1671 1904 δὲ
1685 1876 1732 1912 {ﬂ-

947 1936 996 1965 σας
1016 1926 1146 1959 εὐσεϐῶς,
1166 1926 1234 1963 πρΰς
1248 1925 1350 1962 Κύριον
1365 1925 1540 1961 ὲξεδήμησεν.

881 1972 947 2002 ΧΠ.

683 2023 861 2051 Μειιοιοοιωι
877 2022 904 2049 d.
922 2030 989 2050 mu
1004 2021 1173 2050 Novembris.

115 2078 243 2106 Memoria
271 2080 355 2106 sancti
375 2080 556 2116 patris_nostri
576 2079 751 2116 Ampliilocltii
783 2080 896 2114 episcopi

459 2113 554 2141 ltom'i.

149 2171 197 2198 llic
215 2171 298 2206 gradu
324 2171 397 2198 omni
422 2171 604 2199 ecclesiastico
628 2179 642 2197 a
662 2171 775 2206 juvenili
796 2177 893 2205 male,

113 2215 215 2243 alterna
234 2216 382 2243 mutatione
398 2221 557 2251 provectus,
577 2217 779 2251 monasticaque
794 2217 895 2244 exerci-

116 2261 216 2288 tatione
227 2265 255 2288 et
272 2261 361 2288 divina
374 2262 486 2289 scientia
500 2261 597 2294 clarus,
616 2262 752 2289 communi
767 2260 895 2296 suffragio

114 2306 189 2333 urbis
203 2306 284 2334 lconii
305 2308 446 2341 episcopus
463 2311 571 2334 creatur
587 2315 594 2333 τ
617 2307 782 2342 temporibus
800 2307 896 2334 Valen—

116 2352 211 2379 Iiuiani
226 2357 254 2379 et
270 2351 390 2380 Valentis
413 2353 622 2387 imperatorum,
645 2354 699 2380 vita
716 2353 749 2380 ad
773 2352 895 2381 Theodo-
910 2363 934 2392 ι)

113 2397 182 2423 sium
209 2405 293 2431 usque
325 2405 449 2432 magnum
477 2399 666 2433 imperatorem
691 2398 802 2433 ejusque
827 2399 897 2427 ﬁlios

114 2443 260 2477 producta;
284 2443 424 2478 factusque
440 2444 498 2472 ﬁdei
513 2444 669 2471 orthodoxa:
687 2444 789 2478 doctor,
805 2451 897 2472 contra

114 2489 242 2516 Arianam
255 2489 326 2516 luem
339 2497 386 2516 ceu
399 2490 456 2517 acie
471 2491 599 2517 instructa
613 2491 726 2518 ﬁrmiter
739 2491 897 2523 consistens,

115 2534 214 2562 inultas
240 2535 274 2562 ab
313 2535 402 2569 impiis
428 2537 629 2570 persecutiones
663 2535 900 2570 tribulationesque

115 2581 252 2613 sustinuit,
270 2589 322 2608 una
338 2589 398 2608 eum
412 2582 496 2609 beatis
514 2582 639 2610 Patribus
651 2587 785 2610 certamen
802 2583 899 2609 adver~

115 2633 161 2652 sus
173 2626 354 2661 blaspliemias
374 2627 495 2654 Eunotuii
513 2629 624 2655 imiteris.
650 2628 699 2655 [lic
721 2629 785 2655 item
798 2648 804 2658 .
831 2636 900 2655 unus

115 2676 223 2698 centum
242 2673 346 2700 illorum
368 2674 561 2709 quinquaginta
580 2675 690 2701 Patrum
711 2675 835 2701 secundae
856 2681 901 2708 sy-

118 2717 199 2750 nodi,
222 2717 364 2752 plttrimum
387 2719 515 2747 adversus
538 2720 656 2754 Spiritus
683 2720 768 2746 sancti
795 2720 900 2746 hostem

119 2761 301 2791 Macedonium
325 2764 436 2800 Ariique
459 2765 606 2800 discipulos
619 2763 791 2798 depugnavit.
806 2763 899 2797 Porro,

118 2809 237 2843 potiente
253 2817 343 2838 rerum
367 2818 463 2846 magno
480 2810 630 2839 Theodosio
642 2831 649 2844 ,
675 2817 832 2845 reversoque
851 2810 900 2838 Va-

948 2081 1056 2116 Μνήμη
1075 2082 1129 2108 τοῦ
1143 2081 1178 2109 ἐν
1196 2082 1289 2116 ἁγίοις
1304 2081 1414 2115 πατρὸς
1433 2080 1518 2114 ἡμῶν
1540 2079 1731 2115 Ἀμφιλοχίαν

1174 2116 1342 2143 ἐπισκόπου
1372 2116 1503 2142 Ἰκονίου.

982 2168 1065 2203 Οὗτος
1084 2172 1116 2197 ὲκ
1139 2172 1239 2206 νεαρᾶς
1253 2170 1378 2205 ἡλικίας,
1400 2170 1489 2197 πάντα
1513 2169 1615 2205 βαθμὸν
1635 2170 1733 2204 ἐκκλη-

948 2217 1084 2243 σιαστικὸν
1105 2216 1278 2252 παραλλάξας
1288 2237 1295 2248 ,
1310 2216 1356 2242 καὶ
1370 2217 1484 2251 ἀσκήσει
1500 2216 1547 2242 καὶ
1563 2215 1622 2250 θείᾳ
1634 2214 1732 2248 γνώσει

946 2261 1072 2296 λάμπων,
1090 2262 1172 2297 ψήφῳ
1192 2261 1237 2288 τοῦ
1257 2262 1346 2288 κοινοῦ
1369 2261 1570 2297 προχειρίζεται
1586 2260 1733 2291 ἐπίσκοπος

948 2307 997 2342 τῆς
1017 2308 1149 2334 Ἰκονιέων
1161 2307 1273 2338 πόλεως,
1287 2308 1316 2333 ἐν
1330 2308 1385 2338 τοῖς
1394 2307 1498 2342 χρόνοις
1513 2303 1732 2333 Οὐαλεντινιανοῦ

948 2354 995 2380 καὶ
1010 2353 1158 2384 Οὐάλεντος
1177 2353 1231 2379 τῶν
1244 2352 1377 2387 βασιλέων
1388 2361 1395 2368 ν
1423 2352 1587 2388 παρατείνας
1599 2351 1648 2386 τὴν
1661 2350 1734 2386 ζωὴν

950 2399 1030 2434 μέχρι
1041 2398 1180 2425 Θεοδοσίου
1194 2398 1241 2424 τοῦ
1257 2398 1374 2433 μεγάλου
1390 2398 1531 2433 βασιλέως,
1546 2396 1593 2423 καὶ
1605 2395 1658 2422 τῶν
1669 2395 1733 2422 υἱῶν

948 2444 1030 2471 αὑτοῦ
1041 2452 1048 2460 ·
1065 2445 1094 2476 ὃς
1105 2444 1151 2471 καὶ
1171 2444 1328 2476 διδάσκαλος
1343 2444 1391 2479 τῆς
1409 2443 1547 2480 ὀρθοδόξου
1562 2442 1680 2474 πίστεως
1690 2450 1734 2476 γε-

948 2490 1044 2525 γονὼς,
1065 2491 1113 2517 καὶ
1132 2490 1201 2517 κατὰ
1217 2490 1267 2525 τῆς
1290 2491 1402 2527 Ἀρείου·
1414 2490 1503 2524 λύμης
1523 2489 1643 2524 στερρῶς
1663 2488 1734 2514 ἀντι-

948 2537 1109 2572 ταξάμενος.
1126 2537 1239 2568 πολλοῦς
1251 2537 1386 2572 διωγμοὺς
1402 2536 1449 2562 καὶ
1469 2534 1572 2569 θλίψεις
1586 2533 1734 2569 ὑπομείνας

950 2582 1024 2618 παρὰ
1045 2582 1099 2609 τῶν
1114 2582 1234 2614 ἀσεϐῶν,
1258 2573 1459 2616 συναγωνιστὴς
1472 2580 1590 2615 γεγονὼς
1608 2580 1661 2606 τῶν
1684 2588 1734 2614 μα-

951 2628 1054 2664 καρίων
1071 2628 1201 2663 Πατέρων
1225 2627 1294 2654 κατὰ
1317 2628 1366 2662 τῆς
1387 2627 1518 2662 Εὑνομίου
1543 2626 1733 2662 βλασφημίας·

950 2669 1027 2704 οὗτος
1040 2673 1086 2698 καὶ
1105 2671 1157 2698 τῶν
1169 2673 1197 2699 ὲν
1210 2673 1242 2707 τῇ
1255 2671 1368 2707 δευτέρᾳ
1382 2671 1483 2706 συνόδῳ
1496 2670 1550 2697 τῶν
1562 2671 1657 2697 ἕκατον
1671 2678 1735 2695 πεν-

950 2719 1068 2753 τήκοντα
1089 2718 1221 2753 Πατέρων
1238 2715 1278 2750 εἷς
1292 2717 1436 2753 ὑπάρχων,
1448 2716 1483 2744 τὰ
1502 2716 1615 2743 πλεῖστα
1638 2715 1736 2751 διηγω-

951 2764 1043 2791 νίσατο
1065 2764 1135 2791 κατὰ
1156 2763 1323 2790 Μακεδονίου
1351 2764 1398 2790 τοῦ
1424 2761 1662 2798 πνευματομάχου,
1691 2760 1734 2787 καὶ

951 2811 1004 2838 τῶν
1021 2809 1154 2844 gae-.mth
1177 2809 1296 2842 ’Λρείουο
1311 2809 1380 2836 κατὰ
1391 2809 1419 2836 δὲ
1435 2808 1464 2836 τὸ
1479 2809 1612 2844 κρατῆσαι
1627 2807 1675 2842 τῆς
1691 2806 1736 2841 βα-
