1904 3054
193 68 231 98 35
845 62 891 93 DE
910 63 941 94 S.
960 63 1209 95 AMPHILOCHIO.
1785 68 1823 97 '54

190 126 296 158 σιλείας
307 124 446 153 Θεοδόσιον
459 124 505 152 τὸν
526 124 625 160 μέγαν,
643 125 690 153 καὶ
704 126 751 153 τὸν
766 125 825 152 νέον
838 125 984 153 Οὐαλεντι-
998 136 1007 161 λ

1036 126 1185 154 lentiniano
1196 125 1322 160 iuniore,
1340 132 1400 153 cum
1417 127 1506 153 victor
1523 124 1582 162 ipse
1598 126 1723 155 rediisset
1735 149 1744 162 ,
1761 136 1825 165 sup-

190 173 280 203 νιανδν
291 171 460 208 κατα-τρέψαι
472 191 480 205 ,
505 172 552 198 καὶ
565 172 714 208 νικήσαντα.
730 171 897 204 ἐπανελθεῖν,
911 172 983 206 ἡντι-

191 219 262 247 6όλει
284 220 299 246 6
321 219 408 255 μέγας
437 218 610 254 ’Δμφιλόχιος
631 217 675 246 τὸν
706 217 818 253 βασιλέα
842 217 982 245 Θεοδόσιον

191 265 353 294 ἀπώσασθαι
379 265 441 297 τοὺς
472 264 644 301 ’Δρειανοὺς,
673 264 721 291 καὶ
745 265 802 296 τοῖς
830 263 980 299 ὸρθοδόξοις
1000 291 1005 295 ,

189 313 295 340 ἀνεῖναι
308 311 358 343 τὰς
372 310 529 346 ἐκκλησίας.
551 310 627 337 Ἐπεὶ
645 307 693 337 οὖν
722 311 736 337 6
765 309 892 345 βασιλεὺς
911 318 982 345 παρ-

189 357 290 391 ητεῖτο,
304 355 399 390 ἐξεῦρε
424 355 549 391 μηχανὴν
563 356 576 381 6
592 354 742 390 θαυμάσιος
754 362 761 369 '
777 355 824 381 καὶ
837 354 981 391 παρελθὼν

189 403 230 433 είς
249 401 285 428 τὰ
301 401 442 436 βασίλεια,
458 401 504 428 τὸν
523 401 572 436 μὲν
597 400 711 436 βασιλέα
733 400 872 428 Θεοδόσιον
890 401 980 436 ἠσπά-

190 455 267 479 σατο,
281 446 328 473 τὸν
342 446 370 473 δὲ
389 445 446 473 υἱὸν
460 445 542 472 αὑτοῦ
565 445 714 481 ’Δρκάδιον,
731 445 888 473 καταλιπὼν
903 446 980 480 ὑφει-

190 493 289 528 μένως,
305 493 356 519 οὐκ
370 492 529 528 ἠσπάσατο·
552 492 599 519 καὶ
614 490 693 518 τοῦτο
715 492 730 518 6
746 491 871 527 βασιλεὺς
887 492 982 527 δυσχε-

190 539 285 574 ράνας,
299 538 403 565 οἰκείαν
417 537 495 573 ὓϐριν
512 537 605 564 ἐκάλει
620 537 670 573 τὴν
686 536 731 564 τοῦ
747 537 842 569 παιδὸς
859 538 922 572 παρ’
936 537 982 564 αὺ-

189 583 236 611 τοῦ
249 584 378 620 ἀτιμίαν·
397 585 411 610 6
432 584 460 610 δὲ
478 583 622 619 σοφώτατα
644 583 810 610 ὲκκαλύτι-ιει
829 583 859 610 τὺ
877 584 980 619 δρᾶμα,

189 629 238 655 καί
251 637 344 664 φησιν·
366 629 458 665 Ὁρᾷς,
474 626 497 656 ὦ
513 628 635 664 βασιλεῦ,
649 629 708 661 πῶς
720 629 750 655 οὐ
766 628 859 664 φέρεις
884 629 916 655 σὺ
931 629 981 665 τὴν

188 674 237 702 τοῦ
263 675 359 707 παιδὸς
381 675 505 710 ἀτιμίαν,
529 675 598 702 ἀλλὰ
616 674 808 710 χαλεπαίνεις;
834 675 981 701 Πίστευσον

188 718 246 753 οὖν,
259 720 300 747 ὅτι
314 720 363 747 καὶ
375 721 438 752 τοὺς
452 720 497 747 τὸν
512 720 576 747 Υίὺν
592 719 638 747 τοῦ
659 719 726 745 Θεοῦ
742 718 978 754 βλασφημοῦντας,

188 767 288 802 ὁμοίως
305 767 350 793 καὶ
362 768 375 794 6
390 767 456 798 Θεὸς
469 766 670 802 ἀποστρέφεται
681 764 728 791 καὶ
743 766 826 800 μισεῖ.
837 764 903 791 Τότε
918 773 981 791 συν-

1035 171 1153 207 plicabat
1178 179 1291 207 magnus
1315 171 1520 205 Amphilochius
1538 177 1566 198 ut
1582 171 1750 202 Theodosius
1770 174 1824 202 im-

1035 221 1155 253 perator,
1181 217 1264 252 pulsis
1290 216 1415 249 Arionis,
1438 216 1569 245 ecclesias
1581 218 1740 247 orthodoxis
1762 227 1824 255 per-

1035 265 1163 292 mitteret.
1188 263 1320 291 Caeterum
1344 270 1377 291 eo
1405 268 1551 296 renuente,
1581 264 1623 291 vir
1653 265 1823 294 admirabilis

1035 310 1132 338 subtile
1151 310 1214 345 quid
1230 309 1376 337 adinvenit.
1393 309 1533 337 Accedens
1548 310 1639 345 itaque
1652 311 1686 338 ad
1706 311 1818 347 regiam.

1037 356 1220 384 Theodosium
1249 355 1356 391 quidem
1379 355 1568 390 imperatorem
1593 356 1736 391 salutavit;
1762 357 1821 393 ejus

1034 409 1099 430 vero
1117 401 1199 429 lilium
1217 401 1372 435 Arcadium,
1391 401 1488 428 cessim
1505 401 1669 437 relinquens,
1683 410 1735 430 non
1748 403 1822 431 salu-

1040 447 1115 474 tavit.
1133 446 1200 474 Eam
1215 454 1271 474 rem
1288 446 1400 473 moleste
1415 445 1505 474 ferens
1525 447 1680 481 imperator,
1697 453 1821 483 negatum

1035 493 1090 521 lilio
1106 493 1234 521 honorem
1246 512 1254 526 ,
1270 499 1346 520 suam
1364 492 1447 527 ipsius
1463 493 1578 520 vocabat
1596 493 1732 527 iniuriam.
1754 494 1820 521 Tum

1034 539 1079 566 ille
1096 538 1295 574 sapientissime
1319 538 1420 573 detegit
1435 537 1568 572 fabulam,
1590 538 1699 573 aitque:
1716 539 1820 573 Viden‘,

1035 584 1196 619 imperator,
1215 588 1242 611 ut
1256 584 1313 619 ipse
1331 583 1379 611 ﬁlii
1405 584 1641 612 inhonorationem
1660 592 1713 611 non
1731 584 1820 618 feras,

1034 630 1081 658 sed
1108 629 1281 664 indigneris?
1305 628 1411 656 Habeas
1441 635 1506 664 ergo
1537 637 1696 664 persuasum
1727 631 1821 658 eadem

1035 676 1118 704 Deum
1145 676 1249 703 ratione
1273 675 1444 711 blasphemus
1466 676 1493 703 in
1515 675 1562 704 Dei
1584 675 1682 704 Filium
1702 678 1821 706 aversari

1035 727 1062 749 et
1076 722 1177 751 odisse.
1201 720 1277 749 Tunc
1294 721 1452 757 imperator,
1476 729 1533 750 rem
1550 722 1702 758 intelligens
1716 743 1724 755 ,
1747 723 1823 758 leges

1035 769 1212 804 conscripsit,
1227 766 1325 803 quibus
1340 767 1529 796 hmreticorum
1544 773 1692 796 conventus
1708 773 1821 796 vetaret.

189 813 230 845 εὶς
254 813 268 840 6
289 813 414 848 βασιλεὺς
425 832 433 845 ,
447 813 545 848 νόμους
564 811 668 847 ἔγραψε
682 811 746 842 τοὺς
765 811 819 838 τῶν
837 810 984 846 αἰρετικῶν
1000 813 1007 843 |

1035 815 1085 842 Hic
1100 815 1140 841 vir
1153 813 1299 849 praeclarus
1314 813 1359 841 ubi
1381 821 1466 841 annos
1490 814 1588 841 multos
1601 814 1701 854 Christi
1713 822 1821 850 gregem

190 858 334 893 συλλόγους
357 858 522 890 κωλύοντας.
547 855 630 889 Οὗτος
655 858 669 884 6
685 857 806 892 ἀοίδιμος
828 856 908 892 ἀνὴρ,
933 857 980 883 ἐπὶ

189 903 324 936 πλείστοις
336 905 441 941 χρόνοις
455 903 590 939 ποιμάνας
606 903 637 930 τὸ
647 902 695 930 τοῦ
708 901 827 938 Χριστοῦ
843 902 979 938 ποίμνιον,

188 950 236 977 καὶ
254 950 349 985 λόγους
365 950 521 987 ὀρθοδόξους
538 948 680 982 συντάξας,
695 949 742 976 καὶ
756 949 797 981 είς
811 947 879 984 βαθὺ
893 947 982 984 γῆρας

189 994 304 1028 ἐλάσας,
322 995 352 1023 ἐν
365 995 460 1032 εἰρήνῃ
480 994 672 1030 ἀνεπαύσατο..

1033 860 1161 895 pavisset,
1179 860 1315 894 librosque
1331 860 1490 888 orthodoxa:
1508 861 1639 889 doctrinae
1654 861 1822 897 composuis-

1033 910 1086 941 set,
1104 906 1157 934 alta
1172 909 1312 935 senectute
1321 906 1423 942 quievit
1438 906 1466 934 in
1481 913 1558 941 pace.

962 1072 1041 1102 XIII.

451 1134 630 1164 Mnomcwu
649 1135 807 1164 Gnscortuu
820 1135 870 1163 sub
888 1136 982 1164 eadem
997 1136 1007 1163 ἐ

1035 1143 1051 1168 t,
1066 1143 1098 1163 ex
1110 1134 1325 1170 interpretatione
1339 1134 1482 1162 cardinalis
1495 1135 1598 1163 Sirleti.

647 1194 691 1223 Ex
706 1195 728 1223 Τ
729 1203 850 1223 Εεειιυιιο
863 1195 1007 1223 Camsuxo
1025 1199 1088 1222 tam.
1104 1194 1149 1227 Ill,
1164 1198 1235 1229 part.
1249 1202 1269 1227 ι,
1285 1202 1344 1228 pag.
1360 1193 1423 1221 490.

224 1253 328 1283 Natalis
349 1255 378 1283 S.
396 1255 427 1283 P.
443 1255 476 1283 Ν.
508 1255 692 1291 Amphilochii
721 1256 839 1290 episcopi
869 1255 950 1282 lconii
964 1275 972 1287 ,

190 1300 240 1328 sub
266 1301 419 1330 Theodosio
440 1302 605 1338 imperatore
631 1309 744 1337 magno,
765 1302 807 1329 vir
825 1301 978 1329 divinarum

190 1346 340 1374 litterarum
361 1348 456 1383 peritia
483 1352 510 1375 et
531 1348 675 1376 sanctitate
694 1348 772 1380 vitae,
793 1355 826 1375 ac
851 1351 932 1374 recta:
953 1349 980 1373 et

191 1391 332 1420 catholicas
355 1391 417 1420 ﬁdei
437 1391 594 1420 sinceritate
610 1392 746 1428 insignis,
767 1391 862 1420 Basilii
888 1391 980 1426 magni

618 1435 627 1449 θ

1034 1255 1153 1283 amicitia
1168 1258 1195 1282 et
1212 1254 1367 1282 testimonio
1381 1253 1597 1280 commendatus.
1613 1252 1663 1281 llic
1677 1253 1760 1280 libros
1772 1259 1820 1280 or-

1034 1300 1181 1328 thodoxam
1200 1299 1279 1326 (idem
1294 1298 1464 1326 continentes
1476 1298 1649 1333 conscripsit,
1663 1303 1690 1325 et
1701 1299 1734 1326 ad
1746 1305 1821 1326 sum-

1033 1353 1106 1374 mam
1125 1348 1294 1374 senectutem
1313 1348 1458 1379 provectus
1474 1344 1500 1372 in
1513 1351 1580 1380 pace
1595 1345 1707 1380 quievit.

959 1469 1038 1500 XIV.

381 1532 427 1560 Ex
438 1532 614 1564 Αιιτιιοιοοιο
625 1533 795 1567 ϐιιιεοοιιωι,
809 1541 877 1561 xxtn
892 1532 1007 1560 Nouemb

1036 1540 1059 1565 ε,
1073 1531 1140 1558 edit.
1156 1531 1242 1559 (ἐι-ωε.
1258 1529 1328 1558 1756
1342 1528 1497 1562 (Romana),
1516 1537 1576 1564 pag.
1592 1527 1658 1555 ch'.

219 1600 278 1628 ’Τοῦ
299 1601 328 1627 ἐν
349 1600 436 1635 ἁγίοις
452 1600 556 1637 πατρὸς
573 1602 652 1637 ἡμῶν
682 1602 857 1638 Ἀμφιλοχίου
875 1601 980 1628 ὲπισκό-
995 1603 1007 1635 (

1070 1600 1161 1627 Sancti
1189 1599 1274 1635 patris
1298 1597 1383 1626 nostri
1406 1596 1586 1632 Amphilochii
1608 1595 1727 1632 episcopi
1761 1596 1820 1624 ico-

189 1655 242 1674 που
264 1647 387 1674 Ἰκονίου.

464 1700 467 1703 ’
500 1693 674 1721 Κοντάκιον.

224 1740 263 1766 "ﬂ
280 1739 339 1767 θεία
360 1739 473 1775 βροντή·
491 1740 508 1775 ἡ
532 1739 650 1774 σάλπιγξ
668 1739 714 1766 τοῦ
739 1739 914 1775 Πνεύματοςσ
934 1748 980 1765 πι-

189 1785 260 1812 στῶν
274 1785 410 1822 φυτουργέ
421 1794 427 1800 ·
442 1786 489 1812 καὶ
503 1785 620 1817 πέλεκυς
634 1785 688 1811 τῶν
700 1784 834 1820 αἱρέσεων
844 1793 850 1800 ·
867 1785 980 1821 ίεράρχα

195 1830 373 1866 ’Λμφιλόχιε’
393 1831 443 1866 τῆς
459 1830 574 1866 Τριὰδος
590 1830 718 1866 Θεράπων
737 1831 750 1856 6
769 1829 912 1865 μέγιστος·
931 1829 980 1855 σὺν

190 1875 317 1910 ἀγγέλοις
338 1876 427 1903 πέλων
449 1876 508 1903 ἀεί·
535 1874 695 1911 πρεσϐεύων
726 1875 763 1911 μὴ
789 1875 883 1912 παύσῃ
909 1874 980 1910 ὑπὲρ

189 1918 298 1946 πάντων
315 1921 332 1955 ή
336 1919 404 1955 μῶν.

1035 1645 1148 1673 niensis.

1305 1688 1425 1723 Hymnus
1433 1696 1545 1725 .part'us.

1069 1736 1091 1764 0
1117 1735 1235 1763 divinum
1266 1735 1383 1766 tonitru;
1409 1741 1425 1761 ο
1451 1733 1512 1760 tuba
1543 1732 1677 1767 Spiritus;
1700 1732 1819 1760 ﬁdelium

1033 1781 1187 1817 plantator;
1201 1785 1228 1808 et
1240 1780 1342 1807 securis
1353 1779 1558 1811 haereticorum;
1575 1778 1694 1813 pontiiex
1708 1778 1820 1813 Amphi-

1031 1828 1120 1862 lochi;
1144 1827 1285 1855 Trinitatis
1314 1827 1436 1854 minister
1462 1826 1599 1858 maxime;
1628 1833 1688 1852 cum
1712 1824 1817 1859 angelis

1031 1875 1165 1903 exsistens
1188 1881 1314 1908 semper;
1341 1873 1506 1901 intercessor
1529 1879 1563 1900 ne
1585 1878 1675 1899 cesses
1689 1878 1749 1899 esse
1771 1877 1820 1906 pro

1032 1919 1157 1947 omnibus
1171 1918 1259 1946 nobis.
1704 1918 1711 1926 '

971 2005 1075 2034 lumen.

565 2068 634 2095 [γοι.

565 2070 576 2094 l
628 2088 634 2095 .

188 2112 310 2146 Σταλεὶς,
335 2113 508 2149 Ἀμφιλόχιε,
646 2113 766 2149 ἀμφίοις,

188 2158 290 2193 Δόχους
305 2159 454 2192 σκεδάζεις,
469 2159 515 2186 καὶ
531 2160 626 2196 νεκρὸς
638 2159 792 2195 νοούμενος.

188 2203 285 2231 Εἰκάδι
298 2204 328 2231 ἐν
342 2205 456 2240 τριτάτῃ
478 2204 593 2237 θάνατος
622 2204 705 2233 λάϐεν
729 2204 913 2240 ’Δμφιλόχιον.

1375 2065 1481 2093 Versus.

1034 2111 1154 2144 lndutus,
1176 2110 1359 2147 Amphilochi,
1378 2117 1546 2139 mortuorum
1558 2110 1659 2143 linteis,

1032 2157 1207 2185 lnsidiantnnl
1220 2157 1326 2193 agmina
1340 2157 1468 2192 dissipas,
1481 2157 1522 2185 vel
1534 2162 1656 2184 mortuus
1667 2159 1818 2191 reputalus.

1034 2203 1082 2230 Die
1095 2202 1225 2230 vicesima
1239 2203 1318 2230 tertia
1330 2210 1404 2231 mors
1421 2202 1494 2238 cepit
1506 2201 1736 2237 Amphilochium.
