1904 3054
107 77 144 106 35
579 69 608 96 S.
629 63 851 96 AMPHILOCHII
870 59 1063 91 [CONIENSIS
1081 57 1236 89 EPISCOPI
1691 45 1735 87 5t;-

115 130 1719 169 Mm

663 226 686 252 Τ
688 225 732 253 ΟΥ
745 224 792 251 ΕΝ
802 223 914 251 ΔΓΙΟΙΣ
924 223 1059 251 ΠΑΤΡΟΣ
1074 220 1173 249 ΗΜΩΝ

423 311 778 359 ΑΜΦΙΛΟΧΙΟΥ
805 307 1138 353 ΕΠΙΣΚΟΠΟΥ
1174 306 1411 351 ΙΚΟΝΙΟΥ

527 406 781 466 ΛΟΓΟΙ-
798 405 938 463 ΚΑΙ
967 400 1294 463 ΟΜΙΛΙΑΙ.

509 603 573 668 S.
607 601 675 663 P.
709 601 781 663 N.
815 596 1341 663 AMPHILOCHII

803 718 956 748 EPISCOPI
974 717 1076 746 lCONll

607 806 898 848 ORATIONES
919 806 984 845 ET
1006 804 1256 844 HOMILIIE'.

902 887 944 905 '—

429 965 556 994 ORATIO
575 966 595 994 Ι.
689 968 707 976 ““

190 1013 224 1042 In
247 1013 367 1040 natalitia
381 1015 467 1047 magni
483 1013 530 1039 Dei
549 1019 572 1039 et
592 1011 734 1040 Saluatoris
751 1013 832 1040 nostri

395 1048 458 1074 Iesu
485 1048 584 1075 Christi
594 1048 626 1074 ¹⁸.

155 1093 177 1121 l.
193 1093 303 1121 Videtur
318 1092 396 1128 plane
411 1096 515 1126 pratum
530 1092 580 1119 hoc
592 1091 730 1126 spirituale
741 1095 769 1118 et
787 1091 905 1126 splendi-

123 1139 197 1172 dum,
209 1138 357 1166 caelestium
375 1137 470 1164 ﬂorum
485 1141 626 1164 venustate
639 1136 741 1163 varium
754 1136 830 1170 illud,
845 1144 908 1171 apo-

123 1185 280 1218 stolicisque
293 1190 325 1210 ac
347 1182 508 1216 incorruptis
531 1181 689 1209 suaveolens
710 1181 848 1215 odoribus,
866 1183 908 1210 di-

126 1229 183 1259 vini
198 1228 313 1264 paradisi
331 1227 459 1263 praeferre
474 1233 575 1263 typum.
593 1227 822 1260 Quemadmodum
834 1228 905 1256 enim

124 1275 233 1310 tripudii
250 1281 387 1308 ovansque
408 1273 452 1301 ille
469 1273 559 1301 sensui
576 1272 712 1307 subjectus
733 1278 813 1309 atque
838 1274 908 1301 mala

125 1321 198 1349 omni
213 1329 279 1348 aura
295 1328 394 1348 vacuus
408 1320 497 1354 locus;
513 1320 653 1347 arboribus
669 1319 845 1355 incorruptis,
858 1320 910 1347 im-

127 1367 340 1402 mortalibusque
361 1366 501 1398 fructibus,
530 1373 562 1393 ac
587 1365 826 1393 innumerabilibus
849 1365 910 1393 aliis

127 1421 254 1448 perquam
269 1412 417 1448 magniﬁcis
433 1412 575 1439 decoratur
590 1412 756 1439 ornamentis
771 1421 778 1439 :
794 1412 830 1439 ita
846 1419 911 1439 sane

127 1460 155 1482 et
171 1455 353 1482 divinissimus
381 1455 637 1489 sacratissimusque
654 1454 779 1482 Ecclesia:
795 1462 912 1482 conven~

130 1506 182 1533 tus,
202 1501 385 1535 spiritualibus
411 1500 571 1534 arcanisque
593 1500 721 1528 illustrius
746 1500 912 1535 splendescit

129 1546 305 1573 sacramentis
319 1554 325 1571 :
344 1553 457 1580 quorum
474 1546 550 1573 nobis
563 1553 704 1572 sacrorum
720 1546 799 1572 liodie
812 1545 912 1573 Christi

130 1592 185 1619 veri
194 1591 239 1618 Dei
254 1591 335 1618 nostri
349 1591 530 1618 natalitiorum
544 1590 612 1619 festa
629 1591 697 1625 dies,
710 1591 793 1619 solida
804 1592 913 1626 crepido

1268 962 1378 990 ΛΟΓΟΣ
1394 962 1434 990 Αν.

955 1013 1007 1046 Εἰς
1025 1012 1062 1039 τὰ
1080 1011 1217 1048 γενέθλια
1235 1009 1305 1048 ξοῦ.
1313 1007 1449 1048 pag-4.1033
1470 1006 1551 1048 83013~
1563 995 1742 1042 atatizmﬁ;

1125 1055 1180 1080 ρος
1194 1044 1278 1079 ἡμῶν
1299 1044 1400 1077 Ἰησοῦ
1423 1044 1562 1077 Χριστοῦ.

990 1095 1030 1121 A'.
1052 1093 1081 1119 '0
1100 1092 1149 1128 μὲν
1163 1091 1344 1126 πνευματικὸς
1355 1085 1431 1120 οὗτος
1439 1089 1485 1115 καὶ
1495 1088 1619 1124 λαμπρὸς
1627 1087 1740 1123 λειμὼν,

956 1139 971 1166 ὁ
994 1138 1032 1174 τῷ
1054 1138 1107 1164 τῶν
1131 1136 1262 1172 οὐρανίων
1283 1135 1371 1162 ἀνθῶν
1399 1134 1491 1162 κάλλει
1520 1133 1741 1168 πεποικιλμένος,

957 1185 1005 1212 καὶ
1035 1185 1095 1216 ταῖς
1120 1183 1311 1213 ἁποστολικαῖς
1348 1182 1395 1208 καὶ
1425 1180 1570 1216 ὰχράντοις
1598 1179 1743 1212 εὐοδιάζων

957 1230 1118 1265 ἀποφοραῖς,
1139 1227 1222 1255 τύπον
1245 1227 1316 1263 ἔχειν
1337 1225 1384 1253 τοῦ
1412 1225 1484 1252 θείου
1506 1224 1668 1260 παραδείσου
1698 1231 1744 1259 μοι

959 1276 1092 1311 φαίνεται.
1106 1275 1154 1301 "Ov
1163 1273 1218 1309 γὰρ
1228 1273 1327 1309 τρόπον
1337 1272 1351 1297 ὸ
1362 1270 1489 1306 αἰσθητὸς
1500 1270 1602 1301 ἐκεῖνος
1615 1268 1661 1295 καὶ
1672 1268 1744 1304 ἀκή-

961 1330 1040 1358 ρατος
1055 1320 1134 1356 χορὸς
1152 1320 1202 1356 (1),
1222 1319 1357 1355 δένδρεσιν
1377 1317 1537 1352 ἀφθάρτοις,
1559 1315 1606 1342 καὶ
1628 1314 1746 1350 καρποῖς

959 1367 1114 1398 ἀθανάτοις,
1126 1366 1173 1393 καὶ
1185 1364 1293 1401 μυρίοις
1307 1363 1396 1396 ἄλλοις
1411 1362 1617 1398 ὑπερλάμπροις
1633 1360 1746 1396 φαιδρύ-

960 1420 1033 1440 νεται
1052 1411 1193 1439 κάλλεσιν
1209 1410 1280 1437 οὕτω
1303 1409 1335 1445 δὴ
1357 1408 1406 1435 καὶ
1425 1404 1502 1439 οὗτος
1516 1407 1530 1433 ὁ
1546 1406 1746 1437 θεοειδέστατος

959 1458 1009 1494 τῆς
1037 1456 1287 1493 ίεροπρεπεστάτης
1315 1453 1478 1489 Ἔκκλησίας
1505 1452 1616 1485 θίασος,
1642 1452 1746 1486 νοητοῖς

961 1505 1007 1531 καὶ
1023 1504 1154 1540 ἀρρήτοις
1168 1500 1428 1537 καταλαμπρύνεται
1445 1499 1614 1535 μυστηρίοις,
1627 1495 1664 1524 ὧν
1678 1506 1746 1533 κρη-

961 1549 1010 1581 πὶς
1024 1550 1090 1585 ἡμῖν
1101 1547 1234 1584 ἀρῥαγὴς,
1249 1547 1296 1574 καὶ
1309 1546 1433 1582 θεμέλιος
1445 1545 1597 1581 ἀστεμφὴς,
1613 1543 1661 1571 καὶ
1675 1543 1746 1579 ἀρχὴ

965 1595 1106 1630 σωτήριος,
1121 1594 1168 1620 καί
1179 1592 1285 1628 κορυφὴ
1299 1591 1514 1626 πανσεῦάσμιος,
1529 1591 1545 1626 ὴ
1562 1589 1681 1626 σήμερον
1695 1589 1748 1615 τῶν

130 1643 172 1665 est
186 1638 443 1671 fundamentumque
459 1637 608 1666 immotum,
627 1642 655 1664 et
675 1637 784 1665 salubre
808 1637 912 1664 initium

966 1641 1049 1675 ἁγίων
1067 1639 1185 1675 Χριστοῦ
1209 1638 1256 1665 τοῦ
1280 1637 1408 1673 ἀληθινοῦ
1430 1636 1498 1663 Θεοῦ
1514 1635 1592 1672 ἡμῶν
1604 1634 1749 1669 γενεθλίων

131 1691 162 1710 ac
177 1683 255 1718 plane
268 1688 394 1718 augustas
412 1687 503 1710 vertex
521 1691 529 1710 :
546 1687 655 1717 propter
673 1690 753 1717 quam
779 1686 806 1710 et
823 1688 915 1710 vetera

132 1729 245 1763 ﬁgurate
259 1728 416 1762 prophetata
433 1731 506 1762 sunt,
524 1732 550 1755 et
569 1735 638 1754 nova
658 1728 684 1754 in
708 1731 765 1755 toto
782 1732 914 1755 terrarum

132 1775 198 1802 orbe
219 1774 306 1808 palam
331 1774 472 1807 praedicata
487 1782 493 1800 :
510 1781 558 1808 per
582 1781 661 1808 quam
678 1774 776 1801 ccelum
792 1779 916 1809 apertum

132 1823 185 1851 est.
204 1823 328 1853 terraque
353 1818 385 1845 ad
401 1819 518 1846 divinam
542 1819 611 1846 elata
637 1819 822 1847 celsitudinem
845 1826 918 1853 :per

132 1873 213 1901 quam
229 1866 367 1900 paradisus
376 1873 522 1894 concessus
532 1871 574 1893 est
590 1866 753 1897 hominibus,
768 1865 917 1899 mortisque

133 1915 252 1945 potestas
262 1910 360 1938 abolita
376 1918 384 1937 :
397 1917 445 1945 per
458 1918 539 1946 quam
554 1911 593 1938 vis
607 1911 788 1946 corruptionis
801 1914 842 1938 est
853 1917 918 1938 con-

135 1955 249 1987 culcata,
261 1955 481 1990 perniciosusque
495 1955 592 1983 diaboli
607 1955 695 1983 cultus
707 1955 827 1982 sublatus
840 1964 847 1983 :
866 1962 914 1989 per

134 2009 214 2036 quam
238 2001 352 2028 humana
376 2001 440 2028 vitia
462 2001 624 2029 mortiticata
653 2005 725 2033 sunt,
751 2001 918 2036 angelicique

135 2047 244 2074 dominii
260 2047 397 2081 designata
413 2047 474 2073 vitm
491 2047 578 2073 ratio:
598 2054 645 2081 per
662 2054 742 2081 quam
759 2046 865 2081 fugatus
877 2051 919 2074 est

135 2100 212 2119 error
231 2092 394 2124 daemonum,
415 2093 516 2126 Deique
539 2092 670 2126 sapientia
699 2098 731 2118 ac
751 2092 919 2119 castissimus

137 2137 313 2164 annuntialus
330 2137 472 2164 adventus.
496 2135 558 2162 Non
584 2137 652 2163 enim
680 2135 798 2171 angelus,
819 2136 918 2170 inquit,

137 2191 217 2216 neque
233 2183 342 2218 legatus,
369 2182 413 2209 sed
439 2183 491 2216 ipse
510 2181 640 2209 Dominus
665 2183 745 2208 veniet
765 2187 789 2208 et
810 2181 919 2208 aalvabit

136 2236 179 2255 eos
191 2229 222 2255 ¹⁶.
236 2228 257 2256 Ο
271 2229 418 2256 faustorum
436 2227 588 2255 nuntiorum
611 2227 748 2254 immensae
766 2227 882 2254 divitiae!
904 2234 920 2253 ο

138 2274 398 2309 sapientissimorum
424 2278 654 2301 sacramentorum
684 2273 796 2300 scientia
813 2272 920 2300 inenar-

965 1687 1038 1713 ἐστὶν
1055 1686 1134 1721 ἑορτή
1145 1694 1152 1701 ·
1170 1685 1203 1711 δι’
1220 1684 1254 1720 ἢν
1282 1683 1329 1711 καὶ
1350 1683 1385 1710 τὰ
1403 1682 1507 1710 παλαιὰ
1529 1682 1749 1718 πεπροφήτευται

964 1731 1096 1763 τυπικῶς,
1110 1731 1157 1757 καὶ
1167 1730 1202 1757 τὰ
1216 1729 1265 1757 νέα
1279 1728 1426 1764 διαρρήδην
1441 1729 1480 1760 εἰς
1494 1729 1586 1755 πᾶσαν
1599 1726 1648 1762 τὴν
1662 1727 1750 1753 οἰκου-

967 1777 1049 1813 μένην
1066 1777 1232 1812 κεκήρυκται
1243 1783 1250 1790 θ
1267 1775 1300 1802 δι’
1316 1776 1348 1810 ἢν
1373 1774 1477 1809 φθορᾶς
1495 1773 1524 1800 δε
1541 1781 1609 1808 tua;
1625 1772 1749 1807 πεπάτη-

965 1831 1020 1854 ται,
1035 1822 1082 1849 καὶ
1097 1821 1220 1848 διαϐόλου
1239 1820 1320 1852 σέϐας
1343 1820 1463 1856 ὀλέθριον
1482 1820 1619 1846 πέπαυται
1632 1827 1639 1833 ⁸
1664 1819 1697 1845 δι’
1718 1818 1751 1853 ἣν

966 1867 1125 1903 ἀνθρώπινα
1136 1867 1209 1902 πάθη
1225 1866 1418 1898 τεθανάτωται,
1431 1864 1580 1900 ἁγτελικῆς
1595 1863 1752 1895 δεσποτείας

968 1913 1024 1948 βίος
1044 1913 1266 1940 ἀνακεκαίνισται
1280 1911 1333 1948 (2)·
1351 1912 1384 1937 δι’
1410 1911 1443 1946 ὴν
1465 1910 1579 1946 οὐρανὸς
1602 1909 1750 1945 ὴνέῳκται,

968 1959 1015 1986 καὶ
1027 1959 1062 1994 γῆ
1081 1960 1121 1990 είς
1139 1958 1210 1985 θεῖον
1230 1957 1298 1993 ὕψος
1315 1956 1495 1992 μετεώρισται
1506 1965 1513 1971 ·
1527 1955 1560 1982 δι’
1576 1956 1608 1991 ῆν
1624 1954 1751 1990 παραδει-

969 2013 1014 2036 σος
1027 2004 1179 2040 ἀνθρώποις
1191 2003 1357 2035 ἀποδέδοται,
1377 2002 1425 2029 καὶ
1443 2002 1557 2029 Θανάτου
1573 2001 1672 2037 κράτος
1687 2009 1750 2026 κατ-

967 2051 1100 2086 ήργηται·
1122 2050 1155 2076 δι’
1171 2050 1204 2085 ἣν
1227 2049 1315 2084 πλάνη
1338 2048 1472 2083 δαιμόνων
1501 2047 1653 2079 δεδίωκται,
1687 2044 1752 2073 Θεοῦ

969 2097 1050 2132 σοφία
1069 2097 1116 2124 καὶ
1139 2097 1274 2130 πάναγνος
1294 2095 1428 2131 παρουσία
1444 2095 1608 2131 μεμήνυται.
1625 2095 1686 2121 οὐκ
1702 2093 1752 2128 ἄγη

969 2143 1057 2176 γελος
1073 2140 1138 2176 γὰρ,
1166 2141 1256 2176 φησὶν,
1285 2140 1356 2167 οὐδὲ
1381 2140 1524 2174 πρέσϐυς,
1545 2139 1614 2167 ἀλλ’
1632 2138 1722 2171 αὐτὸς
1737 2139 1754 2165 ὀ

969 2187 1076 2221 Κύριος
1091 2186 1157 2221 ἥξει
1178 2186 1228 2213 καὶ
1251 2185 1343 2213 σώσει
1361 2186 1481 2218 αὐτούς.
1497 2183 1533 2211 Ὦ
1549 2185 1629 2212 θείων
1643 2185 1753 2219 εὐαγγε-

969 2231 1032 2258 λίων
1044 2231 1158 2262 πλοῦτος
1167 2231 1319 2266 ἁμύθητοςί
1334 2228 1506 2265 ὧπανσόφων
1519 2229 1674 2265 μυστηρίων
1688 2228 1754 2262 γνῶ-

971 2285 1012 2308 σις
1031 2276 1240 2312 ἀνεκδιὴγητοςί
1265 2273 1288 2303 ὧ
1311 2276 1392 2303 θείων
1415 2276 1561 2311 ἀφράστων
1577 2274 1685 2310 δωρεῶν
1709 2274 1754 2310 θη-

138 2320 246 2347 rabilis!
270 2327 287 2347 ο
309 2320 460 2347 divinorum
487 2318 663 2346 inell‘abilium
684 2318 813 2345 donorum
843 2317 920 2344 inde-

972 2323 1071 2358 σαυρδς
1085 2322 1292 2355 ἀνεξάλειπτοςί
1315 2318 1338 2348 ὦ
1359 2321 1539 2357 προνοητικῆς
1553 2319 1754 2356 φιλανθρωπίας

139 2364 265 2392 fectibilis
295 2365 454 2392 thesaurus!
475 2372 491 2391 ο
519 2364 636 2399 providae
661 2363 810 2391 clementiae
833 2363 919 2398 gratia

141 2409 358 2436 innumerabilisl
377 2408 437 2443 Ipse
453 2409 533 2441 enim,
553 2409 649 2443 inquit,
672 2408 800 2435 Dominus
826 2409 918 2440 veniet,

141 2460 165 2482 et
177 2455 288 2482 salvebit
304 2463 361 2483 nos.
375 2454 443 2488 Quo,
458 2455 588 2490 propheta
607 2455 706 2487 divine,
728 2455 806 2483 modo
819 2455 852 2482 ad
870 2462 920 2482 nos

177 2522 198 2538 ”
219 2521 272 2548 Tit.
287 2529 318 2554 II,
336 2521 379 2549 l5.
419 2522 441 2537 "
455 2522 506 2549 lsa.
525 2529 602 2555 LXIII,
620 2522 647 2550 9.

177 2580 215 2616 (1)
233 2580 288 2617 Καὶ
299 2580 446 2615 ἀκήρατος
465 2581 563 2615 χορός.
577 2580 699 2617 Plat-etet
708 2580 793 2613 magis
809 2580 920 2617 χῶρος)

143 2615 300 2643 retinuimus
312 2621 400 2644 tamen
416 2622 523 2650 propter
536 2615 661 2649 sequens,
674 2615 766 2647 θίασος
776 2636 783 2647 ,
798 2622 827 2642 ut
839 2616 922 2649 signi-

143 2651 238 2677 lieetur
253 2651 392 2684 paradisus
405 2656 433 2677 et
445 2651 538 2678 hortus
553 2651 606 2681 ille,
620 2652 653 2677 ad
668 2653 773 2677 modum
789 2650 838 2676 loci
857 2652 922 2677 cbo-

143 2686 197 2713 reis
211 2685 345 2717 destinati,
363 2691 390 2712 et
402 2685 452 2713 loci
465 2686 590 2719 tripudii:
609 2686 695 2720 qualis
709 2692 771 2711 vere
784 2684 833 2711 fuit
845 2692 922 2713 crea-

145 2723 188 2749 tus
203 2720 336 2746 innocenti
355 2721 466 2747 homini.

178 2753 218 2789 (2)
238 2753 402 2789 Ἀττελικῆς
412 2755 587 2789 δεσποτείας
593 2755 663 2788 βίος
672 2755 923 2783 ἀνακεκαίνισται.

972 2367 1051 2402 χάρις
1076 2367 1276 2403 ἀναρίθμητοςι
1298 2367 1393 2399 Αὐτὸς
1417 2366 1481 2400 γὰρ,
1504 2365 1595 2400 φησὶν,
1617 2365 1634 2391 ὀ
1651 2365 1754 2398 Κύριος

972 2409 1048 2443 ἣξει,
1066 2409 1115 2436 καὶ
1129 2409 1221 2436 σώσει
1239 2408 1327 2444 ἡμᾶς.
1345 2409 1437 2442 Ἥξειν
1454 2409 1521 2445 πρὸς
1537 2410 1611 2444 ἡμᾶς
1623 2408 1683 2435 τινα
1695 2409 1753 2446 τρό-

972 2463 1032 2488 πον,
1048 2452 1070 2481 ὧ
1092 2455 1147 2482 θεῖε
1165 2455 1307 2491 προφῆτα,
1324 2455 1469 2490 κηρύττεις
1481 2455 1527 2481 τὸν
1543 2454 1662 2490 Κύριον;
1683 2455 1753 2491 11αρ-

975 2579 1055 2607 Velut
1069 2579 1154 2614 prima
1169 2578 1212 2606 illa
1227 2578 1361 2610 libertate,
1375 2585 1426 2612 qua
1439 2578 1542 2606 similes
1551 2578 1667 2614 angelis,
1683 2584 1753 2614 rnero

975 2612 1089 2649 imperio
1103 2614 1229 2648 appetitui
1244 2614 1460 2649 dominabantur,
1476 2614 1516 2649 sin
1531 2612 1609 2648 plene
1625 2612 1753 2649 restituta,

976 2654 1003 2677 at
1017 2647 1092 2677 velut
1108 2647 1250 2680 inchoata;
1271 2647 1459 2683 abundantiori
1479 2647 1523 2674 illa
1533 2647 1623 2683 'gratia
1643 2652 1670 2675 et
1689 2647 1756 2683 sani-

977 2690 1031 2711 tate
1052 2683 1099 2723 τοὺς
1122 2682 1306 2723 ἡγεμονικοῦ,
1321 2682 1489 2710 redundante
1513 2681 1654 2718 in‘corpus
1669 2681 1755 2715 subje—
1778 2697 1782 2701 -

977 2724 1060 2753 ctum,
1077 2725 1187 2753 eiusque
1201 2725 1285 2745 Vires.
