1904 3054
184 44 220 72 37
730 42 862 71 ORATIO
881 41 914 71 IN
934 42 1074 72 CHRISTI
1093 43 1273 74 NA'I‘AL’LM.
1768 50 1804 80 38

184 102 348 140 ῥησιάσομαι
364 101 418 139 γὰρ
440 102 469 131 ὲν
489 102 576 138 τούτῳ
592 101 630 138 τῷ
646 103 724 139 μέρει
741 104 810 140 πρὸς
822 105 852 131 σὲ
872 104 903 132 τδ
916 105 965 132 τῶι

1021 110 1163 133 venturum
1192 106 1333 133 Dominum
1357 106 1555 141 praedicas?Ad
1571 111 1597 134 te
1615 107 1686 135 enim
1704 108 1756 136 hac
1775 109 1802 137 iu

183 148 306 176 παλαιῶν
320 148 422 184 ἀνδρῶν
441 148 585 184 πρόσωπον
598 148 818 184 ἀναδεδεγμένος,
834 149 888 177 τῶν
901 150 969 177 ταύ-

182 204 232 231 την
245 195 307 231 (εἰς)
321 195 369 230 τὴν
388 194 560 229 πανύμνητόν
585 203 630 229 μοι
646 195 833 230 ὲορτασάντων
846 196 969 232 πανήγυ-

184 249 237 277 ριν,
258 241 327 277 μήτε
347 241 375 267 δὲ
390 240 437 267 τοῦ
457 239 551 267 καινοῦ
573 240 620 267 καὶ
636 241 773 274 πανάγνου
793 241 904 268 τοκετοῦ
919 241 970 277 τῆς

184 286 316 322 ἀχράντου
330 285 470 321 Παρθένου
485 284 703 321 πεπειραμένων,
722 286 791 321 μήτε
805 286 840 313 τὰ
850 286 904 313 τῶν
919 287 970 321 ἀγ-

183 332 269 366 γέλων
289 331 448 366 ἑωρακότων
466 332 647 366 σκιρτήματα,
668 331 735 367 μήτε
749 331 797 363 τὰς
810 331 885 364 θείας
902 333 970 367 ἀκη-

184 377 284 404 κοότων
299 376 401 411 φωνὰς,
422 376 456 408 ἃς
478 376 545 412 πρὸς
558 377 622 409 τοὺς
644 377 726 412 ἱερεῖς
741 377 873 413 ποιμένας
888 378 969 405 ἀνευ-

184 421 338 457 φημοῦντες
365 421 410 448 τὸν
441 421 638 457 γεγεννημένον
663 422 792 458 Σωτῆρα,
821 422 968 458 γεγηθότες

183 467 371 503 ἀπήγγελλον·
392 467 459 503 μήτε
477 467 530 503 μὴν
546 467 599 494 τῶν
615 468 710 504 μάγων
727 467 762 494 τὰ
775 467 850 504 δῶρα
862 469 968 496 συνιέν-

183 521 247 545 των,
263 513 310 540 καὶ
322 512 370 548 τὴν
384 512 568 549 προσκύνησιν
582 513 631 549 τὴν
647 513 756 549 θεῖκήν·
776 514 887 541 ἐκείνων
901 515 967 542 ἀνα-

183 559 328 594 δεξάμενος
344 558 375 585 τδ
393 559 548 594 πρόσωπον,
571 559 740 595 ἐρωτήσαιμι
758 568 787 586 σε
799 559 846 586 τὸν
867 560 968 595 τρόπον

183 605 234 639 τῆς
256 605 415 640 παρουσίας.
441 604 619 640 Κατέπληττε
648 604 702 640 γὰρ
727 606 826 637 αὐτοὺς
852 605 966 638 εἰκότως

185 650 243 677 λίαν
256 650 286 676 τὸ
300 650 400 685 λόγιον,
419 650 466 677 καὶ
480 650 578 686 μικροῦ
592 650 645 677 δεῖν
659 650 698 685 τῷ
714 650 810 687 πλήθει
828 651 874 678 τοῦ
891 652 966 684 δέους

185 695 339 729 ἐξίστασθαι
357 696 561 731 παρεσκεύασεν
575 696 629 724 τῶν
642 697 756 732 φρενῶν.
776 697 813 723 Οὐ
826 696 880 733 γὰρ
895 696 967 732 εἶχον

184 742 262 772 νοεῖν,
271 741 311 767 ὅτι
322 741 336 767 ὁ
346 741 476 772 ἀθάνατος
483 740 549 772 Θεὸς
562 741 629 776 πρὸς
645 739 802 776 ἀνθρώπους
815 738 965 775 γεωδεστά-

183 795 245 818 τους
259 786 335 822 ἥξει·
356 786 370 812 ὁ
390 786 575 822 ἀψηλάφητος,
598 786 667 822 πρὸς
688 787 749 818 τοὺς
773 786 936 822 αἰσθητούς’
952 788 966 813 ό

184 831 346 868 ἀθεώρητος.
365 832 433 867 πρὸς
455 832 517 863 τοὺς
538 832 661 867 ὁρατούς.
686 832 749 863 Πῶς
771 832 826 867 γὰρ
842 832 874 858 ἂν
890 832 965 868 ἥξειν

182 876 228 902 τὸν
242 876 307 903 Θεὸν
323 876 461 912 ᾠήθησαν,
471 876 517 903 καὶ
531 876 589 907 πῶς
600 876 781 911 ὀφθήσεσθαις
803 877 897 909 Ἐνίοις
917 878 966 913 μὲν

184 921 269 948 ἐδόκει
282 921 414 957 πρότερον
431 921 468 952 ὡς
484 920 561 957 ὤφθη
586 921 625 956 τῷ
644 921 768 956 ’Δσραὰμ
781 921 814 947 δι’
830 922 964 956 ἀγγέλων,

183 968 200 1003 ἢ
220 967 242 994 δ’
263 966 296 995 αὖ
320 968 410 1000 πάλιν,
429 968 467 999 ὡς
487 967 563 1003 ὤφθη
581 967 619 1003 τῷ
643 968 748 1003 Μωῦσῇ
767 967 812 994 διὰ
833 968 918 1003 πυρὸς
936 969 966 995 ὲν

181 1015 217 1048 τῇ
232 1013 315 1048 βάτῳ,
330 1013 346 1048 ἢ
360 1013 418 1040 καθ’
430 1013 458 1039 ὃν
469 1013 568 1049 τρόπον
585 1013 661 1047 ὤφθη
677 1012 716 1048 τῷ
737 1013 833 1048 Ἡσαΐᾳ
847 1013 891 1040 διὰ
911 1013 964 1041 τῶν

184 1059 314 1094 σεραφὶμ,
341 1059 356 1094 ῆ
376 1058 413 1094 τῷ
443 1058 572 1093 Ἰεζεκιὴλ
594 1057 637 1084 διὰ
657 1058 710 1084 τῶν
729 1058 870 1093 χερουϐίμ.
887 1058 965 1085 Οὕτω

183 1104 237 1140 γὰρ
261 1104 360 1136 πάντες
377 1104 442 1131 Θεὸν
465 1104 615 1140 ἑωρακέναι
638 1103 829 1139 διαμφοτέροις
854 1103 964 1140 τρόποις

185 1150 420 1185 μεμαρτυρήκασι.
447 1149 525 1180 Ποῖος
550 1149 637 1175 τοίνυν
659 1147 761 1174 τούτων
790 1148 899 1184 τρόπων
925 1149 965 1181 είς

183 1193 298 1230 θεωρίαν
313 1194 379 1221 Θεοῦ
393 1195 466 1221 ἐστιν
482 1193 555 1226 ἄξιος
567 1203 574 1227 ;
591 1195 669 1230 δῆλον
683 1196 723 1223 ὃτι
734 1196 794 1222 οὐδὲ
808 1193 858 1227 εἷς.

212 1241 302 1268 Πόθεν
311 1241 339 1267 δὲ
354 1240 470 1276 μάλιστα
483 1240 562 1267 τοῦτο
578 1241 762 1277 πιστούμεθας
785 1242 832 1268 Ἐκ
847 1240 896 1275 τῆς
909 1240 965 1266 έτέ-

182 1295 232 1322 ρας
251 1287 298 1313 τοῦ
319 1287 457 1322 προφήτου
481 1287 571 1322 φωνῆς
593 1287 742 1323 λεγούσης·
762 1286 842 1314 Μετὰ
867 1285 962 1312 ταῦτα

181 1332 229 1359 ἐπὶ
246 1333 297 1366 τῆς
313 1332 372 1367 ¹γῆς
394 1332 487 1367 ὤφθη,
513 1332 562 1359 καὶ
583 1332 645 1365 τοῖς
666 1333 830 1367 ἀνθρώποις
850 1338 961 1359 συναν-

181 1378 324 1413 εστράφη.
345 1378 491 1410 Ὀπτασίας
507 1377 557 1414 μὲν
570 1377 622 1414 γὰρ
638 1379 738 1410 ἐκεῖνα,
755 1378 802 1405 καὶ
809 1378 838 1404 οὺ
849 1385 963 1404 συνανα-

1021 155 1096 184 parte
1109 150 1191 178 libere
1205 151 1312 185 loquar,
1323 158 1437 186 persona
1453 157 1572 179 veterum
1589 157 1736 190 assumpta,
1752 156 1799 190 qui

1020 195 1122 223 hancce
1135 196 1199 223 mihi
1222 197 1428 224 Iaudatissimam
1451 197 1634 226 celebritatem
1649 200 1801 234 coluerunt,

1020 249 1069 269 nec
1080 249 1175 269 novum
1188 246 1276 270 tamen
1293 247 1320 270 et
1330 242 1509 271 castissimum
1528 243 1695 273 intemeratae
1711 245 1801 281 Virgi—

1020 286 1062 313 nis
1076 291 1193 321 partum,
1216 288 1399 322 experimento
1422 294 1614 324 cognoverunt,
1631 297 1680 317 nec
1692 296 1801 318 sancto-

1020 339 1078 359 rum
1092 332 1246 367 angelorum
1260 333 1384 361 viderunt
1406 335 1530 368 tripudia,
1558 342 1610 362 nec
1628 335 1735 363 divinas
1749 343 1798 363 au-

1002 377 1125 408 ,dierunt
1142 385 1230 411 voces,
1257 378 1353 413 quibus
1375 379 1424 412 illi,
1445 380 1530 407 sacris
1542 380 1695 414 pastoribus
1711 381 1800 409 fauste

1019 423 1207 456 acclamantes,
1224 429 1315 451 natum
1333 424 1498 452 Salvatorem
1514 425 1610 460 gaudio
1623 427 1798 454 nuntiarunt:

1018 470 1064 497 sed
1089 476 1175 502 neque
1196 477 1332 504 magorum
1351 477 1472 503 munera,
1501 471 1673 505 diviuamque
1688 479 1799 506 perspe-

1018 518 1115 542 xeruut
1135 515 1316 542 adorationem
1333 523 1340 542 :
1355 523 1460 548 eorum,
1480 516 1600 551 inquam,
1620 524 1733 551 persona
1756 525 1801 545 as-

1017 564 1132 594 sumpta,
1144 567 1175 586 ex
1190 564 1214 586 te
1228 560 1356 587 adventus
1370 561 1476 588 modum
1494 561 1656 595 quaesierim.
1683 562 1800 590 Perculit

1016 606 1089 632 enim
1100 612 1146 633 eos
1161 612 1287 640 perquam
1307 605 1403 633 merito
1417 606 1566 639 oraculum,
1582 614 1730 641 parumque
1750 608 1799 634 ab-

1018 651 1077 683 fuit,
1090 657 1122 677 ne
1139 657 1191 684 prce
1206 650 1305 685 ingenti
1322 655 1392 678 metu
1412 651 1534 678 sensibus
1552 651 1715 679 deturbaret.
1738 651 1797 679 Non

1016 696 1086 722 enim
1107 700 1229 730 poterant
1246 695 1380 722 intellectu
1405 696 1523 731 assequi,
1545 701 1688 723 venturum
1713 697 1796 724 Deum

1018 741 1194 768 immortalem
1212 741 1245 768 ad
1264 741 1447 768 crassissimos
1467 741 1602 773 homines;
1629 741 1730 776 palpari
1751 749 1799 769 ne-

1017 788 1111 820 scium,
1126 787 1158 814 ad
1170 788 1328 820 sensibiles;
1351 788 1523 819 iuvlsibilem,
1543 788 1575 814 ad
1595 787 1797 816 visibiles.Nam

1016 833 1149 868 quomodo
1162 837 1314 866 venturum,
1332 840 1437 868 quoque
1451 833 1529 860 modo
1543 832 1684 860 videndum
1702 833 1796 860 existi-

1016 878 1139 905 marent?
1156 878 1268 911 Quidam
1280 878 1350 905 enim
1363 877 1500 912 putabant,
1515 877 1585 904 sicut
1596 877 1670 912 prius
1682 877 1798 905 Abrahze

1016 923 1138 958 apparuit
1153 931 1200 958 per
1217 923 1327 958 angelos
1338 923 1359 939 "
1373 931 1380 949 :
1396 927 1441 949 aut
1459 930 1567 950 rursum
1588 927 1616 950 ut
1635 930 1682 957 per
1706 923 1794 957 ignem

1016 969 1099 1004 Moysi
1119 969 1144 996 in
1163 969 1229 996 rubo
1241 969 1281 995 “z
1299 972 1344 996 aut
1361 968 1495 1003 quomodo
1516 968 1590 995 Isaiae
1603 968 1677 994 visus
1694 972 1735 994 est
1750 974 1798 1001 per

1015 1015 1178 1050 serapltim"
1200 1024 1207 1042 :
1236 1020 1281 1041 aut
1307 1013 1440 1042 Ezechieli
1473 1021 1521 1048 per
1541 1013 1680 1040 cherubim
1690 1012 1723 1041 “.
1749 1012 1797 1039 His

1014 1061 1085 1088 enim
1111 1060 1247 1087 alterutris
1271 1060 1367 1092 modis,
1382 1059 1463 1087 Deum
1476 1066 1568 1087 omnes
1585 1059 1684 1086 vidisse
1708 1058 1797 1086 testati

1015 1110 1086 1134 sunt.
1103 1105 1167 1140 Quis
1181 1113 1244 1140 ergo
1257 1105 1360 1132 illorum
1374 1105 1480 1139 dignus,
1493 1109 1522 1131 ut
1534 1111 1563 1131 se
1582 1105 1651 1132 Deus
1660 1112 1693 1133 eo
1705 1104 1798 1132 viden-

1015 1151 1077 1178 dum
1094 1150 1243 1186 prrcberct?
1256 1150 1368 1177 Planum
1383 1154 1425 1177 est
1439 1157 1473 1178 ne
1485 1149 1569 1177 ullum
1583 1156 1653 1178 esse.

1050 1248 1083 1275 II.
1096 1247 1171 1276 Unde
1185 1248 1210 1275 id
1224 1248 1432 1276 confirmamus?
1448 1248 1485 1276 Ex
1501 1249 1552 1276 alia
1567 1249 1703 1284 propheta:
1718 1256 1794 1282 voce,

1015 1293 1128 1321 dicentis
1142 1303 1148 1321 :
1165 1292 1228 1320 Post
1244 1294 1298 1320 lucc
1310 1294 1337 1320 in
1359 1297 1428 1320 terra
1444 1293 1513 1320 uisus
1532 1298 1580 1325 est,
1592 1298 1615 1320 el
1629 1301 1688 1320 cum
1710 1294 1796 1320 homi-

1015 1339 1269 1372 nibus,conversatus
1282 1339 1361 1367 est“.
1376 1338 1422 1365 Illa
1436 1339 1543 1373 quidem
1558 1338 1666 1365 visionis
1679 1339 1794 1370 fuerunt,

1015 1391 1067 1411 non
1084 1385 1297 1411 conversationis
1319 1388 1474 1418 argumenta
1493 1393 1499 1411 :
1515 1383 1564 1410 ista
1581 1384 1793 1411 conversationis

183 1423 301 1458 στροφῆς
326 1423 432 1459 ὑπῆρχε
455 1424 605 1459 τεκμήρια·
623 1423 709 1450 ταῦτα
731 1425 960 1459 συναναστροφῆς,

1016 1434 1088 1462 sunt,
1103 1437 1154 1457 non
1168 1429 1278 1457 visionis
1301 1429 1444 1463 praeconia.
1467 1428 1605 1462 Quomodo
1630 1429 1710 1462 igitur
1728 1429 1765 1455 ait
1785 1438 1792 1456 :

182 1468 228 1494 καὶ
249 1468 299 1495 οὐκ
318 1468 450 1499 ὀπτασίας
471 1468 599 1502 τυγχάνει
624 1467 799 1504 κηρύγματα.
827 1468 889 1499 Πῶς
916 1465 963 1494 οὖν

182 1514 278 1549 φησίν·
304 1513 400 1547 Αὐτὸς
423 1515 439 1541 ό
462 1514 568 1548 Κύριος
593 1514 668 1548 ἣξει,
686 1514 734 1541 καὶ
754 1513 846 1541 σώσει
868 1514 963 1549 ripae;

181 1560 271 1596 Δέγῃς
292 1559 325 1587 ἂν
339 1560 415 1595 ἡμῖν,
440 1555 463 1585 ὢ
489 1559 619 1595 μακάριε.
645 1559 707 1591 Πῶς
728 1559 743 1585 ὸ
760 1559 964 1594 ἀσχημάτιστος

182 1605 391 1641 σχηματίζεται;
409 1606 423 1632 ὁ
439 1605 575 1641 ἀκίνητος,
593 1605 646 1631 ἀπὸ
671 1604 725 1632 τῶν
750 1604 882 1640 οὐρανίων
901 1605 963 1640 θρό-

181 1659 234 1678 νων
256 1651 301 1677 Arri.
319 1651 369 1686 τῆς
386 1650 439 1685 γῆς
460 1650 541 1677 πάλιν
559 1649 794 1685 ἀντιμεθίσταταις
810 1650 873 1686 εἴπῃ
892 1649 915 1676 δ’
931 1650 964 1676 ἂν

182 1697 249 1732 πρὸς
263 1697 361 1728 αὐτοὺς
373 1695 499 1723 ἀπαντῶν
510 1697 524 1722 ὁ
532 1695 602 1727 θεῖος
615 1692 691 1727 οὗτος
701 1696 770 1730 ἀνὴρ
778 1704 786 1711 ·
794 1695 854 1721 ’Ότι
864 1695 896 1721 δι’
908 1695 964 1721 ἐτέ-

183 1751 236 1778 ρων
251 1743 347 1776 λογίων
362 1742 406 1768 τὸν
422 1741 520 1777 τρόπον
542 1741 677 1776 ἠκούσατε
696 1740 744 1776 τῆς
763 1740 923 1775 παρουσίας,
938 1740 964 1766 τί

182 1789 318 1824 περισσῶς
342 1788 591 1823 πολυπραγμονεῖτε
616 1786 732 1813 ἐνταῦθα
754 1786 784 1812 τὸ
806 1786 910 1820 λόγιον;
929 1787 964 1812 Ἢ

181 1833 292 1868 λέληθεν
308 1833 379 1868 ὑμᾶς
403 1833 433 1859 τὸ
456 1832 610 1868 εἰρημένον,
634 1832 674 1858 ὅτι
702 1832 736 1858 Ἡ
760 1830 908 1865 παρθένος
929 1831 965 1857 ἐν

182 1877 286 1911 γαστρὶ
303 1877 374 1910 ἕξει,
391 1876 442 1903 καὶ
457 1876 572 1908 τέξεται
581 1875 659 1906 υἱὸν,
678 1875 727 1903 καὶ
746 1874 916 1902 καλέσουσι
930 1874 963 1901 τὸ

182 1921 276 1956 ὄνομα
293 1922 384 1949 αὑτοῦ
409 1921 611 1956 Ἐμμανουὴλ,
631 1921 648 1947 ὅ
663 1921 730 1948 ἐστι
748 1921 965 1955 μεθερμηνευό-

179 1977 283 2003 μενον,
298 1970 367 1996 Μεθ’
383 1969 467 2004 ἡμῶν
483 1970 500 1996 δ
520 1969 607 2001 Θεός;
622 1968 638 2003 ἢ
655 1968 704 1994 οὑκ
718 1967 854 2002 ἀκηκόατε
871 1966 900 1993 τὸ
919 1974 965 2001 γε-

182 2014 350 2050 γραμμένον,
368 2015 409 2041 ὃτι
428 2013 552 2053 Παιδίον
571 2013 716 2048 ἐγεννήθη
733 2013 816 2047 ἡμῖν,
834 2012 900 2045 υίὸς
913 2012 963 2039 καὶ

182 2060 270 2094 ἐδόθη
288 2060 369 2094 ἡμῖν,
387 2058 422 2088 οὗ
436 2060 455 2093 ἡ
475 2060 553 2094 ἀρχὴ
570 2059 619 2086 ἐπὶ
635 2059 688 2086 τοῦ
705 2058 785 2093 ὤμου
801 2057 903 2089 αὐτοῦ,
916 2057 964 2084 καὶ

1014 1475 1075 1510 Ipse
1089 1475 1214 1502 Dominus
1231 1475 1323 1507 vertiet,
1340 1480 1363 1502 et
1379 1475 1485 1502 salvabit
1503 1475 1569 1502 nos?
1586 1473 1690 1501 Dixeris
1707 1474 1795 1507 nobis,

1014 1528 1031 1548 ο
1048 1522 1147 1548 beate:
1164 1521 1297 1555 quomodo
1317 1520 1455 1554 figuratur,
1484 1519 1511 1546 in
1536 1526 1616 1554 quem
1646 1526 1698 1546 non
1724 1519 1797 1546 cadit

1014 1566 1117 1602 ﬁgura?
1133 1566 1331 1600 immobilisque
1357 1565 1390 1593 ab
1407 1565 1562 1592 coelestibus
1577 1565 1694 1597 sedibus,
1719 1564 1797 1591 dere-

1014 1611 1077 1639 licta
1098 1619 1203 1638 rursum
1225 1611 1349 1644 statione,
1374 1610 1399 1637 in
1423 1614 1520 1637 terram
1545 1608 1730 1637 transfertur?
1749 1609 1796 1636 His

1014 1664 1078 1684 vero
1095 1657 1136 1684 vir
1161 1656 1267 1684 divinus
1286 1656 1444 1687 occurrerit,
1468 1655 1561 1683 diccns
1581 1653 1664 1682 :Alio
1688 1655 1797 1682 oraculo

1015 1703 1141 1730 traditum
1163 1702 1302 1730 audivistis
1323 1703 1453 1729 adventus
1470 1701 1587 1729 modum.
1604 1701 1672 1734 Quid
1688 1701 1731 1729 hic
1747 1709 1795 1729 su-

1014 1754 1178 1782 pervacanea
1197 1747 1351 1774 curiositate
1372 1746 1513 1781 quuiritis
1534 1746 1692 1774 oraculum?
1713 1745 1796 1780 Fugit

1015 1798 1062 1818 vos
1086 1791 1185 1818 dictum
1213 1790 1299 1817 illud:
1320 1788 1388 1817 Ecce
1405 1790 1476 1824 uirgo
1491 1789 1592 1816 habebit
1616 1790 1642 1816 in
1664 1794 1747 1822 utero,
1771 1794 1795 1816 et

1013 1837 1096 1872 pariet
1110 1837 1205 1871 ﬁlium,
1222 1841 1245 1863 et
1260 1836 1385 1863 vocabunt
1405 1843 1498 1862 nomen
1519 1835 1576 1869 ejus
1594 1834 1794 1862 Emmanuel":

1014 1884 1084 1918 quod
1106 1883 1299 1918 interpreteris,
1314 1882 1456 1908 Nobiscum
1469 1879 1559 1907 Deus?
1573 1879 1667 1908 Nonne
1680 1880 1792 1907 audistis

1014 1928 1085 1962 quod
1105 1929 1233 1962 scriptum
1253 1932 1305 1960 est,
1325 1927 1387 1961 quia
1406 1926 1537 1953 Parvulas
1557 1930 1634 1952 natus
1651 1930 1687 1952 est
1709 1925 1793 1958 nobis,

1013 1974 1085 2008 ﬁlius
1102 1979 1125 2000 et
1141 1973 1218 2000 datus
1232 1978 1268 1999 est
1287 1973 1370 2005 nobis,
1389 1971 1463 2005 cujus
1479 1971 1641 2005 principatus
1653 1978 1730 2004 super
1748 1970 1796 1996 ltu-

1013 2023 1112 2042 merum
1126 2016 1194 2049 ejus,
1214 2020 1238 2042 et
1254 2020 1363 2042 vocatur
1385 2022 1476 2041 nomen
1495 2014 1561 2048 ejus.
1581 2014 1670 2049 magni
1693 2014 1796 2041 consilii

1013 2058 1120 2094 angelus
1135 2068 1145 2087 :
1161 2059 1334 2091 admirabilis,
1350 2058 1528 2090 consiliarius,
1556 2058 1624 2085 Deus
1641 2057 1730 2092 fortis,
1749 2066 1796 2092 po-

183 2104 315 2132 κιιιεῖται
336 2105 369 2131 τὸ
389 2104 481 2139 ὄνομα
493 2104 596 2137 αὑτοῦ,
609 2103 742 2139 μεγάλης
750 2103 870 2138 βουλῆς
881 2103 965 2138 ἀγγε-

1016 2109 1083 2137 tens,
1097 2105 1215 2139 princeps
1236 2105 1324 2139 pacis,
1348 2109 1422 2139 paler
1442 2103 1524 2138 futuri
1541 2103 1681 2132 steauli"?
1703 2103 1743 2131 Ex
1763 2104 1796 2132 iis

182 2151 248 2184 λος,
260 2149 439 2185 θαυμαστὸς,
453 2151 632 2185 σύμϐουλος,
645 2149 717 2183 Θεὸς
729 2149 862 2184 Ισχυρὸς,
877 2149 964 2181 ἐξου-

180 2196 322 2231 σιαστὴς,
347 2196 446 2230 ἄρχων
461 2195 592 2230 εἰρήνης,
609 2195 708 2230 πατὴρ
729 2195 782 2222 τοῦ
798 2187 964 2230 μέλλοντος

182 2242 360 2275 αἰῶνος;Ἐκ
373 2241 474 2269 τούτων
485 2241 538 2268 τῶν
550 2242 634 2276 λόγων
656 2241 701 2268 τὸν
716 2241 816 2277 τρόπον
832 2241 883 2276 τῆς
895 2249 964 2276 παρ-

180 2288 275 2319 ουσίας
304 2288 451 2322 ἐπέγνωτε.
490 2287 626 2323 Παρθένος
660 2287 714 2323 γὰρ
743 2287 879 2323 ἄφθαρτος
894 2287 963 2314 ἀπο-

183 2333 278 2368 κυήσει
309 2332 470 2368 σωματικῶς
496 2333 543 2359 τὸν
568 2332 664 2368 λύχνον
687 2332 733 2360 τὸν
747 2332 894 2372 ,ἄφθαρτον
911 2331 960 2367 (5).

219 2389 240 2404 ¹⁷
255 2388 322 2416 Gen.
337 2397 405 2422 xvu,
423 2389 449 2416 I.
488 2388 604 2416 mExod.
620 2396 660 2421 ιιι,
682 2388 710 2415 2.
749 2387 832 2415 l9Isa.
854 2395 891 2420 vr,
912 2387 940 2415 2.
976 2387 998 2403 ¹⁰

183 2423 206 2439 ’³
217 2423 267 2451 lsa.
284 2432 322 2457 rx,
335 2423 360 2451 6.

220 2494 257 2529 (5)
280 2493 336 2520 Τὸν
350 2493 466 2528 λύχνον
481 2493 534 2520 τὸν
548 2493 708 2529 ἇφθιιρτοιτ.
728 2491 802 2529 Solet
818 2491 913 2519 crebro
931 2491 959 2518 in

184 2527 323 2563 Scriptura
352 2527 546 2563 per'luceruam
563 2527 696 2563 designari
714 2527 802 2561 proles
811 2530 838 2563 et
850 2533 960 2563 seme_n_;

185 2564 210 2590 in
233 2560 283 2597 q'ua
308 2560 438 2596 igniculus
463 2563 550 2590 Patris
572 2568 599 2590 et
616 2562 696 2589 Pater
714 2560 790 2588 velut
808 2561 890 2597 vivatt
916 2560 963 2588 Sic

182 2595 291 2624 Jattsen.
316 2598 379 2625 illud
393 2597 458 2631 psal.
477 2605 568 2628 cxxxt,
585 2597 681 2624 Paraui
703 2597 835 2623 lucernam
858 2595 962 2631 Cluristo

183 2640 250 2664 meo,
262 2630 503 2667 paraphrasticdis:
520 2631 616 2659 Paraui
630 2633 697 2659 enim
713 2636 789 2667 uncto
806 2638 862 2657 meo
878 2630 962 2667 Dauid

184 2665 373 2699 posteritatem,
394 2675 452 2700 qua:
465 2675 512 2693 sua
533 2667 652 2694 claritate
672 2671 696 2692 et
718 2665 817 2699 gloria,
832 2665 906 2700 quasi
921 2665 963 2691 lu-

149 2706 153 2709 '
185 2709 261 2728 cerno
277 2702 397 2736 qutrdam
408 2702 549 2728 illustrabit
566 2701 671 2728 Dnvidis
691 2708 782 2736 nomen
797 2708 815 2736 :7
826 2700 869 2736 ubi
885 2700 961 2734 plura

186 2735 213 2762 in
231 2734 289 2763 eam
315 2744 382 2764 rem.
409 2736 464 2763 Prze
483 2737 608 2764 omnibus
629 2740 716 2763 autem
735 2734 784 2762 fttit
807 2735 898 2762 Maria:
922 2735 963 2761 lu-

1018 2151 1187 2178 sermouibus
1206 2151 1342 2185 cognitum
1370 2150 1474 2178 habetis
1498 2150 1606 2177 modum
1635 2150 1794 2185 praesentiae.

1017 2194 1100 2231 Virgo
1110 2196 1181 2223 enim
1201 2196 1355 2230 incorrupta
1382 2196 1499 2222 nesciam
1523 2195 1594 2222 illam
1617 2195 1796 2230 corruptionis

1017 2240 1153 2268 lucernam
1192 2240 1324 2274 corporali
1366 2240 1470 2267 ratione
1506 2240 1648 2274 concipiet.
1685 2238 1797 2274 Oportet

1016 2285 1087 2313 enim
1102 2289 1132 2312 ut
1149 2292 1179 2312 se
1190 2284 1236 2312 Dei
1254 2284 1369 2312 Verbum
1391 2284 1609 2320 augustissimum
1631 2284 1664 2312 ad
1685 2291 1795 2312 carnem

1014 2337 1099 2366 usque
1116 2331 1192 2359 nobis
1209 2331 1333 2362 inclinet;
1349 2334 1378 2358 ut
1397 2338 1465 2365 quos
1482 2331 1637 2365 incorporea
1657 2330 1797 2358 divinitate

1016 2387 1114 2415 ltzeclr.
1131 2395 1158 2421 ι,
1179 2392 1231 2415 etc.
1270 2376 1295 2404 ἰ’
1311 2387 1416 2416 Baruch
1440 2395 1482 2421 ιιι,
1498 2387 1541 2416 58.
1580 2388 1602 2404 ¹¹
1619 2387 1671 2415 Isa.
1688 2394 1736 2420 vtr,
1752 2387 1796 2414 H.

1013 2497 1093 2517 cerua
1114 2489 1243 2516 Dominus
1264 2488 1361 2520 Jesus,
1379 2487 1424 2522 qui
1441 2487 1484 2514 lux
1505 2487 1537 2514 de
1553 2486 1612 2514 luce
1631 2489 1760 2522 a-ternum
1781 2492 1796 2511 a

1014 2525 1094 2552 Patre
1106 2524 1197 2559 prodit
1209 2532 1216 2555 ;
1233 2521 1434 2559 [Illlllllllllfﬂflut‘
1447 2527 1475 2549 et
1490 2530 1566 2559 suum
1577 2521 1734 2559 dignatione
1750 2528 1796 2553 ge-

1013 2567 1076 2591 nus,
1096 2555 1196 2586 carnali
1211 2566 1243 2585 ex
1262 2565 1292 2585 ea
1308 2555 1466 2588 uativitate,
1483 2558 1516 2583 ad
1530 2557 1627 2583 divina
1639 2555 1706 2582 lucis
1720 2562 1796 2581 com-

1015 2594 1156 2625 mercium,
1173 2594 1342 2621 deilicatione
1358 2592 1508 2619 admirabili
1522 2590 1612 2629 evehit
1627 2598 1634 2616 :
1650 2593 1679 2616 ut
1693 2593 1795 2629 tantum

1016 2629 1096 2656 faciat
1129 2629 1250 2656 homines
1276 2629 1357 2658 deos,
1384 2631 1513 2661 quantum
1539 2626 1624 2653 factus
1652 2629 1694 2661 est
1722 2626 1796 2661 ipso,

1016 2665 1096 2691 homo
1111 2673 1117 2690 :
1144 2669 1173 2690 ut
1193 2664 1286 2698 ingens
1303 2664 1347 2690 illa
1363 2659 1502 2698 theologia:
1515 2659 1798 2698 _lucc_t:na_Grego_rius

1015 2699 1155 2726 audentius
1183 2694 1294 2733 protulit
1331 2694 1493 2732 exponitque
1515 2696 1545 2723 D.
1576 2694 1707 2722 Maximus
1730 2694 1796 2722 dub.

1016 2735 1049 2761 ad
1063 2733 1205 2766 Thomam,
1219 2738 1269 2761 etc.
