1904 3054
137 93 185 124 '51
690 99 818 130 omne
837 101 869 130 IN
890 103 1076 132 occunscu
1097 105 1221 133 DOMINI.
1730 101 1763 129 5³

149 152 266 182 πτῶσιν
293 156 340 183 καὶ
360 157 529 184 ἀνάστασιν
549 158 673 186 πολλῶν
691 161 725 186 ἐν
747 160 786 193 τῷ
803 162 921 195 Ἰσραὴλ

984 164 1083 198 positus
1100 169 1136 190 est
1151 165 1178 190 in
1194 164 1297 189 ruinam
1312 168 1335 188 et
1355 166 1565 188 resurrectionem
1579 161 1720 192 [nullorum
1735 161 1763 186 in

150 200 200 227 καὶ
211 202 255 233 εις
269 201 395 236 σημεῖον
407 203 636 238 ἀντιλεγόμενον
646 213 653 220 δ
672 206 784 240 σημεῖον
801 205 933 238 ἀντιλεγό-

150 255 230 281 μενον
248 247 292 274 τὸν
309 248 423 283 σταυρὸν
437 248 670 284 προσαγορεύσας.
689 249 738 275 Διὰ
758 249 800 281 τί;
825 249 932 284 Ἐπειδὴ

149 293 179 319 ἓν
193 293 266 327 αὐτῷ
281 292 319 328 τῷ
330 293 437 328 σταυρῷ
453 294 544 320 πολλοὶ
567 294 620 320 τῶν
640 294 762 321 ἀπίστων
782 294 932 328 ἀντιλογίας

149 338 338 373 προσήνεγκαν
362 339 401 374 τῷ
424 339 528 374 Κυρίῳ,
543 340 590 366 καὶ
605 339 694 374 λόγοις
713 340 759 366 καὶ
772 340 862 376 ἔργοις
877 348 930 366 κω-

149 383 316 418 μῳδοῦντες,
342 384 401 416 ὅξος
430 385 595 417 ποτίζοντες,
625 385 705 420 χολὴν
737 385 929 420 προσάγοντες,

147 428 290 455 ἀκάνθινον
310 429 439 464 στέφανον
456 430 621 466 περιθέντες,
643 430 728 466 λόγχῃ
742 430 792 466 τὴν
812 430 931 465 πλευρὰν

147 473 298 505 νύττοντες,
318 475 395 510 χερσὶ
416 475 586 510 ραπίζοντες,
604 476 787 507 ὀνειδιστικοῖς
816 475 931 510 βοῶντες

145 519 251 553 λόγοις·
269 520 401 554 Ἄλλους
415 521 544 553 ἔσωσεν,
562 521 669 548 ἑαυτὸν
680 523 715 548 οὐ
734 521 857 548 δύναται
872 521 930 548 σῶ-

145 572 208 591 σαι.
224 564 308 591 Τοῦτο
322 563 368 592 οὖν
385 565 541 601 ἑρμηνεύων
555 567 569 592 ὁ
582 565 692 601 Συμεὼν
710 566 785 600 ἑλεγε
795 574 802 581 ·
817 566 870 594 Καὶ
887 567 930 599 εἰς

145 609 271 643 σημεῖον
280 610 519 645 ἀντιλεγόμενον.
532 611 628 638 Πολλοὶ
638 611 693 647 γὰρ
708 612 833 638 ἀντεῖπον
843 621 849 626 ·
865 612 879 638 ὃ
897 621 928 639 τε

145 655 247 689 Πέτρος
259 656 404 690 ἠρνήσατο,
423 656 467 682 καὶ
480 657 579 688 πάντες
593 657 617 683 οἱ
640 657 783 683 ἀπόστολοι
801 657 837 689 ὡς
850 658 928 684 ἀποί-

146 709 234 735 μαντα
248 701 371 736 πρόϐατα
382 701 599 736 διεσκορπίζσντο
610 712 617 718 ·
634 703 663 729 ἐν
680 702 718 737 τῷ
730 700 775 729 οὖν
792 703 929 738 σταυρικῷ

144 746 258 781 σημείῳ,
272 747 318 772 καὶ
332 747 416 782 αὐτῆς
428 747 478 782 τῆς
493 747 630 783 Παρθένου
643 748 819 784 ἐπεπλήρωτο
834 749 850 783 ἠ
862 757 928 783 καρ-

142 791 186 818 δία
203 791 304 826 λύπης·
315 793 354 819 διὸ
366 793 412 819 καὶ
426 793 503 827 ἔλεγε
515 801 522 808 '
537 793 586 820 Διὰ
599 793 625 819 τί
641 793 678 828 μὴ
691 793 907 828 προετελεύτησα
918 802 925 826 ;

143 837 192 863 Διὰ
209 837 234 864 τί
247 838 274 864 δὲ
293 838 341 873 τὴν
358 838 464 873 ἡμέραν
479 838 580 873 ταύτην
603 839 768 870 κατέλαῦονς
789 839 926 873 Παρθένος
942 831 962 858 Β

144 883 296 918 μεμένηκα,
313 884 359 910 καὶ
373 883 484 919 μείζονα
499 883 634 919 μητρῴοις
645 885 701 915 τοῖς
713 884 877 918 σπλάγχνοις
886 885 929 911 δά.

141 937 251 964 κνομαι.
267 929 383 960 Τούτους
405 929 467 960 τοὺς
481 929 611 964 ἀπείρους
625 929 771 965 λογισμοὺς
789 929 838 964 τῆς
855 931 928 966 Παρ-

141 974 230 1006 θένου,
242 975 377 1009 ῥομφαίαν
388 975 402 1001 ό
414 974 525 1010 Συμεὼν
532 975 760 1010 προσηγόρευσεν,
774 975 811 1006 ὡς
822 975 928 1001 νύττον-

139 1027 190 1050 τας
208 1019 243 1045 τὰ
258 1019 389 1052 ἐνδόσθια,
402 1019 439 1051 ὡς
461 1020 595 1047 σκάνδαλα
611 1021 815 1055 προσοίσοντας,
835 1020 927 1052 καθὼς

140 1065 188 1092 καὶ
208 1066 222 1092 ὁ
240 1066 340 1100 Κύριος
353 1067 480 1101 προεῖπε·
503 1066 617 1099 Πάντες
632 1067 667 1093 ἐν
684 1066 748 1101 ἐμοὶ
764 1067 927 1094 σκανδαλι-

140 1110 293 1144 σθήσεσθε
306 1111 340 1137 ἐν
354 1111 390 1145 τῇ
403 1111 490 1138 νυκτὶ
506 1112 598 1145 ταύτῃ
608 1120 614 1126 ·
627 1111 688 1138 ὅθεν
700 1112 746 1139 καὶ
759 1113 896 1148 ἐπήγαγεν
913 1114 926 1140 ὁ

141 1156 252 1192 Συμεὼν
269 1157 398 1190 φάσκων·
425 1157 478 1184 Καὶ
503 1157 561 1184 σοῦ
581 1157 614 1183 δὲ
635 1158 730 1191 αὐτῆς
745 1158 802 1191 τὴν
820 1158 927 1192 ψυχὴν

139 1202 323 1230 διελεύσεται
330 1203 472 1237 ῥομφαία,
487 1203 566 1235 ὅπως
581 1203 618 1229 ἂν
629 1203 883 1237 ἀποκαλυφθῶσιν
891 1204 926 1231 ἐκ

140 1247 262 1274 πολλῶν
290 1247 420 1280 καρδιῶν
450 1247 648 1282 διαλογισμοί.
673 1248 746 1283 "Op:
777 1249 835 1280 πῶς
863 1249 926 1280 τοὺς

140 1293 270 1327 ἀπείρους
290 1293 481 1328 διαλογισμοὺς
508 1294 644 1329 ῥομφαίαν
669 1295 889 1330 προσηγόρευσεν
911 1296 926 1322 ὁ

140 1338 261 1374 Συμεὼν,
279 1339 316 1370 ὡς
333 1339 477 1376 νύττοντας
494 1339 528 1366 τὰ
551 1340 683 1372 ἐνδόσθια,
701 1340 739 1372 ὡς
755 1340 926 1375 ἁπτομένους

139 1384 244 1420 νεφρῶν
262 1385 310 1411 καὶ
320 1384 434 1420 μυελῶν.
446 1384 556 1416 Τούτοις
569 1385 596 1411 δὲ
611 1385 775 1421 περιέπεσεν
791 1386 808 1420 ἡ
824 1385 926 1420 Παρθέ-

139 1438 189 1467 vo;
200 1430 292 1465 Μαρία
306 1431 373 1465 (59),
388 1430 501 1466 μηδέπω
511 1431 559 1466 τὴν
570 1431 682 1466 δύναμιν
694 1431 742 1466 τῆς
753 1431 925 1462 ἀναστάσεως

139 1476 240 1503 εξδυῑα⁶
254 1476 300 1502 καὶ
314 1477 354 1503 ὅτι
368 1477 401 1502 ὲκ
414 1477 541 1510 γειτόνων
553 1478 570 1512 ἡ
582 1477 738 1508 ἀνάστασις,
752 1477 855 1503 οὐδέπω
869 1478 926 1510 ὲγί-
938 1493 959 1520 C

139 1529 252 1548 νωσκεν.
270 1521 350 1548 Ὅθεν
366 1521 434 1556 μετὰ
449 1521 497 1556 τὴν
521 1521 678 1553 ἀνάστασιν,
696 1521 787 1547 οὐκέτι
804 1521 925 1556 ῥομφαία

139 1566 280 1601 δίστομοςθ
306 1566 363 1592 ἀλλ’
387 1566 539 1601 εὐφροσύνη
560 1566 606 1592 καὶ
619 1565 787 1600 ἀγαλλίασις.
809 1566 925 1601 Σημεῖον

138 1611 226 1638 τοίνυν
255 1611 417 1646 ἀντιλογίας,
435 1611 465 1637 τὸ
487 1611 632 1646 σταυρικὸν
652 1614 762 1646 σημεῖον
780 1612 793 1637 ὁ
813 1610 925 1646 Συμεὼν

139 1657 369 1692 προσηγόρευσεν,
391 1657 419 1683 ἐν
435 1653 457 1690 ᾧ
473 1656 560 1692 καιρῷ
580 1656 700 1691 ῥομφαία
722 1657 859 1692 λογισμῶν
876 1656 925 1692 τὴν

139 1701 275 1736 Παρθένον
282 1701 342 1736 (40)
355 1701 470 1736 διῆλθεν.
485 1703 562 1728 Ἔστι
581 1701 609 1728 δὲ
625 1702 733 1734 πάντως
748 1703 834 1729 εἰπεῖν
848 1711 923 1729 τινα·

139 1746 193 1780 καὶ
207 1745 288 1772 πόθεν
302 1747 366 1780 ἡμῖν
381 1747 397 1781 ἡ
409 1746 560 1778 ἀπόδειξιςς
577 1745 621 1778 Ἐξ
634 1746 722 1772 αὐτῶν
736 1746 789 1772 τῶν
803 1746 849 1772 τοῦ
867 1747 923 1772 Κυ-

140 1791 197 1827 ρίου
214 1791 395 1827 διδαγμὰτων.
415 1791 512 1819 Ἄκουε
525 1792 608 1819 αὐτοῦ
627 1793 767 1826 λέγοντος*
790 1793 825 1819 'II
839 1793 925 1828 γενεὰ

137 1838 223 1871 αὕτη,
242 1838 328 1872 γενεὰ
342 1839 458 1871 ποι-ηρὰ
478 1839 556 1865 ἐστι·
573 1837 699 1873 σημεῖον
725 1837 862 1872 emtum/7,
875 1838 925 1865 καὶ

138 1884 264 1920 σημεῖον
278 1886 314 1912 οὐ
333 1885 491 1918 δοθήσεται
517 1885 606 1918 αὐτῇ,
627 1887 653 1912 εὶ
672 1886 715 1919 μὴ
740 1885 773 1911 τὸ
787 1885 926 1919 ,σημεῖον

144 1930 221 1957 Ἰωνᾶ
236 1931 288 1957 τοῦ
301 1930 466 1964 προφήτου.
479 1931 592 1962 Ὥσπερ
605 1931 660 1965 γὰρ
674 1929 713 1964 ἦν
732 1929 828 1963 Ἰωνᾶς
842 1931 877 1956 ἐν
888 1930 925 1965 τῇ

137 1976 234 2009 κοιλίᾳ
255 1975 305 2002 τοῦ
328 1975 449 2009 κήτους.
464 1976 557 2008 οὕτως
576 1976 661 2002 ἔσται
679 1976 727 2002 καὶ
744 1978 760 2003 ό
784 1977 850 2010 Υἱὸς
871 1977 925 2004 τοῦ

136 2020 291 2055 ἀνθρώπου
301 2021 335 2048 ἐν
348 2021 385 2055 τῇ
399 2021 504 2055 καρδίᾳ
516 2021 570 2056 τῆς
584 2021 650 2056 γῆς,
664 2021 742 2055 τρεῖς
756 2021 868 2055 ἡμέρας
876 2022 925 2048 καὶ

137 2066 214 2100 τρεῖς
233 2067 354 2099 νύκτας.
379 2066 460 2101 Ὁρᾷς
479 2066 537 2097 πῶς
559 2065 589 2092 τὸ
604 2066 748 2100 σταυρικὸν
764 2066 850 2097 πάθος
875 2075 923 2101 σηι

139 2112 211 2144 μεῖον
226 2109 442 2146 προσηγορεύθη,
457 2110 486 2136 οὐ
505 2110 583 2145 μόνον
597 2110 626 2136 ὲν
637 2111 669 2145 τῇ
686 2111 772 2145 Καινῇ
787 2109 922 2146 Διαθήκῃ,

984 209 1085 242 Israel;
1102 214 1125 235 et
1142 210 1169 236 in
1189 209 1291 243 signum
1305 209 1348 234 cui
1361 208 1556 234 contrudit-(itur
1566 214 1576 233 :
1591 206 1696 240 signum
1719 204 1762 232 cui

982 254 1187 285 contradicitur.
1206 261 1313 281 erucem
1326 253 1472 287 appellans.
1487 251 1680 285 Quamobrem?
1695 251 1761 283 Quia

982 300 1058 328 multi
1081 299 1201 326 inlideles
1226 299 1252 325 in
1280 298 1335 332 ipsa
1360 305 1439 324 cruce
1462 297 1682 324 contradiverunt
1707 297 1761 322 [m-

982 345 1064 377 mino,
1078 349 1105 372 et
1115 345 1204 371 verbis
1214 347 1241 370 et
1254 343 1331 370 factis
1343 343 1522 374 traducentes,
1537 346 1659 376 potantes
1672 347 1760 372 aceto.

981 390 1016 417 Μ
1032 390 1215 421 admoventes,
1231 389 1401 423 imponentes
1414 396 1542 415 coronatn
1557 387 1688 421 spineam,
1704 386 1762 412 lan-

981 443 1026 462 cea
1043 435 1172 462 fodientes
1188 435 1268 467 latus,
1287 433 1412 460 manibus
1427 433 1520 460 dantes
1533 432 1632 464 alapas,
1647 432 1760 466 probro-

980 481 1017 507 sis
1043 480 1205 507 clamoribus
1230 478 1388 513 sugillantes
1407 487 1414 505 :
1431 478 1504 503 Alios
1533 477 1617 503 salvos
1643 476 1714 510 fecit,
1734 485 1761 502 se

979 525 1063 559 ipsum
1088 533 1137 551 non
1156 528 1239 556 potest
1258 523 1358 549 salvum
1369 522 1454 556 facere
1466 521 1500 547 ⁷⁸.
1522 521 1576 548 Hoc
1598 527 1663 554 ergo
1679 528 1761 554 expo-

979 578 1046 598 nens
1059 571 1168 597 Sitneon
1179 590 1186 601 ,
1206 569 1312 596 dicebat
1328 577 1335 595 :
1355 567 1385 594 Et
1401 568 1428 594 in
1451 567 1553 602 signum
1572 567 1614 592 cui
1628 566 1761 592 conn-ruli-

979 621 1063 642 cnlur.
1075 615 1148 641 Multi
1160 614 1290 648 siquidem
1301 612 1533 642 contradixerunt,
1546 611 1652 645 quando
1663 610 1760 637 Petrus

979 661 1101 696 negavit;
1123 660 1229 694 quando
1248 666 1342 685 omnes
1364 657 1476 692 apostoli
1499 657 1569 684 velut
1595 665 1657 684 oves
1669 661 1761 690 pasto-

978 715 1035 734 rem
1047 714 1097 734 uon
1117 707 1258 738 habt-mes,
1272 705 1380 731 fuerunt
1392 704 1515 738 dispersi.
1532 703 1592 730 Fuit
1603 711 1666 737 ergo
1678 702 1761 736 ipsius

977 753 1057 779 etiam
1085 751 1201 786 Virginis
1225 759 1271 778 cor
1302 750 1409 777 tristitia
1440 749 1594 784 impletum,
1623 749 1648 775 in
1672 749 1760 776 crucis

978 799 1062 833 signo.
1082 798 1170 830 Quare
1193 797 1273 824 etiam
1299 796 1423 823 diccbat:
1442 795 1539 829 lltquid
1562 804 1612 822 nun
1631 795 1703 829 prior
1719 794 1759 821 vi-

978 845 1018 871 vis
1040 843 1161 871 exceSSi‘!
1188 842 1252 877 quid
1278 843 1309 869 ad
1337 842 1406 868 hanc
1431 842 1501 868 diem
1527 841 1654 875 perveni?
1679 840 1759 874 Virgo

978 890 1075 918 ma'nsi.
1095 893 1122 915 et
1144 889 1177 915 ita
1196 895 1316 919 manens,
1333 887 1448 920 majores
1463 887 1590 914 maternis
1612 887 1760 913 visceribus

978 935 1084 962 dolores
1101 934 1198 961 sentio.
1216 933 1301 960 llasce
1317 933 1471 959 innumeras
1485 932 1602 966 Virginis
1619 931 1760 965 cogitatio-

978 987 1025 1008 nes
1048 979 1157 1006 Simeon
1172 979 1315 1015 appellavit
1328 979 1455 1014 gladium,
1469 978 1542 1004 velut
1555 985 1616 1012 quze
1630 976 1757 1004 scandala

977 1026 1108 1058 allatum,
1121 1026 1223 1052 viscera
1238 1025 1408 1052 vulnerarent
1420 1030 1427 1049 :
1441 1023 1665 1058 quemmhnodntn
1676 1024 1758 1049 etiam

976 1071 1097 1106 prtedixit
1117 1071 1264 1097 Dominus:
1284 1069 1378 1097 Omnes
1399 1070 1425 1095 in
1446 1077 1486 1095 me
1503 1067 1657 1095 smndalum
1675 1068 1760 1100 patie-

976 1116 1040 1143 mini
1063 1116 1090 1142 in
1113 1120 1186 1142 nocte
1207 1116 1258 1142 ista
1273 1115 1306 1144 "".
1326 1114 1399 1141 Unde
1427 1115 1508 1140 etiam
1534 1113 1629 1146 adjecit
1650 1112 1758 1139 Sintenn

977 1162 1004 1188 in
1022 1163 1078 1188 lucc
1091 1162 1174 1188 verba
1188 1170 1194 1187 :
1209 1161 1242 1187 Et
1264 1165 1337 1187 luant
1358 1159 1439 1193 ipsius
1455 1159 1570 1185 animant
1583 1158 1682 1184 doloris
1698 1158 1757 1191 gla-

977 1208 1036 1233 dius
1059 1206 1239 1241 perlransibit,
1259 1211 1286 1232 ut
1307 1205 1451 1231 revelantur
1474 1212 1506 1231 ea;
1526 1203 1615 1230 multis
1638 1203 1759 1229 cordibus

976 1252 1142 1286 cogitationes
1153 1251 1186 1277 ⁷⁸.
1205 1250 1270 1278 Vide
1296 1254 1326 1276 ut
1355 1250 1464 1276 Simeon
1485 1249 1639 1275 innumeras
1661 1247 1761 1281 cogitn-

977 1297 1065 1324 tiones
1081 1297 1198 1332 gladium
1211 1295 1367 1327 vocavcrit;
1385 1295 1456 1321 velut
1475 1302 1533 1328 quzc
1545 1293 1658 1320 ferirent
1674 1293 1759 1320 visce-

977 1349 1024 1374 ra;
1041 1342 1113 1368 velut
1133 1349 1192 1376 qua:
1213 1348 1290 1367 renes
1312 1339 1495 1372 medullasque
1512 1338 1706 1371 contingerent.
1733 1337 1760 1363 ln

976 1388 1025 1414 has
1039 1391 1127 1414 autem
1144 1386 1238 1414 incidit
1255 1385 1335 1421 Virgo
1352 1385 1445 1418 Maria,
1459 1384 1529 1418 qttod
1545 1385 1660 1410 nondum
1678 1383 1760 1410 sciret

976 1433 1028 1459 vim
1046 1432 1266 1462 resurrectionis,
1285 1431 1355 1465 quod
1367 1431 1514 1457 etiamnum
1530 1428 1759 1456 resurrectionem

977 1479 1002 1505 in
1019 1478 1168 1512 propinquo
1178 1484 1238 1504 esse
1253 1477 1396 1511 ignoraret.
1413 1474 1489 1502 Unde
1506 1479 1564 1508 post
1580 1472 1756 1500 resurrectio-

977 1531 1051 1554 nem,
1068 1530 1119 1550 non
1131 1523 1186 1556 jam
1209 1522 1323 1557 amplius
1343 1521 1446 1554 gladius
1472 1526 1582 1553 anceps,
1605 1518 1650 1545 scd
1666 1517 1758 1544 laetitia

976 1573 1056 1602 atque
1069 1568 1213 1595 exsultatio
1231 1573 1283 1595 est.
1302 1566 1412 1601 Sigtutm
1427 1564 1508 1600 igitur
1525 1563 1759 1596 contradictionis,

976 1615 1065 1642 crucis
1080 1614 1184 1648 signant
1205 1613 1316 1640 Simeou
1335 1611 1488 1646 appellavit,
1509 1618 1561 1642 quo
1577 1615 1695 1643 tempore
1715 1618 1760 1637 co-

976 1660 1135 1695 gitationum
1154 1659 1258 1693 gladius
1278 1657 1414 1692 Virginem
1431 1655 1560 1691 pervasit.
1581 1655 1633 1681 Sed
1649 1662 1759 1689 prorsus

976 1705 1074 1740 aliquis
1086 1705 1177 1731 dicat:
1199 1704 1272 1731 Unde
1291 1710 1354 1729 vero
1375 1703 1431 1729 lucc
1452 1700 1703 1728 demonstraveris?
1723 1700 1758 1728 Et:

977 1751 1033 1784 ipsa
1053 1749 1157 1776 Domini
1177 1749 1307 1776 doctrina.
1323 1747 1388 1774 Audi
1405 1747 1478 1773 illum
1497 1745 1631 1774 dicentem
1654 1754 1660 1771 ι
1678 1745 1761 1772 Gene-

977 1795 1048 1822 ratio
1067 1795 1133 1826 lucc,
1151 1794 1284 1828 generatio
1301 1801 1409 1828 nequam
1425 1797 1462 1819 est
1475 1800 1484 1818 :
1499 1792 1601 1826 signum
1619 1791 1723 1826 quwril,
1736 1795 1761 1817 ct

977 1841 1080 1875 signum
1097 1849 1147 1866 non
1160 1840 1268 1866 dabitur
1286 1840 1320 1872 ei,
1341 1839 1391 1865 nisi
1410 1839 1512 1873 tignum
1528 1838 1604 1864 Jonw
1617 1838 1759 1871 prop/tetu).

976 1882 1048 1910 Sicut
1074 1883 1142 1909 enim
1163 1883 1209 1917 fuit
1230 1882 1313 1910 Jonas
1328 1883 1354 1909 in
1371 1888 1457 1909 ventre
1472 1882 1521 1908 ceti
1536 1890 1545 1908 :
1560 1882 1597 1908 sic
1611 1881 1659 1908 erit
1676 1880 1761 1907 Filius

977 1927 1090 1953 liumiuis
1103 1928 1129 1953 in
1144 1927 1225 1954 corde
1241 1932 1329 1958 terrm,
1343 1926 1424 1952 tribus
1435 1926 1525 1952 diebus
1541 1930 1563 1952 et
1578 1925 1660 1952 tribus
1677 1925 1761 1951 nocti-

976 1972 1023 1998 bus
1050 1972 1085 1998 '9.
1103 1972 1185 1998 Vides
1210 1975 1238 1997 ut
1263 1972 1351 1997 crucis
1376 1970 1536 2004 supplicium
1558 1969 1657 1996 dictum
1683 1968 1762 1996 fuerit

976 2018 1094 2052 signant,
1111 2025 1163 2043 non
1181 2016 1265 2044 solum
1287 2015 1314 2042 in
1331 2015 1404 2042 Novo
1418 2015 1601 2046 Testamento,
1619 2014 1665 2041 sed
1679 2014 1760 2041 etiam

977 2064 1002 2090 in
1018 2063 1129 2091 Veteri?
1149 2062 1299 2090 Admodum
1320 2062 1391 2090 enim
1421 2065 1569 2088 consonant
1581 2065 1670 2087 vetera
1687 2059 1761 2087 Novo

976 2109 1158 2136 Testamento.
1177 2107 1372 2141 Quamobrem?
1390 2107 1456 2141 Quia
1474 2114 1542 2134 unus
1559 2111 1586 2133 et
1604 2106 1672 2133 idem
1692 2105 1762 2133 Deus

137 2156 203 2183 ἀλλὰ
219 2157 265 2182 καὶ
282 2158 311 2183 ὲν
326 2158 359 2192 τῇ
372 2156 492 2191 Παλαιᾷ,
504 2156 610 2191 Σφόδρα
624 2155 678 2191 γὰρ
692 2156 727 2182 τὰ
741 2156 841 2183 παλαιὰ
855 2165 924 2191 συμ-

978 2159 1027 2184 est.
1045 2154 1090 2188 qui
1112 2153 1155 2180 illa
1175 2153 1275 2184 sanxit,
1296 2157 1323 2180 et
1340 2152 1382 2179 hic
1399 2152 1544 2180 ordinavit.
1561 2151 1626 2184 Quis
1640 2158 1704 2178 vero
1719 2151 1761 2178 his

137 2203 222 2235 φωνεῖ
237 2204 269 2238 τῇ
282 2202 349 2237 Νέᾳ..
365 2202 413 2228 Διὰ
425 2202 465 2234 τί;
490 2201 598 2237 Ἐπειδὴ
617 2199 657 2233 εἷς
671 2202 717 2228 καὶ
730 2204 744 2228 ὁ
760 2202 840 2233 αὐτὸς
856 2203 922 2235 Θεὸς

136 2248 150 2273 ὁ
164 2249 276 2275 κάκεῖνα
291 2248 482 2284 νομοθετήσας,
500 2249 547 2276 καὶ
566 2246 616 2275 ὦδε
632 2248 794 2285 βραϐεύσας.
810 2249 866 2275 Καὶ
881 2250 922 2281 τίς

137 2294 240 2326 τούτοις
260 2295 381 2330 μάρτυς;
404 2295 490 2326 Αὐτὸς
507 2296 522 2321 ὁ
537 2295 648 2330 Κύριος.
667 2295 765 2321 Ἀκουε
781 2294 863 2321 αὑτοῦ
879 2295 922 2321 λέ-

137 2347 229 2374 γοντος
244 2341 272 2365 ὲν
285 2339 325 2374 τῷ
340 2340 465 2375 προφήτῃ
483 2339 620 2374 Ἰεζεκιὴλ,
633 2339 700 2374 πρὸς
714 2339 777 2370 τοὺς
793 2338 922 2374 θεριστὰς

137 2385 277 2419 ἀγγέλους,
292 2386 342 2420 τὴν
362 2384 508 2420 καθολικὴν
526 2385 679 2411 συντέλειαν
700 2384 857 2420 μηνύοντος,
874 2383 921 2410 οὖ-

138 2440 175 2458 τω
189 2431 290 2465 λέγων·
309 2432 357 2466 Μὴ
384 2432 532 2466 φείσησθε
553 2431 615 2464 τοῖς
641 2431 804 2466 ὀφθαλμοῖς
827 2430 921 2465 ὑμῶν,

173 2523 195 2539 ⁷⁸
209 2523 301 2550 Matth.
316 2522 456 2556 xxvn,42.
494 2522 515 2538 "
535 2521 629 2549 Matth.
653 2528 727 2553 Xxvt,
752 2521 797 2548 5|.

172 2589 227 2623 (59)
244 2589 359 2622 Τούτοις
365 2589 398 2616 δὲ
404 2588 579 2622 περιέπεσεν
589 2588 608 2622 ἡ
616 2587 764 2621 Παρθένος
772 2585 879 2621 Μαρία.
888 2587 901 2614 1
907 2595 922 2614 rt

137 2624 184 2651 hat
205 2628 291 2650 autem
311 2625 400 2651 incidit
422 2624 498 2658 Virgo
509 2623 921 2656 Maria:nentpe,cogitationes,

137 2659 218 2693 gladii
244 2659 329 2685 instar
354 2659 472 2686 animam
496 2661 696 2693 pervadentest
712 2658 782 2691 quod
807 2658 922 2683 nondum

136 2691 212 2720 sciret
230 2694 278 2720 vim
294 2691 502 2720 resurrectionis.
515 2693 548 2719 Et
565 2694 620 2720 haec
635 2693 669 2718 ab
680 2691 795 2726 Origene
811 2697 921 2726 accepta

138 2729 211 2754 hom.
230 2729 261 2754 Π
279 2728 305 2754 iu
328 2729 390 2755 Luc.
414 2735 466 2755 non
492 2728 630 2761 probanda
653 2727 797 2757 sententia,
822 2726 847 2753 in
866 2734 918 2761 qua

137 2763 218 2789 etiam
239 2763 287 2789 l‘uit
305 2763 421 2798 Cyrillus
441 2767 468 2789 et
491 2763 547 2790 alii.
571 2762 661 2790 Potuit
677 2769 751 2798 sane,
775 2762 846 2798 nulla
871 2762 917 2788 tali

139 2798 288 2832 ignorantia
305 2796 430 2826 laborans
457 2798 549 2829 Maria,
567 2797 761 2832 eompassionis
778 2796 874 2824 all'ectu
891 2800 917 2824 et

834 2520 857 2536 ’⁸
877 2519 942 2547 Luc.
959 2527 989 2551 tt,
1006 2517 1050 2544 55.

977 2199 1052 2226 testis
1068 2198 1165 2226 fuerit?
1179 2198 1238 2233 Ipse
1255 2198 1396 2226 Dominus.
1416 2199 1482 2225 Audi
1499 2197 1571 2225 enim
1591 2204 1650 2223 eum
1667 2197 1760 2224 dicen-

977 2244 1078 2277 temin
1098 2244 1226 2278 propheta
1252 2243 1393 2269 Ezechiele
1419 2242 1452 2269 ad
1479 2242 1588 2276 angelos
1611 2248 1757 2273 messores,

977 2289 1039 2316 dum
1056 2289 1235 2316 universalem
1251 2288 1510 2315 consummationem
1524 2287 1687 2314 annuntians
1702 2287 1759 2313 ait:

978 2335 1019 2362 Ne
1033 2336 1131 2369 parcite
1143 2334 1227 2361 oculis
1250 2335 1351 2365 vestris,
1376 2339 1400 2360 et
1425 2342 1456 2360 ne
1479 2333 1637 2360 miseremini
1662 2341 1760 2364 tenent,

976 2389 1055 2416 neque
1072 2381 1198 2413 iuvenem,
1215 2388 1295 2414 neque
1310 2380 1443 2414 virginem,
1463 2383 1485 2405 et
1500 2386 1609 2412 puerum
1627 2384 1650 2405 et
1663 2377 1759 2404 mulie-

976 2434 1016 2453 res
1028 2426 1165 2460 interﬁcite
1177 2425 1210 2451 ad
1223 2425 1433 2451 internecionem.
1448 2423 1501 2450 Eos
1513 2429 1598 2450 autem
1606 2423 1761 2458 quisignum

1090 2516 1112 2532 ⁷³
1133 2515 1188 2543 Luc
1218 2523 1253 2549 λι,
1273 2515 1316 2547 29,
1330 2515 1381 2547 50;
1401 2513 1495 2541 Matth.
1519 2522 1567 2546 xn,
1593 2513 1637 2545 59,
1658 2513 1704 2540 40.

977 2583 1108 2611 maternis
1125 2582 1284 2614 visceribus,
1300 2582 1356 2609 dira
1373 2582 1417 2608 illa
1438 2581 1499 2608 Filii
1521 2581 1645 2615 passione
1667 2580 1761 2608 intime

976 2618 1107 2649 cruciari;
1122 2623 1151 2644 ut
1164 2618 1244 2644 etiam
1255 2625 1287 2644 ex
1300 2618 1356 2644 zelo
1366 2617 1464 2644 divina:
1478 2617 1669 2650 gloriae,quam
1683 2620 1760 2642 tanto

963 2654 1002 2681 \in
1020 2653 1112 2680 Jesnm
1131 2653 1277 2686 parricidio
1300 2652 1458 2686 Judteorunt
1479 2651 1585 2678 videbat
1606 2651 1759 2677 immaniter

975 2685 1148 2720 conculcari;
1163 2691 1190 2714 ut
1216 2695 1249 2714 ne
1264 2687 1419 2714 scandalum
1444 2685 1531 2712 dicam
1554 2686 1578 2711 in
1595 2692 1676 2712 cruce
1689 2686 1759 2711 l'utu-

977 2731 1046 2754 rum,
1061 2723 1094 2749 ad
1110 2723 1180 2756 quod
1198 2722 1333 2757 praecipue
1359 2721 1468 2747 Simeon
1494 2721 1627 2754 respicere
1641 2720 1757 2747 videtur.

974 2758 1109 2785 Videndus
1126 2757 1206 2789 Beda,
1223 2761 1275 2784 etc.
1584 2762 1588 2763 '

1009 2792 1064 2828 (60)
1084 2792 1143 2826 Τὴν
1158 2792 1320 2826 Παρθένον.
1332 2790 1373 2818 Al.
1384 2790 1440 2826 Τὴν
1451 2790 1538 2826 ψυχὴν
1546 2791 1595 2826 τῆς
1607 2789 1754 2825 Παρθένου.
