1904 3054
164 122 201 149 65
645 117 674 144 S.
695 117 919 144 AMPIIILOCllil
941 115 1132 144 lCONIENSlS
1152 113 1306 142 l'll’lSCOl’l
1449 113 1451 115 ’
1788 116 1832 142 64‘

163 178 261 206 Lazari
276 178 329 205 vult
343 177 452 204 videre?
465 177 492 204 Si
505 184 545 203 est
562 177 605 203 Dei
620 177 713 207 Filius,
728 177 868 204 suseitabit
880 184 952 203 cum.

1023 175 1037 200 εἰ
1052 175 1115 205 Υἱός
1131 174 1190 200 ἐστι
1210 173 1257 200 τοῦ
1283 172 1361 203 Θεοῦ,
1377 172 1470 199 τοῦτον
1487 173 1642 209 ἀναστήσει.
1666 173 1730 199 Τῶν
1757 174 1831 208 γὰρ

164 225 239 258 Quod
251 224 322 250 enim
338 224 370 255 ad
386 231 432 250 eos
447 227 550 257 spectat
566 230 634 257 quos
649 230 744 249 recens
760 227 881 249 mortuos
893 229 954 248 sus-

1023 221 1171 255 ῖροσφάτως
1188 219 1417 254 τελευτησάντων,
1430 216 1466 245 ὧν
1481 220 1602 255 ἤγειρεν,
1619 220 1668 246 οὐκ
1683 221 1825 247 ἐπιστάο

136 259 141 268 ⁸
164 270 266 301 citavit,
289 269 435 295 nescimus.
455 269 530 296 Unde
546 276 610 302 ergo
633 268 814 294 sciverintus?
836 269 863 295 Si
877 273 956 294 erant

1023 264 1087 290 .201.
1099 263 1183 290 Πόθεν
1196 261 1241 290 οὖν
1258 263 1335 298 ἴσμεν
1347 272 1354 295 ;
1368 263 1398 289 El
1412 263 1506 298 τελείῳ
1520 263 1626 299 Θανάτῳ
1646 265 1827 301 παρεδόθη-

167 317 286 350 perfecte
307 315 416 345 mortui,
442 315 513 341 hunc
534 314 685 346 suscilaliit,
714 322 800 348 eoque
815 314 954 348 cognosci-

1024 319 1067 341 αν,
1087 310 1181 336 τοῦτον
1197 310 1354 344 ἀναστήσει,
1378 309 1425 335 καὶ
1447 309 1547 343 γνῶσιν
1566 309 1749 345 λαμϐάνομεν
1772 312 1827 338 ὅτι

168 367 226 386 ntus
244 367 304 385 esse
322 367 350 386 re
364 367 427 386 vera
456 359 500 385 Dei
529 358 638 384 Filium.
662 359 735 386 Unde
748 364 774 386 et
792 358 896 389 Mat'llta
914 363 955 385 ta-

1026 355 1116 390 ληθῶς
1139 354 1205 380 Θεοῦ
1227 355 1291 386 Υἱός
1311 354 1395 380 ἐστιν.
1415 354 1497 385 Ὅθεν
1518 354 1564 381 καὶ
1586 356 1602 390 ἡ
1622 356 1726 391 Μάρθα.
1754 358 1828 388 τοῖς

167 405 235 432 libus
248 413 276 431 se
288 405 458 432 sermonibus
471 405 576 431 facilem
588 405 721 439 praibens,
736 406 849 431 accessit
861 411 886 431 et
899 405 954 437 ipsa

1023 402 1096 435 ὁγοις
1110 400 1239 431 τοιούτοις
1258 399 1529 435 συμπεριενεχθεῖσα,
1542 400 1677 435 προσῆλθε
1691 402 1736 436 τῷ
1758 403 1826 428 Κυ-

167 452 199 477 ad
219 451 374 483 Dominum,
399 451 511 476 dicetis:
529 450 587 482 Quo
611 450 710 484 pergis,
735 450 863 476 Domine?
888 450 956 483 Quid

1023 448 1058 483 ιίῳ
1071 448 1118 474 καὶ
1129 448 1197 482 αὐτὴ
1209 447 1339 480 λέγουσα·
1355 446 1409 473 Ποῦ
1424 446 1537 482 πορεύῃ,
1551 447 1673 474 Δέσποτα
1685 456 1692 480 ;
1708 449 1747 473 Τί
1769 448 1825 474 θέ-

169 498 208 524 vis
228 498 318 524 videre
342 496 495 530 sepulcrum
515 495 633 522 Lazari?
657 495 724 528 Quid
748 495 859 521 refricas
883 495 957 522 dolo-

1024 501 1063 524 εις
1076 492 1120 518 τὸν
1140 493 1225 525 τάφον
1248 492 1311 518 ἰδεῖν
1329 491 1470 526 Λαζάρους
1487 492 1519 517 Τί
1542 492 1591 527 τὴν
1606 492 1701 528 ὀδύνην
1725 494 1823 529 ἡμῶν

168 551 224 570 rem
254 543 396 569 nostrum?
416 542 483 575 Quid
502 541 604 568 luctum
631 541 799 568 exsuscitas?
825 541 894 574 Quid
917 541 958 568 vis

1023 538 1149 571 ,vaiéag;
1165 537 1196 563 Ti
1213 537 1242 563 τὸ
1254 537 1350 568 πένθος
1363 537 1532 572 ἐπεγείρεις;
1547 538 1579 564 Τί
1593 538 1679 569 θέλεις
1691 539 1742 566 τὸν
1762 539 1822 565 τά-

169 589 262 616 Videre
278 589 444 623 sepulcrum?
459 588 531 614 Nihil
543 588 626 619 enim,
645 587 765 619 Domine,
782 587 843 613 inde
860 586 958 613 retule-

1023 594 1058 611 ιον
1086 584 1164 616 ίδεῖν;
1185 583 1268 610 Οὐδὲν
1284 583 1339 618 γὰρ
1354 583 1457 618 ὠνήσῃ,
1478 583 1616 610 Δέσποται
1640 585 1713 618 Ἤδη
1737 585 1819 618 ὄζει,

169 634 206 660 ris
221 634 353 660 commodi
369 634 443 667 :jnm
457 633 528 666 (etet,
545 633 736 666 qtmtritluanus
750 638 785 658 est
807 635 888 658 enim.
905 631 956 659 Do-

1023 630 1204 664 ‘erpaﬁltepoc
1233 629 1288 664 γάρ
1317 629 1412 655 ἐστιν.
1443 629 1471 655 ’0
1492 629 1520 656 δὲ
1547 629 1648 665 Κύριος
1669 631 1743 665 πρὸς
1760 631 1820 666 τὴν

170 681 258 707 minus
269 685 358 706 autent
373 680 406 706 ad
422 677 672 706 lllartltamzt'limme
688 678 744 704 (Η.ιί
761 678 816 707 libi.
831 677 957 712 quoniam

1023 676 1140 712 ηιάρθαν·
1159 676 1219 702 Οὐκ
1238 673 1324 702 εἶπόν
1337 683 1397 706 σοι,
1415 675 1459 701 ὅτι
1474 675 1528 702 ἐὰν
1541 677 1721 710 πιστεύσῃς,
1743 677 1818 712 ὄψῃ

169 726 192 751 εὶ
207 725 358 756 credideris,
369 725 463 752 videbis
478 725 588 759 gloriam
603 724 652 750 Dei
665 725 677 751 ?
690 723 788 750 Mihine
806 723 885 755 dicis,
897 723 958 750 Jnm

1023 724 1067 758 ’ὴν
1074 723 1168 755 δόξαν
1180 723 1233 750 τοῦ
1244 723 1338 753 Θεοῦ;
1360 723 1437 758 Ἐμοὶ
1454 723 1544 756 λέγεις
1554 744 1560 755 ,
1577 723 1648 756 Ἤδη
1672 724 1731 754 ὅζὲι
1743 732 1754 755 ;
1781 725 1818 750 'H

171 771 252 805 fetet?
268 771 351 797 Soror
365 777 408 797 tua
425 771 499 805 ungit
514 775 660 805 unguento,
683 770 794 804 ipsaque
811 771 834 796 iu
848 770 959 797 infideli-

172 823 227 844 tate
253 817 424 850 denigraris?
441 817 504 843 \‘nlo
520 817 610 844 videre
627 817 781 850 sepulcrum
799 817 876 843 amici
895 817 957 844 mei.

1010 770 1110 805 ἀδελφή
1136 778 1181 795 σου
1201 768 1319 804 μυρίζει,
1334 769 1381 795 καὶ
1397 770 1428 795 σὺ
1443 769 1560 804 καπνίζῃ
1576 770 1606 795 ἐν
1623 771 1656 805 τῇ
1670 771 1817 806 ἀπιστίας

1011 816 1085 843 Θέλω
1102 815 1147 842 τὸν
1161 815 1245 848 τάφον
1262 815 1326 841 ὶδεῖν
1337 815 1384 841 τοῦ
1400 815 1476 850 φίλου
1496 824 1556 850 μου.

205 864 250 894 ιν.
271 863 317 890 llis
339 863 467 890 Dominus
494 863 583 894 dictis,
613 863 645 890 ad
674 863 827 897 sepulcrum
851 871 961 897 proces-

1039 864 1075 888 Δ’.
1089 862 1179 889 Ταῦτα
1193 861 1277 888 εἰπὼν
1287 862 1420 897 όΚύριος,
1437 863 1483 888 ἐπὶ
1496 863 1540 889 τὸν
1550 863 1634 897 τάφον
1646 863 1816 899 ἐπορεύετο·

172 910 225 941 sit,
239 910 348 944 jamque
363 909 399 936 illi
415 909 590 943 propinquus,
614 913 643 935 ιιι
663 914 765 935 tantum
784 909 849 936 vidit
869 917 964 936 tuonu-

172 960 302 986 mentum,
343 955 432 982 statim
471 954 635 989 lacrymatus
662 959 713 980 est.
745 953 812 986 Quid
846 962 910 980 vero
938 955 962 981 ei

172 1008 251 1034 quctu
268 1005 327 1027 erat
342 1000 534 1033 suscitaturus,
548 1007 614 1034 opus
631 999 776 1034 lacrymis?
811 999 908 1034 Utique
923 1000 963 1027 la-

172 1052 308 1083 crytnatus
339 1051 381 1074 est
413 1045 554 1077 Dominus,
582 1051 607 1072 ut
634 1046 679 1079 qui
709 1046 846 1080 sapienter
873 1046 963 1073 omnia

173 1098 288 1128 gereret.
313 1093 359 1120 Est
376 1093 446 1118 enim
464 1092 628 1126 lacrymatus
644 1092 676 1118 ad
697 1093 839 1124 tumulum,
858 1097 887 1119 ut
901 1092 964 1127 quid

174 1139 192 1165 ii
211 1140 254 1174 qui
271 1138 383 1166 comites
399 1138 576 1164 adhmsisseut
593 1139 626 1164 de
646 1138 703 1171 ipso
731 1138 892 1172 suspicionis
916 1139 964 1164 lia-

175 1185 269 1210 berent
290 1183 381 1209 animo
400 1182 546 1216 repositum
571 1182 708 1216 proderet.
726 1181 802 1209 Unde
828 1184 910 1209 etiam
936 1187 965 1209 ut

176 1231 306 1257 viderunt-
338 1229 543 1264 laerymuntetn,
573 1229 719 1256 humanum
751 1230 839 1256 denuo
864 1229 964 1263 aliquid

176 1282 260 1309 passm
290 1274 386 1304 turb-.e,
409 1279 551 1308 coeperunt
576 1275 699 1301 conferre
725 1274 850 1305 invicem,
873 1282 904 1301 ac
925 1275 966 1300 di-

176 1328 237 1347 cere
255 1329 261 1346 :
279 1318 346 1346 Ecce
362 1320 491 1354 quomodo
503 1319 607 1345 amabat
624 1328 693 1346 eunt.
709 1319 766 1346 Non
793 1324 906 1354 poterat,
919 1319 964 1351 qui

177 1363 316 1391 suscitavit
334 1370 453 1391 mortuos
465 1373 498 1392 ac
515 1365 593 1391 caecis
607 1366 726 1392 restituit
745 1366 850 1398 visum,
877 1365 966 1392 facere

177 1414 205 1435 ιιι
226 1418 258 1436 ne
287 1409 329 1437 hic
354 1415 513 1442 moreretur,
530 1411 663 1445 siquidem
688 1420 749 1438 eum
770 1412 808 1438 sic
834 1411 965 1438 amabat?

178 1454 306 1482 Dominus
321 1460 410 1482 anteiit
427 1460 455 1482 ut
471 1464 517 1483 eos
533 1457 622 1484 adhuc
636 1457 752 1483 lnnnana
768 1457 833 1483 vidit
851 1457 964 1491 loquen-

179 1506 227 1530 Ies.
245 1500 448 1534 illis‘respondit
461 1501 541 1529 :lﬁrat
559 1502 624 1528 mihi
642 1510 694 1528 non
711 1510 801 1536 grave,
816 1508 845 1529 ut
868 1502 962 1530 Lazari

1015 908 1062 935 καὶ
1078 907 1279 943 πλησιάσαςτῷ
1295 907 1383 942 τάφῳ,
1402 907 1480 943 μόνον
1498 906 1550 935 εἶδε
1566 910 1597 935 τὸ
1607 912 1752 945 μνημεῖον,
1768 911 1818 936 εὐ-

1015 954 1084 985 θέως
1103 954 1247 989 ἐδάκρυσε.
1277 953 1324 985 Τίς
1347 955 1364 989 ἡ
1383 954 1462 988 χρεία
1480 954 1617 989 δακρύειν,
1634 956 1662 981 ὃν
1688 956 1817 991 ἦμελλεν

1015 1000 1146 1036 ἐγείρειν;
1166 999 1315 1035 Ἑδάκρυσε
1330 999 1398 1035 (47),
1425 999 1466 1026 διὸ
1482 1001 1600 1032 συνετῶς
1615 1002 1703 1028 πάντα
1717 1003 1733 1028 ὁ
1752 1001 1816 1028 Κύ-

1015 1056 1072 1083 ριος
1085 1045 1173 1080 σοφῶς
1190 1045 1447 1081 ἐπραγματεύσατο.
1471 1046 1618 1081 Ἐδὰκρυσε
1635 1047 1688 1083 γὰρ
1702 1046 1751 1073 ἐπὶ
1766 1047 1816 1073 τὸν

1015 1093 1109 1127 τάφον,
1126 1092 1201 1123 ὅπως
1211 1091 1265 1117 τῶν
1280 1090 1521 1126 ἀκολουθησάντων
1531 1092 1581 1127 τὴν
1597 1091 1710 1126 γνώμην
1724 1092 1757 1127 δη
1763 1101 1814 1127 μο-

1016 1138 1121 1175 σιεύσῃ,
1135 1138 1194 1164 οἷαν
1207 1137 1298 1172 ἔχουσι
1317 1138 1381 1173 περὶ
1398 1137 1481 1164 αὐτοῦ
1494 1137 1620 1172 ὑποψίαν.
1635 1138 1680 1164 Διὸ
1697 1140 1746 1165 καὶ
1771 1138 1814 1170 ὡς

1015 1182 1086 1211 εἶδον
1106 1183 1188 1210 αὐτὸν
1206 1182 1390 1218 δακρύσαντα,
1410 1182 1566 1217 ἀνθρώπινα
1583 1184 1664 1210 πάλιν
1675 1184 1813 1215 παθόντες

1015 1229 1040 1255 οἱ
1056 1229 1266 1260 ἀκολουθοῦντες
1287 1228 1371 1263 ὄχλοι,
1396 1228 1512 1264 ἤρξαντο
1526 1230 1593 1265 πρὸς
1607 1230 1719 1260 ἑαυτοὺς
1732 1230 1812 1256 ἀντι-

1015 1275 1122 1302 ϐάλλειν
1134 1274 1181 1301 καὶ
1193 1274 1292 1308 λέγειν·
1306 1273 1394 1307 Εἶδες
1409 1273 1472 1307 πῶς
1485 1275 1581 1309 ἐφίλει
1597 1275 1704 1307 ain/(5r;
1718 1276 1748 1303 '0
1764 1284 1811 1302 νε-

1015 1322 1098 1356 κροὺς
1109 1321 1229 1357 ἐγείρας,
1241 1321 1287 1347 καὶ
1304 1321 1421 1355 τυφλοὺς
1435 1321 1611 1356 ὀμματώσας,
1630 1322 1681 1348 οὐκ
1692 1322 1809 1357 ἡδίνατο

1016 1368 1127 1402 ποιῆσαι
1147 1367 1190 1394 ἵνα
1205 1367 1252 1393 καὶ
1275 1363 1353 1398 οὗτος
1380 1366 1417 1401 μὴ
1445 1366 1579 1402 ἀποθάνῃ,
1601 1368 1625 1393 εί
1647 1367 1700 1403 ἄρα
1721 1367 1812 1398 οὕτως

1016 1413 1102 1448 ἐφίλει
1129 1412 1227 1444 dimov;
1264 1412 1293 1438 Ὀ
1306 1412 1334 1438 δὲ
1353 1411 1467 1448 Κύριος,
1496 1412 1534 1444 ὡς
1557 1411 1627 1439 εἶδεν
1644 1413 1750 1445 αὑτοὺς-
1766 1414 1808 1439 ἔτι

1015 1458 1175 1495 ἀνθρώπινα
1186 1458 1343 1489 λαλοῦντας,
1360 1459 1529 1493 ἀπεκρίνατο
1539 1458 1607 1493 πρὸς
1619 1459 1727 1491 αὐτούς·
1739 1457 1809 1486 K06-

1017 1515 1065 1540 φον
1083 1505 1132 1540 μὲν
1148 1503 1181 1540 ἦν
1198 1513 1243 1539 μοι
1265 1505 1492 1540 παρακατασχεῖν
1513 1504 1563 1539 τὴν
1577 1504 1650 1539 ζωὴν
1669 1504 1806 1541 Λαζάρου,

178 1547 268 1577 vitam,
300 1547 524 1581 quemadmodum
547 1549 628 1574 etiam
651 1548 713 1574 Elia:
736 1554 763 1575 et
782 1549 884 1580 Enoclt,
903 1551 963 1576 reti-

1023 1551 1054 1582 ἶις
1069 1549 1172 1577 καὶτοῦ
1192 1549 1270 1577 Ἠλία
1291 1549 1339 1576 καὶ
1356 1548 1402 1576 τοῦ
1423 1549 1519 1584 Ἑνὼχ,
1545 1549 1602 1575 ἀλλ’
1622 1549 1709 1580 οὐδεὶς
1731 1549 1808 1584 ὑμῶν

179 1599 268 1619 norem
283 1601 290 1619 ι
306 1600 383 1619 nemo
398 1597 485 1619 tamen
501 1598 621 1619 vestium
635 1613 641 1624 ,
665 1602 722 1620 mea
739 1594 811 1621 illaut
829 1595 964 1622 \oluntate

180 1640 288 1666 retineri
319 1639 498 1673 cognovisset.
523 1638 625 1666 Idcirco
642 1640 750 1673 permisi
770 1644 799 1666 ut
814 1646 901 1667 morte
919 1641 966 1668 ab-

179 1685 345 1717 sorberetur,
373 1693 426 1718 quo
451 1684 605 1711 accuratius
622 1686 683 1712 vitae
698 1690 725 1712 et
747 1686 841 1712 ntortis
867 1686 966 1713 habere

181 1738 223 1756 Ine
246 1735 404 1764 potestatem
422 1731 557 1757 docerem.
581 1729 695 1764 Moxque
716 1731 748 1757 ad
763 1739 809 1758 eos
826 1720 965 1765 Dominus,

181 1780 209 1802 ut
225 1783 319 1802 omnes
339 1776 411 1802 clare
439 1777 525 1802 nostis
543 1786 548 1802 ε
567 1775 696 1802 Revolvite
723 1775 845 1810 lapidem.
870 1777 968 1804 Judu'is

181 1821 295 1856 injnnxit
314 1825 342 1847 ut
359 1821 526 1848 revolverth
544 1822 658 1856 lapidem
676 1822 743 1857 (46).
770 1822 834 1849 Vide
859 1827 887 1848 ut
913 1831 969 1849 om-

181 1867 224 1893 nia
247 1866 391 1900 prudenter
424 1866 552 1900 gesserit,
587 1872 668 1894 testes
693 1867 896 1901 probatissimos
928 1875 969 1895 rc-

180 1912 356 1939 surreetiouis
398 1911 492 1939 Lazari
526 1911 639 1939 faciens.
680 1913 807 1940 Revolvite
844 1913 967 1947 lapidem.

181 1959 319 1985 Concessit
343 1957 481 1992 discipulis
511 1962 542 1985 ut
569 1965 693 1986 sermone
707 1963 811 1986 montes
841 1959 971 1986 transfer-

183 2010 241 2030 rent
260 2004 294 2035 ",
321 2009 348 2031 et
375 2004 433 2038 ipse
460 2012 511 2030 non
540 2004 652 2031 revolvit
681 2004 817 2037 lapidem?
857 2005 969 2037 Verum,

183 2055 211 2077 ut
242 2051 321 2082 dixi,
345 2051 434 2077 omnia
464 2050 599 2084 sapienter
623 2050 656 2077 ad
684 2051 824 2077 utilitatem
853 2059 970 2085 gerens.

181 2096 249 2122 dixit
280 2094 378 2122 Judruis
403 2094 558 2121 :Revalvite
579 2094 713 2129 lapidem,
746 2101 773 2122 ut
800 2103 831 2121 ex
849 2096 907 2129 ipso
934 2095 974 2122 fe-

184 2141 248 2168 retri
271 2141 366 2172 fetore,
394 2140 529 2174 putruisse
545 2140 713 2172 defunctum,
730 2148 781 2167 non
798 2141 869 2168 furto
892 2141 974 2168 fuisse

183 2187 316 2214 sublatum
344 2186 489 2214 discerent.
514 2184 642 2212 Revolvite
671 2186 795 2219 lapidem.
824 2185 858 2213 Ut
883 2192 972 2214 autent

183 2233 220 2269 illi
240 2238 440 2259 murmurantes
457 2231 628 2258 revolverunt
655 2232 806 2266 (mordebat
833 2232 904 2258 enim
931 2233 972 2259 ef-

184 2280 286 2306 frenata
314 2278 399 2312 capuli
423 2277 533 2310 olentia)
556 2287 561 2304 :
586 2284 645 2303 cum
667 2277 757 2312 itaque
790 2279 833 2312 qui
864 2281 972 2306 aderant

186 2323 364 2351 revolvissent
385 2323 510 2357 lapidem,
526 2322 667 2350 confestim
682 2323 806 2351 clamavit
824 2323 953 2352 Dominus
964 2344 972 2358 ,

184 2370 277 2397 dicens
300 2378 307 2396 :
323 2368 437 2400 Lazare,
466 2370 524 2395 veni
539 2369 620 2403 foras.
650 2369 735 2396 llcrus
750 2374 791 2396 cst
805 2370 849 2405 qui
874 2376 971 2398 vocat:

185 2422 220 2442 ne
235 2415 295 2449 quis
309 2414 512 2441 contradixerit.
538 2414 650 2447 Lazare,
672 2416 728 2442 veni
751 2416 845 2448 foras;
869 2422 971 2443 certant

186 2461 265 2488 ﬁdem
287 2461 371 2489 sorori
391 2466 442 2488 tua:
457 2461 568 2488 Martha:
584 2462 664 2489 facito
685 2467 713 2488 ut
727 2462 847 2497 jubeant,
875 2471 926 2489 non
945 2467 974 2489 ut

185 2507 343 2542 supplicem.
360 2507 470 2540 Lazare,
487 2508 544 2534 reni
566 2507 648 2542 foras.
680 2507 838 2542 Priusquam
863 2509 975 2536 (lescen-

186 2554 262 2585 dero,
282 2561 419 2588 percurre,
446 2560 473 2581 et
488 2554 606 2580 edissere
634 2553 660 2580 in
686 2559 711 2580 te
729 2553 927 2580 arrliabonent:
947 2554 973 2580 in

188 2607 231 2627 tne
244 2604 342 2631 autem,
360 2600 430 2633 quod
448 2598 597 2634 perfectura
616 2604 667 2626 est.
686 2597 797 2631 Lazare,
814 2599 871 2626 veni
890 2599 972 2633 foras.

224 2689 246 2705 ⁸³
262 2689 355 2715 Matth.
379 2696 444 2720 xvn,
458 2687 501 2714 l9.

225 2736 281 2771 (46)
291 2735 392 2763 Judaei;
409 2735 523 2769 injunxit
546 2740 572 2761 ut
591 2734 747 2762 revolverent
763 2735 886 2769 lapidem.
911 2733 972 2762 Haec

190 2771 287 2799 desunt
305 2772 330 2797 in
350 2771 460 2801 Gra'cis,
474 2771 520 2796 sed
534 2778 628 2797 sensus
642 2776 756 2797 constat.

227 2806 281 2839 (ΛΤ)
302 2805 474 2838 Ἐδάκρυσε.
494 2805 592 2831 Littera
609 2806 715 2832 vitiosa.

227 2841 282 2876 (48)
298 2840 354 2874 Πρὸ
369 2839 421 2866 τοῦ
441 2840 571 2868 nat-62100)
585 2840 698 2873 ἔξελθε.
722 2840 794 2867 Pcrit
809 2839 880 2876 lepos
898 2839 970 2868 Gne-

1017 1596 1174 1630 ὲγίνωσκεν,
1196 1596 1284 1631 ὅτιτῇ
1309 1597 1362 1630 ἐμῇ
1377 1595 1485 1630 θελήσει
1505 1596 1522 1630 ὴ
1541 1595 1597 1630 ζωὴ
1613 1595 1736 1630 Λαζάρου
1755 1603 1805 1620 πα-

1019 1641 1206 1676 ρακατέχεται.
1219 1640 1269 1667 Διὰ
1281 1640 1359 1666 τοῦτο
1370 1639 1546 1676 συνεχώρησα
1565 1640 1618 1666 ὑπὸ
1628 1639 1675 1666 τοῦ
1693 1639 1805 1666 θανάτου

1019 1686 1100 1713 αὐτὸν
1113 1686 1312 1721 καταποθῆναι,
1329 1687 1402 1718 ὅπως
1417 1686 1537 1721 ἀκριϐῶς
1555 1685 1668 1721 μάθητε,
1681 1686 1721 1712 ὅτι
1736 1686 1805 1720 ζωῆς

1020 1733 1066 1759 καὶ
1084 1732 1200 1759 θανάτου
1224 1733 1272 1767 τὴν
1289 1732 1413 1764 ἐξουσίαν
1426 1732 1490 1767 ἔχω.
1516 1732 1570 1758 Καὶ
1580 1731 1660 1763 εὐθὺς
1674 1732 1741 1767 πρὸς
1759 1732 1805 1757 αὺ-

1019 1778 1081 1809 τοίις
1098 1779 1112 1804 ὁ
1127 1777 1238 1812 Κύριος,
1253 1777 1343 1808 καθὼς
1357 1778 1413 1803 ἴστε
1434 1777 1534 1808 πάντες
1550 1776 1653 1811 σαφῶς·
1678 1777 1804 1803 Ἀποκυ-

1019 1823 1125 1849 λίσατε
1139 1822 1191 1848 τὸν
1202 1823 1299 1848 λίθον.
1317 1822 1404 1848 Βλέπε
1426 1822 1484 1856 πῶς
1508 1822 1596 1848 πάντα
1621 1821 1709 1855 σοφῶς
1725 1821 1806 1856 ἔπρα-

1021 1867 1204 1902 γματεύσατο,
1219 1866 1359 1902 μάρτυρας
1376 1867 1499 1902 ἀκριϐεῖς
1514 1867 1562 1902 τῆς
1579 1866 1749 1897 ἀναστάσεως
1757 1866 1804 1892 Λα-

1022 1914 1105 1951 ζάρου
1136 1913 1282 1940 καθιστῶν.
1319 1913 1537 1940 Ἀποκυλίσατε
1556 1913 1609 1939 τὸν
1633 1913 1729 1938 λίθον.
1746 1912 1804 1942 Τοῖς

1025 1960 1158 1996 μαθηταῖς
1171 1960 1320 1995 ἐπέτρεπεν
1334 1959 1384 1994 ὅρη
1396 1960 1561 1993 μεταγαγεῖν
1578 1958 1660 1992 λόγῳ,
1673 1958 1718 1984 καὶ
1728 1956 1803 1988 αὐτὸς

1022 2005 1095 2032 λίθον
1113 2006 1163 2032 οὐκ
1179 2004 1361 2036 ἁπεκύλισεν;
1394 2003 1473 2029 Ἀλλὰ
1491 2003 1580 2030 πάντα
1595 2002 1696 2037 σοφῶς,
1720 2001 1803 2033 καθὼς

1024 2051 1164 2086 προεῖπον,
1183 2049 1443 2085 πραγματευόμενος
1461 2048 1528 2083 πρὸς
1544 2048 1721 2079 λυσιτέλειαν,
1733 2048 1802 2081 ἔλεγε

1024 2098 1079 2128 τοῖς
1097 2096 1245 2129 Ἰουδαίοις,
1275 2095 1492 2122 Ἀποκυλίσατε
1511 2094 1563 2121 τὸν
1584 2094 1681 2127 λίθον,
1695 2094 1763 2125 ὅπως
1776 2094 1803 2126 ἐξ

1024 2142 1109 2177 αὐτῆς
1118 2142 1167 2177 τῆς
1183 2141 1348 2177 νεκροφόροι)
1366 2140 1506 2175 ἀποφορᾶς
1527 2139 1649 2174 μάθωσιν
1667 2140 1707 2166 ὅτι
1721 2139 1801 2173 ἐσάπη

1026 2188 1072 2215 καὶ
1086 2188 1135 2215 οὐκ
1160 2187 1277 2222 ὲκλάπη.
1305 2186 1525 2213 Ἀποθιυλισατε
1537 2185 1590 2211 τὸν
1604 2186 1700 2212 λίθον.
1714 2185 1767 2210 Τῶν
1777 2185 1802 2211 δὲ

1024 2233 1245 2260 ἀποκυλισάντων
1264 2231 1334 2268 μετὰ
1348 2231 1505 2266 γογγυσμοῦ
1522 2231 1690 2266 (ἐδρίμυττεν
1698 2231 1748 2266 γὰρ
1760 2231 1797 2257 αὺ-

1024 2279 1086 2310 τοὺς
1123 2279 1289 2313 νεκροφόρου
1303 2277 1420 2308 δυσίνιος
1433 2277 1581 2312 ἀποφορὰ)·
1593 2275 1801 2302 ἀποκυλισάντων

1024 2323 1053 2349 δὲ
1072 2323 1125 2350 τῶν
1143 2323 1284 2358 παρόντων
1293 2322 1339 2348 τὸν
1352 2322 1435 2354 λίθον,
1450 2321 1552 2353 εὐθέως
1564 2321 1675 2356 ἐϐόησεν
1690 2321 1703 2346 ὁ
1712 2321 1802 2356 Κύριος

1024 2369 1122 2403 λέγων’
1142 2369 1264 2403 Λάζαρε,
1283 2369 1371 2402 δεῦρο
1383 2369 1450 2401 ἔξω.
1463 2367 1602 2402 Δεσπότης
1614 2368 1627 2393 ὁ
1643 2366 1739 2398 καλῶν,
1763 2367 1801 2393 οὑ-

1025 2415 1080 2446 δεὶς
1096 2416 1110 2442 ὁ
1123 2415 1279 2450 ἀντιλέγων.
1292 2407 1416 2449 Λάζαρε,
1432 2414 1519 2448 δεῦρο
1529 2414 1595 2445 ἔξω·
1611 2413 1800 2448 πληροφόρησον

1027 2462 1140 2498 Μάρθαν
1166 2462 1217 2496 τὴν
1230 2462 1346 2496 ἀδελφήν
1364 2470 1421 2491 σου,
1435 2461 1472 2492 ὡς
1488 2460 1602 2492 κελεύω,
1625 2460 1673 2486 καὶ
1686 2460 1731 2494 οὐχ
1755 2460 1800 2484 ἱκε-

1025 2508 1105 2535 τεύω.
1122 2507 1242 2541 Λάζὶῖρε,
1270 2507 1358 2542 δεῦρο
1377 2507 1444 2538 ἔξω.
1466 2506 1522 2542 Πρὸ
1536 2506 1581 2532 τοῦ
1598 2506 1726 2537 κατέλθοι,
1738 2504 1799 2537 ἐξιλ-

1026 2553 1055 2580 θε
1069 2553 1133 2587 (48)·
1152 2554 1181 2580 ὲν
1198 2553 1239 2579 col.
1262 2553 1307 2578 τὸν
1330 2552 1488 2588 ἀρραϐῶνα,
1516 2553 1544 2578 ὲν
1566 2552 1628 2587 ἐμοὶ
1651 2551 1682 2577 τὸ
1703 2550 1797 2577 τέλειον.

1026 2597 1146 2633 Λάζαρε,
1173 2598 1260 2632 δεῦρο
1273 2598 1340 2630 ἔξω.

1027 2741 1074 2760 eus
1091 2733 1116 2760 in
1136 2732 1210 2759 suavi
1231 2731 1274 2758 illa
1294 2730 1584 2766 propositionisAsolills
1599 2729 1798 2757 commutatione.

1027 2769 1151 2802 Tuergo,
1168 2764 1323 2801 priusquam
1346 2764 1432 2792 inortc
1458 2764 1561 2802 inferna
1582 2770 1681 2802 petam;
1696 2766 1796 2802 cstolto-

1029 2799 1260 2836 ntinibitsprmcoi
1279 2806 1383 2828 inminet
1407 2800 1622 2836 resurrectionis.
1643 2804 1669 2825 ut
1686 2799 1798 2833 primitia-

1029 2846 1109 2867 rum:
1130 2834 1248 2873 ntezeqnc
1267 2837 1349 2870 illius,
1371 2840 1399 2863 ut
1428 2834 1559 2870 perfecti;
1579 2841 1674 2868 nempe
1698 2840 1723 2861 ut
1738 2840 1793 2868 epis.
