  <div class='ocr_page' id='page_1' title='image "/cluster/home/n/w/nwhite01/storage/ocr_20150623/39/njp.32101010943528/039.png"; bbox 0 0 1904 3054; ppageno 0'>
   <div class='ocr_carea' id='block_1_1' title="bbox 181 27 1329 62">
    <p class='ocr_par' dir='ltr' id='par_1_1' title="bbox 181 27 1329 62">
     <span class='ocr_line' id='line_1_1' title="bbox 181 27 1329 62; baseline -0.01 3"><span class='ocrx_word' id='word_1_1' title='bbox 181 27 214 54; x_wconf 71' lang='lat'><strong>57</strong></span> <span class='ocrx_word' id='word_1_2' title='bbox 665 31 697 62; x_wconf 66' lang='lat' dir='ltr'><strong>~S.</strong></span> <span class='ocrx_word' id='word_1_3' title='bbox 717 30 942 61; x_wconf 71' lang='lat' dir='ltr'><strong>AMPHILOCIIII</strong></span> <span class='ocrx_word' id='word_1_4' title='bbox 963 29 1155 59; x_wconf 73' lang='lat' dir='ltr'><strong>ICONIENSIS</strong></span> <span class='ocrx_word' id='word_1_5' title='bbox 1175 27 1329 56; x_wconf 77' lang='lat' dir='ltr'><strong>EPISCOPI</strong></span> 
     </span>
    </p>
   </div>
   <div class='ocr_carea' id='block_1_2' title="bbox 1771 27 1816 56">
    <p class='ocr_par' dir='ltr' id='par_1_2' title="bbox 1771 27 1816 56">
     <span class='ocr_line' id='line_1_2' title="bbox 1771 27 1816 56; baseline 0 0"><span class='ocrx_word' id='word_1_6' title='bbox 1771 27 1816 56; x_wconf 82' lang='lat'><strong>68</strong></span> 
     </span>
    </p>
   </div>
   <div class='ocr_carea' id='block_1_3' title="bbox 178 84 976 125">
    <p class='ocr_par' dir='ltr' id='par_1_3' title="bbox 178 87 962 125">
     <span class='ocr_line' id='line_1_3' title="bbox 178 87 962 125; baseline -0.006 -6"><span class='ocrx_word' id='word_1_7' title='bbox 178 98 246 125; x_wconf 74' lang='lat' dir='ltr'><strong>stus,</strong></span> <span class='ocrx_word' id='word_1_8' title='bbox 260 98 309 118; x_wconf 87' lang='lat' dir='ltr'><strong>nos</strong></span> <span class='ocrx_word' id='word_1_9' title='bbox 321 90 462 120; x_wconf 70' lang='lat' dir='ltr'><strong>recreavit.</strong></span> <span class='ocrx_word' id='word_1_10' title='bbox 476 90 527 118; x_wconf 88' lang='lat' dir='ltr'><strong>Ubi</strong></span> <span class='ocrx_word' id='word_1_11' title='bbox 540 89 611 116; x_wconf 89' lang='lat' dir='ltr'><strong>enim</strong></span> <span class='ocrx_word' id='word_1_12' title='bbox 625 89 648 117; x_wconf 89' lang='lat' dir='ltr'><strong>is</strong></span> <span class='ocrx_word' id='word_1_13' title='bbox 660 89 828 121; x_wconf 77' lang='lat' dir='ltr'><strong>convivatur,</strong></span> <span class='ocrx_word' id='word_1_14' title='bbox 844 93 870 115; x_wconf 89' lang='lat' dir='ltr'><strong>et</strong></span> <span class='ocrx_word' id='word_1_15' title='bbox 884 87 962 117; x_wconf 80' lang='lat' dir='ltr'><strong>simul</strong></span> 
     </span>
    </p>
   </div>
   <div class='ocr_carea' id='block_1_4' title="bbox 1035 84 1821 125">
    <p class='ocr_par' dir='ltr' id='par_1_4' title="bbox 1035 84 1821 122">
     <span class='ocr_line' id='line_1_4' title="bbox 1035 84 1821 122; baseline 0 -9"><span class='ocrx_word' id='word_1_16' title='bbox 1035 87 1089 122; x_wconf 78' lang='grc' dir='ltr'><strong>αρὰ</strong></span> <span class='ocrx_word' id='word_1_17' title='bbox 1100 87 1226 122; x_wconf 77' lang='grc' dir='ltr'>Ζακχαίῳ</span> <span class='ocrx_word' id='word_1_18' title='bbox 1234 85 1407 121; x_wconf 73' lang='grc' dir='ltr'><strong>ἑστιώμενος.</strong></span> <span class='ocrx_word' id='word_1_19' title='bbox 1419 85 1505 113; x_wconf 79' lang='grc' dir='ltr'>Ὅπου</span> <span class='ocrx_word' id='word_1_20' title='bbox 1517 85 1570 120; x_wconf 82' lang='grc' dir='ltr'><strong>γὰρ</strong></span> <span class='ocrx_word' id='word_1_21' title='bbox 1579 84 1696 120; x_wconf 61' lang='grc' dir='ltr'>Χριστρς</span> <span class='ocrx_word' id='word_1_22' title='bbox 1711 86 1821 113; x_wconf 77' lang='grc' dir='ltr'><strong>ἑστιᾶ-</strong></span> 
     </span>
    </p>
   </div>
   <div class='ocr_carea' id='block_1_5' title="bbox 179 135 963 169">
    <p class='ocr_par' dir='ltr' id='par_1_5' title="bbox 179 135 963 169">
     <span class='ocr_line' id='line_1_5' title="bbox 179 135 963 169; baseline -0.009 -4"><span class='ocrx_word' id='word_1_23' title='bbox 179 139 309 166; x_wconf 84' lang='lat' dir='ltr'><strong>recumbit</strong></span> <span class='ocrx_word' id='word_1_24' title='bbox 321 145 381 164; x_wconf 88' lang='lat' dir='ltr'><strong>cum</strong></span> <span class='ocrx_word' id='word_1_25' title='bbox 394 135 558 166; x_wconf 84' lang='lat' dir='ltr'><strong>hominibus.</strong></span> <span class='ocrx_word' id='word_1_26' title='bbox 571 139 715 169; x_wconf 80' lang='lat' dir='ltr'><strong>nostroque</strong></span> <span class='ocrx_word' id='word_1_27' title='bbox 726 138 753 161; x_wconf 92' lang='lat' dir='ltr'><strong>et</strong></span> <span class='ocrx_word' id='word_1_28' title='bbox 762 140 824 168; x_wconf 91' lang='lat' dir='ltr'><strong>potu</strong></span> <span class='ocrx_word' id='word_1_29' title='bbox 834 138 861 160; x_wconf 90' lang='lat' dir='ltr'><strong>et</strong></span> <span class='ocrx_word' id='word_1_30' title='bbox 873 140 963 160; x_wconf 88' lang='lat' dir='ltr'><strong>mensa</strong></span> 
     </span>
    </p>
   </div>
   <div class='ocr_carea' id='block_1_6' title="bbox 180 178 963 215">
    <p class='ocr_par' dir='ltr' id='par_1_6' title="bbox 180 178 963 215">
     <span class='ocr_line' id='line_1_6' title="bbox 180 178 963 215; baseline -0.008 -6"><span class='ocrx_word' id='word_1_31' title='bbox 180 183 286 215; x_wconf 71' lang='lat' dir='ltr'><strong>fruitur,</strong></span> <span class='ocrx_word' id='word_1_32' title='bbox 305 183 331 209; x_wconf 94' lang='lat' dir='ltr'><strong>in</strong></span> <span class='ocrx_word' id='word_1_33' title='bbox 353 183 443 209; x_wconf 67' lang='lat' dir='ltr'><strong>lmtum</strong></span> <span class='ocrx_word' id='word_1_34' title='bbox 461 180 551 207; x_wconf 98' lang='lat' dir='ltr'><strong>omnia</strong></span> <span class='ocrx_word' id='word_1_35' title='bbox 575 188 727 207; x_wconf 77' lang='lat' dir='ltr'><strong>sermonem</strong></span> <span class='ocrx_word' id='word_1_36' title='bbox 756 178 963 205; x_wconf 81' lang='lat' dir='ltr'><strong>transferuntur.</strong></span> 
     </span>
    </p>
   </div>
   <div class='ocr_carea' id='block_1_7' title="bbox 180 223 966 261">
    <p class='ocr_par' dir='ltr' id='par_1_7' title="bbox 180 223 966 261">
     <span class='ocr_line' id='line_1_7' title="bbox 180 223 966 261; baseline -0.005 -7"><span class='ocrx_word' id='word_1_37' title='bbox 180 229 247 261; x_wconf 82' lang='lat' dir='ltr'><strong>Quis</strong></span> <span class='ocrx_word' id='word_1_38' title='bbox 261 229 342 258; x_wconf 84' lang='lat' dir='ltr'><strong>enim,</strong></span> <span class='ocrx_word' id='word_1_39' title='bbox 367 228 429 254; x_wconf 86' lang='lat' dir='ltr'><strong>dum</strong></span> <span class='ocrx_word' id='word_1_40' title='bbox 446 227 507 254; x_wconf 78' lang='lat' dir='ltr'><strong>(:(‘Bll</strong></span> <span class='ocrx_word' id='word_1_41' title='bbox 526 233 558 252; x_wconf 85' lang='lat' dir='ltr'><strong>ac</strong></span> <span class='ocrx_word' id='word_1_42' title='bbox 583 231 660 252; x_wconf 58' lang='lat' dir='ltr'><strong>terra:</strong></span> <span class='ocrx_word' id='word_1_43' title='bbox 678 229 814 252; x_wconf 85' lang='lat' dir='ltr'><strong>auctorem</strong></span> <span class='ocrx_word' id='word_1_44' title='bbox 836 223 862 250; x_wconf 94' lang='lat' dir='ltr'><strong>in</strong></span> <span class='ocrx_word' id='word_1_45' title='bbox 877 223 966 257; x_wconf 88' lang='lat' dir='ltr'><strong>publi-</strong></span> 
     </span>
    </p>
   </div>
   <div class='ocr_carea' id='block_1_8' title="bbox 181 269 964 306">
    <p class='ocr_par' dir='ltr' id='par_1_8' title="bbox 181 269 964 306">
     <span class='ocr_line' id='line_1_8' title="bbox 181 269 964 306; baseline -0.006 -6"><span class='ocrx_word' id='word_1_46' title='bbox 181 282 307 300; x_wconf 80' lang='lat' dir='ltr'><strong>canorum</strong></span> <span class='ocrx_word' id='word_1_47' title='bbox 335 272 571 306; x_wconf 74' lang='lat' dir='ltr'><strong>meretricumque,</strong></span> <span class='ocrx_word' id='word_1_48' title='bbox 598 278 644 298; x_wconf 85' lang='lat' dir='ltr'><strong>seu</strong></span> <span class='ocrx_word' id='word_1_49' title='bbox 662 271 765 296; x_wconf 88' lang='lat' dir='ltr'><strong>illortnu</strong></span> <span class='ocrx_word' id='word_1_50' title='bbox 786 270 831 303; x_wconf 86' lang='lat' dir='ltr'><strong>qui</strong></span> <span class='ocrx_word' id='word_1_51' title='bbox 851 269 964 295; x_wconf 82' lang='lat' dir='ltr'><strong>nefanda</strong></span> 
     </span>
    </p>
   </div>
   <div class='ocr_carea' id='block_1_9' title="bbox 181 310 966 354">
    <p class='ocr_par' dir='ltr' id='par_1_9' title="bbox 181 310 966 354">
     <span class='ocr_line' id='line_1_9' title="bbox 181 310 966 354; baseline -0.005 -10"><span class='ocrx_word' id='word_1_52' title='bbox 181 323 399 354; x_wconf 78' lang='lat' dir='ltr'><strong>perpelraverant</strong></span> <span class='ocrx_word' id='word_1_53' title='bbox 426 317 595 351; x_wconf 89' lang='lat' dir='ltr'><strong>publicanam</strong></span> <span class='ocrx_word' id='word_1_54' title='bbox 612 316 683 342; x_wconf 89' lang='lat' dir='ltr'><strong>videt</strong></span> <span class='ocrx_word' id='word_1_55' title='bbox 702 310 898 342; x_wconf 83' lang='lat' dir='ltr'><strong>subintrantcm</strong></span> <span class='ocrx_word' id='word_1_56' title='bbox 918 314 966 340; x_wconf 86' lang='lat' dir='ltr'><strong>do-</strong></span> 
     </span>
    </p>
   </div>
   <div class='ocr_carea' id='block_1_10' title="bbox 182 360 967 398">
    <p class='ocr_par' dir='ltr' id='par_1_10' title="bbox 182 360 967 398">
     <span class='ocr_line' id='line_1_10' title="bbox 182 360 967 398; baseline -0.006 -7"><span class='ocrx_word' id='word_1_57' title='bbox 182 373 252 391; x_wconf 86' lang='lat' dir='ltr'><strong>mum</strong></span> <span class='ocrx_word' id='word_1_58' title='bbox 269 371 382 391; x_wconf 87' lang='lat' dir='ltr'><strong>:enmve</strong></span> <span class='ocrx_word' id='word_1_59' title='bbox 399 364 443 398; x_wconf 84' lang='lat' dir='ltr'><strong>qui</strong></span> <span class='ocrx_word' id='word_1_60' title='bbox 465 363 554 397; x_wconf 76' lang='lat' dir='ltr'><strong>fruges</strong></span> <span class='ocrx_word' id='word_1_61' title='bbox 576 363 692 397; x_wconf 65' lang='lat' dir='ltr'><strong>pra-bet,</strong></span> <span class='ocrx_word' id='word_1_62' title='bbox 716 362 863 388; x_wconf 70' lang='lat' dir='ltr'><strong>humanum</strong></span> <span class='ocrx_word' id='word_1_63' title='bbox 883 360 967 387; x_wconf 81' lang='lat' dir='ltr'><strong>mani-</strong></span> 
     </span>
    </p>
   </div>
   <div class='ocr_carea' id='block_1_11' title="bbox 181 406 965 444">
    <p class='ocr_par' dir='ltr' id='par_1_11' title="bbox 181 406 965 444">
     <span class='ocr_line' id='line_1_11' title="bbox 181 406 965 444; baseline -0.006 -7"><span class='ocrx_word' id='word_1_64' title='bbox 181 411 231 437; x_wconf 84' lang='lat' dir='ltr'><strong>bus</strong></span> <span class='ocrx_word' id='word_1_65' title='bbox 252 410 427 444; x_wconf 76' lang='lat' dir='ltr'><strong>accipientem</strong></span> <span class='ocrx_word' id='word_1_66' title='bbox 447 416 560 443; x_wconf 82' lang='lat' dir='ltr'><strong>panem;</strong></span> <span class='ocrx_word' id='word_1_67' title='bbox 587 415 634 434; x_wconf 89' lang='lat' dir='ltr'><strong>seu</strong></span> <span class='ocrx_word' id='word_1_68' title='bbox 654 415 764 433; x_wconf 88' lang='lat' dir='ltr'><strong>uvarum</strong></span> <span class='ocrx_word' id='word_1_69' title='bbox 787 406 945 440; x_wconf 76' lang='lat' dir='ltr'><strong>largitorem</strong></span> <span class='ocrx_word' id='word_1_70' title='bbox 959 426 965 437; x_wconf 89' lang='lat'><strong>,</strong></span> 
     </span>
    </p>
   </div>
   <div class='ocr_carea' id='block_1_12' title="bbox 182 452 966 489">
    <p class='ocr_par' dir='ltr' id='par_1_12' title="bbox 182 452 966 489">
     <span class='ocr_line' id='line_1_12' title="bbox 182 452 966 489; baseline -0.004 -8"><span class='ocrx_word' id='word_1_71' title='bbox 182 461 260 489; x_wconf 85' lang='lat' dir='ltr'><strong>potus</strong></span> <span class='ocrx_word' id='word_1_72' title='bbox 283 456 472 482; x_wconf 80' lang='lat' dir='ltr'><strong>communione</strong></span> <span class='ocrx_word' id='word_1_73' title='bbox 500 453 645 481; x_wconf 83' lang='lat' dir='ltr'><strong>toreularia</strong></span> <span class='ocrx_word' id='word_1_74' title='bbox 671 452 873 479; x_wconf 83' lang='lat' dir='ltr'><strong>benedicentem</strong></span> <span class='ocrx_word' id='word_1_75' title='bbox 893 462 899 479; x_wconf 92' lang='lat'>:</span> <span class='ocrx_word' id='word_1_76' title='bbox 916 459 966 479; x_wconf 88' lang='lat' dir='ltr'><strong>non</strong></span> 
     </span>
    </p>
   </div>
   <div class='ocr_carea' id='block_1_13' title="bbox 182 499 968 534">
    <p class='ocr_par' dir='ltr' id='par_1_13' title="bbox 182 499 968 534">
     <span class='ocr_line' id='line_1_13' title="bbox 182 499 968 534; baseline -0.004 -7"><span class='ocrx_word' id='word_1_77' title='bbox 182 509 241 527; x_wconf 82' lang='lat' dir='ltr'><strong>eam</strong></span> <span class='ocrx_word' id='word_1_78' title='bbox 261 509 316 528; x_wconf 88' lang='lat' dir='ltr'><strong>rem</strong></span> <span class='ocrx_word' id='word_1_79' title='bbox 333 501 401 527; x_wconf 82' lang='lat' dir='ltr'><strong>festo</strong></span> <span class='ocrx_word' id='word_1_80' title='bbox 422 501 541 534; x_wconf 54' lang='lat' dir='ltr'><strong>laetorque</strong></span> <span class='ocrx_word' id='word_1_81' title='bbox 565 499 727 531; x_wconf 85' lang='lat' dir='ltr'><strong>celebritati,</strong></span> <span class='ocrx_word' id='word_1_82' title='bbox 746 499 841 525; x_wconf 88' lang='lat' dir='ltr'><strong>merito</strong></span> <span class='ocrx_word' id='word_1_83' title='bbox 856 499 968 532; x_wconf 81' lang='lat' dir='ltr'><strong>deputa—</strong></span> 
     </span>
    </p>
   </div>
   <div class='ocr_carea' id='block_1_14' title="bbox 182 543 966 581">
    <p class='ocr_par' dir='ltr' id='par_1_14' title="bbox 182 543 966 581">
     <span class='ocr_line' id='line_1_14' title="bbox 182 543 966 581; baseline -0.004 -10"><span class='ocrx_word' id='word_1_84' title='bbox 182 546 270 573; x_wconf 72' lang='lat' dir='ltr'><strong>\~crit?</strong></span> <span class='ocrx_word' id='word_1_85' title='bbox 289 546 380 573; x_wconf 87' lang='lat' dir='ltr'><strong>Fuerit</strong></span> <span class='ocrx_word' id='word_1_86' title='bbox 395 546 474 581; x_wconf 85' lang='lat' dir='ltr'><strong>plane</strong></span> <span class='ocrx_word' id='word_1_87' title='bbox 491 546 546 572; x_wconf 61' lang='lat' dir='ltr'><strong>haec</strong></span> <span class='ocrx_word' id='word_1_88' title='bbox 566 545 706 576; x_wconf 75' lang='lat' dir='ltr'><strong>festivitas,</strong></span> <span class='ocrx_word' id='word_1_89' title='bbox 722 545 778 571; x_wconf 80' lang='lat' dir='ltr'><strong>haec</strong></span> <span class='ocrx_word' id='word_1_90' title='bbox 793 543 884 570; x_wconf 67' lang='lat' dir='ltr'><strong>laetitia</strong></span> <span class='ocrx_word' id='word_1_91' title='bbox 900 550 966 569; x_wconf 87' lang='lat' dir='ltr'><strong>ccu-</strong></span> 
     </span>
    </p>
   </div>
   <div class='ocr_carea' id='block_1_15' title="bbox 183 588 968 627">
    <p class='ocr_par' dir='ltr' id='par_1_15' title="bbox 183 588 968 627">
     <span class='ocr_line' id='line_1_15' title="bbox 183 588 968 627; baseline -0.004 -10"><span class='ocrx_word' id='word_1_92' title='bbox 183 593 246 618; x_wconf 72' lang='lat' dir='ltr'><strong>vivii</strong></span> <span class='ocrx_word' id='word_1_93' title='bbox 262 591 374 627; x_wconf 76' lang='lat' dir='ltr'><strong>angelici</strong></span> <span class='ocrx_word' id='word_1_94' title='bbox 400 602 406 618; x_wconf 90' lang='lat'>:</span> <span class='ocrx_word' id='word_1_95' title='bbox 428 596 457 618; x_wconf 89' lang='lat' dir='ltr'><strong>ut</strong></span> <span class='ocrx_word' id='word_1_96' title='bbox 473 591 601 617; x_wconf 88' lang='lat' dir='ltr'><strong>Dominus</strong></span> <span class='ocrx_word' id='word_1_97' title='bbox 625 597 685 617; x_wconf 87' lang='lat' dir='ltr'><strong>cum</strong></span> <span class='ocrx_word' id='word_1_98' title='bbox 703 589 798 620; x_wconf 84' lang='lat' dir='ltr'><strong>servis,</strong></span> <span class='ocrx_word' id='word_1_99' title='bbox 822 588 894 615; x_wconf 82' lang='lat' dir='ltr'><strong>Deus</strong></span> <span class='ocrx_word' id='word_1_100' title='bbox 909 595 968 614; x_wconf 90' lang='lat' dir='ltr'><strong>cum</strong></span> 
     </span>
    </p>
   </div>
   <div class='ocr_carea' id='block_1_16' title="bbox 184 634 971 671">
    <p class='ocr_par' dir='ltr' id='par_1_16' title="bbox 184 634 971 671">
     <span class='ocr_line' id='line_1_16' title="bbox 184 634 971 671; baseline -0.005 -7"><span class='ocrx_word' id='word_1_101' title='bbox 184 638 354 670; x_wconf 86' lang='lat' dir='ltr'><strong>hominibus;</strong></span> <span class='ocrx_word' id='word_1_102' title='bbox 367 637 503 664; x_wconf 88' lang='lat' dir='ltr'><strong>communi</strong></span> <span class='ocrx_word' id='word_1_103' title='bbox 520 637 601 671; x_wconf 81' lang='lat' dir='ltr'><strong>jndex</strong></span> <span class='ocrx_word' id='word_1_104' title='bbox 619 636 720 669; x_wconf 76' lang='lat' dir='ltr'><strong>potitus</strong></span> <span class='ocrx_word' id='word_1_105' title='bbox 737 642 827 661; x_wconf 89' lang='lat' dir='ltr'><strong>mensa</strong></span> <span class='ocrx_word' id='word_1_106' title='bbox 847 634 971 660; x_wconf 82' lang='lat' dir='ltr'><strong>videatur</strong></span> 
     </span>
    </p>
   </div>
   <div class='ocr_carea' id='block_1_17' title="bbox 184 678 970 712">
    <p class='ocr_par' dir='ltr' id='par_1_17' title="bbox 184 678 970 712">
     <span class='ocr_line' id='line_1_17' title="bbox 184 678 970 712; baseline -0.006 -3"><span class='ocrx_word' id='word_1_107' title='bbox 184 690 245 709; x_wconf 94' lang='lat' dir='ltr'><strong>cum</strong></span> <span class='ocrx_word' id='word_1_108' title='bbox 266 682 329 709; x_wconf 86' lang='lat' dir='ltr'><strong>reis.</strong></span> <span class='ocrx_word' id='word_1_109' title='bbox 363 681 466 708; x_wconf 88' lang='lat' dir='ltr'><strong>Idcirco</strong></span> <span class='ocrx_word' id='word_1_110' title='bbox 488 681 570 712; x_wconf 80' lang='lat' dir='ltr'><strong>enim,</strong></span> <span class='ocrx_word' id='word_1_111' title='bbox 588 680 656 707; x_wconf 63' lang='lat' dir='ltr'><strong>coelo</strong></span> <span class='ocrx_word' id='word_1_112' title='bbox 674 687 725 706; x_wconf 90' lang='lat' dir='ltr'><strong>non</strong></span> <span class='ocrx_word' id='word_1_113' title='bbox 743 679 857 710; x_wconf 83' lang='lat' dir='ltr'><strong>deserto,</strong></span> <span class='ocrx_word' id='word_1_114' title='bbox 875 678 900 704; x_wconf 91' lang='lat' dir='ltr'><strong>in</strong></span> <span class='ocrx_word' id='word_1_115' title='bbox 917 682 970 704; x_wconf 89' lang='lat' dir='ltr'><strong>ter-</strong></span> 
     </span>
    </p>
   </div>
   <div class='ocr_carea' id='block_1_18' title="bbox 184 723 970 760">
    <p class='ocr_par' dir='ltr' id='par_1_18' title="bbox 184 723 970 760">
     <span class='ocr_line' id='line_1_18' title="bbox 184 723 970 760; baseline -0.005 -7"><span class='ocrx_word' id='word_1_116' title='bbox 184 735 241 754; x_wconf 87' lang='lat' dir='ltr'><strong>ram</strong></span> <span class='ocrx_word' id='word_1_117' title='bbox 267 727 359 754; x_wconf 81' lang='lat' dir='ltr'><strong>venit:</strong></span> <span class='ocrx_word' id='word_1_118' title='bbox 378 731 471 760; x_wconf 86' lang='lat' dir='ltr'><strong>estque</strong></span> <span class='ocrx_word' id='word_1_119' title='bbox 495 725 582 752; x_wconf 80' lang='lat' dir='ltr'><strong>factus</strong></span> <span class='ocrx_word' id='word_1_120' title='bbox 609 725 699 755; x_wconf 88' lang='lat' dir='ltr'><strong>homo,</strong></span> <span class='ocrx_word' id='word_1_121' title='bbox 718 724 857 750; x_wconf 85' lang='lat' dir='ltr'><strong>divinitate</strong></span> <span class='ocrx_word' id='word_1_122' title='bbox 886 723 970 749; x_wconf 89' lang='lat' dir='ltr'><strong>hand-</strong></span> 
     </span>
    </p>
   </div>
   <div class='ocr_carea' id='block_1_19' title="bbox 1014 130 1816 167">
    <p class='ocr_par' dir='ltr' id='par_1_19' title="bbox 1014 130 1816 167">
     <span class='ocr_line' id='line_1_19' title="bbox 1014 130 1816 167; baseline -0.001 -9"><span class='ocrx_word' id='word_1_123' title='bbox 1014 141 1068 162; x_wconf 84' lang='grc' dir='ltr'>ται,</span> <span class='ocrx_word' id='word_1_124' title='bbox 1090 133 1136 158; x_wconf 81' lang='grc' dir='ltr'><strong>καὶ</strong></span> <span class='ocrx_word' id='word_1_125' title='bbox 1151 133 1206 163; x_wconf 84' lang='grc' dir='ltr'>τοῖς</span> <span class='ocrx_word' id='word_1_126' title='bbox 1222 131 1376 167; x_wconf 78' lang='grc' dir='ltr'>ἀνθρώποις</span> <span class='ocrx_word' id='word_1_127' title='bbox 1404 131 1635 161; x_wconf 78' lang='grc' dir='ltr'>συνανακλίνεται,</span> <span class='ocrx_word' id='word_1_128' title='bbox 1650 131 1697 157; x_wconf 73' lang='grc' dir='ltr'><strong>καὶ</strong></span> <span class='ocrx_word' id='word_1_129' title='bbox 1718 130 1816 157; x_wconf 80' lang='grc' dir='ltr'>ποτοῦ</span> 
     </span>
    </p>
   </div>
   <div class='ocr_carea' id='block_1_20' title="bbox 1015 175 1816 212">
    <p class='ocr_par' dir='ltr' id='par_1_20' title="bbox 1015 175 1816 212">
     <span class='ocr_line' id='line_1_20' title="bbox 1015 175 1816 212; baseline -0.002 -9"><span class='ocrx_word' id='word_1_130' title='bbox 1015 178 1064 203; x_wconf 78' lang='grc' dir='ltr'>καὶ</span> <span class='ocrx_word' id='word_1_131' title='bbox 1076 177 1217 212; x_wconf 73' lang='grc' dir='ltr'>τραπέζης</span> <span class='ocrx_word' id='word_1_132' title='bbox 1234 176 1365 203; x_wconf 78' lang='grc' dir='ltr'><strong>ἀπολαύει</strong></span> <span class='ocrx_word' id='word_1_133' title='bbox 1379 176 1428 211; x_wconf 78' lang='grc' dir='ltr'><strong>τῆς</strong></span> <span class='ocrx_word' id='word_1_134' title='bbox 1442 176 1588 211; x_wconf 76' lang='grc' dir='ltr'><strong>ἡμετέρας.</strong></span> <span class='ocrx_word' id='word_1_135' title='bbox 1613 175 1682 211; x_wconf 70' lang='grc' dir='ltr'>πρὸς</span> <span class='ocrx_word' id='word_1_136' title='bbox 1696 175 1742 201; x_wconf 77' lang='grc' dir='ltr'><strong>τὸν</strong></span> <span class='ocrx_word' id='word_1_137' title='bbox 1756 175 1816 210; x_wconf 76' lang='grc' dir='ltr'>τῆς</span> 
     </span>
    </p>
   </div>
   <div class='ocr_carea' id='block_1_21' title="bbox 1014 220 1815 259">
    <p class='ocr_par' dir='ltr' id='par_1_21' title="bbox 1014 220 1815 259">
     <span class='ocr_line' id='line_1_21' title="bbox 1014 220 1815 259; baseline -0.002 -10"><span class='ocrx_word' id='word_1_138' title='bbox 1014 222 1182 259; x_wconf 68' lang='grc' dir='ltr'><strong>εὐφροσύνης</strong></span> <span class='ocrx_word' id='word_1_139' title='bbox 1203 222 1349 258; x_wconf 76' lang='grc' dir='ltr'><strong>μετάγεται</strong></span> <span class='ocrx_word' id='word_1_140' title='bbox 1368 222 1457 256; x_wconf 79' lang='grc' dir='ltr'>λόγον.</span> <span class='ocrx_word' id='word_1_141' title='bbox 1485 222 1533 253; x_wconf 82' lang='grc' dir='ltr'><strong>Τις</strong></span> <span class='ocrx_word' id='word_1_142' title='bbox 1556 221 1610 257; x_wconf 78' lang='grc' dir='ltr'>γὰρ</span> <span class='ocrx_word' id='word_1_143' title='bbox 1627 221 1768 251; x_wconf 78' lang='grc' dir='ltr'><strong>τελωνῶν,</strong></span> <span class='ocrx_word' id='word_1_144' title='bbox 1794 220 1815 255; x_wconf 83' lang='grc' dir='ltr'>ἦ</span> 
     </span>
    </p>
   </div>
   <div class='ocr_carea' id='block_1_22' title="bbox 1016 267 1816 304">
    <p class='ocr_par' dir='ltr' id='par_1_22' title="bbox 1016 267 1816 304">
     <span class='ocr_line' id='line_1_22' title="bbox 1016 267 1816 304; baseline -0.004 -9"><span class='ocrx_word' id='word_1_145' title='bbox 1016 269 1132 304; x_wconf 82' lang='grc' dir='ltr'>πορνῶν.</span> <span class='ocrx_word' id='word_1_146' title='bbox 1156 269 1173 304; x_wconf 84' lang='grc' dir='ltr'><strong>ἣ</strong></span> <span class='ocrx_word' id='word_1_147' title='bbox 1195 268 1249 295; x_wconf 84' lang='grc' dir='ltr'><strong>τῶν</strong></span> <span class='ocrx_word' id='word_1_148' title='bbox 1270 268 1304 295; x_wconf 86' lang='grc' dir='ltr'><strong>τὰ</strong></span> <span class='ocrx_word' id='word_1_149' title='bbox 1319 269 1426 304; x_wconf 70' lang='grc' dir='ltr'><strong>άρρητᾳ</strong></span> <span class='ocrx_word' id='word_1_150' title='bbox 1440 268 1634 304; x_wconf 71' lang='grc' dir='ltr'><strong>ἐργασαμένων</strong></span> <span class='ocrx_word' id='word_1_151' title='bbox 1647 267 1730 295; x_wconf 74' lang='grc' dir='ltr'><strong>δεινὰ.</strong></span> <span class='ocrx_word' id='word_1_152' title='bbox 1762 267 1816 292; x_wconf 76' lang='grc' dir='ltr'>τὸν</span> 
     </span>
    </p>
   </div>
   <div class='ocr_carea' id='block_1_23' title="bbox 1015 312 1816 350">
    <p class='ocr_par' dir='ltr' id='par_1_23' title="bbox 1015 312 1816 350">
     <span class='ocr_line' id='line_1_23' title="bbox 1015 312 1816 350; baseline -0.002 -10"><span class='ocrx_word' id='word_1_153' title='bbox 1015 314 1129 350; x_wconf 80' lang='grc' dir='ltr'>οὐρανοῦ</span> <span class='ocrx_word' id='word_1_154' title='bbox 1141 314 1157 349; x_wconf 81' lang='grc' dir='ltr'><strong>ἣ</strong></span> <span class='ocrx_word' id='word_1_155' title='bbox 1171 314 1217 341; x_wconf 77' lang='grc' dir='ltr'>καὶ</span> <span class='ocrx_word' id='word_1_156' title='bbox 1231 314 1282 349; x_wconf 79' lang='grc' dir='ltr'><strong>γῆς</strong></span> <span class='ocrx_word' id='word_1_157' title='bbox 1298 315 1426 349; x_wconf 74' lang='grc' dir='ltr'>Ποιητὴν,</span> <span class='ocrx_word' id='word_1_158' title='bbox 1445 314 1543 348; x_wconf 70' lang='grc' dir='ltr'>στέγην</span> <span class='ocrx_word' id='word_1_159' title='bbox 1558 313 1707 339; x_wconf 76' lang='grc' dir='ltr'><strong>ὑπελθόντα</strong></span> <span class='ocrx_word' id='word_1_160' title='bbox 1721 312 1816 338; x_wconf 84' lang='grc' dir='ltr'>τελω-</span> 
     </span>
    </p>
   </div>
   <div class='ocr_carea' id='block_1_24' title="bbox 1016 357 1816 396">
    <p class='ocr_par' dir='ltr' id='par_1_24' title="bbox 1016 357 1816 396">
     <span class='ocr_line' id='line_1_24' title="bbox 1016 357 1816 396; baseline -0.005 -9"><span class='ocrx_word' id='word_1_161' title='bbox 1016 361 1093 396; x_wconf 80' lang='grc' dir='ltr'>νικὴν</span> <span class='ocrx_word' id='word_1_162' title='bbox 1109 360 1225 394; x_wconf 82' lang='grc' dir='ltr'>βλέπων·</span> <span class='ocrx_word' id='word_1_163' title='bbox 1252 360 1268 395; x_wconf 88' lang='grc' dir='ltr'><strong>ἢ</strong></span> <span class='ocrx_word' id='word_1_164' title='bbox 1291 360 1336 386; x_wconf 78' lang='grc' dir='ltr'>τὸν</span> <span class='ocrx_word' id='word_1_165' title='bbox 1350 359 1404 387; x_wconf 78' lang='grc' dir='ltr'><strong>τῶν</strong></span> <span class='ocrx_word' id='word_1_166' title='bbox 1426 359 1570 395; x_wconf 79' lang='grc' dir='ltr'><strong>ἀσταχύων</strong></span> <span class='ocrx_word' id='word_1_167' title='bbox 1589 359 1700 394; x_wconf 77' lang='grc' dir='ltr'>δοτῆρα,</span> <span class='ocrx_word' id='word_1_168' title='bbox 1721 357 1816 392; x_wconf 70' lang='grc' dir='ltr'>ἄρτον</span> 
     </span>
    </p>
   </div>
   <div class='ocr_carea' id='block_1_25' title="bbox 1016 403 1818 442">
    <p class='ocr_par' dir='ltr' id='par_1_25' title="bbox 1016 403 1818 442">
     <span class='ocr_line' id='line_1_25' title="bbox 1016 403 1818 442; baseline -0.004 -10"><span class='ocrx_word' id='word_1_169' title='bbox 1016 406 1186 442; x_wconf 82' lang='grc' dir='ltr'>ἀνθρώπινον</span> <span class='ocrx_word' id='word_1_170' title='bbox 1205 406 1273 441; x_wconf 83' lang='grc' dir='ltr'>μετὰ</span> <span class='ocrx_word' id='word_1_171' title='bbox 1291 407 1385 441; x_wconf 84' lang='grc' dir='ltr'>χεῖρας</span> <span class='ocrx_word' id='word_1_172' title='bbox 1392 406 1574 441; x_wconf 68' lang='grc' dir='ltr'>λαμδάνοντα,</span> <span class='ocrx_word' id='word_1_173' title='bbox 1589 405 1605 440; x_wconf 85' lang='grc' dir='ltr'><strong>ἢ</strong></span> <span class='ocrx_word' id='word_1_174' title='bbox 1619 405 1665 431; x_wconf 78' lang='grc' dir='ltr'>τὸν</span> <span class='ocrx_word' id='word_1_175' title='bbox 1689 404 1745 430; x_wconf 82' lang='grc' dir='ltr'>τῶν</span> <span class='ocrx_word' id='word_1_176' title='bbox 1763 403 1818 438; x_wconf 75' lang='grc' dir='ltr'><strong>βο-</strong></span> 
     </span>
    </p>
   </div>
   <div class='ocr_carea' id='block_1_26' title="bbox 1017 449 1814 485">
    <p class='ocr_par' dir='ltr' id='par_1_26' title="bbox 1017 449 1814 485">
     <span class='ocr_line' id='line_1_26' title="bbox 1017 449 1814 485; baseline 0 -11"><span class='ocrx_word' id='word_1_177' title='bbox 1017 449 1107 484; x_wconf 79' lang='grc' dir='ltr'>τρύων</span> <span class='ocrx_word' id='word_1_178' title='bbox 1115 450 1242 485; x_wconf 73' lang='grc' dir='ltr'><strong>χορηγὸν,</strong></span> <span class='ocrx_word' id='word_1_179' title='bbox 1250 451 1282 485; x_wconf 86' lang='grc' dir='ltr'><strong>τῇ</strong></span> <span class='ocrx_word' id='word_1_180' title='bbox 1296 450 1421 485; x_wconf 72' lang='grc' dir='ltr'><strong>κοινωνίᾳ</strong></span> <span class='ocrx_word' id='word_1_181' title='bbox 1435 450 1482 481; x_wconf 81' lang='grc' dir='ltr'>τοῦ</span> <span class='ocrx_word' id='word_1_182' title='bbox 1496 450 1578 482; x_wconf 75' lang='grc' dir='ltr'>ποτοῦ</span> <span class='ocrx_word' id='word_1_183' title='bbox 1584 450 1633 479; x_wconf 73' lang='grc' dir='ltr'><strong>τὰς</strong></span> <span class='ocrx_word' id='word_1_184' title='bbox 1647 449 1744 484; x_wconf 73' lang='grc' dir='ltr'>ληνοὺς</span> <span class='ocrx_word' id='word_1_185' title='bbox 1750 449 1814 484; x_wconf 84' lang='grc'><strong>(57)</strong></span> 
     </span>
    </p>
   </div>
   <div class='ocr_carea' id='block_1_27' title="bbox 1017 494 1816 530">
    <p class='ocr_par' dir='ltr' id='par_1_27' title="bbox 1017 494 1816 530">
     <span class='ocr_line' id='line_1_27' title="bbox 1017 494 1816 530; baseline 0 -10"><span class='ocrx_word' id='word_1_186' title='bbox 1017 495 1186 529; x_wconf 78' lang='grc' dir='ltr'><strong>εὐλογοῦντα·</strong></span> <span class='ocrx_word' id='word_1_187' title='bbox 1217 495 1254 530; x_wconf 85' lang='grc' dir='ltr'><strong>μὴ</strong></span> <span class='ocrx_word' id='word_1_188' title='bbox 1282 495 1377 530; x_wconf 84' lang='grc' dir='ltr'>ἑορτὴν</span> <span class='ocrx_word' id='word_1_189' title='bbox 1406 495 1454 522; x_wconf 72' lang='grc' dir='ltr'>καὶ</span> <span class='ocrx_word' id='word_1_190' title='bbox 1472 496 1625 530; x_wconf 81' lang='grc' dir='ltr'>πανήγυριν</span> <span class='ocrx_word' id='word_1_191' title='bbox 1653 494 1751 521; x_wconf 75' lang='grc' dir='ltr'><strong>θέσθαι</strong></span> <span class='ocrx_word' id='word_1_192' title='bbox 1781 494 1816 520; x_wconf 81' lang='grc' dir='ltr'>τὸ</span> 
     </span>
    </p>
   </div>
   <div class='ocr_carea' id='block_1_28' title="bbox 1019 540 1816 577">
    <p class='ocr_par' dir='ltr' id='par_1_28' title="bbox 1019 540 1816 577">
     <span class='ocr_line' id='line_1_28' title="bbox 1019 540 1816 577; baseline -0.003 -9"><span class='ocrx_word' id='word_1_193' title='bbox 1019 542 1133 576; x_wconf 74' lang='grc' dir='ltr'>πρᾶγμα.</span> <span class='ocrx_word' id='word_1_194' title='bbox 1148 541 1332 573; x_wconf 74' lang='grc' dir='ltr'><strong>δικαιώσειενς</strong></span> <span class='ocrx_word' id='word_1_195' title='bbox 1342 540 1415 576; x_wconf 79' lang='grc' dir='ltr'><strong>Αὕτη</strong></span> <span class='ocrx_word' id='word_1_196' title='bbox 1430 541 1536 576; x_wconf 78' lang='grc' dir='ltr'><strong>ἀληθῶς</strong></span> <span class='ocrx_word' id='word_1_197' title='bbox 1552 541 1641 577; x_wconf 83' lang='grc' dir='ltr'>ἑορτή·</span> <span class='ocrx_word' id='word_1_198' title='bbox 1659 540 1728 574; x_wconf 76' lang='grc' dir='ltr'>αὕτη</span> <span class='ocrx_word' id='word_1_199' title='bbox 1739 540 1816 574; x_wconf 79' lang='grc' dir='ltr'><strong>ἀλη·</strong></span> 
     </span>
    </p>
   </div>
   <div class='ocr_carea' id='block_1_29' title="bbox 1019 585 1815 623">
    <p class='ocr_par' dir='ltr' id='par_1_29' title="bbox 1019 585 1815 623">
     <span class='ocr_line' id='line_1_29' title="bbox 1019 585 1815 623; baseline 0 -11"><span class='ocrx_word' id='word_1_200' title='bbox 1019 586 1073 618; x_wconf 80' lang='grc' dir='ltr'><strong>θῶς</strong></span> <span class='ocrx_word' id='word_1_201' title='bbox 1081 587 1230 622; x_wconf 80' lang='grc' dir='ltr'><strong>ἀτγελικῆς</strong></span> <span class='ocrx_word' id='word_1_202' title='bbox 1248 587 1395 618; x_wconf 67' lang='grc' dir='ltr'><strong>ἑστιάσεως</strong></span> <span class='ocrx_word' id='word_1_203' title='bbox 1411 586 1573 623; x_wconf 73' lang='grc' dir='ltr'><strong>εὐφροσύνη,</strong></span> <span class='ocrx_word' id='word_1_204' title='bbox 1596 586 1628 612; x_wconf 65' lang='grc' dir='ltr'>τὸ</span> <span class='ocrx_word' id='word_1_205' title='bbox 1640 586 1685 612; x_wconf 64' lang='grc' dir='ltr'>τὴν</span> <span class='ocrx_word' id='word_1_206' title='bbox 1704 585 1815 612; x_wconf 77' lang='grc' dir='ltr'><strong>Δεσπό-</strong></span> 
     </span>
    </p>
   </div>
   <div class='ocr_carea' id='block_1_30' title="bbox 1019 630 1814 668">
    <p class='ocr_par' dir='ltr' id='par_1_30' title="bbox 1019 630 1814 668">
     <span class='ocr_line' id='line_1_30' title="bbox 1019 630 1814 668; baseline -0.001 -10"><span class='ocrx_word' id='word_1_207' title='bbox 1019 641 1079 667; x_wconf 87' lang='grc' dir='ltr'>την,</span> <span class='ocrx_word' id='word_1_208' title='bbox 1097 633 1167 667; x_wconf 82' lang='grc' dir='ltr'><strong>μετὰ</strong></span> <span class='ocrx_word' id='word_1_209' title='bbox 1192 633 1300 659; x_wconf 77' lang='grc' dir='ltr'>δούλων·</span> <span class='ocrx_word' id='word_1_210' title='bbox 1325 633 1371 659; x_wconf 77' lang='grc' dir='ltr'><strong>τὸν</strong></span> <span class='ocrx_word' id='word_1_211' title='bbox 1399 633 1475 665; x_wconf 75' lang='grc' dir='ltr'>Θεὸν,</span> <span class='ocrx_word' id='word_1_212' title='bbox 1498 633 1565 668; x_wconf 82' lang='grc' dir='ltr'>μετὰ</span> <span class='ocrx_word' id='word_1_213' title='bbox 1583 632 1742 667; x_wconf 64' lang='grc' dir='ltr'>ἀνθρώπων</span> <span class='ocrx_word' id='word_1_214' title='bbox 1764 630 1814 657; x_wconf 78' lang='grc' dir='ltr'><strong>τὸν</strong></span> 
     </span>
    </p>
   </div>
   <div class='ocr_carea' id='block_1_31' title="bbox 1019 678 1815 714">
    <p class='ocr_par' dir='ltr' id='par_1_31' title="bbox 1019 678 1815 714">
     <span class='ocr_line' id='line_1_31' title="bbox 1019 678 1815 714; baseline -0.001 -10"><span class='ocrx_word' id='word_1_215' title='bbox 1019 678 1157 713; x_wconf 79' lang='grc' dir='ltr'>δικαττὴν,</span> <span class='ocrx_word' id='word_1_216' title='bbox 1169 678 1238 713; x_wconf 76' lang='grc' dir='ltr'>μετὰ</span> <span class='ocrx_word' id='word_1_217' title='bbox 1246 678 1299 704; x_wconf 86' lang='grc' dir='ltr'>τῶν</span> <span class='ocrx_word' id='word_1_218' title='bbox 1306 679 1463 705; x_wconf 78' lang='grc' dir='ltr'>ὑπευθύνων</span> <span class='ocrx_word' id='word_1_219' title='bbox 1477 680 1542 714; x_wconf 75' lang='grc' dir='ltr'>ὸρᾷν</span> <span class='ocrx_word' id='word_1_220' title='bbox 1551 679 1642 713; x_wconf 78' lang='grc' dir='ltr'>κοινῆς</span> <span class='ocrx_word' id='word_1_221' title='bbox 1657 678 1815 705; x_wconf 80' lang='grc' dir='ltr'>ἀπολαύον-</span> 
     </span>
    </p>
   </div>
   <div class='ocr_carea' id='block_1_32' title="bbox 1020 723 1816 760">
    <p class='ocr_par' dir='ltr' id='par_1_32' title="bbox 1020 723 1816 760">
     <span class='ocr_line' id='line_1_32' title="bbox 1020 723 1816 760; baseline 0 -12"><span class='ocrx_word' id='word_1_222' title='bbox 1020 731 1055 748; x_wconf 91' lang='grc' dir='ltr'><strong>τα</strong></span> <span class='ocrx_word' id='word_1_223' title='bbox 1086 723 1235 758; x_wconf 78' lang='grc' dir='ltr'>τραπέζης.</span> <span class='ocrx_word' id='word_1_224' title='bbox 1261 725 1310 751; x_wconf 72' lang='grc' dir='ltr'><strong>Διὰ</strong></span> <span class='ocrx_word' id='word_1_225' title='bbox 1325 724 1377 760; x_wconf 75' lang='grc' dir='ltr'>γὰρ</span> <span class='ocrx_word' id='word_1_226' title='bbox 1393 724 1471 751; x_wconf 80' lang='grc' dir='ltr'>τοῦτο</span> <span class='ocrx_word' id='word_1_227' title='bbox 1492 725 1538 750; x_wconf 74' lang='grc' dir='ltr'><strong>ἐπὶ</strong></span> <span class='ocrx_word' id='word_1_228' title='bbox 1563 724 1614 759; x_wconf 80' lang='grc' dir='ltr'><strong>γῆς</strong></span> <span class='ocrx_word' id='word_1_229' title='bbox 1635 723 1726 759; x_wconf 72' lang='grc' dir='ltr'><strong>ἦλθεν,</strong></span> <span class='ocrx_word' id='word_1_230' title='bbox 1758 723 1816 748; x_wconf 84' lang='grc' dir='ltr'><strong>οὐκ</strong></span> 
     </span>
    </p>
   </div>
   <div class='ocr_carea' id='block_1_33' title="bbox 185 763 976 806">
    <p class='ocr_par' dir='ltr' id='par_1_33' title="bbox 185 767 970 806">
     <span class='ocr_line' id='line_1_33' title="bbox 185 767 970 806; baseline -0.005 -9"><span class='ocrx_word' id='word_1_231' title='bbox 185 779 319 806; x_wconf 88' lang='lat' dir='ltr'><strong>quaquam</strong></span> <span class='ocrx_word' id='word_1_232' title='bbox 334 771 474 805; x_wconf 84' lang='lat' dir='ltr'><strong>deposita;</strong></span> <span class='ocrx_word' id='word_1_233' title='bbox 492 775 520 796; x_wconf 90' lang='grc' dir='ltr'><strong>ιιι</strong></span> <span class='ocrx_word' id='word_1_234' title='bbox 535 769 615 796; x_wconf 88' lang='lat' dir='ltr'><strong>ctiam</strong></span> <span class='ocrx_word' id='word_1_235' title='bbox 632 776 706 795; x_wconf 90' lang='lat' dir='ltr'><strong>mare</strong></span> <span class='ocrx_word' id='word_1_236' title='bbox 724 768 864 802; x_wconf 73' lang='lat' dir='ltr'><strong>navigans,</strong></span> <span class='ocrx_word' id='word_1_237' title='bbox 880 767 970 794; x_wconf 87' lang='lat' dir='ltr'><strong>mundi</strong></span> 
     </span>
    </p>
   </div>
   <div class='ocr_carea' id='block_1_34' title="bbox 1035 763 1814 806">
    <p class='ocr_par' dir='ltr' id='par_1_34' title="bbox 1038 768 1814 805">
     <span class='ocr_line' id='line_1_34' title="bbox 1038 768 1814 805; baseline -0.003 -10"><span class='ocrx_word' id='word_1_238' title='bbox 1038 778 1124 804; x_wconf 81' lang='grc' dir='ltr'>ρημον</span> <span class='ocrx_word' id='word_1_239' title='bbox 1155 769 1310 796; x_wconf 85' lang='grc' dir='ltr'>καταλιπὼν</span> <span class='ocrx_word' id='word_1_240' title='bbox 1341 771 1386 796; x_wconf 74' lang='grc' dir='ltr'><strong>τὸν</strong></span> <span class='ocrx_word' id='word_1_241' title='bbox 1422 770 1551 805; x_wconf 67' lang='grc' dir='ltr'><strong>οὐρανόν⁵</strong></span> <span class='ocrx_word' id='word_1_242' title='bbox 1585 769 1630 796; x_wconf 76' lang='grc' dir='ltr'><strong>καὶ</strong></span> <span class='ocrx_word' id='word_1_243' title='bbox 1665 768 1814 803; x_wconf 77' lang='grc' dir='ltr'>ἄνθρωπος</span> 
     </span>
    </p>
   </div>
   <div class='ocr_carea' id='block_1_35' title="bbox 185 812 971 851">
    <p class='ocr_par' dir='ltr' id='par_1_35' title="bbox 185 812 971 851">
     <span class='ocr_line' id='line_1_35' title="bbox 185 812 971 851; baseline -0.005 -9"><span class='ocrx_word' id='word_1_244' title='bbox 185 816 266 851; x_wconf 86' lang='lat' dir='ltr'><strong>hujus</strong></span> <span class='ocrx_word' id='word_1_245' title='bbox 282 816 375 850; x_wconf 79' lang='lat' dir='ltr'><strong>pelago</strong></span> <span class='ocrx_word' id='word_1_246' title='bbox 394 820 552 849; x_wconf 88' lang='lat' dir='ltr'><strong>tempestate</strong></span> <span class='ocrx_word' id='word_1_247' title='bbox 571 815 698 850; x_wconf 87' lang='lat' dir='ltr'><strong>jactatos,</strong></span> <span class='ocrx_word' id='word_1_248' title='bbox 714 814 747 841; x_wconf 88' lang='lat' dir='ltr'><strong>de</strong></span> <span class='ocrx_word' id='word_1_249' title='bbox 763 813 864 847; x_wconf 81' lang='lat' dir='ltr'><strong>peccati</strong></span> <span class='ocrx_word' id='word_1_250' title='bbox 890 812 971 839; x_wconf 80' lang='lat' dir='ltr'><strong>fundo</strong></span> 
     </span>
    </p>
   </div>
   <div class='ocr_carea' id='block_1_36' title="bbox 185 859 973 895">
    <p class='ocr_par' dir='ltr' id='par_1_36' title="bbox 185 859 973 895">
     <span class='ocr_line' id='line_1_36' title="bbox 185 859 973 895; baseline -0.004 -7"><span class='ocrx_word' id='word_1_251' title='bbox 185 862 338 888; x_wconf 74' lang='lat' dir='ltr'><strong>extraheret</strong></span> <span class='ocrx_word' id='word_1_252' title='bbox 359 872 364 888; x_wconf 91' lang='lat'>:</span> <span class='ocrx_word' id='word_1_253' title='bbox 389 862 516 895; x_wconf 85' lang='lat' dir='ltr'><strong>vicosque</strong></span> <span class='ocrx_word' id='word_1_254' title='bbox 538 866 565 887; x_wconf 91' lang='lat' dir='ltr'><strong>et</strong></span> <span class='ocrx_word' id='word_1_255' title='bbox 590 860 668 887; x_wconf 88' lang='lat' dir='ltr'><strong>urbes</strong></span> <span class='ocrx_word' id='word_1_256' title='bbox 697 860 870 891; x_wconf 87' lang='lat' dir='ltr'><strong>circumiens,</strong></span> <span class='ocrx_word' id='word_1_257' title='bbox 898 859 973 894; x_wconf 81' lang='lat' dir='ltr'><strong>angi-</strong></span> 
     </span>
    </p>
   </div>
   <div class='ocr_carea' id='block_1_37' title="bbox 187 905 971 940">
    <p class='ocr_par' dir='ltr' id='par_1_37' title="bbox 187 905 971 940">
     <span class='ocr_line' id='line_1_37' title="bbox 187 905 971 940; baseline -0.001 -9"><span class='ocrx_word' id='word_1_258' title='bbox 187 911 332 940; x_wconf 75' lang='lat' dir='ltr'><strong>portusque</strong></span> <span class='ocrx_word' id='word_1_259' title='bbox 352 910 379 933; x_wconf 91' lang='lat' dir='ltr'><strong>et</strong></span> <span class='ocrx_word' id='word_1_260' title='bbox 401 906 510 933; x_wconf 84' lang='lat' dir='ltr'><strong>semitas</strong></span> <span class='ocrx_word' id='word_1_261' title='bbox 535 910 615 938; x_wconf 88' lang='lat' dir='ltr'><strong>atque</strong></span> <span class='ocrx_word' id='word_1_262' title='bbox 632 905 721 931; x_wconf 80' lang='lat' dir='ltr'><strong>aditus</strong></span> <span class='ocrx_word' id='word_1_263' title='bbox 734 905 971 935; x_wconf 83' lang='lat' dir='ltr'><strong>circumcursans,</strong></span> 
     </span>
    </p>
   </div>
   <div class='ocr_carea' id='block_1_38' title="bbox 186 949 974 982">
    <p class='ocr_par' dir='ltr' id='par_1_38' title="bbox 186 949 974 982">
     <span class='ocr_line' id='line_1_38' title="bbox 186 949 974 982; baseline -0.004 -5"><span class='ocrx_word' id='word_1_264' title='bbox 186 956 309 978; x_wconf 81' lang='lat' dir='ltr'><strong>errantes</strong></span> <span class='ocrx_word' id='word_1_265' title='bbox 333 951 358 977; x_wconf 93' lang='lat' dir='ltr'><strong>in</strong></span> <span class='ocrx_word' id='word_1_266' title='bbox 383 951 469 978; x_wconf 87' lang='lat' dir='ltr'><strong>triviis</strong></span> <span class='ocrx_word' id='word_1_267' title='bbox 487 957 535 978; x_wconf 87' lang='lat' dir='ltr'><strong>ceu</strong></span> <span class='ocrx_word' id='word_1_268' title='bbox 552 949 574 965; x_wconf 82' lang='lat'><strong><em>&quot;</em></strong></span> <span class='ocrx_word' id='word_1_269' title='bbox 595 958 651 977; x_wconf 76' lang='grc' dir='ltr'>οιιεδ</span> <span class='ocrx_word' id='word_1_270' title='bbox 671 957 722 975; x_wconf 84' lang='lat' dir='ltr'><strong>non</strong></span> <span class='ocrx_word' id='word_1_271' title='bbox 743 949 862 975; x_wconf 76' lang='lat' dir='ltr'><strong>habentes</strong></span> <span class='ocrx_word' id='word_1_272' title='bbox 884 954 974 982; x_wconf 77' lang='lat' dir='ltr'><strong>pauo-</strong></span> 
     </span>
    </p>
   </div>
   <div class='ocr_carea' id='block_1_39' title="bbox 187 994 972 1031">
    <p class='ocr_par' dir='ltr' id='par_1_39' title="bbox 187 994 972 1031">
     <span class='ocr_line' id='line_1_39' title="bbox 187 994 972 1031; baseline -0.004 -8"><span class='ocrx_word' id='word_1_273' title='bbox 187 1005 240 1023; x_wconf 71' lang='lat' dir='ltr'><strong>rem</strong></span> <span class='ocrx_word' id='word_1_274' title='bbox 259 996 290 1023; x_wconf 86' lang='lat' dir='ltr'><strong>ad</strong></span> <span class='ocrx_word' id='word_1_275' title='bbox 308 997 443 1031; x_wconf 87' lang='lat' dir='ltr'><strong>proprium</strong></span> <span class='ocrx_word' id='word_1_276' title='bbox 461 996 531 1022; x_wconf 91' lang='lat' dir='ltr'><strong>ovile</strong></span> <span class='ocrx_word' id='word_1_277' title='bbox 545 996 694 1022; x_wconf 72' lang='lat' dir='ltr'><strong>reduceret.</strong></span> <span class='ocrx_word' id='word_1_278' title='bbox 712 994 772 1029; x_wconf 81' lang='lat' dir='ltr'><strong>ipse</strong></span> <span class='ocrx_word' id='word_1_279' title='bbox 789 1001 902 1028; x_wconf 75' lang='lat' dir='ltr'><strong>uanique</strong></span> <span class='ocrx_word' id='word_1_280' title='bbox 916 998 972 1026; x_wconf 84' lang='lat' dir='ltr'><strong>est,</strong></span> 
     </span>
    </p>
   </div>
   <div class='ocr_carea' id='block_1_40' title="bbox 187 1040 974 1075">
    <p class='ocr_par' dir='ltr' id='par_1_40' title="bbox 187 1040 974 1075">
     <span class='ocr_line' id='line_1_40' title="bbox 187 1040 974 1075; baseline -0.005 -6"><span class='ocrx_word' id='word_1_281' title='bbox 187 1043 232 1075; x_wconf 80' lang='lat' dir='ltr'><strong>qui</strong></span> <span class='ocrx_word' id='word_1_282' title='bbox 253 1050 329 1068; x_wconf 81' lang='lat' dir='ltr'><strong>orem</strong></span> <span class='ocrx_word' id='word_1_283' title='bbox 350 1047 485 1068; x_wconf 85' lang='lat' dir='ltr'><strong>errantem</strong></span> <span class='ocrx_word' id='word_1_284' title='bbox 514 1041 619 1074; x_wconf 70' lang='lat' dir='ltr'><strong>quaerit,</strong></span> <span class='ocrx_word' id='word_1_285' title='bbox 637 1040 736 1074; x_wconf 87' lang='lat' dir='ltr'><strong>quique</strong></span> <span class='ocrx_word' id='word_1_286' title='bbox 764 1040 907 1074; x_wconf 82' lang='lat' dir='ltr'><strong>nonaginta</strong></span> <span class='ocrx_word' id='word_1_287' title='bbox 926 1047 974 1065; x_wconf 79' lang='grc' dir='ltr'>ιιι)-</span> 
     </span>
    </p>
   </div>
   <div class='ocr_carea' id='block_1_41' title="bbox 188 1085 973 1120">
    <p class='ocr_par' dir='ltr' id='par_1_41' title="bbox 188 1085 973 1120">
     <span class='ocr_line' id='line_1_41' title="bbox 188 1085 973 1120; baseline -0.003 -6"><span class='ocrx_word' id='word_1_288' title='bbox 188 1096 247 1114; x_wconf 79' lang='lat' dir='ltr'><strong>rem</strong></span> <span class='ocrx_word' id='word_1_289' title='bbox 275 1088 375 1114; x_wconf 86' lang='lat' dir='ltr'><strong>relictis</strong></span> <span class='ocrx_word' id='word_1_290' title='bbox 402 1087 434 1113; x_wconf 86' lang='lat' dir='ltr'><strong>ad</strong></span> <span class='ocrx_word' id='word_1_291' title='bbox 461 1094 540 1112; x_wconf 87' lang='lat' dir='ltr'><strong>nnatn</strong></span> <span class='ocrx_word' id='word_1_292' title='bbox 573 1085 778 1120; x_wconf 89' lang='lat' dir='ltr'><strong>perquirendam</strong></span> <span class='ocrx_word' id='word_1_293' title='bbox 809 1085 915 1111; x_wconf 81' lang='lat' dir='ltr'><strong>advenit</strong></span> <span class='ocrx_word' id='word_1_294' title='bbox 940 1085 973 1112; x_wconf 83' lang='lat'><strong>&quot;.</strong></span> 
     </span>
    </p>
   </div>
   <div class='ocr_carea' id='block_1_42' title="bbox 189 1131 975 1166">
    <p class='ocr_par' dir='ltr' id='par_1_42' title="bbox 189 1131 975 1166">
     <span class='ocr_line' id='line_1_42' title="bbox 189 1131 975 1166; baseline -0.001 -8"><span class='ocrx_word' id='word_1_295' title='bbox 189 1133 293 1166; x_wconf 79' lang='lat' dir='ltr'><strong>Quippe</strong></span> <span class='ocrx_word' id='word_1_296' title='bbox 311 1132 446 1166; x_wconf 78' lang='lat' dir='ltr'><strong>qnzerebat</strong></span> <span class='ocrx_word' id='word_1_297' title='bbox 465 1139 561 1163; x_wconf 85' lang='lat' dir='ltr'><strong>uuam;</strong></span> <span class='ocrx_word' id='word_1_298' title='bbox 582 1139 631 1157; x_wconf 76' lang='lat' dir='ltr'><strong>nec</strong></span> <span class='ocrx_word' id='word_1_299' title='bbox 647 1138 778 1164; x_wconf 76' lang='lat' dir='ltr'><strong>spernens</strong></span> <span class='ocrx_word' id='word_1_300' title='bbox 793 1131 905 1161; x_wconf 89' lang='lat' dir='ltr'><strong>multas,</strong></span> <span class='ocrx_word' id='word_1_301' title='bbox 926 1138 975 1157; x_wconf 85' lang='lat' dir='ltr'><strong>nec</strong></span> 
     </span>
    </p>
   </div>
   <div class='ocr_carea' id='block_1_43' title="bbox 190 1171 974 1211">
    <p class='ocr_par' dir='ltr' id='par_1_43' title="bbox 190 1171 974 1211">
     <span class='ocr_line' id='line_1_43' title="bbox 190 1171 974 1211; baseline -0.003 -8"><span class='ocrx_word' id='word_1_302' title='bbox 190 1186 270 1204; x_wconf 89' lang='lat' dir='ltr'><strong>uuam</strong></span> <span class='ocrx_word' id='word_1_303' title='bbox 299 1177 461 1203; x_wconf 86' lang='lat' dir='ltr'><strong>multitudini</strong></span> <span class='ocrx_word' id='word_1_304' title='bbox 494 1171 650 1211; x_wconf 69' lang='lat' dir='ltr'><strong>prcherens.</strong></span> <span class='ocrx_word' id='word_1_305' title='bbox 681 1175 860 1203; x_wconf 84' lang='lat' dir='ltr'><strong>Nihilominus</strong></span> <span class='ocrx_word' id='word_1_306' title='bbox 886 1182 974 1202; x_wconf 83' lang='lat' dir='ltr'><strong>tamen</strong></span> 
     </span>
    </p>
   </div>
   <div class='ocr_carea' id='block_1_44' title="bbox 191 1221 974 1256">
    <p class='ocr_par' dir='ltr' id='par_1_44' title="bbox 191 1221 974 1256">
     <span class='ocr_line' id='line_1_44' title="bbox 191 1221 974 1256; baseline -0.003 -8"><span class='ocrx_word' id='word_1_307' title='bbox 191 1222 299 1256; x_wconf 85' lang='lat' dir='ltr'><strong>reliquit</strong></span> <span class='ocrx_word' id='word_1_308' title='bbox 314 1222 457 1254; x_wconf 79' lang='lat' dir='ltr'><strong>nonaginta</strong></span> <span class='ocrx_word' id='word_1_309' title='bbox 474 1229 568 1248; x_wconf 81' lang='lat' dir='ltr'><strong>novent</strong></span> <span class='ocrx_word' id='word_1_310' title='bbox 588 1229 594 1246; x_wconf 89' lang='lat'><em>:</em></span> <span class='ocrx_word' id='word_1_311' title='bbox 612 1228 660 1255; x_wconf 80' lang='lat' dir='ltr'><strong>par</strong></span> <span class='ocrx_word' id='word_1_312' title='bbox 673 1221 744 1247; x_wconf 85' lang='lat' dir='ltr'><strong>enim</strong></span> <span class='ocrx_word' id='word_1_313' title='bbox 759 1227 817 1253; x_wconf 79' lang='lat' dir='ltr'><strong>erat</strong></span> <span class='ocrx_word' id='word_1_314' title='bbox 831 1226 859 1247; x_wconf 92' lang='lat' dir='ltr'><strong>nt</strong></span> <span class='ocrx_word' id='word_1_315' title='bbox 874 1226 930 1247; x_wconf 91' lang='lat' dir='ltr'><strong>tuto</strong></span> <span class='ocrx_word' id='word_1_316' title='bbox 949 1222 974 1253; x_wconf 86' lang='lat' dir='ltr'><strong>in</strong></span> 
     </span>
    </p>
   </div>
   <div class='ocr_carea' id='block_1_45' title="bbox 191 1267 976 1302">
    <p class='ocr_par' dir='ltr' id='par_1_45' title="bbox 191 1267 976 1302">
     <span class='ocr_line' id='line_1_45' title="bbox 191 1267 976 1302; baseline 0.003 -9"><span class='ocrx_word' id='word_1_317' title='bbox 191 1268 267 1294; x_wconf 81' lang='lat' dir='ltr'><strong>caula</strong></span> <span class='ocrx_word' id='word_1_318' title='bbox 300 1272 486 1301; x_wconf 83' lang='lat' dir='ltr'><strong>morarentur;</strong></span> <span class='ocrx_word' id='word_1_319' title='bbox 515 1275 595 1294; x_wconf 89' lang='lat' dir='ltr'><strong>unam</strong></span> <span class='ocrx_word' id='word_1_320' title='bbox 616 1271 704 1294; x_wconf 86' lang='lat' dir='ltr'><strong>autem</strong></span> <span class='ocrx_word' id='word_1_321' title='bbox 723 1267 796 1293; x_wconf 89' lang='lat' dir='ltr'><strong>illam</strong></span> <span class='ocrx_word' id='word_1_322' title='bbox 816 1275 976 1302; x_wconf 75' lang='lat' dir='ltr'><strong>progressiis</strong></span> 
     </span>
    </p>
   </div>
   <div class='ocr_carea' id='block_1_46' title="bbox 191 1312 975 1347">
    <p class='ocr_par' dir='ltr' id='par_1_46' title="bbox 191 1312 975 1347">
     <span class='ocr_line' id='line_1_46' title="bbox 191 1312 975 1347; baseline 0 -9"><span class='ocrx_word' id='word_1_323' title='bbox 191 1312 339 1346; x_wconf 71' lang='lat' dir='ltr'><strong>qumrebat,</strong></span> <span class='ocrx_word' id='word_1_324' title='bbox 356 1317 384 1338; x_wconf 92' lang='lat' dir='ltr'><strong>ut</strong></span> <span class='ocrx_word' id='word_1_325' title='bbox 402 1320 435 1339; x_wconf 89' lang='lat' dir='ltr'><strong>ne</strong></span> <span class='ocrx_word' id='word_1_326' title='bbox 450 1312 555 1340; x_wconf 83' lang='lat' dir='ltr'><strong>diabolo</strong></span> <span class='ocrx_word' id='word_1_327' title='bbox 579 1312 667 1347; x_wconf 65' lang='lat' dir='ltr'><strong>praeda</strong></span> <span class='ocrx_word' id='word_1_328' title='bbox 684 1313 802 1340; x_wconf 80' lang='lat' dir='ltr'><strong>cederet.</strong></span> <span class='ocrx_word' id='word_1_329' title='bbox 833 1312 896 1339; x_wconf 83' lang='lat' dir='ltr'><strong>Nam</strong></span> <span class='ocrx_word' id='word_1_330' title='bbox 919 1313 975 1342; x_wconf 87' lang='lat' dir='ltr'><strong>ovis</strong></span> 
     </span>
    </p>
   </div>
   <div class='ocr_carea' id='block_1_47' title="bbox 193 1350 974 1392">
    <p class='ocr_par' dir='ltr' id='par_1_47' title="bbox 193 1350 974 1392">
     <span class='ocr_line' id='line_1_47' title="bbox 193 1350 974 1392; baseline 0 -8"><span class='ocrx_word' id='word_1_331' title='bbox 193 1358 292 1391; x_wconf 82' lang='lat' dir='ltr'><strong>absque</strong></span> <span class='ocrx_word' id='word_1_332' title='bbox 318 1350 427 1391; x_wconf 80' lang='lat' dir='ltr'><strong>pastore</strong></span> <span class='ocrx_word' id='word_1_333' title='bbox 456 1362 579 1392; x_wconf 82' lang='lat' dir='ltr'><strong>prompta</strong></span> <span class='ocrx_word' id='word_1_334' title='bbox 614 1357 678 1384; x_wconf 82' lang='lat' dir='ltr'><strong>feris</strong></span> <span class='ocrx_word' id='word_1_335' title='bbox 705 1363 852 1392; x_wconf 86' lang='lat' dir='ltr'><strong>parataque</strong></span> <span class='ocrx_word' id='word_1_336' title='bbox 871 1365 974 1385; x_wconf 68' lang='lat' dir='ltr'><strong>creua:</strong></span> 
     </span>
    </p>
   </div>
   <div class='ocr_carea' id='block_1_48' title="bbox 192 1402 975 1437">
    <p class='ocr_par' dir='ltr' id='par_1_48' title="bbox 192 1402 975 1437">
     <span class='ocr_line' id='line_1_48' title="bbox 192 1402 975 1437; baseline 0.001 -9"><span class='ocrx_word' id='word_1_337' title='bbox 192 1402 335 1437; x_wconf 84' lang='lat' dir='ltr'><strong>animaque</strong></span> <span class='ocrx_word' id='word_1_338' title='bbox 350 1402 487 1437; x_wconf 84' lang='lat' dir='ltr'><strong>signaculo</strong></span> <span class='ocrx_word' id='word_1_339' title='bbox 515 1409 622 1433; x_wconf 86' lang='lat' dir='ltr'><strong>carens,</strong></span> <span class='ocrx_word' id='word_1_340' title='bbox 641 1402 745 1429; x_wconf 91' lang='lat' dir='ltr'><strong>insidiis</strong></span> <span class='ocrx_word' id='word_1_341' title='bbox 760 1402 911 1431; x_wconf 66' lang='lat' dir='ltr'><strong>daemonum</strong></span> <span class='ocrx_word' id='word_1_342' title='bbox 928 1410 975 1429; x_wconf 82' lang='lat' dir='ltr'><strong>cx-</strong></span> 
     </span>
    </p>
   </div>
   <div class='ocr_carea' id='block_1_49' title="bbox 193 1448 975 1483">
    <p class='ocr_par' dir='ltr' id='par_1_49' title="bbox 193 1448 975 1483">
     <span class='ocr_line' id='line_1_49' title="bbox 193 1448 975 1483; baseline 0.001 -9"><span class='ocrx_word' id='word_1_343' title='bbox 193 1449 288 1483; x_wconf 83' lang='lat' dir='ltr'><strong>pnsila.</strong></span> <span class='ocrx_word' id='word_1_344' title='bbox 320 1449 462 1482; x_wconf 79' lang='lat' dir='ltr'><strong>Propterea</strong></span> <span class='ocrx_word' id='word_1_345' title='bbox 485 1456 569 1483; x_wconf 86' lang='lat' dir='ltr'><strong>nuper</strong></span> <span class='ocrx_word' id='word_1_346' title='bbox 583 1448 739 1475; x_wconf 65' lang='lat' dir='ltr'><strong>Zacchaznm</strong></span> <span class='ocrx_word' id='word_1_347' title='bbox 755 1448 788 1478; x_wconf 65' lang='lat'><strong>9&#39;,</strong></span> <span class='ocrx_word' id='word_1_348' title='bbox 809 1448 881 1475; x_wconf 76' lang='lat' dir='ltr'><strong>velut</strong></span> <span class='ocrx_word' id='word_1_349' title='bbox 898 1455 975 1475; x_wconf 85' lang='lat' dir='ltr'><strong>ovem</strong></span> 
     </span>
    </p>
   </div>
   <div class='ocr_carea' id='block_1_50' title="bbox 192 1493 976 1529">
    <p class='ocr_par' dir='ltr' id='par_1_50' title="bbox 192 1493 976 1529">
     <span class='ocr_line' id='line_1_50' title="bbox 192 1493 976 1529; baseline -0.001 -8"><span class='ocrx_word' id='word_1_350' title='bbox 192 1503 225 1521; x_wconf 76' lang='lat' dir='ltr'><strong>ex</strong></span> <span class='ocrx_word' id='word_1_351' title='bbox 249 1495 303 1529; x_wconf 90' lang='lat' dir='ltr'><strong>lupi</strong></span> <span class='ocrx_word' id='word_1_352' title='bbox 329 1502 376 1521; x_wconf 92' lang='lat' dir='ltr'><strong>ore</strong></span> <span class='ocrx_word' id='word_1_353' title='bbox 404 1494 531 1528; x_wconf 76' lang='lat' dir='ltr'><strong>abripuit,</strong></span> <span class='ocrx_word' id='word_1_354' title='bbox 551 1494 772 1528; x_wconf 89' lang='lat' dir='ltr'><strong>commiscuitque</strong></span> <span class='ocrx_word' id='word_1_355' title='bbox 787 1493 879 1526; x_wconf 65' lang='lat' dir='ltr'><strong>caulae,</strong></span> <span class='ocrx_word' id='word_1_356' title='bbox 897 1498 923 1520; x_wconf 92' lang='lat' dir='ltr'><strong>et</strong></span> <span class='ocrx_word' id='word_1_357' title='bbox 939 1494 976 1520; x_wconf 85' lang='lat' dir='ltr'><strong>si-</strong></span> 
     </span>
    </p>
   </div>
   <div class='ocr_carea' id='block_1_51' title="bbox 193 1540 978 1575">
    <p class='ocr_par' dir='ltr' id='par_1_51' title="bbox 193 1540 978 1575">
     <span class='ocr_line' id='line_1_51' title="bbox 193 1540 978 1575; baseline 0 -8"><span class='ocrx_word' id='word_1_358' title='bbox 193 1541 305 1575; x_wconf 68' lang='lat' dir='ltr'><strong>gnaculo</strong></span> <span class='ocrx_word' id='word_1_359' title='bbox 332 1541 450 1567; x_wconf 78' lang='lat' dir='ltr'><strong>donavit.</strong></span> <span class='ocrx_word' id='word_1_360' title='bbox 481 1540 557 1567; x_wconf 85' lang='lat' dir='ltr'><strong>Sicut</strong></span> <span class='ocrx_word' id='word_1_361' title='bbox 579 1541 649 1567; x_wconf 84' lang='lat' dir='ltr'><strong>enim</strong></span> <span class='ocrx_word' id='word_1_362' title='bbox 671 1545 760 1574; x_wconf 87' lang='lat' dir='ltr'><strong>pastor</strong></span> <span class='ocrx_word' id='word_1_363' title='bbox 781 1540 898 1566; x_wconf 86' lang='lat' dir='ltr'><strong>errantis</strong></span> <span class='ocrx_word' id='word_1_364' title='bbox 920 1541 978 1567; x_wconf 82' lang='lat' dir='ltr'><strong>ovis</strong></span> 
     </span>
    </p>
   </div>
   <div class='ocr_carea' id='block_1_52' title="bbox 193 1585 978 1618">
    <p class='ocr_par' dir='ltr' id='par_1_52' title="bbox 193 1585 978 1618">
     <span class='ocr_line' id='line_1_52' title="bbox 193 1585 978 1618; baseline 0.001 -7"><span class='ocrx_word' id='word_1_365' title='bbox 193 1591 331 1618; x_wconf 86' lang='lat' dir='ltr'><strong>capturam</strong></span> <span class='ocrx_word' id='word_1_366' title='bbox 357 1585 506 1617; x_wconf 82' lang='lat' dir='ltr'><strong>meditans,</strong></span> <span class='ocrx_word' id='word_1_367' title='bbox 531 1585 596 1611; x_wconf 89' lang='lat' dir='ltr'><strong>sinit</strong></span> <span class='ocrx_word' id='word_1_368' title='bbox 625 1585 773 1611; x_wconf 76' lang='lat' dir='ltr'><strong>cicnralnm</strong></span> <span class='ocrx_word' id='word_1_369' title='bbox 808 1585 929 1617; x_wconf 85' lang='lat' dir='ltr'><strong>animal,</strong></span> <span class='ocrx_word' id='word_1_370' title='bbox 950 1590 978 1612; x_wconf 93' lang='lat' dir='ltr'><strong>nt</strong></span> 
     </span>
    </p>
   </div>
   <div class='ocr_carea' id='block_1_53' title="bbox 196 1631 977 1664">
    <p class='ocr_par' dir='ltr' id='par_1_53' title="bbox 196 1631 977 1664">
     <span class='ocr_line' id='line_1_53' title="bbox 196 1631 977 1664; baseline 0 -8"><span class='ocrx_word' id='word_1_371' title='bbox 196 1632 280 1657; x_wconf 86' lang='lat' dir='ltr'><strong>libero</strong></span> <span class='ocrx_word' id='word_1_372' title='bbox 302 1636 378 1664; x_wconf 83' lang='lat' dir='ltr'><strong>pastu</strong></span> <span class='ocrx_word' id='word_1_373' title='bbox 407 1631 570 1658; x_wconf 88' lang='lat' dir='ltr'><strong>resilientem</strong></span> <span class='ocrx_word' id='word_1_374' title='bbox 597 1636 722 1657; x_wconf 81' lang='lat' dir='ltr'><strong>venatum</strong></span> <span class='ocrx_word' id='word_1_375' title='bbox 745 1631 831 1657; x_wconf 89' lang='lat' dir='ltr'><strong>trahat</strong></span> <span class='ocrx_word' id='word_1_376' title='bbox 860 1639 866 1656; x_wconf 97' lang='lat'>:</span> <span class='ocrx_word' id='word_1_377' title='bbox 888 1632 923 1656; x_wconf 89' lang='lat' dir='ltr'><strong>ita</strong></span> <span class='ocrx_word' id='word_1_378' title='bbox 950 1636 977 1657; x_wconf 86' lang='lat' dir='ltr'><strong>et</strong></span> 
     </span>
    </p>
   </div>
   <div class='ocr_carea' id='block_1_54' title="bbox 231 1679 541 1714">
    <p class='ocr_par' dir='ltr' id='par_1_54' title="bbox 231 1679 541 1714">
     <span class='ocr_line' id='line_1_54' title="bbox 231 1679 541 1714; baseline 0 -9"><span class='ocrx_word' id='word_1_379' title='bbox 231 1679 253 1695; x_wconf 84' lang='lat'><strong>&quot;</strong></span> <span class='ocrx_word' id='word_1_380' title='bbox 274 1679 304 1705; x_wconf 92' lang='lat' dir='ltr'><strong>Ill</strong></span> <span class='ocrx_word' id='word_1_381' title='bbox 330 1679 397 1714; x_wconf 78' lang='lat' dir='ltr'><strong>Reg.</strong></span> <span class='ocrx_word' id='word_1_382' title='bbox 414 1687 481 1711; x_wconf 81' lang='lat' dir='ltr'><strong>uti,</strong></span> <span class='ocrx_word' id='word_1_383' title='bbox 498 1679 541 1706; x_wconf 82' lang='lat' dir='ltr'><strong>l7.</strong></span> 
     </span>
    </p>
   </div>
   <div class='ocr_carea' id='block_1_55' title="bbox 196 1736 975 1770">
    <p class='ocr_par' dir='ltr' id='par_1_55' title="bbox 196 1736 975 1770">
     <span class='ocr_line' id='line_1_55' title="bbox 196 1736 975 1770; baseline 0 -8"><span class='ocrx_word' id='word_1_384' title='bbox 196 1742 224 1762; x_wconf 95' lang='lat' dir='ltr'><strong>ut</strong></span> <span class='ocrx_word' id='word_1_385' title='bbox 248 1742 274 1762; x_wconf 76' lang='lat' dir='ltr'><strong>et</strong></span> <span class='ocrx_word' id='word_1_386' title='bbox 298 1736 426 1770; x_wconf 81' lang='lat' dir='ltr'><strong>pleraque</strong></span> <span class='ocrx_word' id='word_1_387' title='bbox 447 1737 512 1763; x_wconf 89' lang='lat' dir='ltr'><strong>tanti</strong></span> <span class='ocrx_word' id='word_1_388' title='bbox 537 1736 586 1764; x_wconf 80' lang='lat' dir='ltr'><strong>viri</strong></span> <span class='ocrx_word' id='word_1_389' title='bbox 602 1736 742 1769; x_wconf 85' lang='lat' dir='ltr'><strong>opuscula,</strong></span> <span class='ocrx_word' id='word_1_390' title='bbox 772 1741 800 1763; x_wconf 87' lang='lat' dir='ltr'><strong>et</strong></span> <span class='ocrx_word' id='word_1_391' title='bbox 828 1737 975 1770; x_wconf 68' lang='lat' dir='ltr'><strong>praesertim</strong></span> 
     </span>
    </p>
   </div>
   <div class='ocr_carea' id='block_1_56' title="bbox 195 1770 977 1806">
    <p class='ocr_par' dir='ltr' id='par_1_56' title="bbox 195 1770 977 1806">
     <span class='ocr_line' id='line_1_56' title="bbox 195 1770 977 1806; baseline -0.001 -8"><span class='ocrx_word' id='word_1_392' title='bbox 195 1771 266 1798; x_wconf 84' lang='lat' dir='ltr'><strong>docti</strong></span> <span class='ocrx_word' id='word_1_393' title='bbox 278 1771 314 1797; x_wconf 88' lang='lat' dir='ltr'><strong>illi</strong></span> <span class='ocrx_word' id='word_1_394' title='bbox 327 1775 456 1797; x_wconf 86' lang='lat' dir='ltr'><strong>tractatus</strong></span> <span class='ocrx_word' id='word_1_395' title='bbox 469 1772 494 1797; x_wconf 85' lang='lat' dir='ltr'><strong>in</strong></span> <span class='ocrx_word' id='word_1_396' title='bbox 507 1771 723 1806; x_wconf 79' lang='lat' dir='ltr'><strong>Joau..quortnn</strong></span> <span class='ocrx_word' id='word_1_397' title='bbox 740 1770 891 1805; x_wconf 79' lang='lat' dir='ltr'><strong>fragmenta</strong></span> <span class='ocrx_word' id='word_1_398' title='bbox 903 1771 977 1804; x_wconf 80' lang='lat' dir='ltr'><strong>plura</strong></span> 
     </span>
    </p>
   </div>
   <div class='ocr_carea' id='block_1_57' title="bbox 196 1806 461 1833">
    <p class='ocr_par' dir='ltr' id='par_1_57' title="bbox 196 1806 461 1833">
     <span class='ocr_line' id='line_1_57' title="bbox 196 1806 461 1833; baseline -0.008 0"><span class='ocrx_word' id='word_1_399' title='bbox 196 1808 291 1833; x_wconf 82' lang='lat' dir='ltr'><strong>damus</strong></span> <span class='ocrx_word' id='word_1_400' title='bbox 307 1808 356 1831; x_wconf 86' lang='lat' dir='ltr'><strong>sub</strong></span> <span class='ocrx_word' id='word_1_401' title='bbox 373 1806 461 1832; x_wconf 83' lang='lat' dir='ltr'><strong>liuctn.</strong></span> 
     </span>
    </p>
   </div>
   <div class='ocr_carea' id='block_1_58' title="bbox 231 1840 979 1881">
    <p class='ocr_par' dir='ltr' id='par_1_58' title="bbox 231 1840 979 1881">
     <span class='ocr_line' id='line_1_58' title="bbox 231 1840 979 1881; baseline 0.001 -15"><span class='ocrx_word' id='word_1_402' title='bbox 231 1841 286 1881; x_wconf 63' lang='lat' dir='ltr'><strong>Q57)</strong></span> <span class='ocrx_word' id='word_1_403' title='bbox 309 1840 359 1881; x_wconf 51' lang='lat' dir='ltr'><strong>Tﬁn</strong></span> <span class='ocrx_word' id='word_1_404' title='bbox 371 1841 510 1881; x_wconf 57' lang='grc' dir='ltr'><strong>κοιχιιηςίᾳ</strong></span> <span class='ocrx_word' id='word_1_405' title='bbox 522 1840 575 1867; x_wconf 83' lang='grc' dir='ltr'>τοῦ</span> <span class='ocrx_word' id='word_1_406' title='bbox 590 1841 683 1867; x_wconf 80' lang='grc' dir='ltr'>ποτοῦ</span> <span class='ocrx_word' id='word_1_407' title='bbox 694 1840 747 1873; x_wconf 82' lang='grc' dir='ltr'><strong>τὰς</strong></span> <span class='ocrx_word' id='word_1_408' title='bbox 765 1840 878 1874; x_wconf 78' lang='grc' dir='ltr'><em>ληνοὺς</em></span> <span class='ocrx_word' id='word_1_409' title='bbox 891 1841 979 1868; x_wconf 72' lang='grc' dir='ltr'>εὐλο-</span> 
     </span>
    </p>
   </div>
   <div class='ocr_carea' id='block_1_59' title="bbox 198 1875 982 1910">
    <p class='ocr_par' dir='ltr' id='par_1_59' title="bbox 198 1875 982 1910">
     <span class='ocr_line' id='line_1_59' title="bbox 198 1875 982 1910; baseline 0 -8"><span class='ocrx_word' id='word_1_410' title='bbox 198 1875 319 1910; x_wconf 68' lang='grc' dir='ltr'>γοῦντα.</span> <span class='ocrx_word' id='word_1_411' title='bbox 342 1875 511 1902; x_wconf 75' lang='lat' dir='ltr'><strong>EratCltristi</strong></span> <span class='ocrx_word' id='word_1_412' title='bbox 529 1883 592 1901; x_wconf 84' lang='lat' dir='ltr'><strong>usus</strong></span> <span class='ocrx_word' id='word_1_413' title='bbox 610 1881 759 1908; x_wconf 81' lang='lat' dir='ltr'><strong>tactusque,</strong></span> <span class='ocrx_word' id='word_1_414' title='bbox 777 1884 826 1902; x_wconf 90' lang='lat' dir='ltr'><strong>cen</strong></span> <span class='ocrx_word' id='word_1_415' title='bbox 841 1883 982 1902; x_wconf 78' lang='lat' dir='ltr'><strong>consecra-</strong></span> 
     </span>
    </p>
   </div>
   <div class='ocr_carea' id='block_1_60' title="bbox 198 1910 980 1944">
    <p class='ocr_par' dir='ltr' id='par_1_60' title="bbox 198 1910 980 1944">
     <span class='ocr_line' id='line_1_60' title="bbox 198 1910 980 1944; baseline 0.001 -8"><span class='ocrx_word' id='word_1_416' title='bbox 198 1916 236 1938; x_wconf 81' lang='lat' dir='ltr'><strong>tto</strong></span> <span class='ocrx_word' id='word_1_417' title='bbox 255 1911 390 1944; x_wconf 65' lang='grc' dir='ltr'>(ιιιιιτιιιιηι,</span> <span class='ocrx_word' id='word_1_418' title='bbox 408 1918 456 1943; x_wconf 83' lang='lat' dir='ltr'><strong>pro</strong></span> <span class='ocrx_word' id='word_1_419' title='bbox 473 1910 592 1944; x_wconf 84' lang='lat' dir='ltr'><strong>ejusdem</strong></span> <span class='ocrx_word' id='word_1_420' title='bbox 613 1918 676 1937; x_wconf 75' lang='lat' dir='ltr'><strong>usus</strong></span> <span class='ocrx_word' id='word_1_421' title='bbox 697 1911 800 1937; x_wconf 80' lang='lat' dir='ltr'><strong>ratione</strong></span> <span class='ocrx_word' id='word_1_422' title='bbox 815 1919 821 1936; x_wconf 88' lang='lat'><strong>:</strong></span> <span class='ocrx_word' id='word_1_423' title='bbox 838 1915 866 1936; x_wconf 93' lang='lat' dir='ltr'><strong>ut</strong></span> <span class='ocrx_word' id='word_1_424' title='bbox 884 1911 980 1944; x_wconf 86' lang='lat' dir='ltr'><strong>quibus</strong></span> 
     </span>
    </p>
   </div>
   <div class='ocr_carea' id='block_1_61' title="bbox 198 1945 981 1977">
    <p class='ocr_par' dir='ltr' id='par_1_61' title="bbox 198 1945 981 1977">
     <span class='ocr_line' id='line_1_61' title="bbox 198 1945 981 1977; baseline -0.003 -5"><span class='ocrx_word' id='word_1_425' title='bbox 198 1950 246 1972; x_wconf 54' lang='lat' dir='ltr'><strong>cru</strong></span> <span class='ocrx_word' id='word_1_426' title='bbox 265 1946 349 1972; x_wconf 78' lang='lat' dir='ltr'><strong>sacris</strong></span> <span class='ocrx_word' id='word_1_427' title='bbox 364 1950 390 1972; x_wconf 90' lang='lat' dir='ltr'><strong>et</strong></span> <span class='ocrx_word' id='word_1_428' title='bbox 415 1952 494 1971; x_wconf 87' lang='lat' dir='ltr'><strong>sacro</strong></span> <span class='ocrx_word' id='word_1_429' title='bbox 522 1945 572 1971; x_wconf 90' lang='lat' dir='ltr'><strong>ritu</strong></span> <span class='ocrx_word' id='word_1_430' title='bbox 595 1953 659 1972; x_wconf 89' lang='lat' dir='ltr'><strong>usus</strong></span> <span class='ocrx_word' id='word_1_431' title='bbox 679 1951 728 1977; x_wconf 81' lang='lat' dir='ltr'><strong>est,</strong></span> <span class='ocrx_word' id='word_1_432' title='bbox 745 1950 827 1972; x_wconf 88' lang='lat' dir='ltr'><strong>totam</strong></span> <span class='ocrx_word' id='word_1_433' title='bbox 844 1947 876 1971; x_wconf 82' lang='lat' dir='ltr'><strong>ad</strong></span> <span class='ocrx_word' id='word_1_434' title='bbox 889 1952 981 1972; x_wconf 80' lang='lat' dir='ltr'><strong>sacra-</strong></span> 
     </span>
    </p>
   </div>
   <div class='ocr_carea' id='block_1_62' title="bbox 200 1980 979 2007">
    <p class='ocr_par' dir='ltr' id='par_1_62' title="bbox 200 1980 979 2007">
     <span class='ocr_line' id='line_1_62' title="bbox 200 1980 979 2007; baseline -0.001 -1"><span class='ocrx_word' id='word_1_435' title='bbox 200 1985 289 2007; x_wconf 72' lang='grc' dir='ltr'>ιιιειιιιιι</span> <span class='ocrx_word' id='word_1_436' title='bbox 309 1981 492 2007; x_wconf 77' lang='lat' dir='ltr'><strong>necessariam</strong></span> <span class='ocrx_word' id='word_1_437' title='bbox 515 1980 717 2006; x_wconf 82' lang='lat' dir='ltr'><strong>antecedentem</strong></span> <span class='ocrx_word' id='word_1_438' title='bbox 743 1980 979 2007; x_wconf 66' lang='lat' dir='ltr'><strong>COIISCCI‘HIlUIN‘IlI</strong></span> 
     </span>
    </p>
   </div>
   <div class='ocr_carea' id='block_1_63' title="bbox 199 2014 981 2045">
    <p class='ocr_par' dir='ltr' id='par_1_63' title="bbox 199 2014 981 2045">
     <span class='ocr_line' id='line_1_63' title="bbox 199 2014 981 2045; baseline -0.003 -4"><span class='ocrx_word' id='word_1_439' title='bbox 199 2015 360 2045; x_wconf 78' lang='lat' dir='ltr'><strong>contulerit;</strong></span> <span class='ocrx_word' id='word_1_440' title='bbox 378 2014 497 2041; x_wconf 84' lang='lat' dir='ltr'><strong>Ecclesia</strong></span> <span class='ocrx_word' id='word_1_441' title='bbox 525 2019 628 2041; x_wconf 88' lang='lat' dir='ltr'><strong>tantttm</strong></span> <span class='ocrx_word' id='word_1_442' title='bbox 647 2015 792 2041; x_wconf 82' lang='lat' dir='ltr'><strong>adhibente</strong></span> <span class='ocrx_word' id='word_1_443' title='bbox 806 2015 981 2041; x_wconf 62' lang='lat' dir='ltr'><strong>cyrentonias</strong></span> 
     </span>
    </p>
   </div>
   <div class='ocr_carea' id='block_1_64' title="bbox 199 2048 980 2082">
    <p class='ocr_par' dir='ltr' id='par_1_64' title="bbox 199 2048 980 2082">
     <span class='ocr_line' id='line_1_64' title="bbox 199 2048 980 2082; baseline -0.001 -6"><span class='ocrx_word' id='word_1_444' title='bbox 199 2049 304 2082; x_wconf 83' lang='lat' dir='ltr'><strong>aliquas</strong></span> <span class='ocrx_word' id='word_1_445' title='bbox 319 2048 351 2074; x_wconf 80' lang='lat' dir='ltr'><strong>ad</strong></span> <span class='ocrx_word' id='word_1_446' title='bbox 363 2049 561 2076; x_wconf 86' lang='lat' dir='ltr'><strong>solemnitatem</strong></span> <span class='ocrx_word' id='word_1_447' title='bbox 574 2057 580 2080; x_wconf 83' lang='lat'>;</span> <span class='ocrx_word' id='word_1_448' title='bbox 598 2054 626 2075; x_wconf 89' lang='lat' dir='ltr'><strong>ut</strong></span> <span class='ocrx_word' id='word_1_449' title='bbox 643 2050 668 2075; x_wconf 90' lang='lat' dir='ltr'><strong>in</strong></span> <span class='ocrx_word' id='word_1_450' title='bbox 685 2049 816 2082; x_wconf 83' lang='lat' dir='ltr'><strong>baptismo</strong></span> <span class='ocrx_word' id='word_1_451' title='bbox 831 2054 858 2075; x_wconf 93' lang='lat' dir='ltr'><strong>et</strong></span> <span class='ocrx_word' id='word_1_452' title='bbox 873 2049 980 2075; x_wconf 84' lang='lat' dir='ltr'><strong>Eucha-</strong></span> 
     </span>
    </p>
   </div>
   <div class='ocr_carea' id='block_1_65' title="bbox 203 2083 982 2115">
    <p class='ocr_par' dir='ltr' id='par_1_65' title="bbox 203 2083 982 2115">
     <span class='ocr_line' id='line_1_65' title="bbox 203 2083 982 2115; baseline -0.001 -5"><span class='ocrx_word' id='word_1_453' title='bbox 203 2085 288 2114; x_wconf 84' lang='lat' dir='ltr'><strong>ristia,</strong></span> <span class='ocrx_word' id='word_1_454' title='bbox 304 2083 347 2109; x_wconf 93' lang='lat' dir='ltr'><strong>ubi</strong></span> <span class='ocrx_word' id='word_1_455' title='bbox 366 2091 433 2109; x_wconf 85' lang='lat' dir='ltr'><strong>nova</strong></span> <span class='ocrx_word' id='word_1_456' title='bbox 451 2083 611 2110; x_wconf 84' lang='lat' dir='ltr'><strong>antecedens</strong></span> <span class='ocrx_word' id='word_1_457' title='bbox 627 2084 793 2110; x_wconf 86' lang='lat' dir='ltr'><strong>consecratio</strong></span> <span class='ocrx_word' id='word_1_458' title='bbox 809 2084 937 2115; x_wconf 57' lang='lat' dir='ltr'><strong>material,</strong></span> <span class='ocrx_word' id='word_1_459' title='bbox 950 2091 982 2109; x_wconf 82' lang='lat' dir='ltr'><strong>eo</strong></span> 
     </span>
    </p>
   </div>
   <div class='ocr_carea' id='block_1_66' title="bbox 202 2117 981 2152">
    <p class='ocr_par' dir='ltr' id='par_1_66' title="bbox 202 2117 981 2152">
     <span class='ocr_line' id='line_1_66' title="bbox 202 2117 981 2152; baseline -0.001 -8"><span class='ocrx_word' id='word_1_460' title='bbox 202 2119 290 2149; x_wconf 84' lang='lat' dir='ltr'><strong>titulo,</strong></span> <span class='ocrx_word' id='word_1_461' title='bbox 303 2117 476 2144; x_wconf 81' lang='lat' dir='ltr'><strong>accidentalis</strong></span> <span class='ocrx_word' id='word_1_462' title='bbox 503 2122 555 2149; x_wconf 76' lang='lat' dir='ltr'><strong>est,</strong></span> <span class='ocrx_word' id='word_1_463' title='bbox 575 2123 603 2143; x_wconf 91' lang='grc' dir='ltr'><strong>ιιι</strong></span> <span class='ocrx_word' id='word_1_464' title='bbox 621 2118 736 2152; x_wconf 80' lang='lat' dir='ltr'><strong>theologi</strong></span> <span class='ocrx_word' id='word_1_465' title='bbox 752 2126 811 2144; x_wconf 88' lang='lat' dir='ltr'><strong>ctttn</strong></span> <span class='ocrx_word' id='word_1_466' title='bbox 832 2118 862 2144; x_wconf 86' lang='grc'><strong>1),</strong></span> <span class='ocrx_word' id='word_1_467' title='bbox 880 2118 981 2144; x_wconf 68' lang='grc' dir='ltr'>’Πιοιιιιι</span> 
     </span>
    </p>
   </div>
   <div class='ocr_carea' id='block_1_67' title="bbox 202 2152 982 2186">
    <p class='ocr_par' dir='ltr' id='par_1_67' title="bbox 202 2152 982 2186">
     <span class='ocr_line' id='line_1_67' title="bbox 202 2152 982 2186; baseline 0 -7"><span class='ocrx_word' id='word_1_468' title='bbox 202 2160 232 2179; x_wconf 96' lang='grc' dir='ltr'><strong>ιιι</strong></span> <span class='ocrx_word' id='word_1_469' title='bbox 251 2160 277 2186; x_wconf 88' lang='lat' dir='ltr'><strong>p.</strong></span> <span class='ocrx_word' id='word_1_470' title='bbox 293 2152 391 2178; x_wconf 85' lang='lat' dir='ltr'><strong>Eodem</strong></span> <span class='ocrx_word' id='word_1_471' title='bbox 409 2152 497 2186; x_wconf 84' lang='lat' dir='ltr'><strong>itaque</strong></span> <span class='ocrx_word' id='word_1_472' title='bbox 513 2153 590 2179; x_wconf 89' lang='lat' dir='ltr'><strong>tnodo</strong></span> <span class='ocrx_word' id='word_1_473' title='bbox 607 2152 810 2186; x_wconf 85' lang='lat' dir='ltr'><strong>philosophatur</strong></span> <span class='ocrx_word' id='word_1_474' title='bbox 823 2153 859 2179; x_wconf 84' lang='lat' dir='ltr'><strong>de</strong></span> <span class='ocrx_word' id='word_1_475' title='bbox 879 2152 939 2179; x_wconf 84' lang='lat' dir='ltr'><strong>cibo</strong></span> <span class='ocrx_word' id='word_1_476' title='bbox 957 2157 982 2179; x_wconf 85' lang='lat' dir='ltr'><strong>et</strong></span> 
     </span>
    </p>
   </div>
   <div class='ocr_carea' id='block_1_68' title="bbox 203 2187 981 2222">
    <p class='ocr_par' dir='ltr' id='par_1_68' title="bbox 203 2187 981 2222">
     <span class='ocr_line' id='line_1_68' title="bbox 203 2187 981 2222; baseline 0 -9"><span class='ocrx_word' id='word_1_477' title='bbox 203 2192 277 2222; x_wconf 86' lang='lat' dir='ltr'><strong>potu,</strong></span> <span class='ocrx_word' id='word_1_478' title='bbox 300 2187 396 2222; x_wconf 80' lang='lat' dir='ltr'><strong>pit-que</strong></span> <span class='ocrx_word' id='word_1_479' title='bbox 417 2187 572 2222; x_wconf 81' lang='lat' dir='ltr'><strong>admodum,</strong></span> <span class='ocrx_word' id='word_1_480' title='bbox 599 2194 661 2213; x_wconf 87' lang='lat' dir='ltr'><strong>vere</strong></span> <span class='ocrx_word' id='word_1_481' title='bbox 682 2187 743 2221; x_wconf 87' lang='lat' dir='ltr'><strong>pius</strong></span> <span class='ocrx_word' id='word_1_482' title='bbox 764 2187 981 2221; x_wconf 77' lang='lat' dir='ltr'><strong>Amphilochius.</strong></span> 
     </span>
    </p>
   </div>
   <div class='ocr_carea' id='block_1_69' title="bbox 203 2221 982 2256">
    <p class='ocr_par' dir='ltr' id='par_1_69' title="bbox 203 2221 982 2256">
     <span class='ocr_line' id='line_1_69' title="bbox 203 2221 982 2256; baseline -0.003 -7"><span class='ocrx_word' id='word_1_483' title='bbox 203 2221 307 2249; x_wconf 84' lang='lat' dir='ltr'><strong>Eadem</strong></span> <span class='ocrx_word' id='word_1_484' title='bbox 317 2223 464 2248; x_wconf 89' lang='lat' dir='ltr'><strong>etiamnum</strong></span> <span class='ocrx_word' id='word_1_485' title='bbox 482 2221 566 2249; x_wconf 70' lang='lat' dir='ltr'><strong>Grteci</strong></span> <span class='ocrx_word' id='word_1_486' title='bbox 585 2222 627 2256; x_wconf 88' lang='lat' dir='ltr'><strong>pia</strong></span> <span class='ocrx_word' id='word_1_487' title='bbox 649 2222 785 2255; x_wconf 82' lang='lat' dir='ltr'><strong>religione,</strong></span> <span class='ocrx_word' id='word_1_488' title='bbox 803 2223 890 2248; x_wconf 83' lang='lat' dir='ltr'><strong>l&#39;utnra</strong></span> <span class='ocrx_word' id='word_1_489' title='bbox 910 2222 982 2252; x_wconf 84' lang='lat' dir='ltr'><strong>usui,</strong></span> 
     </span>
    </p>
   </div>
   <div class='ocr_carea' id='block_1_70' title="bbox 204 2256 984 2287">
    <p class='ocr_par' dir='ltr' id='par_1_70' title="bbox 204 2256 984 2287">
     <span class='ocr_line' id='line_1_70' title="bbox 204 2256 984 2287; baseline -0.003 -3"><span class='ocrx_word' id='word_1_490' title='bbox 204 2265 282 2284; x_wconf 83' lang='lat' dir='ltr'><strong>sacro</strong></span> <span class='ocrx_word' id='word_1_491' title='bbox 296 2257 445 2283; x_wconf 82' lang='lat' dir='ltr'><strong>ministerio</strong></span> <span class='ocrx_word' id='word_1_492' title='bbox 466 2262 493 2282; x_wconf 90' lang='lat' dir='ltr'><strong>et</strong></span> <span class='ocrx_word' id='word_1_493' title='bbox 507 2257 648 2283; x_wconf 82' lang='lat' dir='ltr'><strong>incruento</strong></span> <span class='ocrx_word' id='word_1_494' title='bbox 664 2256 808 2287; x_wconf 88' lang='lat' dir='ltr'><strong>sacrilicio,</strong></span> <span class='ocrx_word' id='word_1_495' title='bbox 828 2257 984 2283; x_wconf 86' lang='lat' dir='ltr'><strong>linteamina</strong></span> 
     </span>
    </p>
   </div>
   <div class='ocr_carea' id='block_1_71' title="bbox 203 2290 981 2326">
    <p class='ocr_par' dir='ltr' id='par_1_71' title="bbox 203 2290 981 2326">
     <span class='ocr_line' id='line_1_71' title="bbox 203 2290 981 2326; baseline -0.001 -8"><span class='ocrx_word' id='word_1_496' title='bbox 203 2299 290 2323; x_wconf 84' lang='lat' dir='ltr'><strong>sacra,</strong></span> <span class='ocrx_word' id='word_1_497' title='bbox 299 2293 461 2326; x_wconf 78' lang='lat' dir='ltr'><strong>pontiﬁcem,</strong></span> <span class='ocrx_word' id='word_1_498' title='bbox 473 2290 636 2325; x_wconf 76' lang='grc' dir='ltr'>ἀφιεροῦντα</span> <span class='ocrx_word' id='word_1_499' title='bbox 642 2290 690 2326; x_wconf 84' lang='grc' dir='ltr'>τὴν</span> <span class='ocrx_word' id='word_1_500' title='bbox 707 2291 868 2326; x_wconf 83' lang='grc' dir='ltr'><strong>Ἐκκλησίαν</strong></span> <span class='ocrx_word' id='word_1_501' title='bbox 876 2298 981 2323; x_wconf 83' lang='lat' dir='ltr'><strong>,conse-</strong></span> 
     </span>
    </p>
   </div>
   <div class='ocr_carea' id='block_1_72' title="bbox 204 2326 985 2360">
    <p class='ocr_par' dir='ltr' id='par_1_72' title="bbox 204 2326 985 2360">
     <span class='ocr_line' id='line_1_72' title="bbox 204 2326 985 2360; baseline 0 -8"><span class='ocrx_word' id='word_1_502' title='bbox 204 2332 324 2352; x_wconf 66' lang='lat' dir='ltr'><strong>orantem</strong></span> <span class='ocrx_word' id='word_1_503' title='bbox 346 2326 511 2358; x_wconf 80' lang='lat' dir='ltr'><strong>Ecclesium;</strong></span> <span class='ocrx_word' id='word_1_504' title='bbox 530 2333 583 2359; x_wconf 91' lang='lat' dir='ltr'><strong>quo</strong></span> <span class='ocrx_word' id='word_1_505' title='bbox 602 2331 661 2352; x_wconf 91' lang='lat' dir='ltr'><strong>actu</strong></span> <span class='ocrx_word' id='word_1_506' title='bbox 689 2326 902 2360; x_wconf 83' lang='lat' dir='ltr'><strong>peculiarissime</strong></span> <span class='ocrx_word' id='word_1_507' title='bbox 917 2326 985 2360; x_wconf 79' lang='lat' dir='ltr'><strong>gerit</strong></span> 
     </span>
    </p>
   </div>
   <div class='ocr_carea' id='block_1_73' title="bbox 205 2361 986 2395">
    <p class='ocr_par' dir='ltr' id='par_1_73' title="bbox 205 2361 986 2395">
     <span class='ocr_line' id='line_1_73' title="bbox 205 2361 986 2395; baseline -0.001 -8"><span class='ocrx_word' id='word_1_508' title='bbox 205 2368 347 2395; x_wconf 86' lang='lat' dir='ltr'><strong>personam</strong></span> <span class='ocrx_word' id='word_1_509' title='bbox 365 2361 466 2388; x_wconf 77' lang='lat' dir='ltr'><strong>Christi</strong></span> <span class='ocrx_word' id='word_1_510' title='bbox 492 2361 638 2387; x_wconf 81' lang='lat' dir='ltr'><strong>Ecclesiam</strong></span> <span class='ocrx_word' id='word_1_511' title='bbox 661 2361 711 2387; x_wconf 87' lang='lat' dir='ltr'><strong>sibi</strong></span> <span class='ocrx_word' id='word_1_512' title='bbox 737 2361 763 2387; x_wconf 91' lang='lat' dir='ltr'><strong>in</strong></span> <span class='ocrx_word' id='word_1_513' title='bbox 793 2369 920 2395; x_wconf 83' lang='lat' dir='ltr'><strong>sponsam</strong></span> <span class='ocrx_word' id='word_1_514' title='bbox 939 2361 986 2386; x_wconf 86' lang='lat' dir='ltr'><strong>ad-</strong></span> 
     </span>
    </p>
   </div>
   <div class='ocr_carea' id='block_1_74' title="bbox 203 2395 984 2431">
    <p class='ocr_par' dir='ltr' id='par_1_74' title="bbox 203 2395 984 2431">
     <span class='ocr_line' id='line_1_74' title="bbox 203 2395 984 2431; baseline -0.001 -10"><span class='ocrx_word' id='word_1_515' title='bbox 203 2396 357 2430; x_wconf 76' lang='lat' dir='ltr'><strong>jnngentis.</strong></span> <span class='ocrx_word' id='word_1_516' title='bbox 387 2396 516 2431; x_wconf 77' lang='lat' dir='ltr'><strong>induunt;</strong></span> <span class='ocrx_word' id='word_1_517' title='bbox 545 2401 573 2421; x_wconf 89' lang='lat' dir='ltr'><strong>ut</strong></span> <span class='ocrx_word' id='word_1_518' title='bbox 600 2397 633 2431; x_wconf 6' lang='lat' dir='ltr'><strong>is,</strong></span> <span class='ocrx_word' id='word_1_519' title='bbox 651 2400 722 2422; x_wconf 82' lang='lat' dir='ltr'><strong>totus</strong></span> <span class='ocrx_word' id='word_1_520' title='bbox 749 2395 984 2431; x_wconf 50' lang='lat' dir='ltr'><strong>Islaqapwpévog,</strong></span> 
     </span>
    </p>
   </div>
   <div class='ocr_carea' id='block_1_75' title="bbox 206 2430 985 2466">
    <p class='ocr_par' dir='ltr' id='par_1_75' title="bbox 206 2430 985 2466">
     <span class='ocr_line' id='line_1_75' title="bbox 206 2430 985 2466; baseline 0.001 -10"><span class='ocrx_word' id='word_1_521' title='bbox 206 2438 252 2466; x_wconf 75' lang='lat' dir='ltr'><strong>seu</strong></span> <span class='ocrx_word' id='word_1_522' title='bbox 269 2431 364 2466; x_wconf 80' lang='lat' dir='ltr'><strong>instar</strong></span> <span class='ocrx_word' id='word_1_523' title='bbox 390 2430 483 2457; x_wconf 82' lang='lat' dir='ltr'><strong>Lazari</strong></span> <span class='ocrx_word' id='word_1_524' title='bbox 505 2431 537 2457; x_wconf 90' lang='lat' dir='ltr'><strong>iis</strong></span> <span class='ocrx_word' id='word_1_525' title='bbox 565 2430 709 2461; x_wconf 84' lang='lat' dir='ltr'><strong>involutus.</strong></span> <span class='ocrx_word' id='word_1_526' title='bbox 726 2431 751 2457; x_wconf 93' lang='lat' dir='ltr'><strong>id</strong></span> <span class='ocrx_word' id='word_1_527' title='bbox 778 2430 888 2466; x_wconf 74' lang='lat' dir='ltr'><strong>peragat</strong></span> <span class='ocrx_word' id='word_1_528' title='bbox 915 2430 985 2457; x_wconf 83' lang='lat' dir='ltr'><strong>sacri</strong></span> 
     </span>
    </p>
   </div>
   <div class='ocr_carea' id='block_1_76' title="bbox 207 2464 984 2498">
    <p class='ocr_par' dir='ltr' id='par_1_76' title="bbox 207 2464 984 2498">
     <span class='ocr_line' id='line_1_76' title="bbox 207 2464 984 2498; baseline 0.001 -9"><span class='ocrx_word' id='word_1_529' title='bbox 207 2464 305 2492; x_wconf 79' lang='lat' dir='ltr'><strong>ollicii:</strong></span> <span class='ocrx_word' id='word_1_530' title='bbox 322 2473 370 2492; x_wconf 89' lang='lat' dir='ltr'><strong>usu</strong></span> <span class='ocrx_word' id='word_1_531' title='bbox 395 2470 521 2498; x_wconf 83' lang='lat' dir='ltr'><strong>tactuth</strong></span> <span class='ocrx_word' id='word_1_532' title='bbox 547 2466 586 2491; x_wconf 89' lang='lat' dir='ltr'><strong>sic</strong></span> <span class='ocrx_word' id='word_1_533' title='bbox 615 2465 733 2491; x_wconf 88' lang='lat' dir='ltr'><strong>adhibita</strong></span> <span class='ocrx_word' id='word_1_534' title='bbox 762 2464 984 2493; x_wconf 69' lang='lat' dir='ltr'><strong>consecuturus:</strong></span> 
     </span>
    </p>
   </div>
   <div class='ocr_carea' id='block_1_77' title="bbox 206 2500 986 2534">
    <p class='ocr_par' dir='ltr' id='par_1_77' title="bbox 206 2500 986 2534">
     <span class='ocr_line' id='line_1_77' title="bbox 206 2500 986 2534; baseline 0 -8"><span class='ocrx_word' id='word_1_535' title='bbox 206 2508 286 2534; x_wconf 88' lang='lat' dir='ltr'><strong>quam</strong></span> <span class='ocrx_word' id='word_1_536' title='bbox 315 2501 513 2532; x_wconf 64' lang='lat' dir='ltr'><strong>cteretnoniam,</strong></span> <span class='ocrx_word' id='word_1_537' title='bbox 531 2507 682 2534; x_wconf 87' lang='lat' dir='ltr'><strong>quanquam</strong></span> <span class='ocrx_word' id='word_1_538' title='bbox 711 2500 901 2532; x_wconf 71' lang='lat' dir='ltr'><strong>Euchologinnt</strong></span> <span class='ocrx_word' id='word_1_539' title='bbox 934 2507 986 2526; x_wconf 91' lang='lat' dir='ltr'><strong>non</strong></span> 
     </span>
    </p>
   </div>
   <div class='ocr_carea' id='block_1_78' title="bbox 209 2534 988 2568">
    <p class='ocr_par' dir='ltr' id='par_1_78' title="bbox 209 2534 988 2568">
     <span class='ocr_line' id='line_1_78' title="bbox 209 2534 988 2568; baseline 0 -8"><span class='ocrx_word' id='word_1_540' title='bbox 209 2536 305 2567; x_wconf 83' lang='lat' dir='ltr'><strong>habet,</strong></span> <span class='ocrx_word' id='word_1_541' title='bbox 322 2534 457 2562; x_wconf 87' lang='lat' dir='ltr'><strong>communi</strong></span> <span class='ocrx_word' id='word_1_542' title='bbox 473 2539 559 2560; x_wconf 84' lang='lat' dir='ltr'><strong>tamen</strong></span> <span class='ocrx_word' id='word_1_543' title='bbox 578 2535 715 2568; x_wconf 85' lang='lat' dir='ltr'><strong>probatam</strong></span> <span class='ocrx_word' id='word_1_544' title='bbox 732 2543 792 2567; x_wconf 87' lang='lat' dir='ltr'><strong>usu,</strong></span> <span class='ocrx_word' id='word_1_545' title='bbox 812 2541 865 2562; x_wconf 88' lang='lat' dir='ltr'><strong>ltnn</strong></span> <span class='ocrx_word' id='word_1_546' title='bbox 881 2535 914 2561; x_wconf 91' lang='lat' dir='ltr'><strong>ab</strong></span> <span class='ocrx_word' id='word_1_547' title='bbox 927 2534 988 2560; x_wconf 83' lang='lat' dir='ltr'><strong>aliis</strong></span> 
     </span>
    </p>
   </div>
   <div class='ocr_carea' id='block_1_79' title="bbox 210 2569 988 2604">
    <p class='ocr_par' dir='ltr' id='par_1_79' title="bbox 210 2569 988 2604">
     <span class='ocr_line' id='line_1_79' title="bbox 210 2569 988 2604; baseline 0.001 -10"><span class='ocrx_word' id='word_1_548' title='bbox 210 2570 302 2602; x_wconf 78' lang='lat' dir='ltr'><strong>didici,</strong></span> <span class='ocrx_word' id='word_1_549' title='bbox 321 2575 376 2596; x_wconf 89' lang='lat' dir='ltr'><strong>tum</strong></span> <span class='ocrx_word' id='word_1_550' title='bbox 398 2575 481 2603; x_wconf 67' lang='lat' dir='ltr'><strong>nuper</strong></span> <span class='ocrx_word' id='word_1_551' title='bbox 491 2569 545 2595; x_wconf 80' lang='grc' dir='ltr'><strong>ἀπὸ</strong></span> <span class='ocrx_word' id='word_1_552' title='bbox 564 2570 655 2604; x_wconf 74' lang='grc' dir='ltr'>φωνῆς</span> <span class='ocrx_word' id='word_1_553' title='bbox 671 2575 697 2596; x_wconf 89' lang='lat' dir='ltr'><strong>et</strong></span> <span class='ocrx_word' id='word_1_554' title='bbox 708 2570 766 2595; x_wconf 84' lang='lat' dir='ltr'><strong>viva</strong></span> <span class='ocrx_word' id='word_1_555' title='bbox 783 2578 847 2596; x_wconf 88' lang='lat' dir='ltr'><strong>voce</strong></span> <span class='ocrx_word' id='word_1_556' title='bbox 862 2570 988 2596; x_wconf 83' lang='lat' dir='ltr'><strong>illustris—</strong></span> 
     </span>
    </p>
   </div>
   <div class='ocr_carea' id='block_1_80' title="bbox 209 2603 989 2640">
    <p class='ocr_par' dir='ltr' id='par_1_80' title="bbox 209 2603 989 2640">
     <span class='ocr_line' id='line_1_80' title="bbox 209 2603 989 2640; baseline 0 -10"><span class='ocrx_word' id='word_1_557' title='bbox 209 2605 268 2630; x_wconf 85' lang='lat' dir='ltr'><strong>smti</strong></span> <span class='ocrx_word' id='word_1_558' title='bbox 283 2605 456 2638; x_wconf 71' lang='lat' dir='ltr'><strong>metropolita:</strong></span> <span class='ocrx_word' id='word_1_559' title='bbox 469 2604 518 2639; x_wconf 80' lang='grc' dir='ltr'>τῆς</span> <span class='ocrx_word' id='word_1_560' title='bbox 529 2605 608 2638; x_wconf 79' lang='grc' dir='ltr'>ἁγίας</span> <span class='ocrx_word' id='word_1_561' title='bbox 631 2603 747 2640; x_wconf 65' lang='lat' dir='ltr'><strong>Meropa,-</strong></span> <span class='ocrx_word' id='word_1_562' title='bbox 766 2603 877 2631; x_wconf 81' lang='lat' dir='ltr'><strong>Parisiis</strong></span> <span class='ocrx_word' id='word_1_563' title='bbox 900 2604 989 2638; x_wconf 84' lang='lat' dir='ltr'><strong>hospi-</strong></span> 
     </span>
    </p>
   </div>
   <div class='ocr_carea' id='block_1_81' title="bbox 211 2639 988 2673">
    <p class='ocr_par' dir='ltr' id='par_1_81' title="bbox 211 2639 988 2673">
     <span class='ocr_line' id='line_1_81' title="bbox 211 2639 988 2673; baseline 0.001 -10"><span class='ocrx_word' id='word_1_564' title='bbox 211 2640 299 2671; x_wconf 78' lang='lat' dir='ltr'><strong>tautis,</strong></span> <span class='ocrx_word' id='word_1_565' title='bbox 312 2639 399 2666; x_wconf 79' lang='lat' dir='ltr'><strong>audiri</strong></span> <span class='ocrx_word' id='word_1_566' title='bbox 412 2647 419 2666; x_wconf 86' lang='lat'><strong>:</strong></span> <span class='ocrx_word' id='word_1_567' title='bbox 440 2647 492 2673; x_wconf 83' lang='lat' dir='ltr'><strong>quo</strong></span> <span class='ocrx_word' id='word_1_568' title='bbox 504 2642 596 2666; x_wconf 82' lang='lat' dir='ltr'><strong>eodem</strong></span> <span class='ocrx_word' id='word_1_569' title='bbox 609 2639 702 2670; x_wconf 61' lang='lat' dir='ltr'><strong>tituto,</strong></span> <span class='ocrx_word' id='word_1_570' title='bbox 712 2647 829 2666; x_wconf 61' lang='grc' dir='ltr'>ιιιιιςωιιιιι</span> <span class='ocrx_word' id='word_1_571' title='bbox 861 2644 942 2665; x_wconf 84' lang='lat' dir='ltr'><strong>totam</strong></span> <span class='ocrx_word' id='word_1_572' title='bbox 955 2646 988 2665; x_wconf 81' lang='lat' dir='ltr'><strong>ex</strong></span> 
     </span>
    </p>
   </div>
   <div class='ocr_carea' id='block_1_82' title="bbox 211 2673 988 2710">
    <p class='ocr_par' dir='ltr' id='par_1_82' title="bbox 211 2673 988 2710">
     <span class='ocr_line' id='line_1_82' title="bbox 211 2673 988 2710; baseline 0 -12"><span class='ocrx_word' id='word_1_573' title='bbox 211 2681 262 2710; x_wconf 66' lang='lat' dir='ltr'><strong>qua</strong></span> <span class='ocrx_word' id='word_1_574' title='bbox 282 2679 414 2710; x_wconf 70' lang='lat' dir='ltr'><strong>sumptus</strong></span> <span class='ocrx_word' id='word_1_575' title='bbox 440 2679 481 2700; x_wconf 81' lang='lat' dir='ltr'><strong>est</strong></span> <span class='ocrx_word' id='word_1_576' title='bbox 504 2673 518 2698; x_wconf 84' lang='grc' dir='ltr'><strong>ὁ</strong></span> <span class='ocrx_word' id='word_1_577' title='bbox 543 2674 619 2708; x_wconf 81' lang='grc' dir='ltr'>ἆγιος</span> <span class='ocrx_word' id='word_1_578' title='bbox 655 2674 753 2710; x_wconf 80' lang='grc' dir='ltr'><strong>ἄρτος,</strong></span> <span class='ocrx_word' id='word_1_579' title='bbox 777 2679 803 2701; x_wconf 88' lang='lat' dir='ltr'><strong>et</strong></span> <span class='ocrx_word' id='word_1_580' title='bbox 837 2674 988 2710; x_wconf 75' lang='lat' dir='ltr'><strong>confectum</strong></span> 
     </span>
    </p>
   </div>
   <div class='ocr_carea' id='block_1_83' title="bbox 213 2707 988 2743">
    <p class='ocr_par' dir='ltr' id='par_1_83' title="bbox 213 2707 988 2743">
     <span class='ocr_line' id='line_1_83' title="bbox 213 2707 988 2743; baseline 0 -9"><span class='ocrx_word' id='word_1_581' title='bbox 213 2707 378 2735; x_wconf 78' lang='lat' dir='ltr'><strong>Duutinicnin</strong></span> <span class='ocrx_word' id='word_1_582' title='bbox 405 2716 518 2743; x_wconf 86' lang='lat' dir='ltr'><strong>corpus,</strong></span> <span class='ocrx_word' id='word_1_583' title='bbox 543 2707 793 2736; x_wconf 70' lang='lat' dir='ltr'><strong>sanctam&#39;habcut</strong></span> <span class='ocrx_word' id='word_1_584' title='bbox 822 2713 849 2735; x_wconf 90' lang='lat' dir='ltr'><strong>ct</strong></span> <span class='ocrx_word' id='word_1_585' title='bbox 877 2707 988 2735; x_wconf 82' lang='grc' dir='ltr'>ἀντίδω-</span> 
     </span>
    </p>
   </div>
   <div class='ocr_carea' id='block_1_84' title="bbox 578 1678 1064 1713">
    <p class='ocr_par' dir='ltr' id='par_1_84' title="bbox 578 1678 1064 1713">
     <span class='ocr_line' id='line_1_84' title="bbox 578 1678 1064 1713; baseline 0.004 -7"><span class='ocrx_word' id='word_1_586' title='bbox 578 1679 602 1695; x_wconf 79' lang='grc'><strong>⁹⁸</strong></span> <span class='ocrx_word' id='word_1_587' title='bbox 619 1678 713 1706; x_wconf 85' lang='lat' dir='ltr'><strong>Matth.</strong></span> <span class='ocrx_word' id='word_1_588' title='bbox 729 1686 807 1711; x_wconf 79' lang='lat' dir='ltr'><strong>xvrn,</strong></span> <span class='ocrx_word' id='word_1_589' title='bbox 830 1678 863 1705; x_wconf 72' lang='grc'><strong>12</strong></span> <span class='ocrx_word' id='word_1_590' title='bbox 881 1687 888 1712; x_wconf 87' lang='grc'><strong>;</strong></span> <span class='ocrx_word' id='word_1_591' title='bbox 903 1679 967 1706; x_wconf 88' lang='lat' dir='ltr'><strong>Lttc.</strong></span> <span class='ocrx_word' id='word_1_592' title='bbox 982 1687 1026 1713; x_wconf 83' lang='lat' dir='ltr'><strong>xv,</strong></span> <span class='ocrx_word' id='word_1_593' title='bbox 1037 1681 1064 1708; x_wconf 72' lang='grc' dir='ltr'><strong>Δ.</strong></span> 
     </span>
    </p>
   </div>
   <div class='ocr_carea' id='block_1_85' title="bbox 1021 813 1813 849">
    <p class='ocr_par' dir='ltr' id='par_1_85' title="bbox 1021 813 1813 849">
     <span class='ocr_line' id='line_1_85' title="bbox 1021 813 1813 849; baseline -0.004 -8"><span class='ocrx_word' id='word_1_594' title='bbox 1021 815 1141 849; x_wconf 80' lang='grc' dir='ltr'>γέγονεν,</span> <span class='ocrx_word' id='word_1_595' title='bbox 1155 816 1205 842; x_wconf 82' lang='grc' dir='ltr'><strong>οὐχ</strong></span> <span class='ocrx_word' id='word_1_596' title='bbox 1219 815 1320 847; x_wconf 74' lang='grc' dir='ltr'>ἀποδὺς</span> <span class='ocrx_word' id='word_1_597' title='bbox 1334 816 1364 842; x_wconf 77' lang='grc' dir='ltr'><strong>τὸ</strong></span> <span class='ocrx_word' id='word_1_598' title='bbox 1389 813 1457 842; x_wconf 70' lang='grc' dir='ltr'>εἶναι</span> <span class='ocrx_word' id='word_1_599' title='bbox 1472 815 1548 846; x_wconf 83' lang='grc' dir='ltr'><strong>Θεός·</strong></span> <span class='ocrx_word' id='word_1_600' title='bbox 1563 817 1608 841; x_wconf 86' lang='grc' dir='ltr'><strong>ἴνα</strong></span> <span class='ocrx_word' id='word_1_601' title='bbox 1631 814 1676 840; x_wconf 78' lang='grc' dir='ltr'>καὶ</span> <span class='ocrx_word' id='word_1_602' title='bbox 1688 814 1739 848; x_wconf 74' lang='grc' dir='ltr'>τὴν</span> <span class='ocrx_word' id='word_1_603' title='bbox 1758 813 1813 839; x_wconf 84' lang='grc' dir='ltr'><strong>Θά-</strong></span> 
     </span>
    </p>
   </div>
   <div class='ocr_carea' id='block_1_86' title="bbox 1021 858 1815 896">
    <p class='ocr_par' dir='ltr' id='par_1_86' title="bbox 1021 858 1815 896">
     <span class='ocr_line' id='line_1_86' title="bbox 1021 858 1815 896; baseline 0.003 -10"><span class='ocrx_word' id='word_1_604' title='bbox 1021 861 1123 887; x_wconf 71' lang='grc' dir='ltr'>λασσαν</span> <span class='ocrx_word' id='word_1_605' title='bbox 1140 861 1240 894; x_wconf 82' lang='grc' dir='ltr'>πλέων,</span> <span class='ocrx_word' id='word_1_606' title='bbox 1262 863 1324 893; x_wconf 79' lang='grc' dir='ltr'>τοὺς</span> <span class='ocrx_word' id='word_1_607' title='bbox 1341 863 1381 893; x_wconf 79' lang='grc' dir='ltr'><strong>εἰς</strong></span> <span class='ocrx_word' id='word_1_608' title='bbox 1405 862 1436 888; x_wconf 82' lang='grc' dir='ltr'>τὸ</span> <span class='ocrx_word' id='word_1_609' title='bbox 1459 861 1582 896; x_wconf 78' lang='grc' dir='ltr'>βιωτικδν</span> <span class='ocrx_word' id='word_1_610' title='bbox 1596 858 1815 896; x_wconf 60' lang='grc' dir='ltr'>χειμαζομένους</span> 
     </span>
    </p>
   </div>
   <div class='ocr_carea' id='block_1_87' title="bbox 1023 902 1814 942">
    <p class='ocr_par' dir='ltr' id='par_1_87' title="bbox 1023 902 1814 942">
     <span class='ocr_line' id='line_1_87' title="bbox 1023 902 1814 942; baseline -0.004 -10"><span class='ocrx_word' id='word_1_611' title='bbox 1023 905 1150 940; x_wconf 79' lang='grc' dir='ltr'><strong>πέλαγος,</strong></span> <span class='ocrx_word' id='word_1_612' title='bbox 1169 907 1200 933; x_wconf 81' lang='grc' dir='ltr'><strong>ὲκ</strong></span> <span class='ocrx_word' id='word_1_613' title='bbox 1219 907 1266 933; x_wconf 78' lang='grc' dir='ltr'>τοῦ</span> <span class='ocrx_word' id='word_1_614' title='bbox 1279 907 1359 942; x_wconf 79' lang='grc' dir='ltr'>βυθοῦ</span> <span class='ocrx_word' id='word_1_615' title='bbox 1379 907 1502 942; x_wconf 78' lang='grc' dir='ltr'>ἀνασύρῃ</span> <span class='ocrx_word' id='word_1_616' title='bbox 1519 906 1567 941; x_wconf 82' lang='grc' dir='ltr'><strong>τῆς</strong></span> <span class='ocrx_word' id='word_1_617' title='bbox 1585 905 1732 941; x_wconf 77' lang='grc' dir='ltr'>ἁμαρτίας·</span> <span class='ocrx_word' id='word_1_618' title='bbox 1762 902 1814 930; x_wconf 74' lang='grc' dir='ltr'><strong>καὶ</strong></span> 
     </span>
    </p>
   </div>
   <div class='ocr_carea' id='block_1_88' title="bbox 1023 949 1812 988">
    <p class='ocr_par' dir='ltr' id='par_1_88' title="bbox 1023 949 1812 988">
     <span class='ocr_line' id='line_1_88' title="bbox 1023 949 1812 988; baseline -0.004 -11"><span class='ocrx_word' id='word_1_619' title='bbox 1023 950 1117 986; x_wconf 78' lang='grc' dir='ltr'>κώμας</span> <span class='ocrx_word' id='word_1_620' title='bbox 1130 951 1177 978; x_wconf 78' lang='grc' dir='ltr'><strong>καὶ</strong></span> <span class='ocrx_word' id='word_1_621' title='bbox 1196 952 1285 983; x_wconf 83' lang='grc' dir='ltr'>πόλεις</span> <span class='ocrx_word' id='word_1_622' title='bbox 1300 951 1422 988; x_wconf 81' lang='grc' dir='ltr'>περιϊὼν,</span> <span class='ocrx_word' id='word_1_623' title='bbox 1435 951 1579 982; x_wconf 74' lang='grc' dir='ltr'>στενοποὺς</span> <span class='ocrx_word' id='word_1_624' title='bbox 1597 951 1642 976; x_wconf 72' lang='grc' dir='ltr'><strong>καὶ</strong></span> <span class='ocrx_word' id='word_1_625' title='bbox 1657 949 1812 984; x_wconf 79' lang='grc' dir='ltr'>ἀτραποὺς,</span> 
     </span>
    </p>
   </div>
   <div class='ocr_carea' id='block_1_89' title="bbox 1023 995 1814 1034">
    <p class='ocr_par' dir='ltr' id='par_1_89' title="bbox 1023 995 1814 1034">
     <span class='ocr_line' id='line_1_89' title="bbox 1023 995 1814 1034; baseline -0.004 -11"><span class='ocrx_word' id='word_1_626' title='bbox 1023 997 1070 1024; x_wconf 76' lang='grc' dir='ltr'><strong>καὶ</strong></span> <span class='ocrx_word' id='word_1_627' title='bbox 1089 997 1267 1033; x_wconf 64' lang='grc' dir='ltr'><strong>ἔπιιδρόμους⁴</strong></span> <span class='ocrx_word' id='word_1_628' title='bbox 1283 999 1461 1034; x_wconf 80' lang='grc' dir='ltr'><strong>περιτρέχων,</strong></span> <span class='ocrx_word' id='word_1_629' title='bbox 1480 998 1542 1028; x_wconf 79' lang='grc' dir='ltr'>τοὺς</span> <span class='ocrx_word' id='word_1_630' title='bbox 1564 997 1592 1023; x_wconf 82' lang='grc' dir='ltr'>ἐν</span> <span class='ocrx_word' id='word_1_631' title='bbox 1616 997 1674 1027; x_wconf 78' lang='grc' dir='ltr'>ταῖς</span> <span class='ocrx_word' id='word_1_632' title='bbox 1695 995 1814 1031; x_wconf 78' lang='grc' dir='ltr'><strong>τριόδοις</strong></span> 
     </span>
    </p>
   </div>
   <div class='ocr_carea' id='block_1_90' title="bbox 1024 1040 1813 1076">
    <p class='ocr_par' dir='ltr' id='par_1_90' title="bbox 1024 1040 1813 1076">
     <span class='ocr_line' id='line_1_90' title="bbox 1024 1040 1813 1076; baseline -0.004 -9"><span class='ocrx_word' id='word_1_633' title='bbox 1024 1041 1214 1076; x_wconf 68' lang='grc' dir='ltr'><strong>πλανωμένους</strong></span> <span class='ocrx_word' id='word_1_634' title='bbox 1228 1043 1267 1075; x_wconf 86' lang='grc' dir='ltr'><strong>ὡς</strong></span> <span class='ocrx_word' id='word_1_635' title='bbox 1283 1043 1452 1076; x_wconf 81' lang='grc' dir='ltr'>ἀποίμαντα</span> <span class='ocrx_word' id='word_1_636' title='bbox 1464 1042 1606 1076; x_wconf 80' lang='grc' dir='ltr'>πρόϐατα,</span> <span class='ocrx_word' id='word_1_637' title='bbox 1622 1041 1668 1068; x_wconf 76' lang='grc' dir='ltr'><strong>ἐπὶ</strong></span> <span class='ocrx_word' id='word_1_638' title='bbox 1683 1040 1731 1076; x_wconf 83' lang='grc' dir='ltr'>τὴν</span> <span class='ocrx_word' id='word_1_639' title='bbox 1741 1040 1813 1067; x_wconf 70' lang='grc' dir='ltr'>ἰδίαν</span> 
     </span>
    </p>
   </div>
   <div class='ocr_carea' id='block_1_91' title="bbox 1024 1084 1812 1123">
    <p class='ocr_par' dir='ltr' id='par_1_91' title="bbox 1024 1084 1812 1123">
     <span class='ocr_line' id='line_1_91' title="bbox 1024 1084 1812 1123; baseline -0.004 -10"><span class='ocrx_word' id='word_1_640' title='bbox 1024 1087 1184 1122; x_wconf 74' lang='grc' dir='ltr'>ἐπαναγάγῃ</span> <span class='ocrx_word' id='word_1_641' title='bbox 1197 1088 1325 1123; x_wconf 71' lang='grc' dir='ltr'>ποίμνην.</span> <span class='ocrx_word' id='word_1_642' title='bbox 1339 1088 1424 1119; x_wconf 81' lang='grc' dir='ltr'>Αὐτὸς</span> <span class='ocrx_word' id='word_1_643' title='bbox 1441 1087 1500 1123; x_wconf 82' lang='grc' dir='ltr'><strong>γάρ.</strong></span> <span class='ocrx_word' id='word_1_644' title='bbox 1510 1088 1582 1113; x_wconf 78' lang='grc' dir='ltr'>ἐστιν</span> <span class='ocrx_word' id='word_1_645' title='bbox 1597 1087 1610 1113; x_wconf 85' lang='grc' dir='ltr'>ὁ</span> <span class='ocrx_word' id='word_1_646' title='bbox 1627 1086 1656 1113; x_wconf 76' lang='grc' dir='ltr'><strong>τὺ</strong></span> <span class='ocrx_word' id='word_1_647' title='bbox 1672 1084 1812 1116; x_wconf 77' lang='grc' dir='ltr'>ἀπολωλὸς</span> 
     </span>
    </p>
   </div>
   <div class='ocr_carea' id='block_1_92' title="bbox 1024 1131 1810 1169">
    <p class='ocr_par' dir='ltr' id='par_1_92' title="bbox 1024 1131 1810 1169">
     <span class='ocr_line' id='line_1_92' title="bbox 1024 1131 1810 1169; baseline -0.004 -10"><span class='ocrx_word' id='word_1_648' title='bbox 1024 1133 1157 1168; x_wconf 74' lang='grc' dir='ltr'>πρόϐατον</span> <span class='ocrx_word' id='word_1_649' title='bbox 1165 1133 1312 1168; x_wconf 76' lang='grc' dir='ltr'><strong>ἐπιζητῶν,</strong></span> <span class='ocrx_word' id='word_1_650' title='bbox 1325 1133 1360 1160; x_wconf 69' lang='grc' dir='ltr'><strong>τὰ</strong></span> <span class='ocrx_word' id='word_1_651' title='bbox 1370 1134 1544 1169; x_wconf 80' lang='grc' dir='ltr'>ἐννενήκοντα</span> <span class='ocrx_word' id='word_1_652' title='bbox 1555 1132 1630 1159; x_wconf 59' lang='grc' dir='ltr'>ἐννέα</span> <span class='ocrx_word' id='word_1_653' title='bbox 1642 1131 1810 1162; x_wconf 79' lang='grc' dir='ltr'>καταλιπὼν,</span> 
     </span>
    </p>
   </div>
   <div class='ocr_carea' id='block_1_93' title="bbox 1025 1177 1812 1215">
    <p class='ocr_par' dir='ltr' id='par_1_93' title="bbox 1025 1177 1812 1215">
     <span class='ocr_line' id='line_1_93' title="bbox 1025 1177 1812 1215; baseline -0.003 -9"><span class='ocrx_word' id='word_1_654' title='bbox 1025 1179 1070 1206; x_wconf 73' lang='grc' dir='ltr'><strong>καὶ</strong></span> <span class='ocrx_word' id='word_1_655' title='bbox 1085 1179 1149 1213; x_wconf 80' lang='grc' dir='ltr'><strong>περὶ</strong></span> <span class='ocrx_word' id='word_1_656' title='bbox 1165 1179 1213 1213; x_wconf 80' lang='grc' dir='ltr'>τὴν</span> <span class='ocrx_word' id='word_1_657' title='bbox 1230 1179 1276 1205; x_wconf 79' lang='grc' dir='ltr'>τοῦ</span> <span class='ocrx_word' id='word_1_658' title='bbox 1290 1179 1348 1210; x_wconf 77' lang='grc' dir='ltr'>ἑνὸς</span> <span class='ocrx_word' id='word_1_659' title='bbox 1363 1179 1582 1215; x_wconf 78' lang='grc' dir='ltr'>παραγενόμενος</span> <span class='ocrx_word' id='word_1_660' title='bbox 1598 1178 1721 1214; x_wconf 69' lang='grc' dir='ltr'><strong>ζήτησιν.</strong></span> <span class='ocrx_word' id='word_1_661' title='bbox 1735 1177 1812 1212; x_wconf 78' lang='grc' dir='ltr'><strong>Ἐζή-</strong></span> 
     </span>
    </p>
   </div>
   <div class='ocr_carea' id='block_1_94' title="bbox 1024 1223 1810 1260">
    <p class='ocr_par' dir='ltr' id='par_1_94' title="bbox 1024 1223 1810 1260">
     <span class='ocr_line' id='line_1_94' title="bbox 1024 1223 1810 1260; baseline -0.004 -10"><span class='ocrx_word' id='word_1_662' title='bbox 1024 1233 1065 1250; x_wconf 81' lang='grc' dir='ltr'>τει</span> <span class='ocrx_word' id='word_1_663' title='bbox 1094 1224 1147 1260; x_wconf 78' lang='grc' dir='ltr'>γὰρ</span> <span class='ocrx_word' id='word_1_664' title='bbox 1172 1224 1201 1250; x_wconf 78' lang='grc' dir='ltr'>τὸ</span> <span class='ocrx_word' id='word_1_665' title='bbox 1224 1224 1253 1250; x_wconf 87' lang='grc' dir='ltr'>ἓν</span> <span class='ocrx_word' id='word_1_666' title='bbox 1270 1224 1336 1259; x_wconf 76' lang='lat'><strong>(58),</strong></span> <span class='ocrx_word' id='word_1_667' title='bbox 1352 1224 1413 1251; x_wconf 72' lang='grc' dir='ltr'>οὔτε</span> <span class='ocrx_word' id='word_1_668' title='bbox 1429 1224 1483 1251; x_wconf 84' lang='grc' dir='ltr'>τῶν</span> <span class='ocrx_word' id='word_1_669' title='bbox 1501 1224 1605 1250; x_wconf 76' lang='grc' dir='ltr'>πολλῶν</span> <span class='ocrx_word' id='word_1_670' title='bbox 1620 1223 1810 1258; x_wconf 73' lang='grc' dir='ltr'>καταφρονῶν,</span> 
     </span>
    </p>
   </div>
   <div class='ocr_carea' id='block_1_95' title="bbox 1025 1268 1813 1306">
    <p class='ocr_par' dir='ltr' id='par_1_95' title="bbox 1025 1268 1813 1306">
     <span class='ocr_line' id='line_1_95' title="bbox 1025 1268 1813 1306; baseline -0.003 -10"><span class='ocrx_word' id='word_1_671' title='bbox 1025 1269 1086 1296; x_wconf 77' lang='grc' dir='ltr'>οὔτε</span> <span class='ocrx_word' id='word_1_672' title='bbox 1101 1270 1148 1297; x_wconf 82' lang='grc' dir='ltr'>τοῦ</span> <span class='ocrx_word' id='word_1_673' title='bbox 1159 1271 1279 1306; x_wconf 67' lang='grc' dir='ltr'>’,πλήθους</span> <span class='ocrx_word' id='word_1_674' title='bbox 1294 1271 1324 1297; x_wconf 77' lang='grc' dir='ltr'><strong>τὸ</strong></span> <span class='ocrx_word' id='word_1_675' title='bbox 1334 1271 1362 1297; x_wconf 82' lang='grc' dir='ltr'>ἓν</span> <span class='ocrx_word' id='word_1_676' title='bbox 1377 1270 1538 1306; x_wconf 76' lang='grc' dir='ltr'>προκρίνων.</span> <span class='ocrx_word' id='word_1_677' title='bbox 1565 1269 1643 1304; x_wconf 73' lang='grc' dir='ltr'>Ἀλλὰ</span> <span class='ocrx_word' id='word_1_678' title='bbox 1653 1269 1686 1295; x_wconf 78' lang='grc' dir='ltr'><strong>τὰ</strong></span> <span class='ocrx_word' id='word_1_679' title='bbox 1702 1269 1750 1303; x_wconf 79' lang='grc' dir='ltr'><strong>μὲν</strong></span> <span class='ocrx_word' id='word_1_680' title='bbox 1767 1268 1813 1294; x_wconf 75' lang='grc' dir='ltr'><strong>ἐν·</strong></span> 
     </span>
    </p>
   </div>
   <div class='ocr_carea' id='block_1_96' title="bbox 1025 1313 1812 1352">
    <p class='ocr_par' dir='ltr' id='par_1_96' title="bbox 1025 1313 1812 1352">
     <span class='ocr_line' id='line_1_96' title="bbox 1025 1313 1812 1352; baseline -0.003 -11"><span class='ocrx_word' id='word_1_681' title='bbox 1025 1317 1168 1351; x_wconf 81' lang='grc' dir='ltr'>νενήκοντα</span> <span class='ocrx_word' id='word_1_682' title='bbox 1195 1317 1273 1343; x_wconf 75' lang='grc' dir='ltr'>ἐννέα</span> <span class='ocrx_word' id='word_1_683' title='bbox 1295 1316 1505 1352; x_wconf 73' lang='grc' dir='ltr'>κατελίμπανεν·</span> <span class='ocrx_word' id='word_1_684' title='bbox 1529 1316 1582 1342; x_wconf 76' lang='grc' dir='ltr'>ἔδει</span> <span class='ocrx_word' id='word_1_685' title='bbox 1605 1315 1658 1349; x_wconf 77' lang='grc' dir='ltr'>γὰρ</span> <span class='ocrx_word' id='word_1_686' title='bbox 1682 1313 1812 1348; x_wconf 73' lang='grc' dir='ltr'>ἀσφαλῶς</span> 
     </span>
    </p>
   </div>
   <div class='ocr_carea' id='block_1_97' title="bbox 1026 1359 1810 1396">
    <p class='ocr_par' dir='ltr' id='par_1_97' title="bbox 1026 1359 1810 1396">
     <span class='ocr_line' id='line_1_97' title="bbox 1026 1359 1810 1396; baseline -0.003 -10"><span class='ocrx_word' id='word_1_687' title='bbox 1026 1360 1095 1386; x_wconf 72' lang='grc' dir='ltr'>αὐτὰ</span> <span class='ocrx_word' id='word_1_688' title='bbox 1105 1362 1133 1386; x_wconf 76' lang='grc' dir='ltr'>ἐν</span> <span class='ocrx_word' id='word_1_689' title='bbox 1141 1362 1173 1396; x_wconf 84' lang='grc' dir='ltr'>τῇ</span> <span class='ocrx_word' id='word_1_690' title='bbox 1188 1361 1294 1396; x_wconf 68' lang='grc' dir='ltr'>μάνδρᾳ</span> <span class='ocrx_word' id='word_1_691' title='bbox 1303 1361 1469 1392; x_wconf 77' lang='grc' dir='ltr'><strong>αὐλίζεσθαι·</strong></span> <span class='ocrx_word' id='word_1_692' title='bbox 1482 1361 1512 1387; x_wconf 79' lang='grc' dir='ltr'>τὸ</span> <span class='ocrx_word' id='word_1_693' title='bbox 1521 1361 1548 1387; x_wconf 78' lang='grc' dir='ltr'>δὲ</span> <span class='ocrx_word' id='word_1_694' title='bbox 1557 1361 1585 1387; x_wconf 86' lang='grc' dir='ltr'>ἓν</span> <span class='ocrx_word' id='word_1_695' title='bbox 1598 1359 1699 1396; x_wconf 87' lang='grc' dir='ltr'>προῖὼν</span> <span class='ocrx_word' id='word_1_696' title='bbox 1707 1360 1810 1394; x_wconf 72' lang='grc' dir='ltr'><strong>ἐζήτει,</strong></span> 
     </span>
    </p>
   </div>
   <div class='ocr_carea' id='block_1_98' title="bbox 1027 1403 1811 1442">
    <p class='ocr_par' dir='ltr' id='par_1_98' title="bbox 1027 1403 1811 1442">
     <span class='ocr_line' id='line_1_98' title="bbox 1027 1403 1811 1442; baseline -0.001 -11"><span class='ocrx_word' id='word_1_697' title='bbox 1027 1406 1070 1432; x_wconf 80' lang='grc' dir='ltr'>ἵνα</span> <span class='ocrx_word' id='word_1_698' title='bbox 1088 1406 1124 1441; x_wconf 81' lang='grc' dir='ltr'><strong>μὴ</strong></span> <span class='ocrx_word' id='word_1_699' title='bbox 1141 1406 1209 1442; x_wconf 85' lang='grc' dir='ltr'>θήνη</span> <span class='ocrx_word' id='word_1_700' title='bbox 1222 1407 1278 1442; x_wconf 78' lang='lat'><strong>(59)</strong></span> <span class='ocrx_word' id='word_1_701' title='bbox 1287 1406 1332 1442; x_wconf 78' lang='grc' dir='ltr'><strong>-τῷ</strong></span> <span class='ocrx_word' id='word_1_702' title='bbox 1343 1406 1457 1441; x_wconf 69' lang='grc' dir='ltr'>διαϐόλῳ</span> <span class='ocrx_word' id='word_1_703' title='bbox 1474 1407 1597 1441; x_wconf 82' lang='grc' dir='ltr'>γένηται.</span> <span class='ocrx_word' id='word_1_704' title='bbox 1607 1406 1745 1441; x_wconf 82' lang='grc' dir='ltr'>Πρόὸατον</span> <span class='ocrx_word' id='word_1_705' title='bbox 1756 1403 1811 1439; x_wconf 81' lang='grc' dir='ltr'>γὰρ</span> 
     </span>
    </p>
   </div>
   <div class='ocr_carea' id='block_1_99' title="bbox 1028 1449 1812 1486">
    <p class='ocr_par' dir='ltr' id='par_1_99' title="bbox 1028 1449 1812 1486">
     <span class='ocr_line' id='line_1_99' title="bbox 1028 1449 1812 1486; baseline -0.003 -10"><span class='ocrx_word' id='word_1_706' title='bbox 1028 1451 1204 1485; x_wconf 80' lang='grc' dir='ltr'>ἀποίμαντον,</span> <span class='ocrx_word' id='word_1_707' title='bbox 1221 1451 1316 1486; x_wconf 74' lang='grc' dir='ltr'>Οηρσιν</span> <span class='ocrx_word' id='word_1_708' title='bbox 1330 1451 1438 1486; x_wconf 71' lang='grc' dir='ltr'>ἕτοιμον</span> <span class='ocrx_word' id='word_1_709' title='bbox 1455 1451 1570 1480; x_wconf 78' lang='grc' dir='ltr'>δεῖπνον.</span> <span class='ocrx_word' id='word_1_710' title='bbox 1596 1450 1650 1477; x_wconf 77' lang='grc' dir='ltr'><strong>Καὶ</strong></span> <span class='ocrx_word' id='word_1_711' title='bbox 1675 1449 1750 1484; x_wconf 75' lang='grc' dir='ltr'>ψυχὴ</span> <span class='ocrx_word' id='word_1_712' title='bbox 1778 1449 1812 1474; x_wconf 76' lang='grc' dir='ltr'><strong>ὰ-</strong></span> 
     </span>
    </p>
   </div>
   <div class='ocr_carea' id='block_1_100' title="bbox 1031 1493 1812 1532">
    <p class='ocr_par' dir='ltr' id='par_1_100' title="bbox 1031 1493 1812 1532">
     <span class='ocr_line' id='line_1_100' title="bbox 1031 1493 1812 1532; baseline -0.003 -10"><span class='ocrx_word' id='word_1_713' title='bbox 1031 1496 1208 1531; x_wconf 61' lang='grc' dir='ltr'><strong>σφράγιστος,</strong></span> <span class='ocrx_word' id='word_1_714' title='bbox 1237 1497 1360 1532; x_wconf 82' lang='grc' dir='ltr'>δαίμοσιν</span> <span class='ocrx_word' id='word_1_715' title='bbox 1377 1496 1606 1527; x_wconf 76' lang='grc' dir='ltr'>εὐεπιϐούλευτος.</span> <span class='ocrx_word' id='word_1_716' title='bbox 1622 1495 1701 1522; x_wconf 84' lang='grc' dir='ltr'>ὋΟεν</span> <span class='ocrx_word' id='word_1_717' title='bbox 1718 1493 1812 1530; x_wconf 73' lang='grc' dir='ltr'>πρώην</span> 
     </span>
    </p>
   </div>
   <div class='ocr_carea' id='block_1_101' title="bbox 1029 1540 1811 1577">
    <p class='ocr_par' dir='ltr' id='par_1_101' title="bbox 1029 1540 1811 1577">
     <span class='ocr_line' id='line_1_101' title="bbox 1029 1540 1811 1577; baseline -0.001 -10"><span class='ocrx_word' id='word_1_718' title='bbox 1029 1542 1072 1568; x_wconf 60' lang='grc' dir='ltr'><strong>τον</strong></span> <span class='ocrx_word' id='word_1_719' title='bbox 1084 1543 1215 1576; x_wconf 81' lang='grc' dir='ltr'>Ζακχαῖον</span> <span class='ocrx_word' id='word_1_720' title='bbox 1235 1541 1272 1573; x_wconf 82' lang='grc' dir='ltr'><strong>ὡς</strong></span> <span class='ocrx_word' id='word_1_721' title='bbox 1284 1541 1417 1577; x_wconf 67' lang='grc' dir='ltr'>πρόϐατον</span> <span class='ocrx_word' id='word_1_722' title='bbox 1431 1542 1462 1567; x_wconf 76' lang='grc' dir='ltr'>ἐκ</span> <span class='ocrx_word' id='word_1_723' title='bbox 1480 1543 1612 1577; x_wconf 83' lang='grc' dir='ltr'>στόματος</span> <span class='ocrx_word' id='word_1_724' title='bbox 1628 1541 1709 1567; x_wconf 80' lang='grc' dir='ltr'>λύκου</span> <span class='ocrx_word' id='word_1_725' title='bbox 1725 1540 1811 1576; x_wconf 76' lang='grc' dir='ltr'>ἀφήρ-</span> 
     </span>
    </p>
   </div>
   <div class='ocr_carea' id='block_1_102' title="bbox 1029 1586 1811 1623">
    <p class='ocr_par' dir='ltr' id='par_1_102' title="bbox 1029 1586 1811 1623">
     <span class='ocr_line' id='line_1_102' title="bbox 1029 1586 1811 1623; baseline -0.001 -11"><span class='ocrx_word' id='word_1_726' title='bbox 1029 1588 1163 1616; x_wconf 55' lang='lat' dir='ltr'><strong>tan-5.2a).</strong></span> <span class='ocrx_word' id='word_1_727' title='bbox 1179 1588 1211 1622; x_wconf 82' lang='grc' dir='ltr'>τῇ</span> <span class='ocrx_word' id='word_1_728' title='bbox 1231 1588 1335 1623; x_wconf 71' lang='grc' dir='ltr'>μάνδρᾳ</span> <span class='ocrx_word' id='word_1_729' title='bbox 1351 1587 1488 1623; x_wconf 78' lang='grc' dir='ltr'><strong>συνέμιξε,</strong></span> <span class='ocrx_word' id='word_1_730' title='bbox 1506 1587 1552 1613; x_wconf 76' lang='grc' dir='ltr'><strong>καὶ</strong></span> <span class='ocrx_word' id='word_1_731' title='bbox 1576 1586 1722 1623; x_wconf 67' lang='grc' dir='ltr'>σφραγίδος</span> <span class='ocrx_word' id='word_1_732' title='bbox 1735 1586 1811 1620; x_wconf 73' lang='grc' dir='ltr'><strong>ἠξίω-</strong></span> 
     </span>
    </p>
   </div>
   <div class='ocr_carea' id='block_1_103' title="bbox 1030 1631 1810 1669">
    <p class='ocr_par' dir='ltr' id='par_1_103' title="bbox 1030 1631 1810 1669">
     <span class='ocr_line' id='line_1_103' title="bbox 1030 1631 1810 1669; baseline -0.003 -9"><span class='ocrx_word' id='word_1_733' title='bbox 1030 1643 1074 1660; x_wconf 76' lang='grc' dir='ltr'><strong>σεν</strong></span> <span class='ocrx_word' id='word_1_734' title='bbox 1085 1633 1149 1668; x_wconf 79' lang='grc'>(60)·</span> <span class='ocrx_word' id='word_1_735' title='bbox 1159 1634 1197 1665; x_wconf 83' lang='grc' dir='ltr'><strong>ὡς</strong></span> <span class='ocrx_word' id='word_1_736' title='bbox 1209 1635 1264 1669; x_wconf 76' lang='grc' dir='ltr'>γὰρ</span> <span class='ocrx_word' id='word_1_737' title='bbox 1280 1633 1380 1669; x_wconf 82' lang='grc' dir='ltr'>ποιμὴν</span> <span class='ocrx_word' id='word_1_738' title='bbox 1403 1633 1539 1669; x_wconf 79' lang='grc' dir='ltr'>πρόϐατον</span> <span class='ocrx_word' id='word_1_739' title='bbox 1559 1632 1747 1666; x_wconf 77' lang='grc' dir='ltr'>ἀποπλανηθὲν</span> <span class='ocrx_word' id='word_1_740' title='bbox 1763 1631 1810 1666; x_wconf 78' lang='grc' dir='ltr'><strong>οη-</strong></span> 
     </span>
    </p>
   </div>
   <div class='ocr_carea' id='block_1_104' title="bbox 1102 1681 1334 1713">
    <p class='ocr_par' dir='ltr' id='par_1_104' title="bbox 1102 1681 1334 1713">
     <span class='ocr_line' id='line_1_104' title="bbox 1102 1681 1334 1713; baseline 0.004 -6"><span class='ocrx_word' id='word_1_741' title='bbox 1102 1682 1123 1697; x_wconf 80' lang='lat'><strong>&quot;</strong></span> <span class='ocrx_word' id='word_1_742' title='bbox 1153 1681 1218 1708; x_wconf 85' lang='lat' dir='ltr'><strong>Luc.</strong></span> <span class='ocrx_word' id='word_1_743' title='bbox 1235 1690 1290 1713; x_wconf 83' lang='lat' dir='ltr'><strong>xtx,</strong></span> <span class='ocrx_word' id='word_1_744' title='bbox 1307 1682 1334 1708; x_wconf 90' lang='lat'><strong>9.</strong></span> 
     </span>
    </p>
   </div>
   <div class='ocr_carea' id='block_1_105' title="bbox 1031 1737 1743 1774">
    <p class='ocr_par' dir='ltr' id='par_1_105' title="bbox 1031 1737 1743 1774">
     <span class='ocr_line' id='line_1_105' title="bbox 1031 1737 1743 1774; baseline -0.001 -10"><span class='ocrx_word' id='word_1_745' title='bbox 1031 1747 1087 1774; x_wconf 85' lang='grc' dir='ltr'>ρον,</span> <span class='ocrx_word' id='word_1_746' title='bbox 1102 1739 1204 1774; x_wconf 72' lang='lat' dir='ltr'><strong>absque</strong></span> <span class='ocrx_word' id='word_1_747' title='bbox 1215 1739 1265 1765; x_wconf 87' lang='lat' dir='ltr'><strong>alia</strong></span> <span class='ocrx_word' id='word_1_748' title='bbox 1282 1739 1492 1774; x_wconf 67' lang='lat' dir='ltr'><strong>consecratione.</strong></span> <span class='ocrx_word' id='word_1_749' title='bbox 1510 1738 1547 1765; x_wconf 89' lang='lat' dir='ltr'><strong>De</strong></span> <span class='ocrx_word' id='word_1_750' title='bbox 1560 1745 1612 1774; x_wconf 78' lang='lat' dir='ltr'><strong>quo</strong></span> <span class='ocrx_word' id='word_1_751' title='bbox 1620 1737 1743 1769; x_wconf 79' lang='lat' dir='ltr'><strong>Thcssal.</strong></span> 
     </span>
    </p>
   </div>
   <div class='ocr_carea' id='block_1_106' title="bbox 1068 1771 1811 1808">
    <p class='ocr_par' dir='ltr' id='par_1_106' title="bbox 1068 1771 1811 1808">
     <span class='ocr_line' id='line_1_106' title="bbox 1068 1771 1811 1808; baseline -0.001 -9"><span class='ocrx_word' id='word_1_752' title='bbox 1068 1774 1124 1807; x_wconf 80' lang='grc'>(58)</span> <span class='ocrx_word' id='word_1_753' title='bbox 1157 1771 1266 1806; x_wconf 70' lang='grc' dir='ltr'><strong>Ἔζήτει</strong></span> <span class='ocrx_word' id='word_1_754' title='bbox 1282 1774 1337 1808; x_wconf 79' lang='grc' dir='ltr'><strong>γὰρ</strong></span> <span class='ocrx_word' id='word_1_755' title='bbox 1351 1773 1384 1799; x_wconf 84' lang='grc' dir='ltr'>τὸ</span> <span class='ocrx_word' id='word_1_756' title='bbox 1398 1773 1442 1800; x_wconf 80' lang='grc' dir='ltr'><strong>ἓν.</strong></span> <span class='ocrx_word' id='word_1_757' title='bbox 1453 1772 1558 1805; x_wconf 87' lang='lat' dir='ltr'><strong>Ubique</strong></span> <span class='ocrx_word' id='word_1_758' title='bbox 1568 1771 1611 1799; x_wconf 80' lang='lat' dir='ltr'><strong>alii</strong></span> <span class='ocrx_word' id='word_1_759' title='bbox 1624 1780 1718 1799; x_wconf 81' lang='lat' dir='ltr'><strong>sensus</strong></span> <span class='ocrx_word' id='word_1_760' title='bbox 1731 1780 1738 1798; x_wconf 90' lang='lat'><strong>:</strong></span> <span class='ocrx_word' id='word_1_761' title='bbox 1754 1771 1811 1798; x_wconf 90' lang='lat' dir='ltr'><strong>ubi-</strong></span> 
     </span>
    </p>
   </div>
   <div class='ocr_carea' id='block_1_107' title="bbox 1032 1807 1810 1842">
    <p class='ocr_par' dir='ltr' id='par_1_107' title="bbox 1032 1807 1810 1842">
     <span class='ocr_line' id='line_1_107' title="bbox 1032 1807 1810 1842; baseline 0 -9"><span class='ocrx_word' id='word_1_762' title='bbox 1032 1816 1085 1842; x_wconf 87' lang='lat' dir='ltr'><strong>que</strong></span> <span class='ocrx_word' id='word_1_763' title='bbox 1106 1808 1136 1834; x_wconf 78' lang='grc' dir='ltr'><strong>τὸ</strong></span> <span class='ocrx_word' id='word_1_764' title='bbox 1155 1809 1339 1835; x_wconf 57' lang='grc' dir='ltr'>ἐπιστατικὸν</span> <span class='ocrx_word' id='word_1_765' title='bbox 1365 1807 1543 1842; x_wconf 86' lang='lat' dir='ltr'><strong>Amphilochii</strong></span> <span class='ocrx_word' id='word_1_766' title='bbox 1573 1808 1668 1836; x_wconf 86' lang='lat' dir='ltr'><strong>nostri,</strong></span> <span class='ocrx_word' id='word_1_767' title='bbox 1689 1812 1717 1833; x_wconf 91' lang='lat' dir='ltr'><strong>et</strong></span> <span class='ocrx_word' id='word_1_768' title='bbox 1735 1811 1810 1842; x_wconf 80' lang='lat' dir='ltr'><strong>acute</strong></span> 
     </span>
    </p>
   </div>
   <div class='ocr_carea' id='block_1_108' title="bbox 1031 1841 1811 1876">
    <p class='ocr_par' dir='ltr' id='par_1_108' title="bbox 1031 1841 1811 1876">
     <span class='ocr_line' id='line_1_108' title="bbox 1031 1841 1811 1876; baseline 0.001 -8"><span class='ocrx_word' id='word_1_769' title='bbox 1031 1841 1117 1872; x_wconf 70' lang='lat' dir='ltr'><strong>monet</strong></span> <span class='ocrx_word' id='word_1_770' title='bbox 1136 1843 1226 1873; x_wconf 89' lang='lat' dir='ltr'><strong>dubia,</strong></span> <span class='ocrx_word' id='word_1_771' title='bbox 1241 1844 1390 1870; x_wconf 82' lang='lat' dir='ltr'><strong>clieliciter</strong></span> <span class='ocrx_word' id='word_1_772' title='bbox 1407 1841 1528 1870; x_wconf 82' lang='lat' dir='ltr'><strong>resolvit.</strong></span> <span class='ocrx_word' id='word_1_773' title='bbox 1546 1842 1672 1868; x_wconf 82' lang='lat' dir='ltr'><strong>Nonnihil</strong></span> <span class='ocrx_word' id='word_1_774' title='bbox 1689 1849 1754 1876; x_wconf 78' lang='lat' dir='ltr'><strong>ergo</strong></span> <span class='ocrx_word' id='word_1_775' title='bbox 1766 1841 1811 1869; x_wconf 83' lang='lat' dir='ltr'><strong>ab-</strong></span> 
     </span>
    </p>
   </div>
   <div class='ocr_carea' id='block_1_109' title="bbox 1032 1877 1811 1912">
    <p class='ocr_par' dir='ltr' id='par_1_109' title="bbox 1032 1877 1811 1912">
     <span class='ocr_line' id='line_1_109' title="bbox 1032 1877 1811 1912; baseline 0 -10"><span class='ocrx_word' id='word_1_776' title='bbox 1032 1885 1126 1904; x_wconf 92' lang='lat' dir='ltr'><strong>sonum</strong></span> <span class='ocrx_word' id='word_1_777' title='bbox 1147 1877 1224 1908; x_wconf 87' lang='lat' dir='ltr'><strong>illud,</strong></span> <span class='ocrx_word' id='word_1_778' title='bbox 1242 1883 1270 1904; x_wconf 92' lang='lat' dir='ltr'><strong>ut</strong></span> <span class='ocrx_word' id='word_1_779' title='bbox 1288 1878 1373 1904; x_wconf 87' lang='lat' dir='ltr'><strong>bonus</strong></span> <span class='ocrx_word' id='word_1_780' title='bbox 1386 1877 1575 1912; x_wconf 82' lang='lat' dir='ltr'><strong>pastor.unins</strong></span> <span class='ocrx_word' id='word_1_781' title='bbox 1589 1884 1680 1912; x_wconf 81' lang='lat' dir='ltr'><strong>causa.</strong></span> <span class='ocrx_word' id='word_1_782' title='bbox 1699 1881 1735 1902; x_wconf 90' lang='lat' dir='ltr'><strong>tot</strong></span> <span class='ocrx_word' id='word_1_783' title='bbox 1750 1883 1811 1902; x_wconf 79' lang='lat' dir='ltr'><strong>oves</strong></span> 
     </span>
    </p>
   </div>
   <div class='ocr_carea' id='block_1_110' title="bbox 1033 1911 1810 1946">
    <p class='ocr_par' dir='ltr' id='par_1_110' title="bbox 1033 1911 1810 1946">
     <span class='ocr_line' id='line_1_110' title="bbox 1033 1911 1810 1946; baseline -0.003 -8"><span class='ocrx_word' id='word_1_784' title='bbox 1033 1913 1139 1938; x_wconf 86' lang='lat' dir='ltr'><strong>relictas</strong></span> <span class='ocrx_word' id='word_1_785' title='bbox 1156 1913 1305 1946; x_wconf 72' lang='lat' dir='ltr'><strong>spreverit;</strong></span> <span class='ocrx_word' id='word_1_786' title='bbox 1331 1911 1464 1945; x_wconf 85' lang='lat' dir='ltr'><strong>unainqne</strong></span> <span class='ocrx_word' id='word_1_787' title='bbox 1481 1911 1634 1946; x_wconf 74' lang='lat' dir='ltr'><strong>nonaginta</strong></span> <span class='ocrx_word' id='word_1_788' title='bbox 1651 1911 1703 1937; x_wconf 88' lang='lat' dir='ltr'><strong>illis</strong></span> <span class='ocrx_word' id='word_1_789' title='bbox 1721 1918 1810 1937; x_wconf 73' lang='lat' dir='ltr'><strong>novem</strong></span> 
     </span>
    </p>
   </div>
   <div class='ocr_carea' id='block_1_111' title="bbox 1033 1945 1812 1981">
    <p class='ocr_par' dir='ltr' id='par_1_111' title="bbox 1033 1945 1812 1981">
     <span class='ocr_line' id='line_1_111' title="bbox 1033 1945 1812 1981; baseline -0.001 -9"><span class='ocrx_word' id='word_1_790' title='bbox 1033 1945 1233 1981; x_wconf 61' lang='lat' dir='ltr'><strong>anteposuerit;</strong></span> <span class='ocrx_word' id='word_1_791' title='bbox 1265 1953 1336 1973; x_wconf 88' lang='lat' dir='ltr'><strong>recte</strong></span> <span class='ocrx_word' id='word_1_792' title='bbox 1356 1947 1398 1974; x_wconf 84' lang='lat' dir='ltr'><strong>hic</strong></span> <span class='ocrx_word' id='word_1_793' title='bbox 1420 1947 1578 1980; x_wconf 84' lang='lat' dir='ltr'><strong>deprecatur</strong></span> <span class='ocrx_word' id='word_1_794' title='bbox 1596 1955 1613 1981; x_wconf 19' lang='lat'><strong>:7</strong></span> <span class='ocrx_word' id='word_1_795' title='bbox 1630 1945 1812 1981; x_wconf 75' lang='lat' dir='ltr'><strong>hujnsqnein-</strong></span> 
     </span>
    </p>
   </div>
   <div class='ocr_carea' id='block_1_112' title="bbox 1035 1979 1812 2016">
    <p class='ocr_par' dir='ltr' id='par_1_112' title="bbox 1035 1979 1812 2016">
     <span class='ocr_line' id='line_1_112' title="bbox 1035 1979 1812 2016; baseline -0.003 -8"><span class='ocrx_word' id='word_1_796' title='bbox 1035 1979 1220 2016; x_wconf 78' lang='lat' dir='ltr'><strong>qnisitionem,</strong></span> <span class='ocrx_word' id='word_1_797' title='bbox 1245 1983 1401 2008; x_wconf 64' lang='lat' dir='ltr'><strong>necessaria:</strong></span> <span class='ocrx_word' id='word_1_798' title='bbox 1425 1982 1521 2016; x_wconf 81' lang='lat' dir='ltr'><strong>saluti;</strong></span> <span class='ocrx_word' id='word_1_799' title='bbox 1543 1980 1742 2007; x_wconf 76' lang='lat' dir='ltr'><strong>derelictionem</strong></span> <span class='ocrx_word' id='word_1_800' title='bbox 1759 1979 1812 2006; x_wconf 72' lang='lat' dir='ltr'><strong>illa—</strong></span> 
     </span>
    </p>
   </div>
   <div class='ocr_carea' id='block_1_113' title="bbox 1034 2015 1811 2048">
    <p class='ocr_par' dir='ltr' id='par_1_113' title="bbox 1034 2015 1811 2048">
     <span class='ocr_line' id='line_1_113' title="bbox 1034 2015 1811 2048; baseline -0.001 -6"><span class='ocrx_word' id='word_1_801' title='bbox 1034 2015 1104 2046; x_wconf 81' lang='lat' dir='ltr'><strong>rum,</strong></span> <span class='ocrx_word' id='word_1_802' title='bbox 1129 2016 1278 2048; x_wconf 80' lang='lat' dir='ltr'><strong>securitati,</strong></span> <span class='ocrx_word' id='word_1_803' title='bbox 1299 2017 1428 2043; x_wconf 82' lang='lat' dir='ltr'><strong>ascribit:</strong></span> <span class='ocrx_word' id='word_1_804' title='bbox 1458 2015 1539 2043; x_wconf 86' lang='lat' dir='ltr'><strong>nullis</strong></span> <span class='ocrx_word' id='word_1_805' title='bbox 1564 2023 1592 2041; x_wconf 85' lang='lat' dir='ltr'><strong>rc</strong></span> <span class='ocrx_word' id='word_1_806' title='bbox 1615 2016 1672 2048; x_wconf 81' lang='lat' dir='ltr'><strong>ipsa</strong></span> <span class='ocrx_word' id='word_1_807' title='bbox 1698 2015 1811 2048; x_wconf 83' lang='lat' dir='ltr'><strong>spretis,</strong></span> 
     </span>
    </p>
   </div>
   <div class='ocr_carea' id='block_1_114' title="bbox 1035 2049 1812 2084">
    <p class='ocr_par' dir='ltr' id='par_1_114' title="bbox 1035 2049 1812 2084">
     <span class='ocr_line' id='line_1_114' title="bbox 1035 2049 1812 2084; baseline -0.001 -8"><span class='ocrx_word' id='word_1_808' title='bbox 1035 2056 1113 2077; x_wconf 88' lang='lat' dir='ltr'><strong>autve</strong></span> <span class='ocrx_word' id='word_1_809' title='bbox 1136 2056 1244 2077; x_wconf 85' lang='lat' dir='ltr'><strong>errante</strong></span> <span class='ocrx_word' id='word_1_810' title='bbox 1270 2051 1378 2084; x_wconf 81' lang='lat' dir='ltr'><strong>pra-lata</strong></span> <span class='ocrx_word' id='word_1_811' title='bbox 1393 2051 1497 2077; x_wconf 70' lang='lat' dir='ltr'><strong>cancris</strong></span> <span class='ocrx_word' id='word_1_812' title='bbox 1513 2057 1520 2074; x_wconf 90' lang='lat'>:</span> <span class='ocrx_word' id='word_1_813' title='bbox 1541 2050 1592 2077; x_wconf 88' lang='lat' dir='ltr'><strong>nisi</strong></span> <span class='ocrx_word' id='word_1_814' title='bbox 1609 2049 1751 2077; x_wconf 80' lang='lat' dir='ltr'><strong>lurte&#39;eam</strong></span> <span class='ocrx_word' id='word_1_815' title='bbox 1770 2057 1812 2075; x_wconf 85' lang='lat' dir='ltr'><strong>ve-</strong></span> 
     </span>
    </p>
   </div>
   <div class='ocr_carea' id='block_1_115' title="bbox 1035 2084 1811 2119">
    <p class='ocr_par' dir='ltr' id='par_1_115' title="bbox 1035 2084 1811 2119">
     <span class='ocr_line' id='line_1_115' title="bbox 1035 2084 1811 2119; baseline -0.003 -8"><span class='ocrx_word' id='word_1_816' title='bbox 1035 2085 1114 2111; x_wconf 79' lang='lat' dir='ltr'><strong>limus</strong></span> <span class='ocrx_word' id='word_1_817' title='bbox 1138 2085 1331 2119; x_wconf 63' lang='lat' dir='ltr'><strong>prtclationent,</strong></span> <span class='ocrx_word' id='word_1_818' title='bbox 1356 2087 1425 2119; x_wconf 82' lang='lat' dir='ltr'><strong>quod</strong></span> <span class='ocrx_word' id='word_1_819' title='bbox 1455 2084 1549 2118; x_wconf 82' lang='lat' dir='ltr'><strong>majori</strong></span> <span class='ocrx_word' id='word_1_820' title='bbox 1580 2084 1699 2111; x_wconf 82' lang='lat' dir='ltr'><strong>subsidio</strong></span> <span class='ocrx_word' id='word_1_821' title='bbox 1724 2091 1811 2118; x_wconf 76' lang='lat' dir='ltr'><strong>egens,</strong></span> 
     </span>
    </p>
   </div>
   <div class='ocr_carea' id='block_1_116' title="bbox 1033 2119 1811 2155">
    <p class='ocr_par' dir='ltr' id='par_1_116' title="bbox 1033 2119 1811 2155">
     <span class='ocr_line' id='line_1_116' title="bbox 1033 2119 1811 2155; baseline -0.001 -10"><span class='ocrx_word' id='word_1_822' title='bbox 1033 2127 1187 2155; x_wconf 86' lang='lat' dir='ltr'><strong>quanquam</strong></span> <span class='ocrx_word' id='word_1_823' title='bbox 1214 2120 1357 2154; x_wconf 83' lang='lat' dir='ltr'><strong>indignior,</strong></span> <span class='ocrx_word' id='word_1_824' title='bbox 1387 2120 1497 2146; x_wconf 68' lang='lat' dir='ltr'><strong>Pastori:</strong></span> <span class='ocrx_word' id='word_1_825' title='bbox 1519 2120 1649 2155; x_wconf 80' lang='lat' dir='ltr'><strong>humeris</strong></span> <span class='ocrx_word' id='word_1_826' title='bbox 1666 2119 1691 2145; x_wconf 92' lang='lat' dir='ltr'><strong>in</strong></span> <span class='ocrx_word' id='word_1_827' title='bbox 1711 2119 1811 2145; x_wconf 87' lang='lat' dir='ltr'><strong>caulam</strong></span> 
     </span>
    </p>
   </div>
   <div class='ocr_carea' id='block_1_117' title="bbox 1035 2154 1812 2187">
    <p class='ocr_par' dir='ltr' id='par_1_117' title="bbox 1035 2154 1812 2187">
     <span class='ocr_line' id='line_1_117' title="bbox 1035 2154 1812 2187; baseline 0 -7"><span class='ocrx_word' id='word_1_828' title='bbox 1035 2160 1198 2187; x_wconf 74' lang='lat' dir='ltr'><strong>reportante,</strong></span> <span class='ocrx_word' id='word_1_829' title='bbox 1224 2160 1368 2181; x_wconf 85' lang='lat' dir='ltr'><strong>consecuta</strong></span> <span class='ocrx_word' id='word_1_830' title='bbox 1400 2156 1436 2182; x_wconf 84' lang='lat' dir='ltr'><strong>sit</strong></span> <span class='ocrx_word' id='word_1_831' title='bbox 1465 2163 1471 2180; x_wconf 89' lang='lat'>:</span> <span class='ocrx_word' id='word_1_832' title='bbox 1500 2154 1624 2181; x_wconf 90' lang='lat' dir='ltr'><strong>nimirtnn</strong></span> <span class='ocrx_word' id='word_1_833' title='bbox 1650 2159 1812 2180; x_wconf 84' lang='lat' dir='ltr'><strong>sacramento</strong></span> 
     </span>
    </p>
   </div>
   <div class='ocr_carea' id='block_1_118' title="bbox 1035 2188 1812 2222">
    <p class='ocr_par' dir='ltr' id='par_1_118' title="bbox 1035 2188 1812 2222">
     <span class='ocr_line' id='line_1_118' title="bbox 1035 2188 1812 2222; baseline -0.001 -7"><span class='ocrx_word' id='word_1_834' title='bbox 1035 2189 1229 2216; x_wconf 84' lang='lat' dir='ltr'><strong>incarnationis</strong></span> <span class='ocrx_word' id='word_1_835' title='bbox 1261 2189 1423 2221; x_wconf 75' lang='lat' dir='ltr'><strong>Dominicze;</strong></span> <span class='ocrx_word' id='word_1_836' title='bbox 1454 2196 1506 2222; x_wconf 87' lang='lat' dir='ltr'><strong>quo</strong></span> <span class='ocrx_word' id='word_1_837' title='bbox 1535 2197 1563 2214; x_wconf 92' lang='lat' dir='ltr'><strong>re</strong></span> <span class='ocrx_word' id='word_1_838' title='bbox 1579 2195 1652 2218; x_wconf 85' lang='lat' dir='ltr'><strong>vera.</strong></span> <span class='ocrx_word' id='word_1_839' title='bbox 1672 2188 1812 2222; x_wconf 74' lang='lat' dir='ltr'><strong>Scriptura:</strong></span> 
     </span>
    </p>
   </div>
   <div class='ocr_carea' id='block_1_119' title="bbox 1035 2222 1812 2258">
    <p class='ocr_par' dir='ltr' id='par_1_119' title="bbox 1035 2222 1812 2258">
     <span class='ocr_line' id='line_1_119' title="bbox 1035 2222 1812 2258; baseline -0.003 -8"><span class='ocrx_word' id='word_1_840' title='bbox 1035 2224 1137 2258; x_wconf 88' lang='lat' dir='ltr'><strong>pbrasi,</strong></span> <span class='ocrx_word' id='word_1_841' title='bbox 1153 2223 1279 2250; x_wconf 90' lang='lat' dir='ltr'><strong>nonnulla</strong></span> <span class='ocrx_word' id='word_1_842' title='bbox 1296 2231 1411 2258; x_wconf 86' lang='lat' dir='ltr'><strong>vereque</strong></span> <span class='ocrx_word' id='word_1_843' title='bbox 1433 2231 1527 2257; x_wconf 80' lang='lat' dir='ltr'><strong>magna</strong></span> <span class='ocrx_word' id='word_1_844' title='bbox 1553 2223 1633 2249; x_wconf 81' lang='lat' dir='ltr'><strong>fuerit</strong></span> <span class='ocrx_word' id='word_1_845' title='bbox 1649 2222 1812 2258; x_wconf 64' lang='lat' dir='ltr'><strong>praei-aliaet</strong></span> 
     </span>
    </p>
   </div>
   <div class='ocr_carea' id='block_1_120' title="bbox 1035 2256 1810 2292">
    <p class='ocr_par' dir='ltr' id='par_1_120' title="bbox 1035 2256 1810 2292">
     <span class='ocr_line' id='line_1_120' title="bbox 1035 2256 1810 2292; baseline -0.003 -8"><span class='ocrx_word' id='word_1_846' title='bbox 1035 2256 1212 2292; x_wconf 74' lang='lat' dir='ltr'><strong>praerogativa</strong></span> <span class='ocrx_word' id='word_1_847' title='bbox 1227 2259 1285 2285; x_wconf 86' lang='lat' dir='ltr'><strong>ovis</strong></span> <span class='ocrx_word' id='word_1_848' title='bbox 1299 2256 1430 2290; x_wconf 79' lang='lat' dir='ltr'><strong>errantis;</strong></span> <span class='ocrx_word' id='word_1_849' title='bbox 1445 2256 1497 2284; x_wconf 78' lang='lat' dir='ltr'><strong>non</strong></span> <span class='ocrx_word' id='word_1_850' title='bbox 1514 2262 1603 2285; x_wconf 88' lang='lat' dir='ltr'><strong>tamen</strong></span> <span class='ocrx_word' id='word_1_851' title='bbox 1615 2265 1694 2291; x_wconf 85' lang='lat' dir='ltr'><strong>quam</strong></span> <span class='ocrx_word' id='word_1_852' title='bbox 1706 2256 1810 2290; x_wconf 84' lang='lat' dir='ltr'><strong>Amphi-</strong></span> 
     </span>
    </p>
   </div>
   <div class='ocr_carea' id='block_1_121' title="bbox 1036 2292 1812 2328">
    <p class='ocr_par' dir='ltr' id='par_1_121' title="bbox 1036 2292 1812 2328">
     <span class='ocr_line' id='line_1_121' title="bbox 1036 2292 1812 2328; baseline 0 -10"><span class='ocrx_word' id='word_1_853' title='bbox 1036 2293 1141 2319; x_wconf 85' lang='lat' dir='ltr'><strong>lochius</strong></span> <span class='ocrx_word' id='word_1_854' title='bbox 1167 2301 1220 2319; x_wconf 88' lang='lat' dir='ltr'><strong>non</strong></span> <span class='ocrx_word' id='word_1_855' title='bbox 1243 2294 1379 2327; x_wconf 74' lang='lat' dir='ltr'><strong>agnoscit,</strong></span> <span class='ocrx_word' id='word_1_856' title='bbox 1401 2298 1428 2320; x_wconf 91' lang='lat' dir='ltr'><strong>et</strong></span> <span class='ocrx_word' id='word_1_857' title='bbox 1442 2300 1495 2328; x_wconf 85' lang='lat' dir='ltr'><strong>qua</strong></span> <span class='ocrx_word' id='word_1_858' title='bbox 1511 2300 1574 2320; x_wconf 89' lang='lat' dir='ltr'><strong>vere</strong></span> <span class='ocrx_word' id='word_1_859' title='bbox 1596 2300 1648 2319; x_wconf 86' lang='lat' dir='ltr'><strong>non</strong></span> <span class='ocrx_word' id='word_1_860' title='bbox 1671 2292 1812 2321; x_wconf 77' lang='lat' dir='ltr'><strong>errantiqu</strong></span> 
     </span>
    </p>
   </div>
   <div class='ocr_carea' id='block_1_122' title="bbox 1037 2328 1520 2362">
    <p class='ocr_par' dir='ltr' id='par_1_122' title="bbox 1037 2328 1520 2362">
     <span class='ocr_line' id='line_1_122' title="bbox 1037 2328 1520 2362; baseline 0 -8"><span class='ocrx_word' id='word_1_861' title='bbox 1037 2328 1138 2362; x_wconf 85' lang='lat' dir='ltr'><strong>spretio</strong></span> <span class='ocrx_word' id='word_1_862' title='bbox 1152 2335 1182 2353; x_wconf 91' lang='lat' dir='ltr'><strong>ac</strong></span> <span class='ocrx_word' id='word_1_863' title='bbox 1195 2328 1290 2359; x_wconf 79' lang='lat' dir='ltr'><strong>injuria</strong></span> <span class='ocrx_word' id='word_1_864' title='bbox 1308 2328 1352 2354; x_wconf 91' lang='lat' dir='ltr'><strong>sit.</strong></span> <span class='ocrx_word' id='word_1_865' title='bbox 1419 2361 1422 2362; x_wconf 23' lang='grc' dir='ltr'><strong>ν</strong></span> <span class='ocrx_word' id='word_1_866' title='bbox 1518 2329 1520 2332; x_wconf 83' lang='grc'><em>’</em></span> 
     </span>
    </p>
   </div>
   <div class='ocr_carea' id='block_1_123' title="bbox 1073 2360 1812 2397">
    <p class='ocr_par' dir='ltr' id='par_1_123' title="bbox 1073 2360 1812 2397">
     <span class='ocr_line' id='line_1_123' title="bbox 1073 2360 1812 2397; baseline 0 -9"><span class='ocrx_word' id='word_1_867' title='bbox 1073 2362 1129 2397; x_wconf 84' lang='lat'><strong>(59)</strong></span> <span class='ocrx_word' id='word_1_868' title='bbox 1141 2362 1287 2396; x_wconf 78' lang='grc' dir='ltr'><strong>Προϊὼν...</strong></span> <span class='ocrx_word' id='word_1_869' title='bbox 1300 2362 1387 2396; x_wconf 79' lang='grc' dir='ltr'><strong>θήνη.</strong></span> <span class='ocrx_word' id='word_1_870' title='bbox 1402 2361 1496 2389; x_wconf 81' lang='lat' dir='ltr'><strong>Montl&#39;.</strong></span> <span class='ocrx_word' id='word_1_871' title='bbox 1515 2360 1637 2397; x_wconf 83' lang='grc' dir='ltr'><strong>περιϊών,</strong></span> <span class='ocrx_word' id='word_1_872' title='bbox 1655 2360 1812 2397; x_wconf 69' lang='lat' dir='ltr'><strong>circumiens,</strong></span> 
     </span>
    </p>
   </div>
   <div class='ocr_carea' id='block_1_124' title="bbox 1041 2396 1813 2432">
    <p class='ocr_par' dir='ltr' id='par_1_124' title="bbox 1041 2396 1813 2432">
     <span class='ocr_line' id='line_1_124' title="bbox 1041 2396 1813 2432; baseline -0.003 -8"><span class='ocrx_word' id='word_1_873' title='bbox 1041 2399 1140 2424; x_wconf 80' lang='lat' dir='ltr'><strong>rectius</strong></span> <span class='ocrx_word' id='word_1_874' title='bbox 1154 2403 1182 2432; x_wconf 77' lang='lat' dir='ltr'><strong>ut</strong></span> <span class='ocrx_word' id='word_1_875' title='bbox 1196 2398 1312 2424; x_wconf 76' lang='lat' dir='ltr'><strong>videtur.</strong></span> <span class='ocrx_word' id='word_1_876' title='bbox 1329 2397 1389 2425; x_wconf 78' lang='lat' dir='ltr'><strong>Mox</strong></span> <span class='ocrx_word' id='word_1_877' title='bbox 1400 2398 1466 2426; x_wconf 87' lang='lat' dir='ltr'><strong>ibid.</strong></span> <span class='ocrx_word' id='word_1_878' title='bbox 1484 2396 1570 2432; x_wconf 73' lang='grc' dir='ltr'>θοίνή,</span> <span class='ocrx_word' id='word_1_879' title='bbox 1589 2397 1634 2423; x_wconf 90' lang='lat' dir='ltr'><strong>ubi</strong></span> <span class='ocrx_word' id='word_1_880' title='bbox 1660 2396 1813 2430; x_wconf 81' lang='lat' dir='ltr'><strong>conjiciebat</strong></span> 
     </span>
    </p>
   </div>
   <div class='ocr_carea' id='block_1_125' title="bbox 1037 2431 1251 2467">
    <p class='ocr_par' dir='ltr' id='par_1_125' title="bbox 1037 2431 1251 2467">
     <span class='ocr_line' id='line_1_125' title="bbox 1037 2431 1251 2467; baseline 0 -9"><span class='ocrx_word' id='word_1_881' title='bbox 1037 2432 1156 2459; x_wconf 76' lang='lat' dir='ltr'><strong>Combel.</strong></span> <span class='ocrx_word' id='word_1_882' title='bbox 1173 2431 1204 2467; x_wconf 81' lang='grc' dir='ltr'><strong>θή</strong></span> <span class='ocrx_word' id='word_1_883' title='bbox 1210 2440 1251 2466; x_wconf 88' lang='grc' dir='ltr'><strong>ρα.</strong></span> 
     </span>
    </p>
   </div>
   <div class='ocr_carea' id='block_1_126' title="bbox 1073 2465 1812 2501">
    <p class='ocr_par' dir='ltr' id='par_1_126' title="bbox 1073 2465 1812 2501">
     <span class='ocr_line' id='line_1_126' title="bbox 1073 2465 1812 2501; baseline -0.001 -9"><span class='ocrx_word' id='word_1_884' title='bbox 1073 2467 1128 2500; x_wconf 83' lang='grc'>(60)</span> <span class='ocrx_word' id='word_1_885' title='bbox 1141 2465 1369 2501; x_wconf 62' lang='grc' dir='ltr'><strong>Καϊο-ερραγίδος</strong></span> <span class='ocrx_word' id='word_1_886' title='bbox 1380 2466 1521 2500; x_wconf 79' lang='grc' dir='ltr'><strong>ἠξίωσεν.</strong></span> <span class='ocrx_word' id='word_1_887' title='bbox 1535 2466 1645 2493; x_wconf 83' lang='lat' dir='ltr'><strong>Videtur</strong></span> <span class='ocrx_word' id='word_1_888' title='bbox 1659 2465 1730 2501; x_wconf 89' lang='lat' dir='ltr'><strong>loqui</strong></span> <span class='ocrx_word' id='word_1_889' title='bbox 1744 2465 1812 2494; x_wconf 73' lang='grc' dir='ltr'><strong>(1εεί-</strong></span> 
     </span>
    </p>
   </div>
   <div class='ocr_carea' id='block_1_127' title="bbox 1038 2501 1812 2537">
    <p class='ocr_par' dir='ltr' id='par_1_127' title="bbox 1038 2501 1812 2537">
     <span class='ocr_line' id='line_1_127' title="bbox 1038 2501 1812 2537; baseline -0.001 -9"><span class='ocrx_word' id='word_1_890' title='bbox 1038 2502 1305 2537; x_wconf 79' lang='lat' dir='ltr'><strong>gnaculo,nonquod</strong></span> <span class='ocrx_word' id='word_1_891' title='bbox 1320 2503 1463 2529; x_wconf 85' lang='lat' dir='ltr'><strong>character</strong></span> <span class='ocrx_word' id='word_1_892' title='bbox 1484 2507 1535 2534; x_wconf 85' lang='lat' dir='ltr'><strong>est,</strong></span> <span class='ocrx_word' id='word_1_893' title='bbox 1557 2502 1614 2528; x_wconf 80' lang='lat' dir='ltr'><strong>sive</strong></span> <span class='ocrx_word' id='word_1_894' title='bbox 1632 2501 1657 2527; x_wconf 87' lang='lat' dir='ltr'><strong>in</strong></span> <span class='ocrx_word' id='word_1_895' title='bbox 1678 2501 1812 2537; x_wconf 79' lang='lat' dir='ltr'><strong>baptismo,</strong></span> 
     </span>
    </p>
   </div>
   <div class='ocr_carea' id='block_1_128' title="bbox 1038 2535 1812 2570">
    <p class='ocr_par' dir='ltr' id='par_1_128' title="bbox 1038 2535 1812 2570">
     <span class='ocr_line' id='line_1_128' title="bbox 1038 2535 1812 2570; baseline 0 -8"><span class='ocrx_word' id='word_1_896' title='bbox 1038 2535 1094 2563; x_wconf 82' lang='lat' dir='ltr'><strong>sive</strong></span> <span class='ocrx_word' id='word_1_897' title='bbox 1112 2537 1137 2562; x_wconf 88' lang='lat' dir='ltr'><strong>in</strong></span> <span class='ocrx_word' id='word_1_898' title='bbox 1162 2535 1286 2570; x_wconf 87' lang='lat' dir='ltr'><strong>adjuncta</strong></span> <span class='ocrx_word' id='word_1_899' title='bbox 1302 2536 1515 2567; x_wconf 78' lang='lat' dir='ltr'><strong>conﬁrmatione,</strong></span> <span class='ocrx_word' id='word_1_900' title='bbox 1532 2544 1591 2570; x_wconf 70' lang='lat' dir='ltr'><strong>qua:</strong></span> <span class='ocrx_word' id='word_1_901' title='bbox 1611 2535 1812 2570; x_wconf 76' lang='lat' dir='ltr'><strong>peculiariSsimc</strong></span> 
     </span>
    </p>
   </div>
   <div class='ocr_carea' id='block_1_129' title="bbox 1039 2570 1812 2606">
    <p class='ocr_par' dir='ltr' id='par_1_129' title="bbox 1039 2570 1812 2606">
     <span class='ocr_line' id='line_1_129' title="bbox 1039 2570 1812 2606; baseline -0.001 -10"><span class='ocrx_word' id='word_1_902' title='bbox 1039 2571 1136 2597; x_wconf 84' lang='lat' dir='ltr'><strong>dicitur</strong></span> <span class='ocrx_word' id='word_1_903' title='bbox 1149 2570 1276 2605; x_wconf 76' lang='grc' dir='ltr'><strong>σφραγίς,</strong></span> <span class='ocrx_word' id='word_1_904' title='bbox 1294 2572 1366 2597; x_wconf 83' lang='lat' dir='ltr'><strong>velut</strong></span> <span class='ocrx_word' id='word_1_905' title='bbox 1388 2572 1591 2606; x_wconf 78' lang='lat' dir='ltr'><strong>consignatione</strong></span> <span class='ocrx_word' id='word_1_906' title='bbox 1614 2578 1638 2596; x_wconf 89' lang='lat' dir='ltr'><strong>tu</strong></span> <span class='ocrx_word' id='word_1_907' title='bbox 1655 2570 1752 2597; x_wconf 74' lang='lat' dir='ltr'><strong>Christi</strong></span> <span class='ocrx_word' id='word_1_908' title='bbox 1766 2570 1812 2596; x_wconf 85' lang='lat' dir='ltr'><strong>tui-</strong></span> 
     </span>
    </p>
   </div>
   <div class='ocr_carea' id='block_1_130' title="bbox 1041 2605 1812 2640">
    <p class='ocr_par' dir='ltr' id='par_1_130' title="bbox 1041 2605 1812 2640">
     <span class='ocr_line' id='line_1_130' title="bbox 1041 2605 1812 2640; baseline -0.003 -8"><span class='ocrx_word' id='word_1_909' title='bbox 1041 2606 1101 2632; x_wconf 89' lang='lat' dir='ltr'><strong>lites</strong></span> <span class='ocrx_word' id='word_1_910' title='bbox 1133 2609 1280 2632; x_wconf 81' lang='lat' dir='ltr'><strong>subnotans</strong></span> <span class='ocrx_word' id='word_1_911' title='bbox 1308 2607 1528 2640; x_wconf 59' lang='lat' dir='ltr'><strong>insigtiicusquc;</strong></span> <span class='ocrx_word' id='word_1_912' title='bbox 1557 2606 1603 2632; x_wconf 86' lang='lat' dir='ltr'><strong>sed</strong></span> <span class='ocrx_word' id='word_1_913' title='bbox 1628 2605 1661 2632; x_wconf 88' lang='lat' dir='ltr'><strong>de</strong></span> <span class='ocrx_word' id='word_1_914' title='bbox 1674 2605 1812 2640; x_wconf 70' lang='lat' dir='ltr'><strong>signaculo,</strong></span> 
     </span>
    </p>
   </div>
   <div class='ocr_carea' id='block_1_131' title="bbox 1039 2639 1813 2675">
    <p class='ocr_par' dir='ltr' id='par_1_131' title="bbox 1039 2639 1813 2675">
     <span class='ocr_line' id='line_1_131' title="bbox 1039 2639 1813 2675; baseline 0.001 -10"><span class='ocrx_word' id='word_1_915' title='bbox 1039 2641 1109 2675; x_wconf 84' lang='lat' dir='ltr'><strong>quod</strong></span> <span class='ocrx_word' id='word_1_916' title='bbox 1121 2645 1163 2667; x_wconf 90' lang='lat' dir='ltr'><strong>est</strong></span> <span class='ocrx_word' id='word_1_917' title='bbox 1176 2641 1263 2674; x_wconf 76' lang='lat' dir='ltr'><strong>gratia</strong></span> <span class='ocrx_word' id='word_1_918' title='bbox 1272 2646 1299 2666; x_wconf 87' lang='lat' dir='ltr'><strong>et</strong></span> <span class='ocrx_word' id='word_1_919' title='bbox 1315 2641 1443 2672; x_wconf 86' lang='lat' dir='ltr'><strong>charitas,</strong></span> <span class='ocrx_word' id='word_1_920' title='bbox 1459 2639 1518 2675; x_wconf 67' lang='lat' dir='ltr'><strong>quac</strong></span> <span class='ocrx_word' id='word_1_921' title='bbox 1528 2641 1584 2667; x_wconf 85' lang='lat' dir='ltr'><strong>sola</strong></span> <span class='ocrx_word' id='word_1_922' title='bbox 1600 2639 1813 2675; x_wconf 73' lang='lat' dir='ltr'><strong>tlistinguitinter</strong></span> 
     </span>
    </p>
   </div>
   <div class='ocr_carea' id='block_1_132' title="bbox 1041 2674 1813 2709">
    <p class='ocr_par' dir='ltr' id='par_1_132' title="bbox 1041 2674 1813 2709">
     <span class='ocr_line' id='line_1_132' title="bbox 1041 2674 1813 2709; baseline -0.001 -8"><span class='ocrx_word' id='word_1_923' title='bbox 1041 2675 1109 2702; x_wconf 88' lang='lat' dir='ltr'><strong>lilios</strong></span> <span class='ocrx_word' id='word_1_924' title='bbox 1122 2677 1197 2708; x_wconf 77' lang='lat' dir='ltr'><strong>regni</strong></span> <span class='ocrx_word' id='word_1_925' title='bbox 1216 2676 1389 2709; x_wconf 69' lang='lat' dir='ltr'><strong>etgehennm,</strong></span> <span class='ocrx_word' id='word_1_926' title='bbox 1407 2674 1523 2709; x_wconf 18' lang='lat' dir='ltr'><strong>facilique</strong></span> <span class='ocrx_word' id='word_1_927' title='bbox 1540 2680 1612 2702; x_wconf 83' lang='lat' dir='ltr'><strong>utne</strong></span> <span class='ocrx_word' id='word_1_928' title='bbox 1628 2676 1717 2702; x_wconf 84' lang='lat' dir='ltr'><strong>anima</strong></span> <span class='ocrx_word' id='word_1_929' title='bbox 1732 2674 1813 2701; x_wconf 73' lang='grc' dir='ltr'><strong>εὐεπι-</strong></span> 
     </span>
    </p>
   </div>
   <div class='ocr_carea' id='block_1_133' title="bbox 1041 2709 1810 2746">
    <p class='ocr_par' dir='ltr' id='par_1_133' title="bbox 1041 2709 1810 2746">
     <span class='ocr_line' id='line_1_133' title="bbox 1041 2709 1810 2746; baseline -0.001 -11"><span class='ocrx_word' id='word_1_930' title='bbox 1041 2709 1188 2741; x_wconf 79' lang='grc' dir='ltr'>δούλευτος</span> <span class='ocrx_word' id='word_1_931' title='bbox 1200 2710 1235 2737; x_wconf 90' lang='lat' dir='ltr'><strong>sit</strong></span> <span class='ocrx_word' id='word_1_932' title='bbox 1252 2711 1376 2737; x_wconf 85' lang='lat' dir='ltr'><strong>diabolo:</strong></span> <span class='ocrx_word' id='word_1_933' title='bbox 1409 2710 1462 2738; x_wconf 87' lang='lat' dir='ltr'><strong>Deo</strong></span> <span class='ocrx_word' id='word_1_934' title='bbox 1486 2710 1650 2746; x_wconf 78' lang='lat' dir='ltr'><strong>peculiarius</strong></span> <span class='ocrx_word' id='word_1_935' title='bbox 1666 2712 1810 2744; x_wconf 74' lang='lat' dir='ltr'><strong>protegente</strong></span> 
     </span>
    </p>
   </div>
  </div>
