1904 3054
135 35 178 64 (το

638 38 768 67 ORATIO
788 39 821 67 ΙΝ
842 40 1023 69 MULIERF.“
1044 41 1295 71 PECCATRICEM.
1739 51 1774 79 ἰο

136 94 226 129 pio-at
239 92 333 127 θέλων,
341 93 481 131 χειρόηθες
497 95 566 128 ζῶον
586 97 627 133 ἐᾷ,
639 98 682 124 ἵνα
702 99 843 132 ἁπολύτως
856 100 927 135 νεμό¹

987 100 1032 128 Dei
1049 101 1177 136 Verbum,
1195 110 1275 137 quam
1290 102 1323 131 de
1347 102 1453 139 Virgine
1468 111 1576 134 carnem
1598 107 1710 142 accepit.
1725 116 1773 136 ceu

139 148 233 175 μενον.
253 140 284 169 τὸ
295 140 475 176 ἀποπηδῆσαν
492 141 594 180 ἐλκύσῃ
617 143 745 179 θήραμα⁴
772 145 842 172 οὕτω
858 146 905 172 καὶ
919 147 933 172 ὁ

135 192 188 210 του
202 184 270 211 Θεοῦ
285 185 372 218 Λόγος
386 187 436 219 τὴν
443 187 542 220 σάρκα,
555 189 587 220 ἢν
602 189 634 215 ὲκ
648 189 696 224 τῆς
713 190 850 226 Παρθένου
867 190 930 217 ἀνέ-

137 230 232 262 )α6εν,
254 230 292 263 ὡς
309 231 445 266 πρόὸατον
463 233 492 258 ὲν
508 234 589 268 νομῇ,
605 234 633 260 ὲν
651 234 775 270 τραπέζῃ
795 235 931 270 Ζακχαίου

986 154 1062 174 ovem
1088 148 1113 175 in
1146 156 1256 182 pascua,
1285 149 1310 176 in
1337 157 1429 177 mensa
1453 150 1576 180 Zacchrci
1603 153 1714 186 dimisit,
1743 159 1774 181 ut

985 194 1119 225 communi
1139 192 1197 228 lege
1218 194 1333 222 comivii
1355 195 1381 222 in
1401 203 1475 223 suam
1501 197 1610 225 trahens
1633 197 1770 226 familiari-

987 241 1066 264 tatem
1083 237 1236 264 clanculum
1248 245 1297 265 suo
1309 239 1371 265 ovili
1389 239 1558 275 adjnngeret.

136 277 258 324 αφῆκενσ
275 277 319 309 ἵνα
338 278 378 316 τῷ
394 279 476 315 κοινῷ
490 280 540 315 τῆς
562 281 711 313 ἑστιάσεως
727 282 802 317 νόμῳ
816 281 933 314 ἑλκύσας
952 282 1035 316 αὑτοῦ
1048 284 1114 322 πρὸς
1133 283 1287 319 συνουσίαν,
1313 284 1499 318 λανθανόντως
1525 288 1558 323 τῇ
1574 287 1661 324 οἰκείᾳ
1679 287 1774 321 συζεύ-

139 322 173 364 ξῃ
190 324 302 361 ποίμνῃ,

174 381 214 409 B’.
235 382 310 409 Δλλὰ
327 381 407 409 τοῦτο
427 383 466 419 μὴ
479 384 615 416 συνιέντες
625 385 650 412 οι
664 386 806 421 Φαρισαῖοι
821 386 936 422 ἐγόγγυ-

138 427 197 461 ζον,
203 428 324 463 ὁρῶντες
335 428 417 459 αὑτὸν
425 429 493 464 μετὰ
500 430 623 457 τελωνῶν
631 430 763 458 ἐσθίοντα·
771 432 828 458 ἀλλ’
833 433 932 460 ἐκεῖνοι

141 473 191 509 μιν
206 473 246 505 ὡς
264 474 348 506 ἀσκὸς
368 474 482 507 παλαιὸς
508 475 779 511 διᾳρρηγνύσθωσαν.
808 478 846 504 Οὺ
876 479 931 514 γὰρ

137 519 265 546 δύνανται
284 520 330 551 τὸν
342 520 401 547 νέον
412 537 414 539 -
427 521 477 555 τῆς
491 521 665 554 διδασκαλίας
680 522 808 555 δέξασθαι
841 524 930 558 λόγον.

145 565 241 601 Ἡμεῖς
255 565 283 593 δὲ
300 567 415 593 κατόπιν
425 566 472 593 τοῦ
488 566 681 603 φιλανθρώπου
696 568 853 604 βαδίσωμεν
869 579 930 597 ποι-

140 611 230 646 μένος·
244 613 261 643 ῥ
274 611 329 647 γὰρ
346 613 481 647 Ζακχαῖον
503 612 549 639 τὸν
569 613 689 649 τελώνην
716 616 749 650 τῇ
767 614 862 650 λογικῇ
879 615 932 642 τῶν

138 657 296 690 ἀποστόλων
318 657 442 692 συνάψας
463 657 577 694 ποίμνῃ,
598 658 681 691 αὐτὸς
700 659 748 685 καὶ
764 659 813 695 τὴν
828 660 931 695 πόρνην

122 703 188 737 ·τὴν
205 703 378 739 ἁμαρτωλὸν,
398 703 448 738 τὴν
463 703 569 739 μυρίων
584 704 678 731 κακῶν
686 704 808 740 ἐργάτιν,
823 706 856 732 ὲκ
882 705 930 732 τοῦ

1019 386 1049 414 ll.
1084 386 1230 420 Caeterum,
1256 387 1300 422 qui
1324 387 1351 415 id
1368 388 1503 417 nescirent
1525 390 1670 425 Pharismi,
1699 401 1773 421 mur-

984 433 1126 460 murabant
1141 433 1265 460 videntes
1277 435 1484 462 manducantem
1498 443 1561 464 cum
1574 437 1726 472 publicanis
1736 439 1770 466 ".

984 479 1127 506 Enimvero
1155 479 1378 517 rumpantur‘illi
1406 487 1454 507 ceu
1489 487 1564 510 mres
1590 488 1694 512 veteres
1722 485 1768 513 ”:

984 523 1053 550 haud
1067 524 1138 550 e'nim
1159 531 1256 550 novum
1271 523 1402 552 doctrinae
1418 531 1570 554 sermonem
1593 535 1691 562 capere
1710 538 1772 564 pos-

986 574 1059 596 sunt.
1085 568 1141 596 Nos
1164 577 1256 604 porro,
1284 577 1431 604 sequamur
1455 571 1597 605 benignum
1627 580 1771 609 pastorem.

986 614 1120 650 Nam'qui
1142 616 1312 649 publicanum
1336 616 1508 650 Zacchmum.
1528 620 1651 648 rationali
1671 623 1774 657 aptavit

986 661 1168 694 apostolorum
1197 661 1280 696 ovili;
1312 662 1369 697 ipse
1404 665 1578 692 nihilominus
1602 668 1772 695 meri-tricem

985 706 1057 733 illam
1085 706 1280 741 peccatricem,
1306 713 1366 742 post
1395 709 1534 737 innumera
1559 716 1664 745 patrata
1692 711 1771 744 mala,

138 749 280 783 φάρυγγος
293 748 341 775 τοῦ
368 748 492 775 διαϐόλου
509 748 547 781 ὡς
559 749 667 785 ἀμνάδα
682 750 809 784 ἑλκύσας,
831 752 864 787 τῇ
888 752 927 778 ἀν-

985 759 999 779 a
1015 752 1112 779 diaboli
1134 752 1257 780 faucibus
1273 761 1321 780 cett
1344 761 1441 788 agnam
1464 755 1639 788 abstractam,
1664 756 1774 784 inviola-

137 794 301 830 επηρεάστῳ
322 793 446 820 ἀπέδωκε
463 794 579 830 μάνδρᾳ.
598 795 656 822 Ἵνα
672 795 701 822 δὲ
720 797 807 830 γνῶτε
825 796 929 825 καὶτοῦ

137 840 257 875 Χριστοῦ
278 840 327 876 τὴν
340 840 558 875 φιλανθρωπίαν,
574 842 622 868 καὶ
642 842 698 869 τῶν
708 843 864 879 Φαρισαίων
880 844 931 880 τὴν

135 886 261 921 ἀλογίαν,
284 887 334 913 καὶ
360 887 412 922 τῆς
438 887 600 922 ἁμαρτωλοῦ
623 890 672 924 τὴν
688 889 844 917 παλινοδίαν
862 889 929 925 (61),

136 932 223 964 αὐτὰς
239 933 304 967 ὑμῖν
320 932 370 964 τὰς
392 934 575 968 εὐαγγελικὰς
601 935 795 971 παραθήσομαι
825 937 928 972 ῥήσεις·

136 978 186 1005 ἐὰν
200 978 255 1014 γὰρ
269 979 316 1004 τοῦ
340 978 425 1012 ὓφους
444 979 491 1006 τοῦ
507 979 722 1016 ἁναγνώσμστος
747 981 928 1017 ὲπακούσητε,

137 1024 240 1059 ῥᾳδίως
260 1024 308 1050 καὶ
323 1024 371 1059 τῆς
386 1025 534 1060 ἑρμηνείας
553 1025 602 1061 τὴν
623 1025 729 1066 ξννοιαν
746 1026 928 1061 ἀναμάξεσθε.

143 1069 305 1104 Ἡρώτησε,
315 1071 391 1106 φησι,
409 1071 455 1103 τὶς
469 1071 528 1098 τῶν
542 1073 711 1105 Φαρισαίων
727 1073 781 1099 τὸν
797 1072 929 1106 Ἰησοῦν,

137 1117 188 1143 ἵνα
204 1116 285 1151 φάγῃ
295 1118 359 1150 μετ’
372 1117 474 1144 αὑτοῦ·
490 1118 538 1145 καὶ
566 1117 710 1144 εἰσελθὼν
722 1119 766 1151 εἰς
780 1118 833 1145 τὸν
847 1117 930 1145 οἶκον

137 1160 193 1187 τοῦ
209 1161 383 1194 Φαρισαίου,
413 1162 567 1196 ἀνεκλίθη.
590 1163 623 1188 Ὢ
645 1163 755 1198 χάριτος
771 1163 927 1199 ἀφράστουι

137 1205 160 1232 ὣ
170 1206 375 1243 φιλανθρωπίας
390 1208 525 1243 άῤῥήτουέ
547 1208 594 1234 καὶ
610 1208 768 1243 Φαρισαίοις
790 1209 930 1236 συνεστιᾶ-

136 1261 192 1285 ται,
207 1253 256 1279 καὶ
270 1253 390 1285 τελώνας
409 1254 460 1280 οὐκ
476 1254 643 1281 ἀποσείεται·
660 1254 707 1281 καὶ
724 1255 826 1290 πόρνας
842 1262 928 1291 προσ-

136 1298 255 1333 δέχεται,
281 1299 328 1325 καὶ
344 1300 521 1335 Σαμαρείτιδι
534 1300 698 1335 διαλέγεταν
713 1300 760 1327 καὶ
773 1300 929 1327 Χαναναίαν

136 1344 218 1378 λόγου
234 1344 314 1377 ἀξιοῖ·
332 1344 381 1371 καὶ
391 1346 424 1380 τῇ
438 1336 624 1382 αἱμορροούσῃ
634 1346 665 1372 τὺ
679 1346 832 1381 κράσπεδον
843 1355 930 1382 παρα-

139 1391 234 1426 χωρεῖ,
249 1390 296 1417 καὶ
306 1390 356 1417 οὐκ
371 1391 576 1426 ἐπαισχύνεται.
594 1391 698 1427 Ἰατρὸς
713 1392 766 1428 γάρ
777 1392 846 1424 ἐστι,
858 1392 927 1418 πάνυ

135 1444 190 1462 των
205 1435 260 1461 τῶν
275 1435 368 1462 παθῶν
393 1436 592 1470 ἐφαπτόμενος,
611 1437 654 1463 ῖνα
670 1436 773 1467 πάντας
787 1436 926 1473 ὠφελήσῃ,

136 1479 273 1515 πονηροὺς
289 1480 336 1506 καὶ
355 1480 486 1514 ἀγαθοὺς.
500 1481 665 1517 ἀχαρίστους
680 1481 728 1508 καὶ
742 1481 926 1516 εὐγνώμονας·

136 1525 198 1552 ὅθεν
217 1526 264 1553 καὶ¹
277 1526 325 1553 νῦν
341 1526 394 1553 ὑπὸ
411 1526 458 1553 τοῦ
471 1527 620 1563 Φαρισαίου
635 1527 757 1562 κληθεὶς,
775 1527 927 1563 εἰσέρχεται

136 1572 176 1603 είς
187 1572 276 1600 οἰκίαν
289 1572 360 1599 ὥστε
375 1573 478 1609 μεστὴν
492 1572 596 1600 κακῶν.
607 1573 694 1600 Ὅπου
703 1574 758 1609 γὰρ
771 1574 927 1609 Φαρισαῖος,

136 1617 196 1643 ἐκεῖ
227 1618 360 1653 πονηρίας
382 1619 552 1654 οἰκητήριον·
578 1618 716 1654 ἁμαρτίας
744 1617 926 1653 καταγώγιον·

136 1662 288 1698 ὑπεροψίας
296 1663 423 1699 ὑποδοχή.
444 1663 525 1691 Ἀλλὰ
534 1664 581 1691 καὶ
595 1664 680 1696 οὓτως
691 1664 774 1691 αὐτοῦ
788 1664 929 1699 διακειμέ-

136 1717 186 1744 νης
201 1709 250 1744 τῆς
263 1709 360 1741 οἰκίας,
375 1710 425 1736 οὐκ
440 1710 552 1742 ἀπαξιοῖ
568 1710 769 1746 παραγενέσθαι
786 1711 800 1737 ὁ
813 1710 926 1745 Κύριος.

136 1754 323 1787 Καὶείκότως·
338 1754 433 1790 ὥσπερ
455 1756 510 1790 γὰρ
531 1757 545 1783 ό
560 1754 635 1792 ἥλιος
650 1757 680 1783 οὐ
693 1755 926 1788 καταῦλάπτεται,

137 1800 261 1836 βορσόρῳ
270 1800 320 1833 τὰς
345 1801 448 1833 οίκείας
464 1802 576 1833 ἀκτῖνας
594 1801 758 1828 ἐπιϐάλλων·
784 1801 852 1828 ἀλλὰ
869 1802 928 1828 τοὺ-

137 1847 254 1878 ναντίον,
266 1848 313 1873 καὶ
321 1847 370 1883 τὴν
382 1847 493 1874 ἐνοῦσαν
508 1847 603 1883 ἀηδίαν
615 1849 825 1883 περιμάσσεται,
845 1847 927 1883 μηδὲν

137 1893 219 1925 αὐτὸς
248 1893 437 1931 ὑϐριζόμενος·
459 1893 531 1920 οὕτω
555 1893 603 1920 καὶ
626 1895 640 1920 ό
655 1894 784 1929 Χριστὸς,
798 1894 836 1925 ὡς
851 1893 927 1928 ἥλιος

136 1938 322 1974 δικαιοσύνης.
342 1939 432 1966 πάντα
448 1939 533 1974 ἐναγῆ
558 1939 606 1966 καὶ
619 1939 731 1975 βέὸηλον
748 1939 828 1966 τόπον
842 1947 927 1966 κατα-

136 1983 282 2019 λαμϐάνει,
292 1984 339 2010 καὶ
351 1984 399 2020 τὴν
407 1984 512 2019 δυσώδη
522 1984 670 2020 ἁμαρτίαν,
684 1985 744 2016 ταῖς
758 1984 864 2011 ἀκτῖσιν
877 1985 927 2011 αὺ-

135 2029 184 2056 τοῦ
195 2030 244 2064 τῆς
256 2029 424 2065 ἁγαθότητος
436 2030 587 2057 ἀναλίσκει.
599 2030 655 2065 οὐχ
666 2030 755 2066 ὓϐριν,
763 2030 794 2056 οὐ
804 2030 926 2065 μείωσιν,

982 797 1027 830 bili
1044 797 1127 824 caulae
1143 797 1268 825 reddidit.
1289 797 1324 824 Ut
1345 804 1435 825 autem
1456 804 1483 826 et
1499 800 1599 827 Christi
1620 801 1770 828 humanita-

982 844 1034 871 tem
1057 843 1197 875 noveritis,
1221 848 1248 871 et
1273 851 1287 870 ιι
1306 845 1411 872 ratione
1431 846 1547 872 alienam
1572 846 1770 874 Pharisaeorum

981 895 1110 920 mentem,
1134 896 1313 924 aversumque
1336 891 1495 924 peccatricis
1514 892 1575 923 iter,
1598 892 1671 926 ipsas
1696 893 1772 920 vobis

981 934 1149 969 evangelicas
1162 942 1242 962 voces
1260 943 1417 969 proponam.
1438 935 1498 962 Max
1511 936 1583 963 enim
1600 941 1628 964 ut
1646 937 1771 964 lectionis

981 984 1136 1008 contextum
1159 979 1356 1012 obaudieritis,
1379 979 1458 1007 facile
1483 981 1565 1007 etiam
1592 981 1771 1016 expositionis

981 1032 1090 1053 sensum
1109 1025 1291 1059 exprimclis:
1318 1025 1440 1060 Rogavit,
1473 1026 1570 1060 inquit.
1595 1026 1685 1052 Iesum
1713 1027 1772 1061 qui-

981 1071 1042 1096 dam
1065 1069 1097 1096 de
1114 1068 1271 1101 Pltariswis,
1293 1075 1321 1096 ut
1340 1070 1511 1097 manducaret
1534 1078 1592 1096 cum
1606 1070 1661 1097 illo.
1681 1070 1713 1096 It‘t
1729 1071 1770 1098 in-

980 1124 1084 1151 gressus
1105 1117 1211 1143 domum
1234 1114 1376 1149 Pltarim'i,
1397 1116 1539 1144 discubuit.
1565 1116 1586 1143 0
1606 1116 1768 1144 incll'abilem

981 1162 1115 1196 gratiam!
1134 1161 1155 1189 Ο
1168 1162 1382 1196 inexplicabilem
1395 1163 1607 1190 humanitatem!
1625 1163 1656 1190 Et
1670 1163 1765 1190 convi-

981 1211 1061 1233 vatttr
1079 1214 1139 1234 cum
1159 1206 1312 1239 Pharisaais,
1339 1215 1388 1234 nec
1412 1207 1570 1240 publicanos
1597 1208 1711 1243 repellit.
1736 1207 1770 1235 Et

980 1253 1092 1288 suscipit
1109 1253 1267 1280 meretrices
1280 1261 1287 1286 ;
1304 1253 1466 1287 disseritque
1480 1262 1540 1281 cum
1554 1253 1725 1281 Samaritana
1740 1254 1768 1287 ¹;

980 1303 1007 1326 et
1021 1298 1200 1326 Chananteam
1219 1299 1382 1326 allocutione
1405 1299 1531 1334 dignatur
1545 1300 1572 1332 ’ς
1595 1305 1677 1335 atque
1705 1301 1767 1327 ﬁm—

980 1345 1065 1371 briam
1081 1344 1297 1372 haemorrhoisstc
1314 1345 1385 1371 cedit
1409 1344 1436 1377 ³,
1453 1352 1502 1372 nec
1529 1345 1675 1373 erubescit.
1700 1345 1767 1374 Nam

981 1390 1103 1417 medicus
1125 1394 1176 1422 est,
1195 1397 1289 1417 omnes
1310 1395 1483 1417 contrectans
1511 1392 1630 1423 morbos,
1651 1397 1678 1419 ut
1692 1392 1767 1428 juvel

981 1443 1092 1466 omnes;
1111 1435 1197 1462 malos
1222 1436 1371 1470 bonosque,
1393 1436 1565 1471 ingratosque
1584 1442 1611 1464 et
1624 1438 1720 1472 ‘gralos
1737 1445 1769 1465 ac

980 1479 1134 1507 benevolos.
1155 1480 1229 1508 Unde
1250 1485 1276 1507 et
1295 1481 1374 1507 modo
1392 1488 1406 1507 a
1432 1480 1569 1509 Pharisaao
1588 1487 1698 1510 voi-atus
1719 1483 1768 1509 do-

979 1532 1052 1551 mum
1069 1524 1226 1559 ingredilttr,
1243 1524 1316 1552 velut
1334 1525 1465 1553 malorum
1481 1526 1599 1560 plenam.
1619 1526 1668 1555 Ubi
1687 1527 1767 1562 quip-

979 1577 1012 1605 pe
1038 1569 1216 1602 Pbarismus;
1247 1570 1302 1597 illic
1337 1571 1447 1598 malitite
1479 1571 1654 1605 domicilium,
1676 1573 1766 1600 direr-

978 1617 1080 1644 sorium
1094 1617 1208 1652 peccati,
1223 1617 1384 1652 arrogantia:
1401 1617 1539 1653 iustusque
1554 1618 1765 1653 receptaculum.

979 1661 1088 1695 Verum,
1110 1670 1198 1697 neque
1210 1663 1249 1690 sic
1265 1661 1361 1690 ail'ecta
1379 1663 1469 1695 domo,
1491 1663 1650 1698 dedignatur
1673 1664 1765 1692 Domi-

978 1716 1029 1736 nus
1044 1708 1195 1736 accedere:
1212 1708 1292 1744 idque
1318 1708 1425 1736 merito.
1443 1708 1677 1742 Quemadmodum
1694 1711 1765 1737 enim

979 1755 1044 1782 nihil
1061 1755 1100 1782 sol
1119 1755 1220 1787 damni,
1244 1755 1333 1782 missis
1351 1756 1376 1782 in
1402 1763 1508 1783 cmnum
1535 1757 1617 1783 radiis
1639 1757 1766 1792 propriis,

978 1800 1077 1834 accipit
1095 1809 1102 1827 :
1118 1800 1182 1835 quin
1200 1801 1298 1835 potius,
1318 1801 1388 1828 nulla
1413 1802 1453 1828 sui
1476 1802 1572 1836 injuria
1596 1807 1623 1829 et
1646 1803 1765 1834 laesione,

978 1846 1060 1874 etiam
1080 1846 1116 1873 illi
1142 1846 1249 1873 insitam
1276 1847 1469 1880 turpitudinem
1498 1847 1649 1881 abstergit:
1679 1848 1715 1875 ita
1739 1855 1767 1875 et

979 1893 1101 1920 Christus
1127 1893 1201 1919 velut
1220 1892 1333 1929 justitia:
1361 1892 1411 1925 sol,
1439 1893 1633 1919 exsecrabilem
1659 1901 1766 1920 onmem

979 1939 1177 1973 profannmque
1202 1937 1292 1965 locum
1312 1942 1438 1971 occupat,
1458 1946 1489 1964 ac
1510 1945 1591 1972 grave
1610 1938 1684 1964 olens
1702 1945 1763 1972 pec-

979 1990 1081 2016 catum,
1108 1983 1236 2010 bonitatis
1261 1990 1317 2009 sua:
1347 1982 1431 2009 radiis
1457 1982 1596 2014 absumit,
1621 1983 1686 2009 nihil
1712 1983 1768 2017 ipse

980 2029 1130 2062 dedecoris,
1157 2029 1223 2055 nihil
1252 2028 1418 2061 minutionis,
1449 2028 1514 2055 nihil
1541 2029 1659 2055 sordium
1685 2029 1769 2056 susti—

135 2075 166 2101 οὐ
189 2074 327 2110 μολυσμὸν
349 2075 492 2110 ὑπομένων
511 2075 583 2102 κατὰ
601 2074 646 2101 τὸν
657 2075 706 2111 τῆς
735 2074 861 2110 θεότητος
881 2074 925 2101 λό-

982 2083 1047 2103 nens
1061 2075 1286 2109 contrahensque.
1303 2074 1405 2101 ratione
1418 2073 1534 2101 deitatis.

136 2129 184 2155 γον
198 2120 264 2156 (62).

173 2166 199 2192 Γ¹
207 2165 299 2192 ,Ὅθεν
316 2166 459 2192 ἐπένευσεν
474 2166 575 2198 εὐθέως
585 2166 623 2201 τῷ
632 2166 771 2203 1Ιμαρισαίιρ
783 2165 927 2193 καλοῦντι·

137 2212 259 2248 ἠρεμῶν,
270 2212 389 2242 σιωπῶν,
403 2212 593 2247 ἀνεξέλεγκτον
605 2213 687 2239 αὑτοῦ
704 2213 750 2239 τὸν
766 2213 823 2248 βίον
838 2213 929 2247 ἀφείς.

138 2258 249 2293 Πρῶτον
265 2258 325 2293 μὲν,
344 2258 389 2285 ἵνα
404 2257 505 2293 ἁγιάσῃ
530 2258 593 2289 τοὺς
611 2257 768 2294 κληθέντας,
789 2257 834 2284 τὸν
849 2257 929 2284 καλέ-

138 2311 230 2336 σαντα,
244 2303 293 2339 τῆς
307 2303 397 2334 οίκίας
421 2303 455 2330 τὰ
470 2304 642 2339 συστήματα,
658 2304 708 2339 ¹τῆς
725 2303 863 2336 πολιτείας
896 2304 931 2330 τὰ

1016 2163 1155 2193 ΙΙΙ.’11ἰιιο
1180 2165 1270 2192 statim
1296 2165 1434 2192 Pharisazo
1460 2165 1565 2191 vocanti
1593 2165 1698 2196 annuit,
1723 2172 1767 2192 ae-

980 2212 1133 2247 quioscens,
1146 2216 1248 2244 tacens,
1260 2210 1319 2245 ejus
1333 2211 1436 2239 vivendi
1452 2211 1582 2238 rationem
1600 2210 1769 2245 irrepreben-

981 2266 1039 2286 sam
1056 2258 1207 2285 dimittens.
1223 2257 1344 2284 Primum
1361 2256 1482 2292 quidem,
1496 2261 1524 2283 ιιι
1539 2261 1648 2285 vocatos
1664 2256 1766 2287 sancti-

983 2303 1094 2337 ﬁcaret;
1113 2307 1142 2330 ut
1156 2308 1308 2335 vocantem,
1326 2303 1434 2330 inutilia:
1448 2308 1546 2333 coitus,
1564 2302 1656 2330 usibus
1671 2302 1768 2330 buma-

170 2369 192 2385 "
210 2369 275 2397 Luc.
289 2376 344 2401 xIx,
356 2369 383 2398 7.
420 2370 443 2387 ⁸³
464 2368 560 2396 Matth.
579 2377 616 2402 Ix,
633 2369 680 2402 l7;
699 2369 782 2396 Marc.
798 2377 828 2402 ll,
846 2369 897 2403 ‘22;
921 2369 985 2397 Luc.
1002 2377 1028 2403 v,
1042 2369 1086 2396 57.
1125 2370 1132 2385 '
1150 2368 1227 2396 Joan.
1249 2377 1285 2401 tv,
1298 2369 1325 2396 7.
1364 2369 1374 2386 ³
1389 2367 1484 2397 Matth.
1500 2375 1543 2401 xv,
1557 2367 1602 2395 24.
1641 2367 1652 2387 ³
1671 2367 1765 2396 Matth.

140 2413 178 2437 ιχ,
193 2404 238 2431 20.

137 2478 217 2508 quem
230 2478 259 2500 ιιι
275 2473 358 2500 illium
373 2480 404 2501 ea
416 2473 540 2508 agnoscit
556 2492 561 2497 .
579 2473 612 2500 de
628 2479 681 2507 quo
700 2477 726 2499 et
741 2472 841 2499 Paulus
853 2480 922 2506 pra:-

137 2509 215 2542 cipne
226 2508 375 2543 signaculo.
391 2508 412 2535 ll
427 2508 488 2536 Cor.
505 2516 524 2540 I,
538 2508 589 2535 22:
606 2508 658 2540 Qui
668 2512 692 2534 et
702 2508 812 2543 signavit
826 2516 882 2539 nos,
900 2511 925 2534 et

137 2541 207 2570 dedit
222 2541 315 2577 pignus
327 2543 441 2577 Spiritus
456 2544 483 2570 in
501 2544 625 2570 cordibus
638 2544 745 2576 nostris,
766 2541 927 2570 velutnimi-

138 2586 198 2605 rum
215 2578 302 2605 altero
317 2578 432 2605 alterum
447 2578 611 2612 explicante.

170 2613 226 2648 (61)
262 2613 406 2641 Παλίνοδ.
434 2613 528 2641 Montl'.
556 2620 616 2639 cum
647 2612 769 2640 Combel'.
805 2612 927 2648 παλινῳο

136 2648 205 2675 δίαν.

173 2682 229 2718 (62)
259 2682 340 2710 Κατὰ
353 2682 407 2709 τὸν
424 2682 478 2717 τῆς
504 2683 644 2716 θεότητος
662 2682 765 2717 λόγον.
793 2681 927 2708 Videntur

138 2717 230 2745 ϐῆξαι
256 2725 363 2750 sonare,
380 2723 408 2744 ιιι
424 2717 495 2751 quod
514 2723 618 2752 spectat
635 2718 668 2744 ad
684 2719 769 2752 ipsam
785 2718 924 2747 deitatem,

139 2759 165 2779 et
180 2760 233 2787 qua
244 2752 312 2780 Deus
325 2758 376 2785 est,
391 2752 456 2779 nihil
476 2760 508 2779 ex
528 2753 657 2779 malorum
667 2752 855 2779 communione
870 2752 925 2786 ipse

978 2462 1040 2490 mali
1059 2469 1201 2497 perpessus
1216 2462 1261 2494 sit,
1288 2463 1422 2496 quomodo
1435 2468 1536 2497 verum?
1549 2461 1628 2487 habet
1647 2460 1679 2486 de
1692 2459 1766 2497 omni

979 2495 1088 2524 οιιιιιίιίο
1107 2495 1186 2532 inalo,
1199 2497 1269 2532 quod
1281 2498 1362 2524 etiatu
1379 2501 1478 2524 vocant
1492 2496 1612 2532 defectus
1625 2495 1765 2532 naturalis.

981 2533 1008 2560 Si
1038 2540 1101 2559 vero
1116 2530 1248 2558 etiam—ad
1270 2533 1463 2558 humanitatem
1483 2531 1645 2558 extendatur
1665 2530 1764 2562 oratio,

980 2568 1168 2601 restringenda
1183 2567 1277 2594 eritad
1295 2567 1393 2593 malum
1408 2567 1502 2601 culpm,
1517 2573 1571 2600 quo
1588 2572 1710 2598 prorsus,
1737 2569 1766 2591 ut

981 2603 1062 2629 etiam
1072 2600 1161 2632 homo,
1168 2610 1322 2637 quanquam
1331 2609 1442 2637 versans
1449 2600 1508 2628 cum
1516 2600 1713 2637 peccatoribus,
1720 2608 1766 2637 κα-

980 2638 1013 2675 τᾲ
1023 2637 1067 2675 τὸν
1078 2638 1130 2675 ’τῆς
1147 2635 1272 2675 θεότητος
1286 2636 1374 2671 λόγον,
1387 2636 1462 2669 juxta
1478 2636 1547 2669 quod
1563 2636 1629 2670 petit
1644 2635 1766 2675 rationi-

981 2670 1114 2704 vinitatis,
1128 2677 1154 2699 et
1179 2678 1207 2699 ut
1220 2670 1263 2698 "illi
1282 2670 1491 2698 consentaneum
1510 2675 1549 2697 est
1562 2693 1568 2703 ,
1592 2670 1691 2696 mansit
1716 2670 1765 2696 int-

980 2708 1069 2734 munis
1091 2714 1097 2733 :
1115 2708 1185 2742 quod
1201 2707 1347 2734 secundum
1369 2706 1474 2733 videtur
1486 2705 1571 2740 magis
1586 2711 1764 2740 consequens.
