1904 3054
155 94 192 123 τε

635 97 664 127 S.
685 97 906 127 AMPIIILOCIHI
925 97 1118 126 [CONIENSIS
1138 97 1291 126 El'lSCOPl
1746 97 1780 125 76

153 159 263 188 veniam
278 152 413 187 medicum
423 159 434 186 ’ἒ
446 159 476 188 Si
490 165 535 186 res
564 165 639 186 meas
661 158 816 187 hominibus
833 159 935 193 dixero,

988 158 1042 186 τῶν
1067 158 1189 194 ἀπείρων
1214 158 1317 185 τούτων
1342 157 1455 189 παοῶν;
1485 157 1547 184 Ἐὰν
1566 156 1722 193 ἀνθρώποις
1745 158 1781 187 τὰ

153 206 260 234 inutilis
270 206 336 233 mibi
352 205 432 232 fuerit
447 203 631 240 hujuscemodi
644 204 800 239 publicatio.
810 205 864 233 Sed
873 213 936 232 num

148 253 225 279 mla
239 251 433 280 occultavere?
453 249 489 278 At
517 257 622 284 nequeo
651 249 745 277 latere.
761 249 846 284 Quem
864 251 936 278 enim

148 297 268 330 'latuero,
288 297 369 324 Deum
384 296 468 323 latere
481 303 533 323 non
548 294 658 321 valens?
673 293 732 327 Quo
746 301 811 330 ergo
824 294 936 328 fugiam,

148 342 279 371 cuiomni
293 342 352 370 loco
365 341 450 377 iudex
463 341 603 369 occurrat?
622 340 667 369 ltle
688 341 796 375 quidem
813 347 865 368 non
878 348 938 367 m-

138 405 141 408 η
156 389 286 420 nil’estus;
298 388 346 416 sed
365 387 411 423 qui
427 387 498 415 mala
521 394 579 415 mea
595 387 695 422 ubique
710 387 860 422 redarguat.
881 386 938 414 Una

156 435 222 462 mihi
235 442 296 469 spes
312 433 408 462 salutis
428 433 529 469 reliqua
545 438 600 465 est;
628 441 696 460 unus
711 434 771 461 vitae
785 434 938 468 propositus

136 495 138 498 ν
153 484 332 512 commeatus,
345 483 374 506 ut
386 478 513 506 nimirum
527 477 618 505 Jesuiu
631 478 764 509 noverim,
778 482 806 504 et
821 477 854 504 ad
864 477 938 503 illum

154 532 308 553 accurram.
321 523 372 557 Qui
387 523 458 551 enim
470 522 626 558 publicanos
648 521 774 556 suscipit,
789 528 841 548 non
857 527 937 555 repu-

154 569 445 601 diabitmeretricein;
472 568 517 603 qui
546 567 681 595 communi
708 574 770 594 cum
796 566 939 594 Pharisteis

155 616 234 651 epulo
250 616 376 648 comedit,
403 614 563 649 peccatricis
586 613 722 648 lacrymas
748 621 800 640 non
818 613 937 647 repellet.

157 662 193 690 Ut
214 669 278 696 ergo
301 661 413 697 cognovi
436 661 577 688 divertisse
604 660 673 695 apud
695 658 938 687 Simonem=Pliari-

155 715 249 739 steum,
266 707 299 735 ad
315 707 388 734 illutn
404 706 541 735 accedam.
558 705 626 739 Quid
643 713 707 733 vero
739 706 873 733 accedens
890 713 938 740 pe-

156 753 227 779 tam?
242 751 309 779 Num
324 752 464 780 oculorqu
478 751 642 778 sanitatem?
656 751 690 777 At
705 755 747 778 est
763 755 937 785 temperance

153 798 252 833 gratia.
265 797 334 825 Nam
358 806 373 824 a
400 798 495 825 morbo
513 797 640 825 liberari?
661 797 769 830 Verum,
785 804 878 831 parum
897 801 938 824 est

153 845 224 879 quod
236 852 268 872 eo
281 847 425 871 coniicitur
450 852 456 870 ι
483 851 556 870 mors
588 843 661 873 enim
678 848 789 875 teterua,
814 843 937 877 prtesenti

153 891 262 927 gravior
286 895 336 918 εει.
361 890 464 917 Cuncta
492 889 614 916 omittam
639 896 699 923 qua:
719 894 782 916 sunt
800 889 936 923 corporis;

153 938 238 966 solam
250 938 346 965 anima:
359 937 504 964 Sanitatem
521 936 666 970 requiram.
694 935 780 963 Uuatn
803 935 875 962 enim
889 935 937 961 im-

152 983 325 1018 pendentium
341 981 472 1009 malorum
483 980 696 1008 consolationem
712 979 846 1007 inveniam
857 987 864 1012 ;
874 979 937 1006 dum

152 1028 246 1056 videro
257 1028 397 1063 judicent:
417 1027 480 1054 dum
495 1033 720 1061 praeoccttpavero
743 1030 848 1060 tempus
861 1025 939 1059 puni-

154 1075 246 1104 tionis.
261 1075 421 1103 {Etnulabor
437 1073 530 1100 Raltab
553 1072 723 1100 meretricem
741 1072 752 1088 ⁸
769 1080 777 1098 :
792 1078 938 1106 persequar

152 1121 275 1149 mulieris
288 1121 360 1148 illius
382 1126 473 1146 mores
489 1118 634 1146 studiosos.
653 1116 724 1144 Nihil
747 1117 845 1152 quippe
869 1116 938 1144 Deus

146 1175 168 1195 -ι
186 1167 266 1195 nobis
280 1166 352 1194 aliud
367 1165 492 1201 requirit,
503 1171 584 1199 quam
602 1163 776 1191 mutationem
797 1163 936 1198 propositi.

188 1212 232 1240 Vl.
251 1211 318 1240 Cum
333 1213 390 1239 time
406 1211 449 1246 pie
463 1210 627 1245 dispexisset
640 1229 647 1242 ,
673 1209 846 1244 animumque
859 1210 892 1236 ad
908 1209 938 1237 ti-

148 1258 214 1286 dem
229 1257 401 1285 inunxisset:
432 1256 636 1290 superingressa
648 1259 695 1285 est
709 1255 753 1282 ubi
775 1255 939 1283 aceubuerat

153 1303 242 1335 Jesus.
259 1307 395 1337 assumpta
411 1304 438 1330 in
452 1301 624 1329 occasionem
637 1301 771 1329 libertatis
790 1301 872 1336 priori
886 1301 937 1328 im-

153 1349 291 1384 pudentis.
313 1349 345 1376 Et
360 1348 397 1375 illi
423 1347 532 1382 quidem
548 1346 614 1374 uiliil
639 1346 776 1381 loquitur,
803 1354 865 1374 nam
885 1354 936 1374 non

153 1395 412 1423 audebam-noverat
437 1393 522 1425 enim,
550 1399 604 1419 non
627 1399 695 1426 opus
709 1399 769 1419 esse
783 1398 936 1419 sermonum

141 1439 315 1475 ,inspectanti
330 1439 519 1474 cogitationes.
548 1437 617 1471 Quid
641 1437 712 1464 enim
740 1438 830 1465 omnia
842 1438 936 1465 scienti

154 1489 260 1521 poterat
275 1485 385 1513 dicere?
398 1485 473 1518 Quod
488 1484 665 1519 peccaverat?
683 1483 760 1517 Quod
775 1483 857 1511 multa
874 1491 936 1518 per-

154 1536 272 1566 petrarat
303 1531 394 1558 mala?
423 1530 498 1564 Quod
513 1530 653 1564 depericus
671 1550 679 1563 ,
708 1534 736 1556 et
770 1530 937 1565 deperitione

154 1581 254 1610 amata,
271 1575 360 1611 populi
376 1576 456 1603 totius
471 1575 632 1609 voluptatem
648 1575 771 1602 foverat?
789 1575 937 1603 Eranthaec

154 1623 210 1649 Deo
229 1628 302 1655 nota,
321 1629 373 1649 non
389 1625 490 1648 tantum
509 1628 570 1648 eum
592 1621 697 1653 ﬁerent,
725 1620 771 1648 sed
787 1625 814 1648 et
834 1629 893 1648 cum
910 1621 936 1648 in

153 1668 259 1696 occulto
278 1668 359 1695 animi
383 1667 505 1694 conclavi
533 1667 709 1694 nudarentur.
739 1666 834 1694 Sciens
847 1667 937 1701 itaque

152 1714 225 1748 quod
243 1717 340 1740 cuncta
359 1716 461 1744 nosset,
477 1719 528 1738 nec
543 1719 604 1739 eum
629 1711 775 1746 quidquam
793 1715 883 1745 posset
897 1711 936 1737 la-

154 1766 211 1787 tere
224 1767 231 1786 :
247 1759 364 1793 linguam
379 1758 488 1792 quidem
502 1757 576 1785 velut
589 1757 692 1785 foribus
708 1757 806 1790 tuuuil,
820 1757 938 1791 loquitur

146 1812 218 1832 vero
233 1803 369 1839 lacrymis.
383 1802 472 1835 Stans,
486 1803 569 1834 enim,
586 1802 682 1836 inquit,
696 1810 769 1829 secus
782 1802 857 1835 pedes
868 1802 936 1836 ejus,

153 1853 228 1886 ﬂens,
260 1851 333 1884 coepit
358 1849 444 1884 rigare
465 1849 588 1883 lucrymis
605 1849 681 1882 pedes
698 1848 766 1883 ejus.
792 1848 934 1881 Caeterum,

154 1905 309 1932 quanquam
334 1903 387 1923 non
418 1895 578 1930 loquebatur
598 1893 706 1928 lingua;
730 1894 936 1921 atincuarrabi-

152 1943 215 1970 liter
231 1942 241 1957 ’
266 1947 394 1975 mutoque
419 1940 498 1968 tnodo
521 1939 682 1974 loquebatur
709 1938 871 1973 gemitibus;
889 1946 937 1966 cor

153 1989 301 2016 contritum
329 1987 478 2018 inﬂectens,
494 1990 666 2020 peccatorum
694 1984 862 2019 triumphans
884 1993 936 2012 nu-

153 2042 286 2063 merosam
304 2033 520 2064 multitudinem;
539 2033 654 2059 absonas
677 2036 823 2066 turpesque
835 2032 937 2067 cogita.

155 2081 251 2114 tiones,
265 2079 445 2107 exsecrandas
460 2078 632 2112 cupiditates,
662 2078 783 2105 actiones
797 2078 935 2112 profanas,

153 2126 286 2161 colloquia
307 2125 398 2159 iniqua
411 2124 562 2151 traducens.
577 2123 683 2150 Nullum
698 2123 829 2157 siquidem
847 2128 936 2157 patra-

991 204 1052 231 κατ⁹
1068 204 1189 239 ἐμαυτὴν
1202 204 1289 236 εἴπω,
1311 203 1453 238 ἀνωφελής
1467 211 1512 238 μοι
1530 203 1634 237 γίνεται
1662 203 1713 238 τῆς
1739 203 1782 237 ἑξ-

990 250 1160 286 αγορεύσεως
1174 250 1189 276 ὁ
1203 250 1313 284 τρόπος.
1335 249 1415 276 Ἀλλὰ
1429 249 1542 284 καλύψω
1554 250 1588 275 τὰ
1600 249 1690 282 κακά;
1711 249 1782 276 Ἀλλ’

989 295 1020 321 οὐ
1033 294 1150 330 δύναμαι
1166 294 1268 321 λαθεῖν.
1284 294 1351 322 Τίνα
1367 294 1422 330 γὰρ
1443 293 1527 327 λάϐω,
1546 294 1612 320 Θεὸν
1630 294 1720 321 λαϐεῖν
1743 296 1781 331 μὴ

989 340 1141 376 δυναμένης
1166 339 1221 366 Ποῦ
1239 337 1286 366 οὖν
1314 340 1408 375 φύγω,
1432 340 1570 376 πανταχοῦ
1586 340 1632 367 τὸν
1650 340 1782 377 δικαστὴν

989 386 1171 422 εὖρίσκουσα;
1188 387 1239 413 Τὸν
1257 387 1295 421 μὴ
1319 386 1481 421 φαινόμενον
1505 386 1566 421 μὲν,
1594 388 1732 422 πανταχοῦ
1752 388 1782 414 δὲ

990 430 1163 466 διελέγχοντά
1179 439 1229 466 μου
1240 431 1276 458 τὰ
1287 431 1370 458 κακά.
1387 431 1445 458 Μία
1460 439 1505 466 μοι
1519 432 1656 467 σωτηρίας
1670 432 1782 459 ἀπολεί-

991 485 1070 503 πεται
1096 477 1188 509 ἐλπὶς,
1213 477 1241 503 ἒν
1260 485 1305 512 μοι
1326 477 1432 511 ἐφόδιον
1458 477 1601 512 πρόκειται
1623 478 1711 513 Cui);-
1738 479 1781 511 τὸ,

990 522 1035 549 τὸν
1057 522 1160 557 Ἰησοῦν
1179 522 1338 557 ἐπιγνῶναι,
1360 522 1407 549 καὶ
1423 522 1497 557 αὐτῷ
1522 523 1716 558 προσδραμεῖν.
1750 524 1780 550 ’0

990 567 1044 602 γὰρ
1058 567 1177 599 τελώνας
1196 567 1421 604 προσδεχόμενος,
1443 567 1492 594 οὐκ
1512 567 1691 595 ἀπαναίνεται
1712 569 1781 604 ’πόρ-

990 622 1048 648 νην.
1079 614 1109 639 '0
1126 614 1283 650 Φαρισαίοις
1299 614 1462 647 συνεσθίων,
1481 615 1510 641 οὺ
1537 616 1709 649 παραιτεῖται
1728 617 1780 650 τὴς

990 660 1154 695 ἁμαρτωλοῦ
1168 660 1203 686 τὰ
1225 660 1339 696 δάκρυα.
1369 660 1446 686 Ἐπεὶ
1464 658 1511 687 οὖν
1528 660 1631 695 ἔγνων,
1646 661 1683 693 ὡς
1703 662 1781 697 παρὰ

990 705 1093 741 Σιμῶνι
1107 706 1246 741 Φαρισαίῳ
1256 706 1416 740 κατάγεται,
1428 707 1516 741 τούτῳ
1529 707 1680 742 προσέλοω.
1700 707 1780 734 Ἀλλὰ

989 752 1015 777 τί
1030 752 1133 787 αἰτήσω
1148 751 1349 787 προσελθοῦσας
1372 753 1534 788 Ὀφθαλμῶν
1552 753 1675 786 ὑγίειανς
1699 754 1781 781 Ἀλλὰ

990 798 1157 833 πρόσκαιρος
1174 799 1190 833 ἡ
1209 798 1299 833 χάρις.
1323 798 1410 824 Νόσου
1431 798 1607 834 ἁπαλλαγήν;
1634 799 1714 825 Ἀλλὰ
1732 809 1779 834 μι-

955 833 1055 880 Βκρδν
1079 843 1108 869 τὺ
1131 843 1296 878 κατόρθωμα
1309 852 1315 859 ·
1336 845 1350 870 ό
1372 844 1426 879 γὰρ
1449 833 1574 876 αἰώνιος
1592 845 1706 876 θάνατος
1730 833 1779 872 τοῦ

989 890 1121 925 παρόντος
1147 890 1206 916 ἐστὶ
1235 889 1394 926 βαρύτερος.
1418 890 1511 916 Πάντα
1538 891 1655 926 παρήσω
1679 891 1713 918 τὰ
1730 892 1779 918 τοῦ

989 935 1126 971 σώματος.
1144 936 1181 962 Τὸ
1202 936 1231 962 δὲ
1251 936 1302 971 τῆς
1319 936 1409 971 ψυχῆς
1426 936 1585 972 ὲπιζητήσω
1604 938 1682 972 ἴαμα.
1705 938 1779 964 Μίαν

988 982 1043 1016 γὰρ
1059 982 1168 1016 εὑρήσω
1179 980 1256 1008 λύσιν
1270 981 1324 1007 τῶν
1338 982 1536 1017 ἐπηρτημένων
1543 982 1653 1015 ·κακῶν,
1667 982 1715 1009 ἐὰν
1732 983 1779 1009 τὸν

987 1027 1118 1062 δικαστὴν
1134 1027 1180 1054 ἴδω
1192 1048 1199 1059 ,
1213 1028 1260 1054 ἐὰν
1282 1025 1411 1063 προλάϐω
1426 1028 1473 1062 τῆς
1497 1027 1633 1059 κολάσεως
1655 1028 1700 1055 τὸν
1719 1037 1780 1055 και-

989 1073 1046 1108 ρόν.
1058 1074 1222 1108 Μιμήσομαι
1240 1073 1324 1100 Ῥαὰϐ
1335 1073 1384 1109 τὴν
1397 1074 1510 1109 πόρνην,
1525 1074 1575 1109 τῆς
1588 1074 1717 1108 γυναικὸς
1732 1075 1779 1101 τὸν

989 1118 1116 1154 ἐνάρετον
1132 1118 1288 1153 μεταδιώξω
1310 1119 1410 1154 τρόπον
1422 1127 1428 1135 ·
1446 1119 1522 1146 οὐδὲν
1539 1119 1592 1155 γὰρ
1618 1120 1682 1155 παρ’
1699 1120 1778 1155 ἡμῶν

988 1164 1052 1191 ἄλλο
1068 1164 1190 1199 βούλεται
1203 1165 1278 1197 Θεὸς,
1293 1164 1309 1200 ἢ
1325 1165 1437 1200 γνώμης
1452 1165 1602 1201 ἐναλλαγήν
1617 1166 1685 1200 (68).

1025 1212 1052 1244 εἷ
1053 1209 1164 1237 ’.Ταῦτα
1180 1211 1299 1242 εὐσεϐῶς
1307 1211 1509 1247 διασχεψαμένη
1526 1212 1592 1248 (69),
1603 1213 1649 1239 καὶ
1663 1212 1712 1248 τὴν
1720 1213 1778 1240 διά-

987 1265 1061 1283 νοιαν
1077 1257 1144 1292 πρὸς
1159 1257 1250 1283 πίστιν
1266 1257 1446 1292 ὲπαλείψασα,
1463 1258 1654 1293 ἐπεισέρχεται
1668 1260 1707 1294 τῷ
1724 1259 1778 1295 Ἰη-

988 1301 1036 1328 σοῦ
1055 1302 1121 1329 ὅπου
1135 1302 1267 1333 ἀνέκειτο,
1282 1302 1330 1338 τὴν
1345 1303 1481 1338 προτέραν
1501 1303 1637 1331 ἀναίδειαν
1653 1304 1692 1335 εἰς
1709 1305 1777 1331 ὐπο-

988 1346 1062 1374 θεσιν
1081 1347 1237 1383 παρρησίας
1256 1347 1387 1374 λαϐοῦσα.
1405 1348 1461 1374 Καὶ
1482 1348 1556 1382 λέγει
1580 1348 1630 1384 μὲν
1642 1349 1718 1384 αὐτῷ
1732 1349 1778 1376 οὑ-

987 1393 1031 1420 δέν
1043 1401 1050 1409 ·
1066 1394 1097 1420 οὐ
1113 1393 1167 1429 γὰρ
1185 1393 1301 1428 ἐτόλμα·
1321 1393 1378 1428 ᾔδει
1392 1394 1447 1429 γὰρ
1470 1394 1508 1425 ὼς
1530 1396 1544 1420 ὁ
1568 1394 1622 1420 τῶν
1639 1394 1777 1429 λογισμῶν

987 1437 1084 1473 ἔφορος
1108 1438 1138 1464 οὐ
1166 1438 1250 1464 δεῖται
1273 1438 1373 1472 λόγων.
1403 1439 1435 1465 Τί
1461 1439 1515 1474 γὰρ
1541 1440 1628 1466 εἰπεῖν
1652 1437 1709 1475 εἶχε
1737 1440 1776 1475 τῷ

988 1483 1077 1510 πάντα
1088 1484 1168 1510 εἰδότι
1179 1492 1186 1517 ;
1199 1484 1260 1511 Ὀτι
1273 1484 1412 1520 ἧμαρτεν;
1430 1484 1490 1511 Ὅτι
1507 1485 1611 1511 πολλῶν
1625 1486 1717 1512 κακῶν
1732 1486 1743 1511 ὲ
1748 1494 1776 1521 ρ-

988 1529 1074 1565 γάτης
1090 1529 1216 1564 γέγονεν;
1229 1530 1291 1557 ’Ὁτι
1306 1530 1398 1566 ἐρῶσα
1414 1531 1462 1557 καὶ
1475 1531 1599 1567 ἐρωμένη
1613 1531 1661 1567 τὴν
1675 1531 1776 1567 πάνδη-

988 1585 1038 1612 μον
1061 1577 1157 1612 ἡδονὴν
1174 1576 1360 1612 ὲΘεράπευσε;
1385 1576 1479 1603 Ταῦτα
1499 1576 1560 1612 Θεῷ
1579 1577 1646 1612 δῆλα
1668 1575 1717 1613 ἦν,
1743 1578 1773 1604 οὑ

988 1621 1162 1657 πραττόμενα
1180 1622 1270 1657 μόνον,
1286 1621 1353 1648 ἀλλὰ
1367 1622 1413 1648 καὶ
1426 1623 1455 1648 ὲν
1463 1623 1501 1657 τῷ
1517 1624 1612 1659 ἁφάνῳ
1625 1624 1674 1659 τῆς
1687 1623 1774 1659 ψυχῆς

975 1665 1172 1702 ,βουλευτηρίῳ
1185 1667 1370 1702 γυμνούμενα.
1385 1668 1478 1694 Εἰδυῖα
1489 1666 1535 1694 οὖν
1550 1669 1588 1700 ὡς
1604 1669 1693 1695 πάντα
1708 1667 1773 1702 οἷόε,

987 1713 1034 1739 καὶ
1056 1712 1147 1738 λαθεῖν
1174 1713 1254 1739 αὐτὸν
1283 1712 1394 1740 δύναται
1420 1713 1515 1746 οὐδὲν,
1541 1714 1618 1750 ουροῖ
1647 1716 1696 1749 μὲν
1725 1715 1774 1750 τὴν

987 1757 1112 1791 γλῶσσαν
1122 1777 1130 1789 ,
1144 1757 1219 1784 λαλεῖ
1234 1758 1262 1785 δὲ
1282 1760 1338 1790 τοῖς
1352 1758 1479 1794 δάκρυσι.
1494 1759 1595 1786 Στᾶσα
1609 1759 1673 1796 γὰρ,
1690 1761 1756 1796 φησὶ
1765 1780 1772 1792 ,

986 1804 1066 1838 παρὰ
1080 1804 1151 1836 τοὺς
1166 1804 1262 1837 πόδας
1281 1804 1335 1831 τοῦ
1356 1805 1474 1839 Ἰησοῦ,
1497 1806 1645 1833 κλαίουσα
1664 1806 1773 1840 ἤρξατο

984 1849 1108 1884 ,βρέχειν
1122 1850 1193 1882 τοὺς
1207 1850 1303 1882 πόδας
1323 1850 1416 1877 αὑτοῦ
1435 1851 1498 1882 τοῖς
1516 1851 1672 1885 δάκρυσιν.
1706 1852 1772 1878 Ἀλλ’

987 1897 1012 1921 εὶ
1032 1896 1077 1922 καὶ
1092 1896 1129 1930 μὴ
1142 1897 1174 1931 τῇ
1193 1895 1303 1931 γλώσσῃ
1319 1896 1418 1927 ἐλάλει,
1444 1896 1511 1922 ἀλλὰ
1532 1898 1694 1932 στεναγμοῖς
1710 1898 1774 1924 ἀλα-

987 1941 1077 1976 λήτοις
1097 1941 1154 1976 (70)
1169 1941 1333 1976 ἐφθέγγετο,
1355 1942 1401 1968 τὸν
1417 1942 1584 1977 συντριμμὸν
1600 1943 1649 1977 τῆς
1661 1943 1773 1976 καρδίας

987 1987 1202 2022 ἐκκάμπτουσα,
1221 1987 1251 2013 τὸ
1268 1987 1370 2022 πλῆθος
1382 1987 1439 2014 τῶν
1461 1987 1605 2023 ἁμαρτιῶν
1624 1987 1773 2024 θριαμϐεύ-

986 2042 1070 2060 ουσα·
1097 2033 1160 2065 τοὺς
1183 2033 1301 2064 ἀτόπους
1319 2033 1481 2068 λογισμοὺς,
1502 2034 1551 2065 τὰς
1572 2035 1679 2068 ἐναγεῖς
1697 2035 1773 2061 ὲνθυ-

989 2079 1102 2114 μήσεις,
1136 2079 1186 2110 τὰς
1211 2079 1341 2114 βεϐήλους
1370 2079 1494 2114 πράξεις,
1521 2080 1570 2111 τὰς
1601 2081 1772 2116 παρανόμους

986 2125 1093 2158 ὁμιλίας
1106 2124 1317 2160 ὲκπομπεύουσα
1328 2133 1334 2140 ’
1347 2125 1422 2151 οὐδὲν
1434 2125 1487 2160 γὰρ
1497 2123 1531 2160 ἦν
1543 2125 1596 2152 τῶν
1612 2127 1773 2162 πεπραγμέ-

155 2176 196 2198 rat
212 2171 323 2203 malum,
338 2168 409 2204 quod
423 2176 475 2195 non
501 2168 628 2203 lacrymis
648 2169 706 2195 dire
732 2168 933 2196 lamentaretur.

988 2180 1040 2198 νων
1058 2172 1125 2207 αὐτῇ
1146 2171 1248 2203 κακῶν,
1269 2171 1283 2198 ὃ
1303 2171 1339 2207 μὴ
1350 2171 1479 2207 δάκρυσιν
1492 2172 1678 2207 ὲξετραγῴδει.
1697 2173 1772 2209 ᾝδει

155 2215 262 2244 Sciebat
274 2216 344 2243 enim
362 2223 421 2250 quae
434 2214 620 2243 conﬁteretur.
646 2213 772 2241 oblivioni
787 2215 935 2242 tradenda:

154 2262 308 2295 Dixienim,
321 2262 417 2296 inquit,
431 2261 568 2295 Proferam
581 2260 716 2286 adversum
728 2267 767 2286 me
780 2260 936 2294 injuslitiam

155 2316 238 2334 meum
252 2308 381 2335 Domino:
399 2311 423 2334 et
448 2312 476 2333 tu
504 2305 627 2332 remisitti
658 2305 816 2339 impietatem
836 2307 934 2339 peccati

154 2354 247 2382 mei”.
277 2352 332 2380 Nec
346 2353 386 2380 sic
416 2357 518 2379 taututu
543 2350 761 2378 inenarrabiliter
774 2350 934 2385 loquebatur

191 2422 201 2438 '
213 2421 343 2453 Jos.n,l.
380 2421 482 2448 νηοῖο.
497 2428 554 2452 vin,
568 2419 611 2446 26.
651 2417 758 2446 "-Psal.
779 2427 854 2452 xxxi,
871 2420 898 2447 5.

189 2488 243 2523 (68)
260 2489 298 2515 ’Ἡ
306 2486 422 2522 γνώμης
433 2485 613 2523 ἐναλλαγήν,
627 2485 663 2511 lla
679 2492 711 2512 ex
723 2485 873 2523 vinomiuis
890 2494 934 2513 so-

153 2520 199 2552 nat
211 2520 240 2550 τδ
259 2520 395 2558 μετᾶνοία·
410 2527 437 2549 et
451 2523 521 2558 quod
538 2520 799 2558 multisuostralibus
808 2521 931 2558 crebrum

152 2565 203 2590 est.
216 2555 401 2591 luiipiscentia
414 2564 422 2583 :
434 2557 510 2589 cujus
524 2561 612 2582 tamen
629 2556 687 2583 loco
702 2556 800 2591 ubique
811 2555 873 2591 lcre_
881 2556 932 2582 Pa-

155 2595 241 2620 tribus
252 2589 303 2626 est,
319 2591 487 2618 Paznitentia.
502 2591 587 2626 Aliinre
600 2591 722 2624 estquod
735 2590 832 2617 Paulus
843 2589 928 2625 (Rom.

151 2633 180 2656 et
193 2628 264 2663 Gal.)
276 2628 403 2663 praedicat
413 2627 447 2654 de
460 2626 524 2663 lide,
535 2625 669 2663 velutuua
684 2626 747 2663 sine
761 2626 885 2663 operibus
897 2627 929 2652 ad

153 2660 283 2691 salutem'
297 2661 410 2689 sumciat
428 2670 434 2688 :
449 2661 530 2696 quasi
549 2661 676 2687 nimirum
692 2660 779 2696 radix,
795 2660 826 2686 ad
852 2668 932 2693 quam

153 2699 176 2726 si
186 2702 224 2725 est
237 2698 366 2732 perfecta,
379 2695 492 2724 debeant
506 2695 549 2722 illa
563 2695 689 2729 consequi
705 2703 753 2729 pro
765 2695 822 2722 loco
829 2699 855 2721 et
867 2700 933 2722 tem-

152 2731 292 2768 poreJSie
310 2737 384 2768 certe
401 2736 493 2758 nostra
515 2731 661 2768 peccatrix,
673 2738 728 2768 non
748 2735 856 2768 tantum
874 2738 932 2756 tutt-

153 2765 219 2794 iavit
236 2767 419 2802 propositum;
437 2774 526 2802 verum
550 2765 630 2792 etiam
643 2765 767 2802 adhibuit
785 2765 930 2802 lacrymas,

152 2808 180 2830 et
192 2800 273 2837 pedes
286 2801 434 2829 dominicas
451 2801 580 2836 obsequio
598 2800 661 2828 l'ovit
678 2809 684 2826 :
702 2802 862 2834 tandemque
879 2800 928 2826 du-

987 2217 1041 2252 γὰρ
1059 2218 1100 2244 ὅτι
1118 2214 1154 2243 ὧν
1176 2217 1324 2252 ὡμολόγει,
1347 2217 1397 2253 τὴν
1424 2218 1578 2253 ἀμνηστίαν
1603 2217 1768 2253 ἐλάμϐανεν-

982 2261 1062 2290 Bina
1074 2263 1138 2299 γὰρ,
1150 2263 1242 2298 φησὶν,
1261 2262 1465 2298 Ἐξατορεύσω
1478 2264 1540 2290 κατ’
1552 2264 1625 2298 ἐμοῦ
1638 2264 1695 2297 τὴν
1707 2265 1771 2291 ἀνο-

983 2309 1058 2344 μίαν
1070 2319 1128 2344 μου
1139 2309 1179 2342 τῷ
1190 2310 1297 2343 Κυρίῳ,
1311 2310 1359 2336 καὶ
1374 2310 1415 2336 σὺ
1430 2309 1550 2344 ἀφῆκας
1565 2311 1622 2344 τὴν
1633 2311 1770 2337 ἀσέϐειαν

987 2352 1040 2388 τῆς
1065 2353 1187 2388 καρδίας
1206 2362 1275 2388 μου.
1292 2354 1346 2380 Καὶ
1365 2355 1396 2380 οὺ
1414 2355 1493 2389 μόνον
1513 2354 1651 2390 ἁλαλήτως
1676 2355 1769 2389 ἐφθέγ-

986 2487 1120 2514 rissimntn
1138 2487 1198 2513 vita:
1213 2495 1296 2523 genus
1308 2488 1431 2523 arripuit,
1444 2489 1572 2523 vixitque.

1020 2523 1075 2558 (69)
1088 2523 1230 2558 Διασκενψ.
1246 2522 1315 2558 Etlil.
1330 2522 1421 2549 Muntl'.
1435 2522 1560 2558 ἐπισκεψ.

1020 2558 1076 2591 (Ἱυ)
1090 2557 1274 2590 Ἀλαλήτοις.
1287 2557 1362 2584 Velut
1371 2559 1486 2591 passive,
1496 2557 1571 2592 juxta
1579 2558 1649 2592 quod
1657 2559 1765 2592 exponi-

984 2597 1027 2618 tur
1039 2591 1115 2620 ltom.
1134 2599 1190 2622 Vill.
1203 2593 1247 2623 26,
1259 2599 1313 2626 quo
1324 2597 1350 2619 et
1359 2593 1463 2620 videtur
1475 2591 1765 2627 alludere:quauquatn

982 2632 1073 2660 posset
1093 2627 1181 2654 active
1189 2627 1267 2655 snuni.
1287 2632 1314 2652 ut
1330 2633 1401 2654 esset
1426 2627 1496 2655 velut
1506 2633 1575 2655 mule
1584 2637 1614 2654 ac
1627 2629 1681 2655 sine
1694 2636 1759 2656 me:

981 2670 1034 2695 quo
1054 2663 1134 2697 etiam
1152 2663 1230 2689 modo
1255 2662 1323 2688 torte
1339 2663 1426 2696 aptius
1435 2664 1561 2690 essentin
1579 2665 1698 2697 sequenti
1717 2674 1722 2690 :
1737 2672 1766 2690 et.

981 2697 1061 2731 μόνον
1077 2696 1217 2731 ἁλαλήτως
1238 2696 1399 2730 ἐφθέγγετο,
1416 2699 1458 2724 ubi
1482 2703 1569 2725 tamen
1587 2696 1624 2724 ob
1636 2705 1765 2726 consecu-

981 2734 1078 2758 tionem
1104 2731 1246 2758 locutionis
1265 2733 1437 2764 reddidimus,
1464 2734 1686 2765 inenarrabiliter,
1721 2734 1765 2759 ad-

976 2766 1067 2799 jnncta
1096 2767 1243 2800 particula,
1270 2766 1314 2794 Sic
1336 2775 1345 2794 .'

980 2807 1092 2828 tionem.

1378 2769 1411 2794 ad
1433 2768 1578 2802 quamdam
1601 2768 1762 2795 determina-
