1904 3054
103 103 140 132 77
497 120 500 122 η
580 99 708 128 ()ltATlO
728 99 760 127 IN
781 97 959 126 MULIEBEM
977 96 1225 125 PECCATIUCEM.
1687 95 1721 123 78

103 181 178 208 γετο,
197 172 254 203 τοῖς
277 171 436 205 στεναγμοῖς
459 170 509 206 τῆς
530 169 644 205 καρδίας
664 167 825 195 δυσωποΰσα
842 166 888 194 τὸν

104 219 221 255 Κύριον·
243 217 310 244 ἀλλὰ
324 217 370 244 καὶ
389 218 510 252 σχήματι
527 217 558 243 τδ
572 216 621 251 τῆς
639 215 783 251 μετανοίας
811 222 888 249 περι-

104 263 207 298 έγραφε
222 261 327 293 κάλλος.
351 261 498 297 Ἐδάκρυσε
507 261 570 297 μὲν,
581 261 619 292 ὡς
633 259 718 286 πολλὰ
732 259 869 294 γελάσασα
880 266 888 276 ·

103 309 161 340 τοῖς
185 307 277 338 καλοῖς
300 306 415 342 δάκρυσι
429 307 475 333 τὸν
489 306 572 333 κακὸν
588 305 758 332 ὲκπλύνουσα
773 304 888 338 γέλωτασ

104 355 165 385 ταῖς
181 353 209 379 δὲ
225 353 314 388 ῥανίσι
331 352 385 379 τῶν
416 351 563 387 ὀφθαλμῶν
580 351 625 378 τὸν
640 351 694 378 τῶν
709 349 830 386 παρειῶν
845 350 890 376 ὲκ-

105 399 243 426 πλύνουσα
261 398 344 434 ῥύπον
353 406 359 413 ·
375 398 419 425 ἵνα
435 398 464 424 ἐν
478 395 518 429 οἷς
531 397 654 432 ἥμαρτεν
663 417 670 429 ,
685 397 713 423 ὲν
726 395 830 427 τούτοις
844 395 891 422 καὶ

105 445 310 480 ἀπολογήσηται
321 452 327 459 ·
346 445 374 471 ἐν
389 442 430 475 οἷς
448 444 597 479 ὴνόμησεν,
615 444 643 470 ἐν
661 443 764 474 τούτοις
784 441 829 468 τὸν
848 449 892 468 νο-

107 489 224 525 μοθέτην
251 488 437 524 ὲξιλεώσηται.
465 489 571 524 Ὥσπερ
590 487 644 524 γὰρ
665 487 714 523 τὴν
739 487 833 521 κοίτην
857 485 891 520 ἢν

106 536 249 570 ἐκθέσμως
264 535 377 570 ἐμόλυνε
394 535 548 570 συμπλοκῇ,
567 534 697 570 δάκρυσιν
712 533 864 560 ἀπέπλυνεν
878 533 891 558 ὁ

106 581 205 608 Δαϐίδ”
231 582 338 608 Λούσω
366 582 431 617 γὰρ,
456 582 534 616 φησι,
554 581 617 608 καθ’
642 579 774 614 ἑκάστην
799 579 893 606 νύκτα

106 628 165 662 τὴν
180 628 284 662 κοίτην
292 637 351 662 μου
361 636 368 643 ·
382 628 417 654 ἐν
432 627 562 661 δάκρυσί
574 635 634 661 μου
657 627 714 660 τὴν
734 625 893 660 σὶρωμνήν

106 683 165 708 μου
183 673 283 708 βρέξω
296 681 302 688 '
317 673 388 700 οὕτω
403 673 449 700 καὶ
463 672 532 708 αὕτη
543 681 550 688 ·
568 673 601 698 δι’
621 669 657 699 ὧν
671 671 816 707 ὀφθαλμῶν
830 671 892 698 πολ-

108 720 171 751 λοὺς
197 720 252 746 τῶν
281 720 348 746 νέων
374 721 414 751 εἰς
434 719 580 746 ἀκολασίαν
609 718 740 754 ὑπέσυρε,
769 717 894 753 δακρύων

108 766 208 799 ἀφεῖσα
220 766 320 800 πηγὰς,
332 765 377 791 τὸν
390 765 539 791 δύσπλιυτον
551 765 599 800 τῆς
613 764 748 800 ἁμαρτίας
758 763 893 790 ἁπέπλυνε

110 812 209 846 ῥύπον,
225 810 294 846 αὕτη
307 811 389 846 ἑαυτῇ
405 810 516 846 λοῦτρον
531 810 672 846 μετανοίας
687 809 893 846 προϐαλλομένη
914 832 934 859 Β

108 857 144 883 τὰ
162 857 276 892 δάκρυα,
297 856 338 883 Τὰ
355 857 403 890 μὲν
418 856 471 891 γὰρ
487 856 591 892 δάκρυα
607 855 646 888 ὡς
662 855 734 891 ὕδωρ
748 854 817 883 αὐτὰ
830 863 899 890 παρα

109 903 182 937 εἶχε·
207 902 255 937 τὴν
277 901 306 928 δὲ
329 902 425 935 ἄφεσιν
447 901 572 936 ἀοράτως
596 900 672 936 παρὰ
701 900 747 927 τοῦ
773 899 894 936 Χριστοῦ

110 947 264 983 ὑπεδέχετο.
292 947 372 974 Ἀλλὰ
397 947 449 982 μὴν
464 948 511 974 καὶ
528 947 573 974 τὸν
599 946 740 982 Ἀϐραὰμ,
755 946 785 972 οὐ
802 954 900 981 μιμου-

111 993 181 1028 μένη
197 993 287 1028 μόνον,
303 993 370 1019 ἀλλὰ
389 993 435 1019 καὶ
457 992 570 1025 νικῶσα,
588 993 652 1024 τοὺς
667 992 749 1024 πόδας
762 991 900 1019 ἁπέπλυνε

109 1038 157 1066 τοῦ
175 1039 304 1075 Χριστοῦ.
327 1039 356 1066 '0
376 1038 425 1074 μὲν
442 1039 496 1074 γὰρ
508 1039 627 1073 νιπτῆρα
647 1038 714 1070 θεὶς,
750 1037 826 1064 ὕδατι
849 1037 901 1064 άπ-

112 1085 214 1112 έπλυνε
226 1105 234 1116 ,
250 1086 296 1111 καὶ
313 1085 407 1120 λεντίῳ
429 1085 616 1120 κατέμασσεν·
633 1083 702 1119 αὕτη
726 1083 754 1110 δὲ
763 1083 812 1118 οὐχ
831 1082 901 1117 ὕδωρ

111 1131 280 1166 ὰντλήσασα,
297 1130 364 1157 ἀλλὰ
377 1131 480 1166 κρήνας
497 1120 622 1167 δακρύων
637 1132 754 1166 ἀφεῖσα,
773 1131 835 1162 τοὺς
853 1129 901 1156 πό-

113 1177 160 1208 Ea;
175 1176 313 1204 ἀπέπλυνε
328 1176 376 1203 τοῦ
399 1177 486 1211 Ἰησοῦ
500 1186 506 1191 ’
524 1177 674 1212 φεισαμένη
692 1177 730 1209 δὲ,
748 1177 785 1212 μὴ
801 1176 903 1212 δάκρυ-

114 1232 158 1250 σιν
171 1223 343 1259 ἁμαρτωλοῖς
359 1223 458 1257 ἁγνοὺς
475 1223 604 1260 ὲνυὸρίσῃ
620 1223 712 1255 πόδας,
727 1223 759 1249 τὸ
776 1223 828 1250 τῶν
843 1231 902 1259 τρι-

113 1270 170 1305 χῶν
185 1269 280 1302 κόλλος
299 1270 337 1302 ὠς
351 1269 453 1296 λεντίον
475 1269 661 1302 ὑποϐαλοῦσα,
685 1269 811 1304 ἀπέμασε
836 1269 899 1300 τοὺς

114 1316 215 1348 πόδας·
235 1313 338 1350 καὶνῆν
355 1316 418 1343 ἰδεῖν
441 1315 500 1342 ὅλον
519 1315 554 1342 δι’
575 1315 636 1341 ὅλου
657 1315 687 1341 τὸ
709 1314 819 1349 γύναιον
837 1313 904 1350 πρὸς

115 1361 263 1397 θεράπειαν
292 1360 340 1388 τοῦ
377 1361 464 1397 Ἰησοῦ
488 1361 690 1397 καμπτόμενον.
718 1361 749 1387 Ol
775 1360 824 1396 μὲν
851 1359 903 1395 γὰρ

114 1408 251 1443 ὀφθαλμοὶ
266 1409 380 1440 ἄνωθεν,
394 1407 432 1439 ὠς
444 1407 554 1443 κρῆναι.
570 1406 695 1442 δακρύων
708 1406 831 1442 ἔπεμπον
847 1406 907 1441 ὀχε-

116 1453 195 1485 τούς·
213 1454 229 1488 ἡ
247 1453 275 1480 δὲ
289 1453 363 1488 ψυχὴ
381 1452 474 1488 ὥσπερ
489 1451 588 1487 νιπτὴρ
602 1450 769 1485 ὑποκειμένη
780 1469 787 1482 ,
803 1449 854 1481 τὰς
875 1450 906 1475 ὲκ

904 158 927 187 Α
941 154 1031 182 cordis
1045 154 1243 189 gemitibusque
1263 160 1380 182 exorans
1394 152 1536 181 Dominum
1549 161 1555 180 :
1568 153 1614 182 sed
1633 158 1660 182 et
1674 154 1722 182 ha<

941 200 999 228 bitu
1012 199 1177 234 poenitentiae
1193 198 1421 234 pulchritudinem
1433 198 1620 227 adumbrabat.
1636 199 1722 234 Luge-

942 244 988 272 bat
1001 245 1119 279 quidem,
1139 243 1212 272 velut
1234 251 1293 279 quae
1313 243 1425 271 mullum
1449 244 1564 277 risisset,
1593 244 1672 272 bonis
1686 244 1725 272 la-

944 290 1044 325 crymis
1060 289 1153 317 eluens
1167 289 1267 317 malum
1288 289 1389 323 risum;
1405 289 1543 318 oculorum
1571 297 1635 318 vero
1646 290 1725 318 stillis

945 335 1069 363 abluebat
1081 343 1210 370 genarum
1221 337 1315 363 sordes
1328 344 1335 363 :
1355 340 1384 362 ut
1398 336 1425 363 in
1443 336 1540 372 quibus
1553 341 1723 372 peccaverat,

945 383 970 410 in
985 382 1018 410 iis
1029 389 1136 417 quoque
1148 382 1331 410 defensionem
1347 382 1458 410 haberet
1472 393 1478 410 :
1497 391 1523 410 In
1541 383 1639 418 quibus
1654 383 1725 418 egis-

944 434 985 457 set
1000 428 1103 463 inique,
1122 428 1149 455 in
1165 428 1198 456 iis
1217 427 1397 463 legislatorem
1415 428 1542 462 placaret.
1558 429 1633 457 Sicu-z
1652 430 1725 457 enim

946 474 1029 502 David
1047 474 1176 510 pollutum
1189 475 1278 510 iniqua
1294 475 1390 509 copula
1405 473 1502 503 lectum
1514 476 1641 512 lacrymis
1652 476 1726 504 elue-

947 520 993 548 bat
1009 529 1016 547 :
1034 519 1139 547 Lavabo
1159 519 1242 554 enim,
1257 519 1354 554 inquit,
1384 528 1430 555 per
1451 521 1567 556 singulas
1587 526 1674 550 noctu
1690 522 1727 549 le-

947 571 1016 593 ctum
1029 574 1114 593 meum
1127 574 1138 594 :
1149 565 1272 601 lacrynn's
1288 567 1350 594 meis
1367 571 1478 594 stratum
1489 575 1574 594 meum
1589 568 1679 603 rigabo
1693 568 1727 602 ‘l,

949 612 985 640 ita
1000 617 1028 640 et
1041 611 1229 647 haec:quibus
1254 611 1339 640 oculis
1368 612 1467 640 multos
1491 613 1676 642 adolescentes
1700 615 1726 642 in

949 657 1081 684 luxuriam
1109 657 1289 690 subtraxerat,
1305 657 1338 685 iis
1356 657 1535 692 lacrymarum
1552 658 1640 688 fontes
1650 660 1729 688 eruit-

949 707 1019 734 tens,
1034 702 1136 736 peccati
1152 702 1246 729 sordes
1270 709 1322 729 non
1340 701 1432 730 faciles
1449 702 1513 736 elui,
1530 703 1660 736 diluebat,
1688 705 1728 732 si-

949 747 975 775 bi
991 747 1048 782 ipsa
1073 747 1238 782 poenitentiae
1264 747 1399 775 lavacrum
1423 749 1728 785 proponenslacrymas.

949 793 1009 828 Ipsa
1035 793 1142 828 quidem
1161 813 1168 826 ,
1200 800 1250 820 ceu
1274 801 1371 828 aquam
1388 814 1394 826 ,
1413 793 1547 830 lacryuias
1572 797 1728 830 praebebat:

949 839 1077 867 invisibili
1112 844 1201 866 autem
1226 840 1332 867 ratione
1370 841 1554 869 remissionem
1583 850 1598 869 a
1624 843 1731 871 Christo

950 886 1120 921 suscipiebat.
1155 885 1298 913 Enimvero
1322 893 1375 914 non
1401 887 1483 914 etiam
1497 888 1602 916 imitata
1628 893 1731 917 tantum

948 931 1097 965 Abraham,
1115 931 1161 959 sed
1179 935 1206 959 et
1231 939 1373 966 superans,
1399 932 1501 960 Christi
1523 933 1609 962 abluit
1638 935 1731 970 pedes.

951 975 996 1004 llle
1016 977 1126 1011 quidem
1142 977 1211 1011 pelvi
1243 977 1343 1011 posita,
1370 977 1495 1006 abluebat
1520 986 1590 1014 aqua
1609 985 1636 1008 et
1649 981 1733 1008 linteo

951 1022 1123 1058 cxtergebat;
1143 1024 1201 1051 haec
1217 1030 1290 1054 vero,
1304 1031 1371 1058 aqua
1399 1031 1452 1052 non
1476 1025 1582 1058 hausta,
1608 1027 1655 1054 sed
1669 1027 1734 1055 mit-

954 1075 1013 1097 tens
1030 1069 1211 1104 lacrymarum
1240 1069 1342 1102 l‘ontes,
1367 1070 1491 1098 abluebat
1508 1070 1570 1099 Jesu
1586 1072 1666 1106 pedes
1680 1080 1687 1099 :
1704 1080 1736 1100 ac

953 1123 1063 1149 cavens,
1073 1124 1106 1144 ne
1121 1116 1247 1152 lacrymis
1259 1116 1455 1152 peccatricibus
1468 1117 1580 1152 pedibus
1599 1119 1681 1147 castis
1693 1119 1736 1146 in-

950 1163 1052 1198 iuriam
1067 1163 1180 1196 faceret,
1192 1169 1348 1200 compactos
1361 1165 1452 1193 crines
1465 1165 1536 1192 velut
1549 1165 1660 1193 linteum
1673 1167 1737 1193 sub-
1764 1199 1773 1210 Χ

954 1211 1077 1242 mittens,
1093 1210 1174 1245 pedes
1190 1210 1347 1245 extergebat
1364 1219 1372 1237 :
1391 1216 1502 1246 eratque
1523 1211 1615 1240 videro
1626 1212 1738 1240 mulier-

955 1257 1054 1290 culam,
1071 1261 1153 1285 totam
1169 1264 1282 1291 prorsus
1297 1257 1330 1284 ad
1346 1256 1410 1285 Jesu
1420 1258 1580 1293 obsequium
1599 1257 1736 1286 inllcxam.

955 1302 1030 1331 Oculi
1046 1303 1156 1338 quidem
1171 1303 1297 1338 desuper.
1312 1310 1361 1331 ceu
1376 1302 1475 1337 fontes,
1486 1303 1664 1339 lacrymarum
1677 1304 1740 1331 Inito

956 1350 1049 1378 tebant
1068 1350 1154 1383 rivos;
1171 1350 1278 1377 animus
1299 1354 1388 1376 autem
1414 1357 1462 1377 ceu
1487 1349 1573 1384 pelvis
1593 1350 1738 1386 supposita.

957 1395 1117 1424 distillanles
1143 1403 1159 1423 ο
1185 1396 1299 1430 pedibus
1326 1400 1417 1431 guttas
1441 1395 1741 1431 excipiebal;cincinni

957 1443 1141 1477 detergebant,
1158 1442 1231 1469 lintei
1247 1441 1388 1476 implentes
1410 1433 1524 1469 formam
1537 1451 1545 1475 ;
1560 1450 1665 1476 manus,
1681 1443 1743 1471 fuso

116 1499 172 1526 τῶν
187 1499 274 1525 ποδῶν
288 1498 494 1531 ἀποσταζούσας
508 1497 614 1532 ἐδέχετο
629 1496 748 1532 ῥανίδας.
765 1496 795 1524 Οί
809 1495 838 1522 δὲ
849 1495 904 1521 πλά

962 1490 1088 1518 alabastri
1098 1493 1245 1523 unguento,
1257 1489 1361 1516 divinos
1372 1489 1507 1523 ungebant
1519 1489 1609 1523 pedes;
1621 1496 1744 1524 unguen-

119 1554 201 1580 καμοι
213 1545 384 1580 ὴπέμασσον,
400 1544 430 1570 τὸ
443 1543 547 1570 λεντίου
565 1542 731 1578 πληροῦντες
750 1541 852 1576 σχῆμα.
875 1541 907 1568 Αἱ

118 1591 147 1618 δὲ
174 1592 263 1625 χεῖρες
283 1590 314 1616 τὸ
339 1589 508 1625 ἀλάϐαστρον
530 1587 577 1615 τοῦ
604 1588 690 1623 μύρου
714 1587 905 1622 καταχέουσαι,

119 1637 182 1668 τοὺς
198 1637 285 1667 θείους
299 1636 408 1672 ἤλειφον
423 1635 515 1667 πόδας,
533 1633 610 1669 μύρῳ
625 1633 656 1660 τὸ
670 1632 754 1668 μύρον
775 1632 908 1668 τιμῶσαι·

119 1683 223 1716 Μόρον
233 1682 297 1717 γὰρ,
313 1682 389 1716 φησὶ,
404 1678 598 1714 κενωθὲνίῖί)
614 1678 707 1712 ὄνομά
718 1683 778 1704 σοι.

159 1729 196 1756 Ζ’.
209 1726 284 1760 Εἶδες
300 1727 357 1759 πῶς
372 1726 481 1762 ἐνίκησε
497 1725 546 1761 τὴν
558 1724 704 1760 ἀχάριστον
715 1722 768 1750 τῶν
780 1721 913 1749 Ἰουδαίων

122 1775 236 1810 γνώμην
252 1774 321 1809 γυνὴ
338 1771 514 1808 ἁμαρτωλὸς,
531 1771 548 1806 ἡ
569 1770 648 1796 θείων
670 1769 784 1804 ἄμοιρος
809 1769 912 1804 νόμων;

123 1822 156 1849 Oi
177 1821 226 1857 μὲν
242 1820 296 1856 γάρ
308 1819 392 1851 λίθοις
409 1817 489 1846 αὑτὸν
505 1816 626 1848 ἔϐαλλον,
643 1816 659 1849 ἡ
674 1815 703 1842 δὲ
725 1815 779 1846 τοῖς
792 1814 842 1849 τῆς
870 1813 915 1839 εύ-

121 1867 206 1898 ωδίας
219 1866 353 1902 ηὔφραινε
376 1864 486 1900 μύροις·
501 1862 570 1890 ἀλλὰ,
590 1861 710 1888 Ἰουδαῖοι
724 1860 773 1895 μὲν
795 1860 832 1891 ὡς
849 1858 916 1893 ἀχά-

127 1924 224 1952 ριστοι,
238 1914 276 1945 ὡς
286 1913 410 1940 ἁσύνετοι
422 1911 469 1938 καὶ
482 1909 650 1944 ἀγνώμονες,
667 1908 762 1938 κακοῖς
773 1905 917 1952 ἠμείϐοντο

125 1949 171 1989 τὸν
188 1960 347 1996 εὐεργέτην,
363 1957 446 1989 λίθοις
468 1956 514 1983 τὸν
532 1954 729 1989 ἁκρογωνιαῖον
742 1949 918 1986 φιλοφρονού-

129 2009 203 2044 μενοι
226 2007 316 2034 λίθον
339 2006 356 2040 ἡ
377 2005 405 2031 δὲ
424 2004 507 2038 μύρῳ
524 2002 629 2036 ἤλειφε
657 1999 728 2032 τοὺς
749 1998 845 2029 πόδας
870 1996 917 2044 τοῦ

130 2043 270 2091 μέλλοντος
303 2053 336 2079 δι’
365 2051 449 2087 αὐτὴν
477 2048 646 2084 πανημέριον
678 2046 724 2073 ἐπὶ
754 2044 802 2071 τοῦ
833 2043 918 2091 ἰκρίου

130 2088 255 2128 ίστᾶσθαι
294 2098 342 2124 τοῦ
380 2095 508 2132 σταυροῦ.
546 2095 601 2121 Καὶ
633 2093 658 2120 τί
685 2092 774 2126 λέγω,
802 2090 842 2116 ὅτι
874 2088 920 2115 τὸν

129 2147 274 2183 ἀχάριστον
295 2144 348 2170 τῶν
372 2142 505 2170 Ἰουδαίων
539 2141 649 2174 ἐνίκησε
676 2139 778 2173 δῆμον,
800 2137 866 2164 ὅπου
889 2144 920 2170 γε

130 2181 198 2221 ὅλων
211 2192 265 2218 τῶν
279 2190 362 2224 ἁγίων
374 2188 569 2224 ὑπερηκόντισε
585 2186 629 2212 τὸν
644 2185 735 2220 χορόν;
753 2181 853 2210 Ἐλαῦε
867 2181 922 2217 γὰρ

131 2239 221 2274 χάριν,
237 2238 270 2272 ἢν
285 2236 336 2262 οὑκ
355 2234 450 2261 ἔλαϐον
471 2232 601 2268 βασιλεῖς,
616 2229 649 2266 ἦς
663 2231 714 2257 οὐκ
731 2229 825 2263 ἔτυχον
841 2227 922 2253 δυνά-

133 2293 193 2311 σται
217 2280 357 2314 Βασιλεῖς
367 2280 421 2316 γάρ
435 2278 561 2312 Θαρσεὶς
572 2276 621 2304 καὶ
633 2275 722 2310 νῆσοι
739 2274 818 2308 δῶρα
831 2279 923 2307 προσ-

132 2330 269 2360 οίσουσι,
285 2327 334 2354 καὶ
353 2323 625 2360 προσκυνήσουσιν
645 2320 724 2354 αὐτῷ
754 2319 865 2351 πάντες
897 2319 923 2344 ol

963 1542 1018 1564 tum
1043 1540 1179 1570 unguento
1208 1535 1393 1562 honorantes:
1421 1533 1588 1569 Unguentum
1605 1534 1676 1562 enim
1704 1535 1745 1562 in-

960 1583 1030 1619 quit,
1045 1586 1208 1613 cruentatum,
1227 1588 1318 1608 nomen
1331 1580 1377 1607 tibi
1395 1580 1426 1610 ".

1000 1719 1054 1748 νιι,
1077 1716 1212 1748 \‘idistin‘,
1240 1721 1269 1743 ut
1294 1716 1390 1744 mulier
1408 1717 1555 1750 peccatrix,
1582 1724 1680 1751 expers
1700 1717 1745 1744 illa

964 1766 1116 1793 divinarum
1131 1764 1231 1798 legum,
1246 1763 1379 1796 ingratam
1393 1761 1487 1789 vicerit
1502 1761 1654 1789 Judaeorum
1671 1770 1747 1789 men-

966 1811 1041 1838 tem?
1058 1810 1096 1837 llli
1112 1809 1220 1844 quidem
1249 1809 1386 1843 appetiere
1414 1808 1545 1843 lapidibus
1568 1817 1575 1834 :
1601 1808 1658 1836 hac
1678 1816 1743 1835 vero

966 1854 1110 1891 unguentis
1122 1853 1343 1881 suaveolentibus
1361 1853 1503 1880 recreavit.
1529 1853 1564 1879 At
1577 1853 1685 1887 quidem
1699 1852 1750 1880 Ju-

965 1900 1102 1933 dzei,ceu'
1119 1899 1235 1934 ingrati,
1260 1906 1310 1926 ceu
1339 1898 1496 1932 insipientes
1529 1898 1748 1932 atqueimprolii,

967 1946 1091 1975 beneﬁt-0
1104 1945 1182 1974 malis
1195 1944 1376 1978 rependebant
1386 1964 1394 1976 ,
1410 1943 1525 1978 lapidem
1546 1943 1702 1977 angularem
1717 1943 1749 1975 ",

969 1992 1056 2019 amica
1086 1991 1252 2024 excipientes
1279 1988 1463 2023 lapidatione:
1479 1988 1536 2015 bzcc
1565 1993 1656 2016 autem
1680 1989 1751 2016 illius

968 2037 1044 2072 pedes
1061 2041 1192 2070 unguento
1207 2034 1318 2069 angebat
1335 2034 1368 2068 η,
1380 2034 1425 2070 qui
1441 2034 1510 2061 diem
1528 2039 1610 2062 totam
1623 2034 1649 2061 in
1664 2036 1752 2062 crucis

970 2082 1101 2118 patibulo,
1115 2082 1199 2116 ipsius
1223 2088 1314 2113 causa,
1329 2085 1450 2109 staturus
1464 2086 1531 2108 erat.
1546 2081 1615 2115 Quid
1629 2089 1704 2114 vero,
1716 2082 1754 2108 in-

971 2136 1077 2167 gratum
1093 2130 1234 2158 Iudaicum
1255 2130 1395 2166 populum,
1425 2131 1485 2158 dico
1512 2131 1610 2159 vicisse
1623 2151 1630 2164 ,
1646 2133 1754 2167 quando

971 2177 1091 2205 omnium
1106 2182 1262 2204 sanctorum
1281 2177 1418 2211 superavit
1435 2177 1565 2204 chorum?
1578 2177 1663 2211 Quam
1682 2179 1754 2205 enim

972 2223 1086 2259 gratiam
1115 2230 1191 2257 reges
1216 2230 1267 2249 non
1293 2227 1466 2256 acceperunt,
1485 2230 1565 2257 quam
1591 2229 1714 2257 potentes
1729 2230 1757 2251 Cl

973 2269 1109 2303 principes
1122 2275 1174 2295 non
1191 2268 1377 2301 obtinuerunt,
1390 2269 1495 2303 accepit
1508 2269 1563 2303 ipsa
1578 2268 1676 2303 :Regec
1684 2270 1754 2297 enim

975 2313 1125 2345 T/tarsis,et
1137 2314 1230 2340 imqu
1243 2321 1351 2340 munera
1362 2313 1468 2347 afferent
1479 2322 1488 2341 :
1499 2319 1523 2341 et
1538 2314 1686 2341 adorabunt
1699 2323 1757 2341 eum

131 2357 273 2407 ,ϐασιλεῖς
289 2373 344 2407 τῆς
357 2357 422 2406 prie.
438 2371 494 2397 Καὶ
508 2370 539 2405 δὴ
556 2359 626 2396 κατᾶ
642 2368 688 2394 τὸν
702 2365 854 2401 προφήτην,
872 2371 904 2389 κα

971 2367 1059 2386 omnes
1078 2367 1149 2393 reges
1164 2364 1240 2386 terra:
1258 2359 1289 2385 “'.
1317 2359 1388 2386 Sane
1403 2367 1468 2387 vero
1494 2358 1572 2394 ju'xla
1600 2360 1757 2394 prophetam

135 2420 239 2448 ἔδωκαν
253 2419 287 2446 τὰ
300 2419 385 2454 δῶρα,
403 2416 450 2444 καὶ
465 2415 671 2451 προσεκύνησαν
688 2410 829 2447 πόρρωθεν
839 2418 845 2426 ·
865 2405 923 2435 ἀλλ’

135 2466 221 2498 οὐδεὶς
235 2465 325 2492 αὐτῶν
341 2453 395 2491 ντοῦ
418 2462 505 2498 Ἰησοῦ
529 2462 591 2492 τοὺς
608 2460 690 2490 πόδας
712 2457 835 2492 ἐφίλησε.
860 2453 925 2484 Πῶς

136 2511 209 2546 γάρς
232 2508 333 2536 Ἦλθον
353 2508 434 2544 μάγοι
465 2506 593 2537 λαΰόντες
616 2503 719 2538 ἀστέρα
741 2502 790 2536 τῆς
821 2499 924 2546 ἱκεσίας

138 2544 281 2592 σύμμαχον
291 2563 298 2570 ·
314 2554 381 2582 ἀλλὰ
393 2552 535 2589 πόρρωθεν
549 2550 744 2587 ὲδωροφόρουν,
761 2547 809 2582 τῆς
822 2544 925 2592 οἰκείας

137 2589 294 2635 τάὲέωξτδ
321 2601 419 2636 μέτρον
442 2598 637 2634 γινώσκοντες·
668 2597 699 2621 ’0
719 2591 847 2628 οὐρανὸς
871 2589 925 2625 γάρ

975 2410 1002 2432 et
1017 2405 1148 2433 dederunt
1161 2406 1242 2438 dona,
1256 2409 1280 2432 et
1295 2405 1400 2432 eminus
1417 2405 1612 2432 adoraverunt:
1629 2410 1656 2431 at
1670 2405 1759 2432 nullus

979 2458 1071 2478 coram
1085 2450 1221 2478 osculatus
1234 2454 1274 2478 est
1291 2450 1373 2485 pedes
1392 2449 1466 2478 Jcsu.
1489 2450 1538 2483 Qui
1568 2450 1659 2477 enim?
1673 2450 1759 2477 Vene-

979 2502 1041 2523 runt
1056 2496 1139 2531 magi,
1153 2501 1264 2530 accepta
1278 2496 1352 2523 stella
1368 2496 1572 2530 supplicationis
1586 2496 1657 2523 socia
1673 2504 1680 2522 ι
1693 2495 1759 2522 emi-

977 2551 1029 2571 nus
1046 2547 1134 2570 tamen
1150 2541 1301 2570 oll'erebant
1318 2543 1397 2572 dona.
1421 2543 1528 2570 modum
1544 2543 1584 2569 sui
1604 2546 1688 2569 status
1708 2548 1761 2568 non

979 2590 1136 2623 ignorantes
1150 2598 1156 2615 :
1171 2587 1271 2616 Caium
1284 2589 1352 2615 enim
1371 2588 1434 2614 mihi
1450 2587 1522 2615 sedes
1537 2592 1594 2620 est;
1620 2592 1688 2614 terra
1711 2594 1762 2614 rm-

175 2707 198 2724 ¹¹
215 2705 285 2734 Psal.
305 2713 344 2741 VI,
357 2707 384 2734 7.
423 2706 444 2721 "
464 2704 530 2732 Can.
545 2714 563 2738 ι,
580 2705 608 2732 '2.
631 2720 637 2730 ι
649 2704 669 2720 ³³
687 2702 756 2731 Psal.
773 2710 856 2735 cxvn,
869 2700 904 2727 22

959 2700 979 2716 ιδ
990 2699 1067 2726 toan.
1085 2707 1112 2733 κ,
1131 2699 1175 2726 51.
1215 2698 1319 2726 "Psal.
1347 2705 1421 2730 Lm,
1454 2697 1496 2724 10.

176 2784 235 2820 (Ἡ)
250 2782 502 2820 ΚενωθένχΜοηιΐ.
515 2781 674 2820 ἐκκενωθέν,
689 2786 736 2820 _ut_
747 2781 816 2820 apud
841 2779 923 2807 LXX.

141 2817 202 2849 316x
215 2819 301 2854 ὖνομά
319 2828 376 2846 σου.
391 2819 444 2848 Sed
460 2818 600 2846 lectionem
620 2817 843 2845 Uouibcllsianam
858 2823 926 2851 pra:-

963 2820 966 2823 '
980 2813 1024 2841 hic
1036 2809 1132 2842 iterum
1148 2813 1292 2849 excitatur,
1307 2810 1418 2846 legimus
1428 2809 1547 2838 ἐκκενωο

979 2777 1030 2805 fert
1042 2785 1147 2813 (pioque
1157 2777 1241 2805 codex
1261 2776 1338 2803 Alex.
1353 2775 1422 2802 Infra
1445 2780 1532 2801 tamen
1577 2783 1614 2808 xx,
1630 2775 1674 2803 ubi
1688 2775 1762 2806 locus

981 2813 1024 2837 hic
1036 2814 1132 2837 iterum
1148 2813 1292 2837 excitatur.
1307 2810 1418 2837 lauimus
1428 2809 1547 2837 ὲκκενωθ
1566 2818 1587 2837 ν.
