  <div class='ocr_page' id='page_1' title='image "/cluster/home/n/w/nwhite01/storage/ocr_20150623/39/njp.32101010943528/045.png"; bbox 0 0 1904 3054; ppageno 0'>
   <div class='ocr_carea' id='block_1_1' title="bbox 145 87 180 115">
    <p class='ocr_par' dir='ltr' id='par_1_1' title="bbox 145 87 180 115">
     <span class='ocr_line' id='line_1_1' title="bbox 145 87 180 115; baseline 0.029 -1"><span class='ocrx_word' id='word_1_1' title='bbox 145 87 180 115; x_wconf 84' lang='lat'><strong>79</strong></span> 
     </span>
    </p>
   </div>
   <div class='ocr_carea' id='block_1_2' title="bbox 622 73 1280 106">
    <p class='ocr_par' dir='ltr' id='par_1_2' title="bbox 622 73 1280 106">
     <span class='ocr_line' id='line_1_2' title="bbox 622 73 1280 106; baseline -0.009 1"><span class='ocrx_word' id='word_1_2' title='bbox 622 79 649 106; x_wconf 90' lang='lat' dir='ltr'><strong>S.</strong></span> <span class='ocrx_word' id='word_1_3' title='bbox 672 77 896 106; x_wconf 76' lang='lat' dir='ltr'><strong>AMPHILOCHH</strong></span> <span class='ocrx_word' id='word_1_4' title='bbox 917 74 1108 104; x_wconf 80' lang='lat' dir='ltr'><strong>lCONlENSIS</strong></span> <span class='ocrx_word' id='word_1_5' title='bbox 1128 73 1280 102; x_wconf 71' lang='lat' dir='ltr'><strong>EPlSCOl’l</strong></span> 
     </span>
    </p>
   </div>
   <div class='ocr_carea' id='block_1_3' title="bbox 1665 48 1671 60">
    <p class='ocr_par' dir='ltr' id='par_1_3' title="bbox 1665 48 1671 60">
     <span class='ocr_line' id='line_1_3' title="bbox 1665 48 1671 60; baseline 0 0"><span class='ocrx_word' id='word_1_6' title='bbox 1665 48 1671 60; x_wconf 79' lang='lat'><strong><em>\</em></strong></span> 
     </span>
    </p>
   </div>
   <div class='ocr_carea' id='block_1_4' title="bbox 1741 72 1779 102">
    <p class='ocr_par' dir='ltr' id='par_1_4' title="bbox 1741 72 1779 102">
     <span class='ocr_line' id='line_1_4' title="bbox 1741 72 1779 102; baseline 0.053 -2"><span class='ocrx_word' id='word_1_7' title='bbox 1741 72 1779 102; x_wconf 61' lang='grc' dir='ltr'>κο</span> 
     </span>
    </p>
   </div>
   <div class='ocr_carea' id='block_1_5' title="bbox 146 131 939 176">
    <p class='ocr_par' dir='ltr' id='par_1_5' title="bbox 146 137 930 176">
     <span class='ocr_line' id='line_1_5' title="bbox 146 137 930 176; baseline -0.014 -4"><span class='ocrx_word' id='word_1_8' title='bbox 146 151 208 175; x_wconf 69' lang='lat' dir='ltr'><strong>tum,</strong></span> <span class='ocrx_word' id='word_1_9' title='bbox 226 142 366 170; x_wconf 70' lang='lat' dir='ltr'><strong>scabellum</strong></span> <span class='ocrx_word' id='word_1_10' title='bbox 379 140 474 176; x_wconf 83' lang='lat' dir='ltr'><strong>pedum</strong></span> <span class='ocrx_word' id='word_1_11' title='bbox 492 146 609 167; x_wconf 84' lang='lat' dir='ltr'><strong>meorum</strong></span> <span class='ocrx_word' id='word_1_12' title='bbox 625 139 657 166; x_wconf 72' lang='grc' dir='ltr'><strong>η.</strong></span> <span class='ocrx_word' id='word_1_13' title='bbox 675 138 812 166; x_wconf 85' lang='lat' dir='ltr'><strong>Laudctur</strong></span> <span class='ocrx_word' id='word_1_14' title='bbox 839 137 930 173; x_wconf 74' lang='lat' dir='ltr'><strong>itaque</strong></span> 
     </span>
    </p>
   </div>
   <div class='ocr_carea' id='block_1_6' title="bbox 996 131 1776 176">
    <p class='ocr_par' dir='ltr' id='par_1_6' title="bbox 996 131 1776 169">
     <span class='ocr_line' id='line_1_6' title="bbox 996 131 1776 169; baseline -0.008 -7"><span class='ocrx_word' id='word_1_15' title='bbox 996 143 1035 162; x_wconf 81' lang='lat' dir='ltr'><strong>tot</strong></span> <span class='ocrx_word' id='word_1_16' title='bbox 1048 135 1165 169; x_wconf 76' lang='grc' dir='ltr'>θρόνος,</span> <span class='ocrx_word' id='word_1_17' title='bbox 1183 134 1202 169; x_wconf 76' lang='grc' dir='ltr'><em>ἠ</em></span> <span class='ocrx_word' id='word_1_18' title='bbox 1220 133 1253 160; x_wconf 84' lang='grc' dir='ltr'>δὲ</span> <span class='ocrx_word' id='word_1_19' title='bbox 1268 132 1317 168; x_wconf 81' lang='grc' dir='ltr'>γῆ,</span> <span class='ocrx_word' id='word_1_20' title='bbox 1331 131 1499 160; x_wconf 74' lang='grc' dir='ltr'>ὑποπόδιον</span> <span class='ocrx_word' id='word_1_21' title='bbox 1517 131 1576 159; x_wconf 83' lang='grc' dir='ltr'><strong>τῶν</strong></span> <span class='ocrx_word' id='word_1_22' title='bbox 1590 131 1692 160; x_wconf 78' lang='grc' dir='ltr'>ποδῶν</span> <span class='ocrx_word' id='word_1_23' title='bbox 1706 142 1776 168; x_wconf 82' lang='grc' dir='ltr'>μου.</span> 
     </span>
    </p>
   </div>
   <div class='ocr_carea' id='block_1_7' title="bbox 148 182 930 221">
    <p class='ocr_par' dir='ltr' id='par_1_7' title="bbox 148 182 930 221">
     <span class='ocr_line' id='line_1_7' title="bbox 148 182 930 221; baseline -0.01 -5"><span class='ocrx_word' id='word_1_24' title='bbox 148 189 257 220; x_wconf 83' lang='lat' dir='ltr'><strong>mulier,</strong></span> <span class='ocrx_word' id='word_1_25' title='bbox 275 188 348 215; x_wconf 70' lang='lat' dir='ltr'><strong>velut</strong></span> <span class='ocrx_word' id='word_1_26' title='bbox 361 195 420 221; x_wconf 74' lang='lat' dir='ltr'><strong>qua:</strong></span> <span class='ocrx_word' id='word_1_27' title='bbox 437 186 518 213; x_wconf 89' lang='lat' dir='ltr'><strong>totius</strong></span> <span class='ocrx_word' id='word_1_28' title='bbox 545 190 624 212; x_wconf 67' lang='lat' dir='ltr'><strong>terrae</strong></span> <span class='ocrx_word' id='word_1_29' title='bbox 640 184 754 219; x_wconf 78' lang='lat' dir='ltr'><strong>gloriam</strong></span> <span class='ocrx_word' id='word_1_30' title='bbox 769 182 930 217; x_wconf 82' lang='lat' dir='ltr'><strong>susceperit;</strong></span> 
     </span>
    </p>
   </div>
   <div class='ocr_carea' id='block_1_8' title="bbox 148 228 934 270">
    <p class='ocr_par' dir='ltr' id='par_1_8' title="bbox 148 228 934 270">
     <span class='ocr_line' id='line_1_8' title="bbox 148 228 934 270; baseline -0.01 -8"><span class='ocrx_word' id='word_1_31' title='bbox 148 236 222 262; x_wconf 73' lang='lat' dir='ltr'><strong>velut</strong></span> <span class='ocrx_word' id='word_1_32' title='bbox 242 242 301 270; x_wconf 61' lang='lat' dir='ltr'><strong>quae</strong></span> <span class='ocrx_word' id='word_1_33' title='bbox 316 232 513 267; x_wconf 74' lang='lat' dir='ltr'><strong>sitantplexata</strong></span> <span class='ocrx_word' id='word_1_34' title='bbox 542 230 732 258; x_wconf 79' lang='lat' dir='ltr'><strong>immaculatos</strong></span> <span class='ocrx_word' id='word_1_35' title='bbox 750 229 840 264; x_wconf 87' lang='lat' dir='ltr'><strong>pedes,</strong></span> <span class='ocrx_word' id='word_1_36' title='bbox 858 228 934 263; x_wconf 82' lang='lat' dir='ltr'>cujus</span> 
     </span>
    </p>
   </div>
   <div class='ocr_carea' id='block_1_9' title="bbox 147 271 934 316">
    <p class='ocr_par' dir='ltr' id='par_1_9' title="bbox 147 271 934 316">
     <span class='ocr_line' id='line_1_9' title="bbox 147 271 934 316; baseline -0.01 -9"><span class='ocrx_word' id='word_1_37' title='bbox 147 281 287 316; x_wconf 72' lang='lat' dir='ltr'><strong>pulverem</strong></span> <span class='ocrx_word' id='word_1_38' title='bbox 298 279 399 312; x_wconf 78' lang='lat' dir='ltr'><strong>lingcnt</strong></span> <span class='ocrx_word' id='word_1_39' title='bbox 410 281 506 312; x_wconf 81' lang='lat' dir='ltr'><strong>gemes</strong></span> <span class='ocrx_word' id='word_1_40' title='bbox 518 274 759 310; x_wconf 67' lang='lat' dir='ltr'><strong>cogitationesque,</strong></span> <span class='ocrx_word' id='word_1_41' title='bbox 774 273 848 307; x_wconf 81' lang='lat' dir='ltr'><strong>juxta</strong></span> <span class='ocrx_word' id='word_1_42' title='bbox 863 271 934 306; x_wconf 86' lang='lat' dir='ltr'><strong>quod</strong></span> 
     </span>
    </p>
   </div>
   <div class='ocr_carea' id='block_1_10' title="bbox 149 318 934 356">
    <p class='ocr_par' dir='ltr' id='par_1_10' title="bbox 149 318 934 356">
     <span class='ocr_line' id='line_1_10' title="bbox 149 318 934 356; baseline -0.013 -3"><span class='ocrx_word' id='word_1_43' title='bbox 149 328 250 353; x_wconf 83' lang='lat' dir='ltr'><strong>dictum</strong></span> <span class='ocrx_word' id='word_1_44' title='bbox 268 329 326 352; x_wconf 85' lang='lat' dir='ltr'><strong>est:</strong></span> <span class='ocrx_word' id='word_1_45' title='bbox 347 323 380 349; x_wconf 81' lang='lat' dir='ltr'><strong>Et</strong></span> <span class='ocrx_word' id='word_1_46' title='bbox 409 322 509 349; x_wconf 79' lang='lat' dir='ltr'><strong>inimici</strong></span> <span class='ocrx_word' id='word_1_47' title='bbox 525 321 582 356; x_wconf 74' lang='lat' dir='ltr'><strong>ejus</strong></span> <span class='ocrx_word' id='word_1_48' title='bbox 597 325 693 346; x_wconf 77' lang='lat' dir='ltr'><strong>terram</strong></span> <span class='ocrx_word' id='word_1_49' title='bbox 709 319 805 353; x_wconf 69' lang='lat' dir='ltr'><strong>litigent</strong></span> <span class='ocrx_word' id='word_1_50' title='bbox 819 318 851 344; x_wconf 74' lang='grc'><strong>⁸⁷.</strong></span> <span class='ocrx_word' id='word_1_51' title='bbox 869 318 934 344; x_wconf 83' lang='lat' dir='ltr'><strong>Am-</strong></span> 
     </span>
    </p>
   </div>
   <div class='ocr_carea' id='block_1_11' title="bbox 151 365 934 406">
    <p class='ocr_par' dir='ltr' id='par_1_11' title="bbox 151 365 934 406">
     <span class='ocr_line' id='line_1_11' title="bbox 151 365 934 406; baseline -0.013 -7"><span class='ocrx_word' id='word_1_52' title='bbox 151 373 228 406; x_wconf 80' lang='lat' dir='ltr'><strong>plexa</strong></span> <span class='ocrx_word' id='word_1_53' title='bbox 247 375 289 406; x_wconf 88' lang='lat' dir='ltr'><strong>est</strong></span> <span class='ocrx_word' id='word_1_54' title='bbox 319 370 493 397; x_wconf 79' lang='lat' dir='ltr'><strong>intemeratas</strong></span> <span class='ocrx_word' id='word_1_55' title='bbox 515 367 615 402; x_wconf 83' lang='lat' dir='ltr'><strong>pedes:</strong></span> <span class='ocrx_word' id='word_1_56' title='bbox 643 365 742 393; x_wconf 80' lang='lat' dir='ltr'><strong>Christi</strong></span> <span class='ocrx_word' id='word_1_57' title='bbox 760 371 857 398; x_wconf 89' lang='lat' dir='ltr'><strong>corpus</strong></span> <span class='ocrx_word' id='word_1_58' title='bbox 874 371 934 390; x_wconf 75' lang='lat' dir='ltr'><strong>cum</strong></span> 
     </span>
    </p>
   </div>
   <div class='ocr_carea' id='block_1_12' title="bbox 149 410 934 451">
    <p class='ocr_par' dir='ltr' id='par_1_12' title="bbox 149 410 934 451">
     <span class='ocr_line' id='line_1_12' title="bbox 149 410 934 451; baseline -0.01 -7"><span class='ocrx_word' id='word_1_59' title='bbox 149 417 250 444; x_wconf 83' lang='lat' dir='ltr'><strong>Joanne</strong></span> <span class='ocrx_word' id='word_1_60' title='bbox 278 416 377 451; x_wconf 90' lang='lat' dir='ltr'><strong>partita</strong></span> <span class='ocrx_word' id='word_1_61' title='bbox 412 420 463 442; x_wconf 88' lang='lat' dir='ltr'><strong>est.</strong></span> <span class='ocrx_word' id='word_1_62' title='bbox 490 413 536 440; x_wconf 89' lang='lat' dir='ltr'><strong>llle</strong></span> <span class='ocrx_word' id='word_1_63' title='bbox 563 413 686 447; x_wconf 80' lang='lat' dir='ltr'><strong>equidem</strong></span> <span class='ocrx_word' id='word_1_64' title='bbox 716 410 838 438; x_wconf 84' lang='lat' dir='ltr'><strong>recubuit</strong></span> <span class='ocrx_word' id='word_1_65' title='bbox 854 417 934 444; x_wconf 81' lang='lat' dir='ltr'><strong>supra</strong></span> 
     </span>
    </p>
   </div>
   <div class='ocr_carea' id='block_1_13' title="bbox 149 455 933 498">
    <p class='ocr_par' dir='ltr' id='par_1_13' title="bbox 149 455 933 498">
     <span class='ocr_line' id='line_1_13' title="bbox 149 455 933 498; baseline -0.011 -9"><span class='ocrx_word' id='word_1_66' title='bbox 149 469 241 498; x_wconf 83' lang='lat' dir='ltr'><strong>pectus</strong></span> <span class='ocrx_word' id='word_1_67' title='bbox 259 462 291 495; x_wconf 82' lang='grc'><strong>¹⁸,</strong></span> <span class='ocrx_word' id='word_1_68' title='bbox 306 466 335 489; x_wconf 89' lang='grc' dir='ltr'>υι</span> <span class='ocrx_word' id='word_1_69' title='bbox 351 461 411 488; x_wconf 87' lang='lat' dir='ltr'><strong>inde</strong></span> <span class='ocrx_word' id='word_1_70' title='bbox 437 466 617 494; x_wconf 77' lang='lat' dir='ltr'><strong>cxprcssurus</strong></span> <span class='ocrx_word' id='word_1_71' title='bbox 635 457 751 484; x_wconf 86' lang='lat' dir='ltr'><strong>divinant</strong></span> <span class='ocrx_word' id='word_1_72' title='bbox 764 455 933 484; x_wconf 92' lang='lat' dir='ltr'><strong>doctrinam:</strong></span> 
     </span>
    </p>
   </div>
   <div class='ocr_carea' id='block_1_14' title="bbox 149 501 935 543">
    <p class='ocr_par' dir='ltr' id='par_1_14' title="bbox 149 501 935 543">
     <span class='ocr_line' id='line_1_14' title="bbox 149 501 935 543; baseline -0.011 -6"><span class='ocrx_word' id='word_1_73' title='bbox 149 515 177 536; x_wconf 80' lang='lat' dir='ltr'><strong>at</strong></span> <span class='ocrx_word' id='word_1_74' title='bbox 191 510 243 537; x_wconf 82' lang='lat' dir='ltr'><strong>ista</strong></span> <span class='ocrx_word' id='word_1_75' title='bbox 257 509 338 543; x_wconf 84' lang='lat' dir='ltr'><strong>pedes</strong></span> <span class='ocrx_word' id='word_1_76' title='bbox 354 507 433 534; x_wconf 71' lang='lat' dir='ltr'><strong>unxit</strong></span> <span class='ocrx_word' id='word_1_77' title='bbox 459 505 612 541; x_wconf 79' lang='lat' dir='ltr'><strong>gradientes</strong></span> <span class='ocrx_word' id='word_1_78' title='bbox 635 503 717 531; x_wconf 89' lang='lat' dir='ltr'><strong>nostri</strong></span> <span class='ocrx_word' id='word_1_79' title='bbox 733 510 825 530; x_wconf 83' lang='lat' dir='ltr'><strong>causa.</strong></span> <span class='ocrx_word' id='word_1_80' title='bbox 851 501 935 528; x_wconf 79' lang='lat' dir='ltr'><strong>Porro</strong></span> 
     </span>
    </p>
   </div>
   <div class='ocr_carea' id='block_1_15' title="bbox 149 547 935 590">
    <p class='ocr_par' dir='ltr' id='par_1_15' title="bbox 149 547 935 590">
     <span class='ocr_line' id='line_1_15' title="bbox 149 547 935 590; baseline -0.014 -7"><span class='ocrx_word' id='word_1_81' title='bbox 149 556 275 584; x_wconf 88' lang='lat' dir='ltr'><strong>Christus</strong></span> <span class='ocrx_word' id='word_1_82' title='bbox 295 554 341 590; x_wconf 89' lang='lat' dir='ltr'><strong>qui</strong></span> <span class='ocrx_word' id='word_1_83' title='bbox 356 561 409 580; x_wconf 91' lang='lat' dir='ltr'><strong>non</strong></span> <span class='ocrx_word' id='word_1_84' title='bbox 432 552 535 587; x_wconf 82' lang='lat' dir='ltr'><strong>judicat</strong></span> <span class='ocrx_word' id='word_1_85' title='bbox 560 554 711 586; x_wconf 87' lang='lat' dir='ltr'><strong>peccatum,</strong></span> <span class='ocrx_word' id='word_1_86' title='bbox 739 548 785 575; x_wconf 88' lang='lat' dir='ltr'><strong>sed</strong></span> <span class='ocrx_word' id='word_1_87' title='bbox 800 547 935 581; x_wconf 63' lang='lat' dir='ltr'><strong>poeniten-</strong></span> 
     </span>
    </p>
   </div>
   <div class='ocr_carea' id='block_1_16' title="bbox 152 592 937 634">
    <p class='ocr_par' dir='ltr' id='par_1_16' title="bbox 152 592 937 634">
     <span class='ocr_line' id='line_1_16' title="bbox 152 592 937 634; baseline -0.01 -6"><span class='ocrx_word' id='word_1_88' title='bbox 152 603 215 628; x_wconf 82' lang='lat' dir='ltr'><strong>tiam</strong></span> <span class='ocrx_word' id='word_1_89' title='bbox 228 601 333 630; x_wconf 82' lang='lat' dir='ltr'><strong>laudat;</strong></span> <span class='ocrx_word' id='word_1_90' title='bbox 350 599 395 634; x_wconf 90' lang='lat' dir='ltr'><strong>qui</strong></span> <span class='ocrx_word' id='word_1_91' title='bbox 415 598 551 634; x_wconf 53' lang='lat' dir='ltr'><strong>praeterita</strong></span> <span class='ocrx_word' id='word_1_92' title='bbox 581 604 632 624; x_wconf 91' lang='lat' dir='ltr'><strong>non</strong></span> <span class='ocrx_word' id='word_1_93' title='bbox 663 596 756 631; x_wconf 87' lang='lat' dir='ltr'><strong>puuit,</strong></span> <span class='ocrx_word' id='word_1_94' title='bbox 777 594 823 621; x_wconf 80' lang='lat' dir='ltr'><strong>sed</strong></span> <span class='ocrx_word' id='word_1_95' title='bbox 840 592 937 628; x_wconf 88' lang='lat' dir='ltr'><strong>probat</strong></span> 
     </span>
    </p>
   </div>
   <div class='ocr_carea' id='block_1_17' title="bbox 151 640 937 680">
    <p class='ocr_par' dir='ltr' id='par_1_17' title="bbox 151 640 937 680">
     <span class='ocr_line' id='line_1_17' title="bbox 151 640 937 680; baseline -0.011 -6"><span class='ocrx_word' id='word_1_96' title='bbox 151 649 253 680; x_wconf 71' lang='lat' dir='ltr'><strong>futura,</strong></span> <span class='ocrx_word' id='word_1_97' title='bbox 274 644 522 673; x_wconf 37' lang='lat' dir='ltr'><strong>traditishoblivioni</strong></span> <span class='ocrx_word' id='word_1_98' title='bbox 551 643 629 670; x_wconf 84' lang='lat' dir='ltr'><strong>malis</strong></span> <span class='ocrx_word' id='word_1_99' title='bbox 644 641 700 675; x_wconf 82' lang='lat' dir='ltr'><strong>ejus</strong></span> <span class='ocrx_word' id='word_1_100' title='bbox 720 640 864 676; x_wconf 82' lang='lat' dir='ltr'><strong>prioribus,</strong></span> <span class='ocrx_word' id='word_1_101' title='bbox 879 647 937 666; x_wconf 92' lang='lat' dir='ltr'><strong>mu-</strong></span> 
     </span>
    </p>
   </div>
   <div class='ocr_carea' id='block_1_18' title="bbox 151 685 953 723">
    <p class='ocr_par' dir='ltr' id='par_1_18' title="bbox 151 685 953 723">
     <span class='ocr_line' id='line_1_18' title="bbox 151 685 953 723; baseline -0.011 -2"><span class='ocrx_word' id='word_1_102' title='bbox 151 695 210 722; x_wconf 68' lang='lat' dir='ltr'><strong>lieri</strong></span> <span class='ocrx_word' id='word_1_103' title='bbox 226 695 355 721; x_wconf 86' lang='lat' dir='ltr'><strong>honorem</strong></span> <span class='ocrx_word' id='word_1_104' title='bbox 371 691 463 723; x_wconf 85' lang='lat' dir='ltr'><strong>habet,</strong></span> <span class='ocrx_word' id='word_1_105' title='bbox 480 696 507 717; x_wconf 89' lang='lat' dir='ltr'><strong>et</strong></span> <span class='ocrx_word' id='word_1_106' title='bbox 521 689 612 716; x_wconf 79' lang='lat' dir='ltr'><strong>laudat</strong></span> <span class='ocrx_word' id='word_1_107' title='bbox 636 685 953 722; x_wconf 69' lang='lat' dir='ltr'><strong>pmnitetttiaxn.Justi-‘</strong></span> 
     </span>
    </p>
   </div>
   <div class='ocr_carea' id='block_1_19' title="bbox 152 736 742 774">
    <p class='ocr_par' dir='ltr' id='par_1_19' title="bbox 152 736 742 774">
     <span class='ocr_line' id='line_1_19' title="bbox 152 736 742 774; baseline -0.012 -7"><span class='ocrx_word' id='word_1_108' title='bbox 152 740 214 767; x_wconf 72' lang='lat' dir='ltr'><strong>ﬂeat</strong></span> <span class='ocrx_word' id='word_1_109' title='bbox 227 740 371 774; x_wconf 81' lang='lat' dir='ltr'><strong>lacrymas,</strong></span> <span class='ocrx_word' id='word_1_110' title='bbox 384 742 410 764; x_wconf 93' lang='lat' dir='ltr'><strong>et</strong></span> <span class='ocrx_word' id='word_1_111' title='bbox 435 736 601 772; x_wconf 85' lang='lat' dir='ltr'><strong>propositum</strong></span> <span class='ocrx_word' id='word_1_112' title='bbox 619 738 742 762; x_wconf 86' lang='lat' dir='ltr'><strong>coronat.</strong></span> 
     </span>
    </p>
   </div>
   <div class='ocr_carea' id='block_1_20' title="bbox 992 177 1780 214">
    <p class='ocr_par' dir='ltr' id='par_1_20' title="bbox 992 177 1780 214">
     <span class='ocr_line' id='line_1_20' title="bbox 992 177 1780 214; baseline -0.001 -7"><span class='ocrx_word' id='word_1_113' title='bbox 992 180 1163 208; x_wconf 80' lang='grc' dir='ltr'>Ἐπαινέσθω</span> <span class='ocrx_word' id='word_1_114' title='bbox 1182 179 1271 206; x_wconf 75' lang='grc' dir='ltr'>τοίνυν</span> <span class='ocrx_word' id='word_1_115' title='bbox 1287 179 1304 214; x_wconf 83' lang='grc' dir='ltr'>ἡ</span> <span class='ocrx_word' id='word_1_116' title='bbox 1321 178 1399 214; x_wconf 84' lang='grc' dir='ltr'>γυνὴ,</span> <span class='ocrx_word' id='word_1_117' title='bbox 1421 179 1459 211; x_wconf 82' lang='grc' dir='ltr'>ὡς</span> <span class='ocrx_word' id='word_1_118' title='bbox 1475 178 1539 213; x_wconf 78' lang='grc' dir='ltr'>ὅλης</span> <span class='ocrx_word' id='word_1_119' title='bbox 1553 177 1602 213; x_wconf 80' lang='grc' dir='ltr'>τῆς</span> <span class='ocrx_word' id='word_1_120' title='bbox 1614 178 1664 213; x_wconf 85' lang='grc' dir='ltr'>γῆς</span> <span class='ocrx_word' id='word_1_121' title='bbox 1676 178 1725 213; x_wconf 83' lang='grc' dir='ltr'><strong>τὴν</strong></span> <span class='ocrx_word' id='word_1_122' title='bbox 1740 188 1780 206; x_wconf 79' lang='grc' dir='ltr'>τι-</span> 
     </span>
    </p>
   </div>
   <div class='ocr_carea' id='block_1_21' title="bbox 989 221 1780 263">
    <p class='ocr_par' dir='ltr' id='par_1_21' title="bbox 989 221 1780 263">
     <span class='ocr_line' id='line_1_21' title="bbox 989 221 1780 263; baseline -0.001 -10"><span class='ocrx_word' id='word_1_123' title='bbox 989 227 1042 263; x_wconf 80' lang='grc' dir='ltr'><strong>μὴν</strong></span> <span class='ocrx_word' id='word_1_124' title='bbox 1061 226 1266 262; x_wconf 70' lang='grc' dir='ltr'>ὑποδεξαμένη*</span> <span class='ocrx_word' id='word_1_125' title='bbox 1281 226 1317 258; x_wconf 84' lang='grc' dir='ltr'>ὡς</span> <span class='ocrx_word' id='word_1_126' title='bbox 1334 225 1460 260; x_wconf 72' lang='grc' dir='ltr'>ἁψαμένη</span> <span class='ocrx_word' id='word_1_127' title='bbox 1473 225 1561 252; x_wconf 80' lang='grc' dir='ltr'>ποδῶν</span> <span class='ocrx_word' id='word_1_128' title='bbox 1575 225 1728 260; x_wconf 79' lang='grc' dir='ltr'>ἀχράντων,</span> <span class='ocrx_word' id='word_1_129' title='bbox 1742 221 1780 252; x_wconf 76' lang='grc' dir='ltr'>ὧν</span> 
     </span>
    </p>
   </div>
   <div class='ocr_carea' id='block_1_22' title="bbox 987 270 1780 308">
    <p class='ocr_par' dir='ltr' id='par_1_22' title="bbox 987 270 1780 308">
     <span class='ocr_line' id='line_1_22' title="bbox 987 270 1780 308; baseline -0.004 -9"><span class='ocrx_word' id='word_1_130' title='bbox 987 273 1032 299; x_wconf 79' lang='grc' dir='ltr'><strong>τὸν</strong></span> <span class='ocrx_word' id='word_1_131' title='bbox 1047 272 1111 308; x_wconf 82' lang='grc' dir='ltr'>χοῦν</span> <span class='ocrx_word' id='word_1_132' title='bbox 1128 272 1192 308; x_wconf 78' lang='grc' dir='ltr'>ἔθνη</span> <span class='ocrx_word' id='word_1_133' title='bbox 1209 272 1255 299; x_wconf 73' lang='grc' dir='ltr'><strong>καὶ</strong></span> <span class='ocrx_word' id='word_1_134' title='bbox 1268 271 1382 307; x_wconf 72' lang='grc' dir='ltr'>πατριαὶ</span> <span class='ocrx_word' id='word_1_135' title='bbox 1401 271 1512 303; x_wconf 83' lang='grc' dir='ltr'>λίξουσι,</span> <span class='ocrx_word' id='word_1_136' title='bbox 1532 270 1602 297; x_wconf 76' lang='grc' dir='ltr'>κατὰ</span> <span class='ocrx_word' id='word_1_137' title='bbox 1619 271 1649 297; x_wconf 83' lang='grc' dir='ltr'>τὸ</span> <span class='ocrx_word' id='word_1_138' title='bbox 1667 271 1780 306; x_wconf 82' lang='grc' dir='ltr'>εἰρημέ-</span> 
     </span>
    </p>
   </div>
   <div class='ocr_carea' id='block_1_23' title="bbox 987 316 1781 352">
    <p class='ocr_par' dir='ltr' id='par_1_23' title="bbox 987 316 1781 352">
     <span class='ocr_line' id='line_1_23' title="bbox 987 316 1781 352; baseline -0.003 -7"><span class='ocrx_word' id='word_1_139' title='bbox 987 327 1047 346; x_wconf 90' lang='grc' dir='ltr'>νον·</span> <span class='ocrx_word' id='word_1_140' title='bbox 1064 318 1120 345; x_wconf 81' lang='grc' dir='ltr'><strong>Καὶ</strong></span> <span class='ocrx_word' id='word_1_141' title='bbox 1142 319 1168 344; x_wconf 84' lang='grc' dir='ltr'>οὶ</span> <span class='ocrx_word' id='word_1_142' title='bbox 1184 318 1284 352; x_wconf 76' lang='grc' dir='ltr'>ἐχθροὶ</span> <span class='ocrx_word' id='word_1_143' title='bbox 1306 317 1399 344; x_wconf 77' lang='grc' dir='ltr'>αὑτοῦ</span> <span class='ocrx_word' id='word_1_144' title='bbox 1411 317 1486 351; x_wconf 86' lang='grc' dir='ltr'><strong>χοῦν</strong></span> <span class='ocrx_word' id='word_1_145' title='bbox 1504 316 1656 348; x_wconf 71' lang='grc' dir='ltr'>λίξουσιν.</span> <span class='ocrx_word' id='word_1_146' title='bbox 1673 317 1781 351; x_wconf 73' lang='grc' dir='ltr'>Ἥψατο</span> 
     </span>
    </p>
   </div>
   <div class='ocr_carea' id='block_1_24' title="bbox 988 361 1780 399">
    <p class='ocr_par' dir='ltr' id='par_1_24' title="bbox 988 361 1780 399">
     <span class='ocr_line' id='line_1_24' title="bbox 988 361 1780 399; baseline -0.003 -8"><span class='ocrx_word' id='word_1_147' title='bbox 988 364 1076 391; x_wconf 72' lang='grc' dir='ltr'>ποδῶν</span> <span class='ocrx_word' id='word_1_148' title='bbox 1103 364 1262 399; x_wconf 79' lang='grc' dir='ltr'>ἀχράντων·</span> <span class='ocrx_word' id='word_1_149' title='bbox 1299 363 1445 399; x_wconf 73' lang='grc' dir='ltr'><strong>ἐμερίσατο</strong></span> <span class='ocrx_word' id='word_1_150' title='bbox 1474 363 1544 398; x_wconf 80' lang='grc' dir='ltr'>πρὸς</span> <span class='ocrx_word' id='word_1_151' title='bbox 1581 362 1708 397; x_wconf 79' lang='grc' dir='ltr'><strong>Ἰωάννην</strong></span> <span class='ocrx_word' id='word_1_152' title='bbox 1732 361 1780 389; x_wconf 83' lang='grc' dir='ltr'>τοῦ</span> 
     </span>
    </p>
   </div>
   <div class='ocr_carea' id='block_1_25' title="bbox 988 407 1780 446">
    <p class='ocr_par' dir='ltr' id='par_1_25' title="bbox 988 407 1780 446">
     <span class='ocr_line' id='line_1_25' title="bbox 988 407 1780 446; baseline -0.004 -10"><span class='ocrx_word' id='word_1_153' title='bbox 988 408 1106 446; x_wconf 80' lang='grc' dir='ltr'><strong>Χριστοῦ</strong></span> <span class='ocrx_word' id='word_1_154' title='bbox 1126 409 1156 435; x_wconf 82' lang='grc' dir='ltr'>τὸ</span> <span class='ocrx_word' id='word_1_155' title='bbox 1172 409 1262 444; x_wconf 81' lang='grc' dir='ltr'>σῶμα.</span> <span class='ocrx_word' id='word_1_156' title='bbox 1281 409 1310 435; x_wconf 90' lang='grc'><strong>’0</strong></span> <span class='ocrx_word' id='word_1_157' title='bbox 1323 408 1371 443; x_wconf 79' lang='grc' dir='ltr'><strong>μὲν</strong></span> <span class='ocrx_word' id='word_1_158' title='bbox 1388 408 1443 443; x_wconf 74' lang='grc' dir='ltr'><strong>γὰρ</strong></span> <span class='ocrx_word' id='word_1_159' title='bbox 1457 408 1504 434; x_wconf 78' lang='grc' dir='ltr'>ἐπὶ</span> <span class='ocrx_word' id='word_1_160' title='bbox 1521 407 1637 443; x_wconf 77' lang='grc' dir='ltr'><strong>στήθους</strong></span> <span class='ocrx_word' id='word_1_161' title='bbox 1653 407 1780 434; x_wconf 83' lang='grc' dir='ltr'>ἀνέπεσε·</span> 
     </span>
    </p>
   </div>
   <div class='ocr_carea' id='block_1_26' title="bbox 989 453 1781 492">
    <p class='ocr_par' dir='ltr' id='par_1_26' title="bbox 989 453 1781 492">
     <span class='ocr_line' id='line_1_26' title="bbox 989 453 1781 492; baseline -0.003 -10"><span class='ocrx_word' id='word_1_162' title='bbox 989 455 1064 482; x_wconf 86' lang='grc' dir='ltr'>θείαν</span> <span class='ocrx_word' id='word_1_163' title='bbox 1071 455 1125 492; x_wconf 83' lang='grc' dir='ltr'><strong>γὰρ</strong></span> <span class='ocrx_word' id='word_1_164' title='bbox 1139 454 1253 482; x_wconf 74' lang='grc' dir='ltr'>αὐτόθεν</span> <span class='ocrx_word' id='word_1_165' title='bbox 1261 454 1357 490; x_wconf 73' lang='grc' dir='ltr'>ἔμελλε</span> <span class='ocrx_word' id='word_1_166' title='bbox 1372 453 1546 480; x_wconf 76' lang='grc' dir='ltr'><strong>διδασκαλίαν</strong></span> <span class='ocrx_word' id='word_1_167' title='bbox 1560 453 1781 489; x_wconf 70' lang='grc' dir='ltr'>ἁπομάσσεσθαισ</span> 
     </span>
    </p>
   </div>
   <div class='ocr_carea' id='block_1_27' title="bbox 989 500 1781 537">
    <p class='ocr_par' dir='ltr' id='par_1_27' title="bbox 989 500 1781 537">
     <span class='ocr_line' id='line_1_27' title="bbox 989 500 1781 537; baseline -0.001 -9"><span class='ocrx_word' id='word_1_168' title='bbox 989 503 1005 537; x_wconf 87' lang='grc' dir='ltr'><strong>ή</strong></span> <span class='ocrx_word' id='word_1_169' title='bbox 1023 501 1051 528; x_wconf 75' lang='grc' dir='ltr'>δὲ</span> <span class='ocrx_word' id='word_1_170' title='bbox 1071 502 1135 532; x_wconf 77' lang='grc' dir='ltr'>τοὺς</span> <span class='ocrx_word' id='word_1_171' title='bbox 1155 501 1225 537; x_wconf 81' lang='grc' dir='ltr'>ὑπὲρ</span> <span class='ocrx_word' id='word_1_172' title='bbox 1241 501 1319 536; x_wconf 81' lang='grc' dir='ltr'>ἡμῶν</span> <span class='ocrx_word' id='word_1_173' title='bbox 1341 500 1497 536; x_wconf 73' lang='grc' dir='ltr'><strong>βαδίζοντας</strong></span> <span class='ocrx_word' id='word_1_174' title='bbox 1520 500 1602 531; x_wconf 69' lang='grc' dir='ltr'>πόδας</span> <span class='ocrx_word' id='word_1_175' title='bbox 1619 500 1781 535; x_wconf 80' lang='grc' dir='ltr'>ὑπήλειφεν.</span> 
     </span>
    </p>
   </div>
   <div class='ocr_carea' id='block_1_28' title="bbox 995 545 1780 582">
    <p class='ocr_par' dir='ltr' id='par_1_28' title="bbox 995 545 1780 582">
     <span class='ocr_line' id='line_1_28' title="bbox 995 545 1780 582; baseline -0.003 -8"><span class='ocrx_word' id='word_1_176' title='bbox 995 547 1065 574; x_wconf 81' lang='grc' dir='ltr'>Ἀλλ’</span> <span class='ocrx_word' id='word_1_177' title='bbox 1086 548 1100 573; x_wconf 81' lang='grc' dir='ltr'>ὁ</span> <span class='ocrx_word' id='word_1_178' title='bbox 1125 547 1243 582; x_wconf 79' lang='grc' dir='ltr'>Χριστὸς</span> <span class='ocrx_word' id='word_1_179' title='bbox 1269 547 1328 582; x_wconf 75' lang='grc' dir='ltr'>μὲν,</span> <span class='ocrx_word' id='word_1_180' title='bbox 1347 547 1409 582; x_wconf 81' lang='grc' dir='ltr'>ὁμὴ</span> <span class='ocrx_word' id='word_1_181' title='bbox 1434 546 1483 582; x_wconf 80' lang='grc' dir='ltr'>τὴν</span> <span class='ocrx_word' id='word_1_182' title='bbox 1506 546 1644 581; x_wconf 74' lang='grc' dir='ltr'><strong>ἁμαρτίαν</strong></span> <span class='ocrx_word' id='word_1_183' title='bbox 1668 545 1780 581; x_wconf 83' lang='grc' dir='ltr'>κρίνων,</span> 
     </span>
    </p>
   </div>
   <div class='ocr_carea' id='block_1_29' title="bbox 990 592 1783 629">
    <p class='ocr_par' dir='ltr' id='par_1_29' title="bbox 990 592 1783 629">
     <span class='ocr_line' id='line_1_29' title="bbox 990 592 1783 629; baseline -0.001 -9"><span class='ocrx_word' id='word_1_184' title='bbox 990 593 1058 620; x_wconf 82' lang='grc' dir='ltr'>ἀλλὰ</span> <span class='ocrx_word' id='word_1_185' title='bbox 1079 593 1128 629; x_wconf 63' lang='grc' dir='ltr'>τῆν</span> <span class='ocrx_word' id='word_1_186' title='bbox 1147 594 1291 629; x_wconf 78' lang='grc' dir='ltr'>μετάνοιαν</span> <span class='ocrx_word' id='word_1_187' title='bbox 1309 593 1445 620; x_wconf 60' lang='grc' dir='ltr'>ἐπαινῶν</span> <span class='ocrx_word' id='word_1_188' title='bbox 1462 594 1476 619; x_wconf 90' lang='grc' dir='ltr'>ὁ</span> <span class='ocrx_word' id='word_1_189' title='bbox 1495 593 1532 628; x_wconf 84' lang='grc' dir='ltr'>μὴ</span> <span class='ocrx_word' id='word_1_190' title='bbox 1556 592 1590 618; x_wconf 71' lang='grc' dir='ltr'><strong>τὰ</strong></span> <span class='ocrx_word' id='word_1_191' title='bbox 1611 592 1783 628; x_wconf 73' lang='grc' dir='ltr'><strong>παρελθόντα</strong></span> 
     </span>
    </p>
   </div>
   <div class='ocr_carea' id='block_1_30' title="bbox 990 639 1790 676">
    <p class='ocr_par' dir='ltr' id='par_1_30' title="bbox 990 639 1790 676">
     <span class='ocr_line' id='line_1_30' title="bbox 990 639 1790 676; baseline -0.004 -8"><span class='ocrx_word' id='word_1_192' title='bbox 990 641 1121 674; x_wconf 76' lang='grc' dir='ltr'><strong>κολάζων,</strong></span> <span class='ocrx_word' id='word_1_193' title='bbox 1149 641 1218 667; x_wconf 80' lang='grc' dir='ltr'>ἀλλὰ</span> <span class='ocrx_word' id='word_1_194' title='bbox 1237 641 1271 667; x_wconf 78' lang='grc' dir='ltr'>τὰ</span> <span class='ocrx_word' id='word_1_195' title='bbox 1288 640 1420 676; x_wconf 80' lang='grc' dir='ltr'>μέλλοντα</span> <span class='ocrx_word' id='word_1_196' title='bbox 1442 640 1615 675; x_wconf 78' lang='grc' dir='ltr'><strong>δοκιμάζων,</strong></span> <span class='ocrx_word' id='word_1_197' title='bbox 1641 639 1790 675; x_wconf 84' lang='grc' dir='ltr'>ἀμνηστίᾳ.</span> 
     </span>
    </p>
   </div>
   <div class='ocr_carea' id='block_1_31' title="bbox 990 685 1782 724">
    <p class='ocr_par' dir='ltr' id='par_1_31' title="bbox 990 685 1782 724">
     <span class='ocr_line' id='line_1_31' title="bbox 990 685 1782 724; baseline -0.004 -10"><span class='ocrx_word' id='word_1_198' title='bbox 990 687 1133 724; x_wconf 82' lang='grc' dir='ltr'>παρελθὼν</span> <span class='ocrx_word' id='word_1_199' title='bbox 1147 687 1182 714; x_wconf 86' lang='grc' dir='ltr'>τὰ</span> <span class='ocrx_word' id='word_1_200' title='bbox 1197 687 1368 722; x_wconf 77' lang='grc' dir='ltr'>προλαϐόντα</span> <span class='ocrx_word' id='word_1_201' title='bbox 1385 686 1470 721; x_wconf 78' lang='grc' dir='ltr'>αὐτῆς</span> <span class='ocrx_word' id='word_1_202' title='bbox 1484 685 1568 718; x_wconf 84' lang='grc' dir='ltr'>κακὰ,</span> <span class='ocrx_word' id='word_1_203' title='bbox 1585 686 1653 721; x_wconf 82' lang='grc' dir='ltr'>τιμᾷ</span> <span class='ocrx_word' id='word_1_204' title='bbox 1666 685 1716 720; x_wconf 85' lang='grc' dir='ltr'><strong>τὴν</strong></span> <span class='ocrx_word' id='word_1_205' title='bbox 1731 694 1782 719; x_wconf 89' lang='grc' dir='ltr'><strong>γυ-</strong></span> 
     </span>
    </p>
   </div>
   <div class='ocr_carea' id='block_1_32' title="bbox 990 730 1782 767">
    <p class='ocr_par' dir='ltr' id='par_1_32' title="bbox 990 730 1782 767">
     <span class='ocr_line' id='line_1_32' title="bbox 990 730 1782 767; baseline -0.005 -7"><span class='ocrx_word' id='word_1_206' title='bbox 990 735 1081 767; x_wconf 86' lang='grc' dir='ltr'>ναῖκα,</span> <span class='ocrx_word' id='word_1_207' title='bbox 1102 733 1150 760; x_wconf 59' lang='grc' dir='ltr'><strong>καὶ⁵</strong></span> <span class='ocrx_word' id='word_1_208' title='bbox 1169 733 1275 758; x_wconf 77' lang='grc' dir='ltr'>ἐπαινεῖ</span> <span class='ocrx_word' id='word_1_209' title='bbox 1299 731 1348 767; x_wconf 83' lang='grc' dir='ltr'>τὴν</span> <span class='ocrx_word' id='word_1_210' title='bbox 1373 731 1534 767; x_wconf 67' lang='grc' dir='ltr'>μετάνοιαψ</span> <span class='ocrx_word' id='word_1_211' title='bbox 1561 731 1660 757; x_wconf 87' lang='grc' dir='ltr'>δικαιοῖ</span> <span class='ocrx_word' id='word_1_212' title='bbox 1679 731 1713 757; x_wconf 77' lang='grc' dir='ltr'>τὰ</span> <span class='ocrx_word' id='word_1_213' title='bbox 1734 730 1782 757; x_wconf 81' lang='grc' dir='ltr'>δά-</span> 
     </span>
    </p>
   </div>
   <div class='ocr_carea' id='block_1_33' title="bbox 991 776 1497 816">
    <p class='ocr_par' dir='ltr' id='par_1_33' title="bbox 991 776 1497 816">
     <span class='ocr_line' id='line_1_33' title="bbox 991 776 1497 816; baseline -0.006 -10"><span class='ocrx_word' id='word_1_214' title='bbox 991 788 1072 816; x_wconf 84' lang='grc' dir='ltr'>κρυα,</span> <span class='ocrx_word' id='word_1_215' title='bbox 1089 780 1136 806; x_wconf 73' lang='grc' dir='ltr'><strong>καὶ</strong></span> <span class='ocrx_word' id='word_1_216' title='bbox 1152 779 1279 813; x_wconf 82' lang='grc' dir='ltr'>στεφανοῖ</span> <span class='ocrx_word' id='word_1_217' title='bbox 1293 778 1340 812; x_wconf 83' lang='grc' dir='ltr'><strong>τὴν</strong></span> <span class='ocrx_word' id='word_1_218' title='bbox 1359 776 1497 813; x_wconf 82' lang='grc' dir='ltr'><strong>πρόθεσιν.</strong></span> 
     </span>
    </p>
   </div>
   <div class='ocr_carea' id='block_1_34' title="bbox 188 821 939 860">
    <p class='ocr_par' dir='ltr' id='par_1_34' title="bbox 188 821 939 855">
     <span class='ocr_line' id='line_1_34' title="bbox 188 821 939 855; baseline -0.009 0"><span class='ocrx_word' id='word_1_219' title='bbox 188 828 256 855; x_wconf 81' lang='lat' dir='ltr'><strong>V&#39;lll.</strong></span> <span class='ocrx_word' id='word_1_220' title='bbox 275 827 376 854; x_wconf 75' lang='lat' dir='ltr'><strong>Videtis</strong></span> <span class='ocrx_word' id='word_1_221' title='bbox 392 831 482 853; x_wconf 88' lang='lat' dir='ltr'><strong>autem</strong></span> <span class='ocrx_word' id='word_1_222' title='bbox 497 824 652 852; x_wconf 69' lang='lat' dir='ltr'><strong>Pharisaeus</strong></span> <span class='ocrx_word' id='word_1_223' title='bbox 668 822 837 855; x_wconf 84' lang='lat' dir='ltr'><strong>miraculum,</strong></span> <span class='ocrx_word' id='word_1_224' title='bbox 850 821 939 848; x_wconf 87' lang='lat' dir='ltr'><strong>animo</strong></span> 
     </span>
    </p>
   </div>
   <div class='ocr_carea' id='block_1_35' title="bbox 996 821 1783 860">
    <p class='ocr_par' dir='ltr' id='par_1_35' title="bbox 1025 821 1783 860">
     <span class='ocr_line' id='line_1_35' title="bbox 1025 821 1783 860; baseline -0.007 -7"><span class='ocrx_word' id='word_1_225' title='bbox 1025 825 1108 853; x_wconf 76' lang='lat' dir='ltr'><strong>H&#39;.&quot;0</strong></span> <span class='ocrx_word' id='word_1_226' title='bbox 1125 834 1156 860; x_wconf 86' lang='grc' dir='ltr'><strong>γε</strong></span> <span class='ocrx_word' id='word_1_227' title='bbox 1168 826 1313 860; x_wconf 82' lang='grc' dir='ltr'>Φαρισαῖος</span> <span class='ocrx_word' id='word_1_228' title='bbox 1327 823 1398 859; x_wconf 79' lang='grc' dir='ltr'>ὁρῶν</span> <span class='ocrx_word' id='word_1_229' title='bbox 1406 823 1436 850; x_wconf 74' lang='grc' dir='ltr'><strong>τδ</strong></span> <span class='ocrx_word' id='word_1_230' title='bbox 1454 823 1545 858; x_wconf 77' lang='grc' dir='ltr'>θαῦμα</span> <span class='ocrx_word' id='word_1_231' title='bbox 1555 843 1562 855; x_wconf 92' lang='grc'><strong>,</strong></span> <span class='ocrx_word' id='word_1_232' title='bbox 1574 822 1722 858; x_wconf 86' lang='grc' dir='ltr'>πλήττεται</span> <span class='ocrx_word' id='word_1_233' title='bbox 1733 821 1783 858; x_wconf 78' lang='grc' dir='ltr'>τὴν</span> 
     </span>
    </p>
   </div>
   <div class='ocr_carea' id='block_1_36' title="bbox 151 867 937 909">
    <p class='ocr_par' dir='ltr' id='par_1_36' title="bbox 151 867 937 909">
     <span class='ocr_line' id='line_1_36' title="bbox 151 867 937 909; baseline -0.01 -7"><span class='ocrx_word' id='word_1_234' title='bbox 151 874 336 909; x_wconf 87' lang='lat' dir='ltr'><strong>obstupescit:</strong></span> <span class='ocrx_word' id='word_1_235' title='bbox 355 873 476 906; x_wconf 83' lang='lat' dir='ltr'><strong>ictusque</strong></span> <span class='ocrx_word' id='word_1_236' title='bbox 492 871 604 903; x_wconf 82' lang='lat' dir='ltr'><strong>invidia,</strong></span> <span class='ocrx_word' id='word_1_237' title='bbox 615 869 735 896; x_wconf 85' lang='lat' dir='ltr'><strong>mulieris</strong></span> <span class='ocrx_word' id='word_1_238' title='bbox 748 867 937 903; x_wconf 66' lang='lat' dir='ltr'><strong>paenitentiam</strong></span> 
     </span>
    </p>
   </div>
   <div class='ocr_carea' id='block_1_37' title="bbox 153 914 938 951">
    <p class='ocr_par' dir='ltr' id='par_1_37' title="bbox 153 914 938 951">
     <span class='ocr_line' id='line_1_37' title="bbox 153 914 938 951; baseline -0.01 -3"><span class='ocrx_word' id='word_1_239' title='bbox 153 930 205 950; x_wconf 87' lang='lat' dir='ltr'><strong>nett</strong></span> <span class='ocrx_word' id='word_1_240' title='bbox 221 921 348 948; x_wconf 84' lang='lat' dir='ltr'><strong>admittit.</strong></span> <span class='ocrx_word' id='word_1_241' title='bbox 361 918 430 951; x_wconf 83' lang='lat' dir='ltr'><strong>Quin</strong></span> <span class='ocrx_word' id='word_1_242' title='bbox 444 925 518 949; x_wconf 86' lang='lat' dir='ltr'><strong>vero,</strong></span> <span class='ocrx_word' id='word_1_243' title='bbox 529 924 590 951; x_wconf 65' lang='lat' dir='ltr'><strong>quae</strong></span> <span class='ocrx_word' id='word_1_244' title='bbox 602 915 641 943; x_wconf 82' lang='lat' dir='ltr'><strong>sic</strong></span> <span class='ocrx_word' id='word_1_245' title='bbox 658 915 802 942; x_wconf 88' lang='lat' dir='ltr'><strong>Dominum</strong></span> <span class='ocrx_word' id='word_1_246' title='bbox 822 914 938 942; x_wconf 85' lang='lat' dir='ltr'><strong>honora-</strong></span> 
     </span>
    </p>
   </div>
   <div class='ocr_carea' id='block_1_38' title="bbox 152 961 940 1000">
    <p class='ocr_par' dir='ltr' id='par_1_38' title="bbox 152 961 940 1000">
     <span class='ocr_line' id='line_1_38' title="bbox 152 961 940 1000; baseline -0.006 -8"><span class='ocrx_word' id='word_1_247' title='bbox 152 974 238 1000; x_wconf 81' lang='lat' dir='ltr'><strong>verat,</strong></span> <span class='ocrx_word' id='word_1_248' title='bbox 255 965 417 994; x_wconf 85' lang='lat' dir='ltr'><strong>contumelia</strong></span> <span class='ocrx_word' id='word_1_249' title='bbox 431 971 479 992; x_wconf 90' lang='lat' dir='ltr'><strong>ceu</strong></span> <span class='ocrx_word' id='word_1_250' title='bbox 501 963 527 990; x_wconf 90' lang='lat' dir='ltr'><strong>in</strong></span> <span class='ocrx_word' id='word_1_251' title='bbox 545 962 641 990; x_wconf 74' lang='lat' dir='ltr'><strong>faciem</strong></span> <span class='ocrx_word' id='word_1_252' title='bbox 656 962 753 989; x_wconf 71' lang='lat' dir='ltr'><strong>caedit:</strong></span> <span class='ocrx_word' id='word_1_253' title='bbox 771 961 884 996; x_wconf 83' lang='lat' dir='ltr'><strong>ejusque</strong></span> <span class='ocrx_word' id='word_1_254' title='bbox 895 961 940 988; x_wconf 89' lang='lat' dir='ltr'><strong>cui</strong></span> 
     </span>
    </p>
   </div>
   <div class='ocr_carea' id='block_1_39' title="bbox 152 1007 939 1044">
    <p class='ocr_par' dir='ltr' id='par_1_39' title="bbox 152 1007 939 1044">
     <span class='ocr_line' id='line_1_39' title="bbox 152 1007 939 1044; baseline -0.009 -4"><span class='ocrx_word' id='word_1_255' title='bbox 152 1013 256 1040; x_wconf 82' lang='lat' dir='ltr'><strong>delatus</strong></span> <span class='ocrx_word' id='word_1_256' title='bbox 268 1016 339 1039; x_wconf 87' lang='lat' dir='ltr'><strong>esset</strong></span> <span class='ocrx_word' id='word_1_257' title='bbox 354 1011 449 1041; x_wconf 82' lang='lat' dir='ltr'><strong>bonos,</strong></span> <span class='ocrx_word' id='word_1_258' title='bbox 481 1009 634 1044; x_wconf 80' lang='lat' dir='ltr'><strong>ignorantia</strong></span> <span class='ocrx_word' id='word_1_259' title='bbox 651 1007 754 1035; x_wconf 77' lang='lat' dir='ltr'><strong>calculo</strong></span> <span class='ocrx_word' id='word_1_260' title='bbox 770 1008 879 1040; x_wconf 86' lang='lat' dir='ltr'><strong>tributa,</strong></span> <span class='ocrx_word' id='word_1_261' title='bbox 897 1007 939 1034; x_wconf 92' lang='lat' dir='ltr'><strong>di-</strong></span> 
     </span>
    </p>
   </div>
   <div class='ocr_carea' id='block_1_40' title="bbox 152 1052 939 1093">
    <p class='ocr_par' dir='ltr' id='par_1_40' title="bbox 152 1052 939 1093">
     <span class='ocr_line' id='line_1_40' title="bbox 152 1052 939 1093; baseline -0.008 -7"><span class='ocrx_word' id='word_1_262' title='bbox 152 1059 282 1093; x_wconf 69' lang='lat' dir='ltr'><strong>gnitatem</strong></span> <span class='ocrx_word' id='word_1_263' title='bbox 295 1057 400 1084; x_wconf 89' lang='lat' dir='ltr'><strong>minuit.</strong></span> <span class='ocrx_word' id='word_1_264' title='bbox 424 1055 520 1083; x_wconf 70' lang='lat' dir='ltr'><strong>Viden:</strong></span> <span class='ocrx_word' id='word_1_265' title='bbox 549 1055 630 1086; x_wconf 83' lang='lat' dir='ltr'><strong>enim,</strong></span> <span class='ocrx_word' id='word_1_266' title='bbox 655 1054 763 1088; x_wconf 83' lang='lat' dir='ltr'><strong>inquit,</strong></span> <span class='ocrx_word' id='word_1_267' title='bbox 787 1052 939 1080; x_wconf 72' lang='lat' dir='ltr'><strong>l’harisrent</strong></span> 
     </span>
    </p>
   </div>
   <div class='ocr_carea' id='block_1_41' title="bbox 151 1099 942 1141">
    <p class='ocr_par' dir='ltr' id='par_1_41' title="bbox 151 1099 942 1141">
     <span class='ocr_line' id='line_1_41' title="bbox 151 1099 942 1141; baseline -0.011 -8"><span class='ocrx_word' id='word_1_268' title='bbox 151 1106 198 1141; x_wconf 86' lang='lat' dir='ltr'><strong>qui</strong></span> <span class='ocrx_word' id='word_1_269' title='bbox 215 1109 345 1132; x_wconf 63' lang='lat' dir='ltr'><strong>rocaterat</strong></span> <span class='ocrx_word' id='word_1_270' title='bbox 361 1111 436 1134; x_wconf 81' lang='lat' dir='ltr'><strong>eum,</strong></span> <span class='ocrx_word' id='word_1_271' title='bbox 455 1102 492 1128; x_wconf 87' lang='lat' dir='ltr'><strong>ait</strong></span> <span class='ocrx_word' id='word_1_272' title='bbox 519 1102 590 1128; x_wconf 85' lang='lat' dir='ltr'><strong>intra</strong></span> <span class='ocrx_word' id='word_1_273' title='bbox 613 1107 660 1127; x_wconf 71' lang='lat' dir='ltr'><strong>se:</strong></span> <span class='ocrx_word' id='word_1_274' title='bbox 681 1099 742 1132; x_wconf 79' lang='lat' dir='ltr'><strong>llic,</strong></span> <span class='ocrx_word' id='word_1_275' title='bbox 760 1100 783 1126; x_wconf 72' lang='lat' dir='ltr'><strong>si</strong></span> <span class='ocrx_word' id='word_1_276' title='bbox 797 1103 860 1126; x_wconf 77' lang='lat' dir='ltr'><strong>esset</strong></span> <span class='ocrx_word' id='word_1_277' title='bbox 883 1107 942 1133; x_wconf 86' lang='lat' dir='ltr'><strong>pro-</strong></span> 
     </span>
    </p>
   </div>
   <div class='ocr_carea' id='block_1_42' title="bbox 153 1145 941 1185">
    <p class='ocr_par' dir='ltr' id='par_1_42' title="bbox 153 1145 941 1185">
     <span class='ocr_line' id='line_1_42' title="bbox 153 1145 941 1185; baseline -0.006 -10"><span class='ocrx_word' id='word_1_278' title='bbox 153 1152 240 1185; x_wconf 77' lang='lat' dir='ltr'><strong>pheta,</strong></span> <span class='ocrx_word' id='word_1_279' title='bbox 263 1150 340 1176; x_wconf 70' lang='lat' dir='ltr'><strong>sciret</strong></span> <span class='ocrx_word' id='word_1_280' title='bbox 368 1148 456 1182; x_wconf 84' lang='lat' dir='ltr'><strong>utique</strong></span> <span class='ocrx_word' id='word_1_281' title='bbox 472 1154 531 1181; x_wconf 83' lang='lat' dir='ltr'><strong>qua:</strong></span> <span class='ocrx_word' id='word_1_282' title='bbox 551 1152 574 1173; x_wconf 83' lang='lat' dir='ltr'><strong>et</strong></span> <span class='ocrx_word' id='word_1_283' title='bbox 601 1145 687 1180; x_wconf 73' lang='lat' dir='ltr'><strong>qualis</strong></span> <span class='ocrx_word' id='word_1_284' title='bbox 711 1149 748 1172; x_wconf 75' lang='lat' dir='ltr'><strong>est</strong></span> <span class='ocrx_word' id='word_1_285' title='bbox 773 1145 866 1171; x_wconf 79' lang='lat' dir='ltr'><strong>mulier</strong></span> <span class='ocrx_word' id='word_1_286' title='bbox 883 1151 941 1179; x_wconf 63' lang='lat' dir='ltr'><strong>qua:</strong></span> 
     </span>
    </p>
   </div>
   <div class='ocr_carea' id='block_1_43' title="bbox 155 1189 940 1230">
    <p class='ocr_par' dir='ltr' id='par_1_43' title="bbox 155 1189 940 1230">
     <span class='ocr_line' id='line_1_43' title="bbox 155 1189 940 1230; baseline -0.01 -7"><span class='ocrx_word' id='word_1_287' title='bbox 155 1197 237 1230; x_wconf 80' lang='lat' dir='ltr'><strong>tangit</strong></span> <span class='ocrx_word' id='word_1_288' title='bbox 253 1202 311 1222; x_wconf 81' lang='lat' dir='ltr'><strong>eum</strong></span> <span class='ocrx_word' id='word_1_289' title='bbox 325 1201 335 1221; x_wconf 86' lang='lat'><strong><em>:</em></strong></span> <span class='ocrx_word' id='word_1_290' title='bbox 347 1194 410 1228; x_wconf 83' lang='lat' dir='ltr'><strong>quia</strong></span> <span class='ocrx_word' id='word_1_291' title='bbox 424 1192 559 1227; x_wconf 71' lang='lat' dir='ltr'><strong>peccatrix</strong></span> <span class='ocrx_word' id='word_1_292' title='bbox 572 1196 619 1217; x_wconf 78' lang='lat' dir='ltr'><strong>est.</strong></span> <span class='ocrx_word' id='word_1_293' title='bbox 634 1190 656 1218; x_wconf 93' lang='grc' dir='ltr'>Ο</span> <span class='ocrx_word' id='word_1_294' title='bbox 667 1189 747 1218; x_wconf 88' lang='lat' dir='ltr'><strong>stulte</strong></span> <span class='ocrx_word' id='word_1_295' title='bbox 759 1195 786 1217; x_wconf 91' lang='lat' dir='ltr'><strong>et</strong></span> <span class='ocrx_word' id='word_1_296' title='bbox 800 1189 940 1224; x_wconf 85' lang='lat' dir='ltr'><strong>insipiens,</strong></span> 
     </span>
    </p>
   </div>
   <div class='ocr_carea' id='block_1_44' title="bbox 155 1235 941 1276">
    <p class='ocr_par' dir='ltr' id='par_1_44' title="bbox 155 1235 941 1276">
     <span class='ocr_line' id='line_1_44' title="bbox 155 1235 941 1276; baseline -0.006 -8"><span class='ocrx_word' id='word_1_297' title='bbox 155 1247 320 1276; x_wconf 88' lang='lat' dir='ltr'><strong>prorsusque</strong></span> <span class='ocrx_word' id='word_1_298' title='bbox 335 1239 472 1266; x_wconf 72' lang='lat' dir='ltr'><strong>Pharisaae</strong></span> <span class='ocrx_word' id='word_1_299' title='bbox 483 1238 490 1264; x_wconf 84' lang='grc' dir='ltr'><strong>ι</strong></span> <span class='ocrx_word' id='word_1_300' title='bbox 503 1237 570 1264; x_wconf 89' lang='lat' dir='ltr'><strong>Dum</strong></span> <span class='ocrx_word' id='word_1_301' title='bbox 585 1236 636 1264; x_wconf 88' lang='lat' dir='ltr'><strong>ista</strong></span> <span class='ocrx_word' id='word_1_302' title='bbox 648 1236 728 1268; x_wconf 89' lang='lat' dir='ltr'><strong>dicis,</strong></span> <span class='ocrx_word' id='word_1_303' title='bbox 752 1243 806 1262; x_wconf 91' lang='lat' dir='ltr'><strong>non</strong></span> <span class='ocrx_word' id='word_1_304' title='bbox 822 1235 941 1263; x_wconf 84' lang='lat' dir='ltr'><strong>mulieris</strong></span> 
     </span>
    </p>
   </div>
   <div class='ocr_carea' id='block_1_45' title="bbox 155 1281 940 1320">
    <p class='ocr_par' dir='ltr' id='par_1_45' title="bbox 155 1281 940 1320">
     <span class='ocr_line' id='line_1_45' title="bbox 155 1281 940 1320; baseline -0.008 -6"><span class='ocrx_word' id='word_1_305' title='bbox 155 1287 249 1320; x_wconf 76' lang='lat' dir='ltr'><strong>arguis</strong></span> <span class='ocrx_word' id='word_1_306' title='bbox 264 1293 375 1318; x_wconf 87' lang='lat' dir='ltr'><strong>mores;</strong></span> <span class='ocrx_word' id='word_1_307' title='bbox 391 1286 436 1312; x_wconf 88' lang='lat' dir='ltr'><strong>sed</strong></span> <span class='ocrx_word' id='word_1_308' title='bbox 452 1289 526 1311; x_wconf 91' lang='lat' dir='ltr'><strong>tuum</strong></span> <span class='ocrx_word' id='word_1_309' title='bbox 545 1285 602 1318; x_wconf 77' lang='lat' dir='ltr'><strong>ipse</strong></span> <span class='ocrx_word' id='word_1_310' title='bbox 616 1282 735 1310; x_wconf 87' lang='lat' dir='ltr'><strong>animum</strong></span> <span class='ocrx_word' id='word_1_311' title='bbox 754 1281 940 1316; x_wconf 85' lang='lat' dir='ltr'><strong>reprehendis,</strong></span> 
     </span>
    </p>
   </div>
   <div class='ocr_carea' id='block_1_46' title="bbox 156 1327 940 1368">
    <p class='ocr_par' dir='ltr' id='par_1_46' title="bbox 156 1327 940 1368">
     <span class='ocr_line' id='line_1_46' title="bbox 156 1327 940 1368; baseline -0.008 -8"><span class='ocrx_word' id='word_1_312' title='bbox 156 1334 201 1368; x_wconf 87' lang='lat' dir='ltr'><strong>qui</strong></span> <span class='ocrx_word' id='word_1_313' title='bbox 215 1333 303 1364; x_wconf 78' lang='lat' dir='ltr'><strong>dicas.</strong></span> <span class='ocrx_word' id='word_1_314' title='bbox 319 1331 425 1359; x_wconf 86' lang='lat' dir='ltr'><strong>nescire</strong></span> <span class='ocrx_word' id='word_1_315' title='bbox 443 1331 517 1357; x_wconf 92' lang='lat' dir='ltr'><strong>illum</strong></span> <span class='ocrx_word' id='word_1_316' title='bbox 539 1337 662 1365; x_wconf 70' lang='lat' dir='ltr'><strong>quaenam</strong></span> <span class='ocrx_word' id='word_1_317' title='bbox 680 1333 752 1356; x_wconf 84' lang='lat' dir='ltr'><strong>esset</strong></span> <span class='ocrx_word' id='word_1_318' title='bbox 767 1328 874 1355; x_wconf 82' lang='lat' dir='ltr'><strong>mulier.</strong></span> <span class='ocrx_word' id='word_1_319' title='bbox 883 1327 940 1355; x_wconf 84' lang='lat' dir='ltr'><strong>Non</strong></span> 
     </span>
    </p>
   </div>
   <div class='ocr_carea' id='block_1_47' title="bbox 155 1373 940 1414">
    <p class='ocr_par' dir='ltr' id='par_1_47' title="bbox 155 1373 940 1414">
     <span class='ocr_line' id='line_1_47' title="bbox 155 1373 940 1414; baseline -0.008 -8"><span class='ocrx_word' id='word_1_320' title='bbox 155 1386 219 1414; x_wconf 76' lang='lat' dir='ltr'><strong>ergo</strong></span> <span class='ocrx_word' id='word_1_321' title='bbox 233 1383 262 1405; x_wconf 92' lang='lat' dir='ltr'><strong>ut</strong></span> <span class='ocrx_word' id='word_1_322' title='bbox 279 1379 362 1406; x_wconf 89' lang='lat' dir='ltr'><strong>Deum</strong></span> <span class='ocrx_word' id='word_1_323' title='bbox 383 1378 428 1412; x_wconf 90' lang='lat' dir='ltr'><strong>qui</strong></span> <span class='ocrx_word' id='word_1_324' title='bbox 438 1381 529 1404; x_wconf 84' lang='lat' dir='ltr'><strong>nosset</strong></span> <span class='ocrx_word' id='word_1_325' title='bbox 544 1374 775 1407; x_wconf 85' lang='lat' dir='ltr'><strong>omnia,vocando</strong></span> <span class='ocrx_word' id='word_1_326' title='bbox 792 1373 940 1402; x_wconf 87' lang='lat' dir='ltr'><strong>honorasti.</strong></span> 
     </span>
    </p>
   </div>
   <div class='ocr_carea' id='block_1_48' title="bbox 153 1420 942 1459">
    <p class='ocr_par' dir='ltr' id='par_1_48' title="bbox 153 1420 942 1459">
     <span class='ocr_line' id='line_1_48' title="bbox 153 1420 942 1459; baseline -0.006 -8"><span class='ocrx_word' id='word_1_327' title='bbox 153 1424 216 1451; x_wconf 64' lang='lat' dir='ltr'><strong>Non</strong></span> <span class='ocrx_word' id='word_1_328' title='bbox 237 1424 319 1459; x_wconf 80' lang='lat' dir='ltr'><strong>igitur</strong></span> <span class='ocrx_word' id='word_1_329' title='bbox 333 1423 425 1458; x_wconf 78' lang='lat' dir='ltr'><strong>pudet,</strong></span> <span class='ocrx_word' id='word_1_330' title='bbox 437 1430 453 1449; x_wconf 91' lang='grc' dir='ltr'><strong>ο</strong></span> <span class='ocrx_word' id='word_1_331' title='bbox 465 1422 608 1457; x_wconf 79' lang='lat' dir='ltr'><strong>magniﬁce</strong></span> <span class='ocrx_word' id='word_1_332' title='bbox 620 1420 802 1448; x_wconf 84' lang='lat' dir='ltr'><strong>calumniator</strong></span> <span class='ocrx_word' id='word_1_333' title='bbox 821 1425 848 1447; x_wconf 87' lang='lat' dir='ltr'><strong>et</strong></span> <span class='ocrx_word' id='word_1_334' title='bbox 863 1420 942 1455; x_wconf 68' lang='lat' dir='ltr'><strong>sy&#39;co-</strong></span> 
     </span>
    </p>
   </div>
   <div class='ocr_carea' id='block_1_49' title="bbox 154 1467 941 1506">
    <p class='ocr_par' dir='ltr' id='par_1_49' title="bbox 154 1467 941 1506">
     <span class='ocr_line' id='line_1_49' title="bbox 154 1467 941 1506; baseline -0.009 -8"><span class='ocrx_word' id='word_1_335' title='bbox 154 1471 266 1506; x_wconf 79' lang='lat' dir='ltr'><strong>phanta,</strong></span> <span class='ocrx_word' id='word_1_336' title='bbox 283 1470 354 1505; x_wconf 92' lang='lat' dir='ltr'><strong>quod</strong></span> <span class='ocrx_word' id='word_1_337' title='bbox 367 1470 476 1504; x_wconf 87' lang='lat' dir='ltr'><strong>quidem</strong></span> <span class='ocrx_word' id='word_1_338' title='bbox 504 1473 532 1495; x_wconf 93' lang='lat' dir='ltr'><strong>ut</strong></span> <span class='ocrx_word' id='word_1_339' title='bbox 544 1468 626 1495; x_wconf 86' lang='lat' dir='ltr'><strong>Deum</strong></span> <span class='ocrx_word' id='word_1_340' title='bbox 649 1474 738 1500; x_wconf 88' lang='lat' dir='ltr'><strong>voces,</strong></span> <span class='ocrx_word' id='word_1_341' title='bbox 755 1471 781 1494; x_wconf 90' lang='lat' dir='ltr'><strong>ct</strong></span> <span class='ocrx_word' id='word_1_342' title='bbox 799 1467 844 1501; x_wconf 88' lang='lat' dir='ltr'><strong>qui</strong></span> <span class='ocrx_word' id='word_1_343' title='bbox 861 1467 941 1494; x_wconf 83' lang='lat' dir='ltr'><strong>bene-</strong></span> 
     </span>
    </p>
   </div>
   <div class='ocr_carea' id='block_1_50' title="bbox 989 867 1783 906">
    <p class='ocr_par' dir='ltr' id='par_1_50' title="bbox 989 867 1783 906">
     <span class='ocr_line' id='line_1_50' title="bbox 989 867 1783 906; baseline -0.006 -7"><span class='ocrx_word' id='word_1_344' title='bbox 989 872 1120 904; x_wconf 83' lang='grc' dir='ltr'>διάνοιαν,</span> <span class='ocrx_word' id='word_1_345' title='bbox 1140 872 1187 898; x_wconf 73' lang='grc' dir='ltr'>καὶ</span> <span class='ocrx_word' id='word_1_346' title='bbox 1199 870 1288 906; x_wconf 78' lang='grc' dir='ltr'>φθόνῳ</span> <span class='ocrx_word' id='word_1_347' title='bbox 1305 870 1477 905; x_wconf 78' lang='grc' dir='ltr'>βαλλόμενος,</span> <span class='ocrx_word' id='word_1_348' title='bbox 1495 869 1525 895; x_wconf 80' lang='grc' dir='ltr'>οὺ</span> <span class='ocrx_word' id='word_1_349' title='bbox 1539 869 1721 904; x_wconf 80' lang='grc' dir='ltr'>παραδέχεται</span> <span class='ocrx_word' id='word_1_350' title='bbox 1734 867 1783 903; x_wconf 85' lang='grc' dir='ltr'>τῆς</span> 
     </span>
    </p>
   </div>
   <div class='ocr_carea' id='block_1_51' title="bbox 992 913 1785 953">
    <p class='ocr_par' dir='ltr' id='par_1_51' title="bbox 992 913 1785 953">
     <span class='ocr_line' id='line_1_51' title="bbox 992 913 1785 953; baseline -0.006 -9"><span class='ocrx_word' id='word_1_351' title='bbox 992 918 1120 952; x_wconf 75' lang='grc' dir='ltr'>γυναικὸς</span> <span class='ocrx_word' id='word_1_352' title='bbox 1135 917 1185 953; x_wconf 82' lang='grc' dir='ltr'>τὴν</span> <span class='ocrx_word' id='word_1_353' title='bbox 1204 916 1358 952; x_wconf 84' lang='grc' dir='ltr'>μετάνοιαν.</span> <span class='ocrx_word' id='word_1_354' title='bbox 1383 915 1463 942; x_wconf 70' lang='grc' dir='ltr'>’Λλλὰ</span> <span class='ocrx_word' id='word_1_355' title='bbox 1485 915 1531 941; x_wconf 81' lang='grc' dir='ltr'>καὶ</span> <span class='ocrx_word' id='word_1_356' title='bbox 1550 915 1600 950; x_wconf 79' lang='grc' dir='ltr'>τὴν</span> <span class='ocrx_word' id='word_1_357' title='bbox 1615 913 1686 940; x_wconf 71' lang='grc' dir='ltr'>οὕτω</span> <span class='ocrx_word' id='word_1_358' title='bbox 1703 915 1785 948; x_wconf 83' lang='grc' dir='ltr'>τιμή-</span> 
     </span>
    </p>
   </div>
   <div class='ocr_carea' id='block_1_52' title="bbox 990 959 1783 999">
    <p class='ocr_par' dir='ltr' id='par_1_52' title="bbox 990 959 1783 999">
     <span class='ocr_line' id='line_1_52' title="bbox 990 959 1783 999; baseline -0.008 -8"><span class='ocrx_word' id='word_1_359' title='bbox 990 973 1076 991; x_wconf 87' lang='grc' dir='ltr'>σασαν</span> <span class='ocrx_word' id='word_1_360' title='bbox 1093 964 1139 990; x_wconf 81' lang='grc' dir='ltr'><strong>τὸν</strong></span> <span class='ocrx_word' id='word_1_361' title='bbox 1155 963 1270 999; x_wconf 85' lang='grc' dir='ltr'><strong>Κύριον,</strong></span> <span class='ocrx_word' id='word_1_362' title='bbox 1289 961 1465 998; x_wconf 77' lang='grc' dir='ltr'>ἐπιρραπίζει</span> <span class='ocrx_word' id='word_1_363' title='bbox 1482 963 1513 997; x_wconf 80' lang='grc' dir='ltr'>τῇ</span> <span class='ocrx_word' id='word_1_364' title='bbox 1529 960 1662 996; x_wconf 77' lang='grc' dir='ltr'>λοιδορίᾳ⁴</span> <span class='ocrx_word' id='word_1_365' title='bbox 1674 960 1722 986; x_wconf 70' lang='grc' dir='ltr'><strong>καὶ</strong></span> <span class='ocrx_word' id='word_1_366' title='bbox 1735 959 1783 986; x_wconf 78' lang='grc' dir='ltr'><strong>τοῦ</strong></span> 
     </span>
    </p>
   </div>
   <div class='ocr_carea' id='block_1_53' title="bbox 990 1005 1784 1046">
    <p class='ocr_par' dir='ltr' id='par_1_53' title="bbox 990 1005 1784 1046">
     <span class='ocr_line' id='line_1_53' title="bbox 990 1005 1784 1046; baseline -0.006 -10"><span class='ocrx_word' id='word_1_367' title='bbox 990 1010 1152 1046; x_wconf 76' lang='grc' dir='ltr'>τιμηθέντος</span> <span class='ocrx_word' id='word_1_368' title='bbox 1175 1009 1281 1035; x_wconf 75' lang='grc' dir='ltr'>ἐλαττοῖ</span> <span class='ocrx_word' id='word_1_369' title='bbox 1297 1009 1326 1034; x_wconf 86' lang='grc' dir='ltr'><strong>τὸ</strong></span> <span class='ocrx_word' id='word_1_370' title='bbox 1337 1007 1451 1044; x_wconf 71' lang='grc' dir='ltr'>ἀξίωμα</span> <span class='ocrx_word' id='word_1_371' title='bbox 1461 1027 1469 1040; x_wconf 83' lang='grc'><strong>,</strong></span> <span class='ocrx_word' id='word_1_372' title='bbox 1483 1007 1594 1042; x_wconf 80' lang='grc' dir='ltr'>ἄγνοιαν</span> <span class='ocrx_word' id='word_1_373' title='bbox 1612 1005 1686 1041; x_wconf 79' lang='grc' dir='ltr'>αὐτῷ</span> <span class='ocrx_word' id='word_1_374' title='bbox 1700 1014 1784 1032; x_wconf 80' lang='grc' dir='ltr'>κατα-</span> 
     </span>
    </p>
   </div>
   <div class='ocr_carea' id='block_1_54' title="bbox 993 1052 1784 1090">
    <p class='ocr_par' dir='ltr' id='par_1_54' title="bbox 993 1052 1784 1090">
     <span class='ocr_line' id='line_1_54' title="bbox 993 1052 1784 1090; baseline -0.004 -9"><span class='ocrx_word' id='word_1_375' title='bbox 993 1054 1188 1090; x_wconf 72' lang='grc' dir='ltr'><strong>ψηφιζόμενος.</strong></span> <span class='ocrx_word' id='word_1_376' title='bbox 1210 1054 1289 1081; x_wconf 83' lang='grc' dir='ltr'>Ἰδὼν</span> <span class='ocrx_word' id='word_1_377' title='bbox 1306 1053 1370 1088; x_wconf 76' lang='grc' dir='ltr'>γὰρ,</span> <span class='ocrx_word' id='word_1_378' title='bbox 1385 1054 1478 1089; x_wconf 68' lang='grc' dir='ltr'>φησιν,</span> <span class='ocrx_word' id='word_1_379' title='bbox 1494 1055 1510 1079; x_wconf 87' lang='grc' dir='ltr'><em>ό</em></span> <span class='ocrx_word' id='word_1_380' title='bbox 1522 1052 1683 1087; x_wconf 81' lang='grc' dir='ltr'>Φαρισαῖος</span> <span class='ocrx_word' id='word_1_381' title='bbox 1696 1053 1712 1078; x_wconf 84' lang='grc' dir='ltr'><em>ὁ</em></span> <span class='ocrx_word' id='word_1_382' title='bbox 1731 1059 1784 1078; x_wconf 75' lang='grc' dir='ltr'>κα-</span> 
     </span>
    </p>
   </div>
   <div class='ocr_carea' id='block_1_55' title="bbox 991 1096 1784 1133">
    <p class='ocr_par' dir='ltr' id='par_1_55' title="bbox 991 1096 1784 1133">
     <span class='ocr_line' id='line_1_55' title="bbox 991 1096 1784 1133; baseline -0.006 -6"><span class='ocrx_word' id='word_1_383' title='bbox 991 1100 1085 1133; x_wconf 78' lang='grc' dir='ltr'>λέσας</span> <span class='ocrx_word' id='word_1_384' title='bbox 1096 1098 1291 1132; x_wconf 74' lang='grc' dir='ltr'>αὺτὸν-,εἶπεν</span> <span class='ocrx_word' id='word_1_385' title='bbox 1303 1099 1337 1126; x_wconf 76' lang='grc' dir='ltr'><strong>ἐν</strong></span> <span class='ocrx_word' id='word_1_386' title='bbox 1347 1099 1453 1131; x_wconf 80' lang='grc' dir='ltr'><strong>ἐαυτῷ·</strong></span> <span class='ocrx_word' id='word_1_387' title='bbox 1469 1096 1574 1131; x_wconf 78' lang='grc' dir='ltr'>Οὗτος,</span> <span class='ocrx_word' id='word_1_388' title='bbox 1582 1099 1606 1125; x_wconf 83' lang='grc' dir='ltr'><strong>εί</strong></span> <span class='ocrx_word' id='word_1_389' title='bbox 1617 1096 1656 1133; x_wconf 79' lang='grc' dir='ltr'><strong>ἦν</strong></span> <span class='ocrx_word' id='word_1_390' title='bbox 1670 1096 1784 1132; x_wconf 62' lang='grc' dir='ltr'>προφή-</span> 
     </span>
    </p>
   </div>
   <div class='ocr_carea' id='block_1_56' title="bbox 991 1143 1784 1182">
    <p class='ocr_par' dir='ltr' id='par_1_56' title="bbox 991 1143 1784 1182">
     <span class='ocr_line' id='line_1_56' title="bbox 991 1143 1784 1182; baseline -0.005 -8"><span class='ocrx_word' id='word_1_391' title='bbox 991 1156 1056 1182; x_wconf 84' lang='grc' dir='ltr'>της,</span> <span class='ocrx_word' id='word_1_392' title='bbox 1076 1148 1208 1182; x_wconf 57' lang='grc' dir='ltr'>ἔγνωκεν</span> <span class='ocrx_word' id='word_1_393' title='bbox 1221 1146 1259 1173; x_wconf 82' lang='grc' dir='ltr'><strong>ἂν</strong></span> <span class='ocrx_word' id='word_1_394' title='bbox 1273 1147 1320 1180; x_wconf 77' lang='grc' dir='ltr'><strong>τίς</strong></span> <span class='ocrx_word' id='word_1_395' title='bbox 1337 1146 1386 1172; x_wconf 79' lang='grc' dir='ltr'>καὶ</span> <span class='ocrx_word' id='word_1_396' title='bbox 1410 1145 1529 1179; x_wconf 78' lang='grc' dir='ltr'>ποταπὴ</span> <span class='ocrx_word' id='word_1_397' title='bbox 1555 1146 1574 1179; x_wconf 75' lang='grc' dir='ltr'>ἡ</span> <span class='ocrx_word' id='word_1_398' title='bbox 1595 1144 1683 1180; x_wconf 64' lang='grc' dir='ltr'>γυνὴ,</span> <span class='ocrx_word' id='word_1_399' title='bbox 1700 1143 1719 1177; x_wconf 76' lang='grc' dir='ltr'><em>’ἦ</em></span> <span class='ocrx_word' id='word_1_400' title='bbox 1738 1152 1784 1176; x_wconf 83' lang='grc' dir='ltr'><strong>τις</strong></span> 
     </span>
    </p>
   </div>
   <div class='ocr_carea' id='block_1_57' title="bbox 991 1189 1783 1227">
    <p class='ocr_par' dir='ltr' id='par_1_57' title="bbox 991 1189 1783 1227">
     <span class='ocr_line' id='line_1_57' title="bbox 991 1189 1783 1227; baseline -0.005 -7"><span class='ocrx_word' id='word_1_401' title='bbox 991 1193 1114 1221; x_wconf 77' lang='grc' dir='ltr'>ἅπτεται</span> <span class='ocrx_word' id='word_1_402' title='bbox 1140 1193 1245 1225; x_wconf 82' lang='grc' dir='ltr'>αὑτοῦ,</span> <span class='ocrx_word' id='word_1_403' title='bbox 1260 1193 1312 1220; x_wconf 51' lang='grc' dir='ltr'>’ὅτι</span> <span class='ocrx_word' id='word_1_404' title='bbox 1339 1192 1514 1227; x_wconf 81' lang='grc' dir='ltr'>ἁμαρτωλός</span> <span class='ocrx_word' id='word_1_405' title='bbox 1531 1192 1625 1219; x_wconf 83' lang='grc' dir='ltr'><strong>ἐστιν.</strong></span> <span class='ocrx_word' id='word_1_406' title='bbox 1644 1189 1680 1217; x_wconf 86' lang='grc' dir='ltr'><strong><em>Ὦ</em></strong></span> <span class='ocrx_word' id='word_1_407' title='bbox 1696 1191 1783 1226; x_wconf 76' lang='grc' dir='ltr'>ἄφρον</span> 
     </span>
    </p>
   </div>
   <div class='ocr_carea' id='block_1_58' title="bbox 991 1237 1784 1275">
    <p class='ocr_par' dir='ltr' id='par_1_58' title="bbox 991 1237 1784 1275">
     <span class='ocr_line' id='line_1_58' title="bbox 991 1237 1784 1275; baseline -0.004 -8"><span class='ocrx_word' id='word_1_408' title='bbox 991 1241 1039 1267; x_wconf 75' lang='grc' dir='ltr'><strong>καὶ</strong></span> <span class='ocrx_word' id='word_1_409' title='bbox 1054 1240 1178 1273; x_wconf 81' lang='grc' dir='ltr'>ἀσύνετε,</span> <span class='ocrx_word' id='word_1_410' title='bbox 1194 1240 1288 1266; x_wconf 77' lang='grc' dir='ltr'>καὶτὰ</span> <span class='ocrx_word' id='word_1_411' title='bbox 1303 1240 1351 1266; x_wconf 85' lang='grc' dir='ltr'>ὅλα</span> <span class='ocrx_word' id='word_1_412' title='bbox 1364 1240 1495 1275; x_wconf 79' lang='grc' dir='ltr'>Φαρισαῖε</span> <span class='ocrx_word' id='word_1_413' title='bbox 1506 1239 1512 1266; x_wconf 81' lang='grc' dir='ltr'><strong>ί</strong></span> <span class='ocrx_word' id='word_1_414' title='bbox 1525 1239 1619 1265; x_wconf 85' lang='grc' dir='ltr'>Ταῦτα</span> <span class='ocrx_word' id='word_1_415' title='bbox 1639 1238 1737 1272; x_wconf 81' lang='grc' dir='ltr'>λέγων,</span> <span class='ocrx_word' id='word_1_416' title='bbox 1753 1237 1784 1264; x_wconf 79' lang='grc' dir='ltr'><strong>οὐ</strong></span> 
     </span>
    </p>
   </div>
   <div class='ocr_carea' id='block_1_59' title="bbox 992 1283 1784 1322">
    <p class='ocr_par' dir='ltr' id='par_1_59' title="bbox 992 1283 1784 1322">
     <span class='ocr_line' id='line_1_59' title="bbox 992 1283 1784 1322; baseline -0.004 -10"><span class='ocrx_word' id='word_1_417' title='bbox 992 1287 1042 1322; x_wconf 83' lang='grc' dir='ltr'>τῆς</span> <span class='ocrx_word' id='word_1_418' title='bbox 1058 1286 1186 1320; x_wconf 70' lang='grc' dir='ltr'>γυναικὸς</span> <span class='ocrx_word' id='word_1_419' title='bbox 1199 1285 1348 1320; x_wconf 83' lang='grc' dir='ltr'>διελέγχεις</span> <span class='ocrx_word' id='word_1_420' title='bbox 1361 1285 1406 1312; x_wconf 78' lang='grc' dir='ltr'>τὸν</span> <span class='ocrx_word' id='word_1_421' title='bbox 1426 1285 1525 1320; x_wconf 76' lang='grc' dir='ltr'>τρόπον</span> <span class='ocrx_word' id='word_1_422' title='bbox 1536 1293 1543 1300; x_wconf 86' lang='grc'><strong>’</strong></span> <span class='ocrx_word' id='word_1_423' title='bbox 1563 1283 1631 1311; x_wconf 74' lang='grc' dir='ltr'>ἀλλὰ</span> <span class='ocrx_word' id='word_1_424' title='bbox 1646 1284 1695 1319; x_wconf 82' lang='grc' dir='ltr'>τῆς</span> <span class='ocrx_word' id='word_1_425' title='bbox 1715 1283 1784 1315; x_wconf 82' lang='grc' dir='ltr'>ἰδίας</span> 
     </span>
    </p>
   </div>
   <div class='ocr_carea' id='block_1_60' title="bbox 992 1329 1786 1368">
    <p class='ocr_par' dir='ltr' id='par_1_60' title="bbox 992 1329 1786 1368">
     <span class='ocr_line' id='line_1_60' title="bbox 992 1329 1786 1368; baseline -0.005 -9"><span class='ocrx_word' id='word_1_426' title='bbox 992 1334 1154 1368; x_wconf 81' lang='grc' dir='ltr'>κατηγορεῖς</span> <span class='ocrx_word' id='word_1_427' title='bbox 1179 1331 1383 1367; x_wconf 75' lang='grc' dir='ltr'>προαιρέσεως,</span> <span class='ocrx_word' id='word_1_428' title='bbox 1401 1331 1508 1365; x_wconf 81' lang='grc' dir='ltr'>ἀγνοεῖν</span> <span class='ocrx_word' id='word_1_429' title='bbox 1526 1330 1607 1358; x_wconf 72' lang='grc' dir='ltr'>αὑτὸν</span> <span class='ocrx_word' id='word_1_430' title='bbox 1624 1329 1727 1364; x_wconf 81' lang='grc' dir='ltr'>λέγων,</span> <span class='ocrx_word' id='word_1_431' title='bbox 1742 1329 1786 1361; x_wconf 80' lang='grc' dir='ltr'><strong>τίς</strong></span> 
     </span>
    </p>
   </div>
   <div class='ocr_carea' id='block_1_61' title="bbox 992 1375 1786 1413">
    <p class='ocr_par' dir='ltr' id='par_1_61' title="bbox 992 1375 1786 1413">
     <span class='ocr_line' id='line_1_61' title="bbox 992 1375 1786 1413; baseline -0.004 -9"><span class='ocrx_word' id='word_1_432' title='bbox 992 1387 1057 1405; x_wconf 82' lang='grc' dir='ltr'>ποτε</span> <span class='ocrx_word' id='word_1_433' title='bbox 1078 1378 1200 1413; x_wconf 78' lang='grc' dir='ltr'>ὑπῆρχεν</span> <span class='ocrx_word' id='word_1_434' title='bbox 1221 1378 1237 1412; x_wconf 86' lang='grc' dir='ltr'><strong>ή</strong></span> <span class='ocrx_word' id='word_1_435' title='bbox 1258 1377 1338 1412; x_wconf 81' lang='grc' dir='ltr'>γυνή.</span> <span class='ocrx_word' id='word_1_436' title='bbox 1355 1376 1460 1403; x_wconf 64' lang='grc' dir='ltr'>Οὐκοῦν</span> <span class='ocrx_word' id='word_1_437' title='bbox 1485 1376 1532 1410; x_wconf 82' lang='grc' dir='ltr'><strong>οὐχ</strong></span> <span class='ocrx_word' id='word_1_438' title='bbox 1558 1375 1596 1407; x_wconf 85' lang='grc' dir='ltr'><strong>ὡς</strong></span> <span class='ocrx_word' id='word_1_439' title='bbox 1613 1375 1679 1401; x_wconf 72' lang='grc' dir='ltr'>Θεὸν</span> <span class='ocrx_word' id='word_1_440' title='bbox 1696 1375 1786 1402; x_wconf 80' lang='grc' dir='ltr'>πάντα.</span> 
     </span>
    </p>
   </div>
   <div class='ocr_carea' id='block_1_62' title="bbox 991 1417 1786 1458">
    <p class='ocr_par' dir='ltr' id='par_1_62' title="bbox 991 1417 1786 1458">
     <span class='ocr_line' id='line_1_62' title="bbox 991 1417 1786 1458; baseline -0.005 -8"><span class='ocrx_word' id='word_1_441' title='bbox 991 1422 1159 1457; x_wconf 80' lang='grc' dir='ltr'>γινώσκοντα</span> <span class='ocrx_word' id='word_1_442' title='bbox 1168 1423 1201 1458; x_wconf 84' lang='grc' dir='ltr'>τῇ</span> <span class='ocrx_word' id='word_1_443' title='bbox 1215 1421 1310 1457; x_wconf 82' lang='grc' dir='ltr'>κλήσει</span> <span class='ocrx_word' id='word_1_444' title='bbox 1323 1421 1457 1456; x_wconf 78' lang='grc' dir='ltr'>ἐτίμησας</span> <span class='ocrx_word' id='word_1_445' title='bbox 1467 1429 1473 1436; x_wconf 88' lang='grc'>·</span> <span class='ocrx_word' id='word_1_446' title='bbox 1489 1420 1538 1447; x_wconf 75' lang='grc' dir='ltr'>οὐκ</span> <span class='ocrx_word' id='word_1_447' title='bbox 1548 1420 1610 1456; x_wconf 79' lang='grc' dir='ltr'>αἰδῇ</span> <span class='ocrx_word' id='word_1_448' title='bbox 1623 1418 1680 1453; x_wconf 78' lang='grc' dir='ltr'>οὖν,</span> <span class='ocrx_word' id='word_1_449' title='bbox 1689 1417 1786 1455; x_wconf 81' lang='grc' dir='ltr'>ὧλαμ-</span> 
     </span>
    </p>
   </div>
   <div class='ocr_carea' id='block_1_63' title="bbox 994 1466 1784 1504">
    <p class='ocr_par' dir='ltr' id='par_1_63' title="bbox 994 1466 1784 1504">
     <span class='ocr_line' id='line_1_63' title="bbox 994 1466 1784 1504; baseline -0.003 -10"><span class='ocrx_word' id='word_1_450' title='bbox 994 1468 1045 1504; x_wconf 74' lang='grc' dir='ltr'><strong>πρε</strong></span> <span class='ocrx_word' id='word_1_451' title='bbox 1059 1469 1195 1504; x_wconf 82' lang='grc' dir='ltr'>κατήγορε</span> <span class='ocrx_word' id='word_1_452' title='bbox 1212 1468 1258 1494; x_wconf 78' lang='grc' dir='ltr'><strong>καὶ</strong></span> <span class='ocrx_word' id='word_1_453' title='bbox 1275 1468 1441 1502; x_wconf 67' lang='grc' dir='ltr'>συκοφάντα,</span> <span class='ocrx_word' id='word_1_454' title='bbox 1463 1467 1503 1494; x_wconf 82' lang='grc' dir='ltr'>ὅτι</span> <span class='ocrx_word' id='word_1_455' title='bbox 1523 1467 1615 1498; x_wconf 77' lang='grc' dir='ltr'>καλεῖς</span> <span class='ocrx_word' id='word_1_456' title='bbox 1637 1467 1686 1501; x_wconf 83' lang='grc' dir='ltr'><strong>μὲν</strong></span> <span class='ocrx_word' id='word_1_457' title='bbox 1702 1466 1784 1493; x_wconf 79' lang='grc' dir='ltr'>αὑτὸν</span> 
     </span>
    </p>
   </div>
   <div class='ocr_carea' id='block_1_64' title="bbox 155 1503 939 1550">
    <p class='ocr_par' dir='ltr' id='par_1_64' title="bbox 155 1512 939 1550">
     <span class='ocr_line' id='line_1_64' title="bbox 155 1512 939 1550; baseline -0.006 -6"><span class='ocrx_word' id='word_1_458' title='bbox 155 1516 245 1544; x_wconf 85' lang='lat' dir='ltr'><strong>dicere</strong></span> <span class='ocrx_word' id='word_1_459' title='bbox 262 1516 364 1550; x_wconf 86' lang='lat' dir='ltr'><strong>possit:</strong></span> <span class='ocrx_word' id='word_1_460' title='bbox 377 1514 529 1549; x_wconf 85' lang='lat' dir='ltr'><strong>proclames</strong></span> <span class='ocrx_word' id='word_1_461' title='bbox 546 1521 610 1540; x_wconf 87' lang='lat' dir='ltr'><strong>vero</strong></span> <span class='ocrx_word' id='word_1_462' title='bbox 623 1519 651 1540; x_wconf 90' lang='lat' dir='ltr'><strong>ut</strong></span> <span class='ocrx_word' id='word_1_463' title='bbox 666 1514 802 1540; x_wconf 90' lang='lat' dir='ltr'><strong>hominem</strong></span> <span class='ocrx_word' id='word_1_464' title='bbox 817 1521 849 1540; x_wconf 85' lang='lat' dir='ltr'><strong>ac</strong></span> <span class='ocrx_word' id='word_1_465' title='bbox 869 1512 939 1540; x_wconf 88' lang='lat' dir='ltr'><strong>velut</strong></span> 
     </span>
    </p>
   </div>
   <div class='ocr_carea' id='block_1_65' title="bbox 996 1503 1785 1550">
    <p class='ocr_par' dir='ltr' id='par_1_65' title="bbox 996 1512 1785 1549">
     <span class='ocr_line' id='line_1_65' title="bbox 996 1512 1785 1549; baseline -0.001 -10"><span class='ocrx_word' id='word_1_466' title='bbox 996 1514 1030 1546; x_wconf 77' lang='lat' dir='ltr'><strong>Lb;</strong></span> <span class='ocrx_word' id='word_1_467' title='bbox 1043 1514 1108 1541; x_wconf 74' lang='grc' dir='ltr'>Θεὸν</span> <span class='ocrx_word' id='word_1_468' title='bbox 1123 1515 1170 1540; x_wconf 74' lang='grc' dir='ltr'><strong>καὶ</strong></span> <span class='ocrx_word' id='word_1_469' title='bbox 1182 1514 1327 1549; x_wconf 76' lang='grc' dir='ltr'>εὐλογῆσαι</span> <span class='ocrx_word' id='word_1_470' title='bbox 1337 1513 1496 1549; x_wconf 72' lang='grc' dir='ltr'>δυνάμενον,</span> <span class='ocrx_word' id='word_1_471' title='bbox 1512 1512 1688 1548; x_wconf 75' lang='grc' dir='ltr'>καταϐοᾷς-δὲ</span> <span class='ocrx_word' id='word_1_472' title='bbox 1702 1513 1785 1539; x_wconf 80' lang='grc' dir='ltr'>αὑτοῦ</span> 
     </span>
    </p>
   </div>
   <div class='ocr_carea' id='block_1_66' title="bbox 157 1558 942 1594">
    <p class='ocr_par' dir='ltr' id='par_1_66' title="bbox 157 1558 942 1594">
     <span class='ocr_line' id='line_1_66' title="bbox 157 1558 942 1594; baseline -0.004 -7"><span class='ocrx_word' id='word_1_473' title='bbox 157 1569 232 1593; x_wconf 77' lang='lat' dir='ltr'><strong>eum,</strong></span> <span class='ocrx_word' id='word_1_474' title='bbox 248 1561 291 1594; x_wconf 91' lang='lat' dir='ltr'><strong>qui</strong></span> <span class='ocrx_word' id='word_1_475' title='bbox 312 1560 377 1587; x_wconf 93' lang='lat' dir='ltr'><strong>nihil</strong></span> <span class='ocrx_word' id='word_1_476' title='bbox 392 1560 524 1593; x_wconf 73' lang='lat' dir='ltr'><strong>sciatprm</strong></span> <span class='ocrx_word' id='word_1_477' title='bbox 541 1559 627 1586; x_wconf 83' lang='lat' dir='ltr'><strong>nobis.</strong></span> <span class='ocrx_word' id='word_1_478' title='bbox 650 1558 711 1591; x_wconf 79' lang='lat' dir='ltr'><strong>Hic,</strong></span> <span class='ocrx_word' id='word_1_479' title='bbox 731 1559 827 1593; x_wconf 87' lang='lat' dir='ltr'><strong>inquit,</strong></span> <span class='ocrx_word' id='word_1_480' title='bbox 843 1558 865 1585; x_wconf 74' lang='lat' dir='ltr'><strong>si</strong></span> <span class='ocrx_word' id='word_1_481' title='bbox 877 1562 942 1585; x_wconf 76' lang='lat' dir='ltr'><strong>esset</strong></span> 
     </span>
    </p>
   </div>
   <div class='ocr_carea' id='block_1_67' title="bbox 155 1605 943 1642">
    <p class='ocr_par' dir='ltr' id='par_1_67' title="bbox 155 1605 943 1642">
     <span class='ocr_line' id='line_1_67' title="bbox 155 1605 943 1642; baseline -0.001 -9"><span class='ocrx_word' id='word_1_482' title='bbox 155 1608 292 1642; x_wconf 64' lang='lat' dir='ltr'><strong>propheta.</strong></span> <span class='ocrx_word' id='word_1_483' title='bbox 313 1605 335 1633; x_wconf 90' lang='grc'><strong>0</strong></span> <span class='ocrx_word' id='word_1_484' title='bbox 349 1614 428 1641; x_wconf 86' lang='lat' dir='ltr'><strong>quam</strong></span> <span class='ocrx_word' id='word_1_485' title='bbox 445 1610 470 1633; x_wconf 84' lang='lat' dir='ltr'><strong>te</strong></span> <span class='ocrx_word' id='word_1_486' title='bbox 491 1605 595 1639; x_wconf 88' lang='lat' dir='ltr'><strong>melior,</strong></span> <span class='ocrx_word' id='word_1_487' title='bbox 627 1605 773 1638; x_wconf 72' lang='lat' dir='ltr'><strong>Pharismc,</strong></span> <span class='ocrx_word' id='word_1_488' title='bbox 789 1605 883 1632; x_wconf 87' lang='lat' dir='ltr'><strong>mulier</strong></span> <span class='ocrx_word' id='word_1_489' title='bbox 899 1605 943 1632; x_wconf 86' lang='lat' dir='ltr'><strong>illa</strong></span> 
     </span>
    </p>
   </div>
   <div class='ocr_carea' id='block_1_68' title="bbox 158 1650 943 1686">
    <p class='ocr_par' dir='ltr' id='par_1_68' title="bbox 158 1650 943 1686">
     <span class='ocr_line' id='line_1_68' title="bbox 158 1650 943 1686; baseline -0.003 -8"><span class='ocrx_word' id='word_1_490' title='bbox 158 1653 183 1678; x_wconf 90' lang='lat' dir='ltr'><strong>in</strong></span> <span class='ocrx_word' id='word_1_491' title='bbox 209 1651 348 1683; x_wconf 85' lang='lat' dir='ltr'><strong>Sichimis,</strong></span> <span class='ocrx_word' id='word_1_492' title='bbox 376 1658 436 1684; x_wconf 74' lang='lat' dir='ltr'><strong>qua:</strong></span> <span class='ocrx_word' id='word_1_493' title='bbox 458 1651 617 1686; x_wconf 76' lang='lat' dir='ltr'><strong>prophetam</strong></span> <span class='ocrx_word' id='word_1_494' title='bbox 647 1650 779 1681; x_wconf 89' lang='lat' dir='ltr'><strong>nesciens,</strong></span> <span class='ocrx_word' id='word_1_495' title='bbox 809 1658 839 1677; x_wconf 77' lang='lat' dir='ltr'><strong>ex</strong></span> <span class='ocrx_word' id='word_1_496' title='bbox 857 1650 943 1684; x_wconf 88' lang='lat' dir='ltr'><strong>priuto</strong></span> 
     </span>
    </p>
   </div>
   <div class='ocr_carea' id='block_1_69' title="bbox 157 1695 941 1729">
    <p class='ocr_par' dir='ltr' id='par_1_69' title="bbox 157 1695 941 1729">
     <span class='ocr_line' id='line_1_69' title="bbox 157 1695 941 1729; baseline -0.003 -6"><span class='ocrx_word' id='word_1_497' title='bbox 157 1697 247 1723; x_wconf 80' lang='lat' dir='ltr'><strong>statim</strong></span> <span class='ocrx_word' id='word_1_498' title='bbox 264 1697 323 1724; x_wconf 90' lang='lat' dir='ltr'><strong>visu</strong></span> <span class='ocrx_word' id='word_1_499' title='bbox 340 1696 461 1724; x_wconf 85' lang='lat' dir='ltr'><strong>confessa</strong></span> <span class='ocrx_word' id='word_1_500' title='bbox 478 1700 519 1723; x_wconf 89' lang='lat' dir='ltr'><strong>est</strong></span> <span class='ocrx_word' id='word_1_501' title='bbox 531 1695 709 1723; x_wconf 86' lang='lat' dir='ltr'><strong>Salvatorem!</strong></span> <span class='ocrx_word' id='word_1_502' title='bbox 732 1696 841 1722; x_wconf 89' lang='lat' dir='ltr'><strong>Domine</strong></span> <span class='ocrx_word' id='word_1_503' title='bbox 858 1696 941 1729; x_wconf 89' lang='lat' dir='ltr'><strong>cnim,</strong></span> 
     </span>
    </p>
   </div>
   <div class='ocr_carea' id='block_1_70' title="bbox 156 1742 942 1777">
    <p class='ocr_par' dir='ltr' id='par_1_70' title="bbox 156 1742 942 1777">
     <span class='ocr_line' id='line_1_70' title="bbox 156 1742 942 1777; baseline -0.003 -8"><span class='ocrx_word' id='word_1_504' title='bbox 156 1742 253 1777; x_wconf 85' lang='lat' dir='ltr'><strong>inquit,</strong></span> <span class='ocrx_word' id='word_1_505' title='bbox 269 1742 415 1777; x_wconf 80' lang='lat' dir='ltr'><strong>videoquia</strong></span> <span class='ocrx_word' id='word_1_506' title='bbox 427 1742 551 1777; x_wconf 80' lang='lat' dir='ltr'><strong>propheta</strong></span> <span class='ocrx_word' id='word_1_507' title='bbox 578 1751 605 1770; x_wconf 77' lang='lat' dir='ltr'><strong>es</strong></span> <span class='ocrx_word' id='word_1_508' title='bbox 630 1748 657 1769; x_wconf 84' lang='lat' dir='ltr'><strong>tu</strong></span> <span class='ocrx_word' id='word_1_509' title='bbox 672 1742 703 1768; x_wconf 84' lang='lat'><strong>&quot;.</strong></span> <span class='ocrx_word' id='word_1_510' title='bbox 723 1742 807 1775; x_wconf 82' lang='lat' dir='ltr'><strong>Quam</strong></span> <span class='ocrx_word' id='word_1_511' title='bbox 834 1749 898 1768; x_wconf 82' lang='lat' dir='ltr'><strong>vero</strong></span> <span class='ocrx_word' id='word_1_512' title='bbox 916 1746 942 1768; x_wconf 87' lang='lat' dir='ltr'><strong>et</strong></span> 
     </span>
    </p>
   </div>
   <div class='ocr_carea' id='block_1_71' title="bbox 158 1789 943 1829">
    <p class='ocr_par' dir='ltr' id='par_1_71' title="bbox 158 1789 943 1829">
     <span class='ocr_line' id='line_1_71' title="bbox 158 1789 943 1829; baseline -0.003 -12"><span class='ocrx_word' id='word_1_513' title='bbox 158 1790 215 1817; x_wconf 82' lang='lat' dir='ltr'><strong>haec</strong></span> <span class='ocrx_word' id='word_1_514' title='bbox 240 1790 389 1829; x_wconf 77' lang='lat' dir='ltr'><strong>peccatrix,</strong></span> <span class='ocrx_word' id='word_1_515' title='bbox 419 1796 474 1824; x_wconf 69' lang='lat' dir='ltr'><strong>prta</strong></span> <span class='ocrx_word' id='word_1_516' title='bbox 503 1794 527 1816; x_wconf 86' lang='lat' dir='ltr'><strong>te</strong></span> <span class='ocrx_word' id='word_1_517' title='bbox 551 1789 847 1824; x_wconf 63' lang='lat' dir='ltr'><strong>dignemini-truncae,</strong></span> <span class='ocrx_word' id='word_1_518' title='bbox 865 1789 943 1823; x_wconf 85' lang='lat' dir='ltr'><strong>cujus</strong></span> 
     </span>
    </p>
   </div>
   <div class='ocr_carea' id='block_1_72' title="bbox 157 1833 944 1869">
    <p class='ocr_par' dir='ltr' id='par_1_72' title="bbox 157 1833 944 1869">
     <span class='ocr_line' id='line_1_72' title="bbox 157 1833 944 1869; baseline 0.001 -7"><span class='ocrx_word' id='word_1_519' title='bbox 157 1835 265 1869; x_wconf 79' lang='lat' dir='ltr'><strong>quidem</strong></span> <span class='ocrx_word' id='word_1_520' title='bbox 281 1835 356 1862; x_wconf 87' lang='lat' dir='ltr'><strong>vides</strong></span> <span class='ocrx_word' id='word_1_521' title='bbox 375 1839 526 1869; x_wconf 88' lang='lat' dir='ltr'><strong>peccatum,</strong></span> <span class='ocrx_word' id='word_1_522' title='bbox 542 1833 590 1861; x_wconf 80' lang='lat' dir='ltr'><strong>sed</strong></span> <span class='ocrx_word' id='word_1_523' title='bbox 608 1835 794 1869; x_wconf 76' lang='lat' dir='ltr'><strong>pmnitentiam</strong></span> <span class='ocrx_word' id='word_1_524' title='bbox 817 1843 868 1862; x_wconf 95' lang='lat' dir='ltr'><strong>non</strong></span> <span class='ocrx_word' id='word_1_525' title='bbox 884 1843 944 1863; x_wconf 87' lang='lat' dir='ltr'><strong>ccr-</strong></span> 
     </span>
    </p>
   </div>
   <div class='ocr_carea' id='block_1_73' title="bbox 158 1880 944 1915">
    <p class='ocr_par' dir='ltr' id='par_1_73' title="bbox 158 1880 944 1915">
     <span class='ocr_line' id='line_1_73' title="bbox 158 1880 944 1915; baseline 0.003 -8"><span class='ocrx_word' id='word_1_526' title='bbox 158 1881 209 1907; x_wconf 85' lang='lat' dir='ltr'><strong>nis!</strong></span> <span class='ocrx_word' id='word_1_527' title='bbox 226 1880 296 1914; x_wconf 82' lang='lat' dir='ltr'><strong>Quin</strong></span> <span class='ocrx_word' id='word_1_528' title='bbox 309 1885 336 1907; x_wconf 91' lang='lat' dir='ltr'><strong>et</strong></span> <span class='ocrx_word' id='word_1_529' title='bbox 347 1880 524 1912; x_wconf 80' lang='lat' dir='ltr'><strong>condemnas,</strong></span> <span class='ocrx_word' id='word_1_530' title='bbox 539 1887 619 1915; x_wconf 82' lang='lat' dir='ltr'><strong>quant</strong></span> <span class='ocrx_word' id='word_1_531' title='bbox 632 1881 712 1914; x_wconf 84' lang='lat' dir='ltr'><strong>judex</strong></span> <span class='ocrx_word' id='word_1_532' title='bbox 733 1880 866 1914; x_wconf 84' lang='lat' dir='ltr'><strong>justiﬁcat</strong></span> <span class='ocrx_word' id='word_1_533' title='bbox 882 1890 888 1908; x_wconf 91' lang='lat'><strong><em>:</em></strong></span> <span class='ocrx_word' id='word_1_534' title='bbox 902 1889 944 1909; x_wconf 85' lang='lat' dir='ltr'><strong>re-</strong></span> 
     </span>
    </p>
   </div>
   <div class='ocr_carea' id='block_1_74' title="bbox 157 1927 943 1962">
    <p class='ocr_par' dir='ltr' id='par_1_74' title="bbox 157 1927 943 1962">
     <span class='ocr_line' id='line_1_74' title="bbox 157 1927 943 1962; baseline 0.003 -9"><span class='ocrx_word' id='word_1_535' title='bbox 157 1927 355 1962; x_wconf 84' lang='lat' dir='ltr'><strong>prehendisque</strong></span> <span class='ocrx_word' id='word_1_536' title='bbox 368 1932 395 1954; x_wconf 88' lang='lat' dir='ltr'><strong>et</strong></span> <span class='ocrx_word' id='word_1_537' title='bbox 408 1928 565 1962; x_wconf 86' lang='lat' dir='ltr'><strong>vituperas,</strong></span> <span class='ocrx_word' id='word_1_538' title='bbox 594 1935 675 1962; x_wconf 86' lang='lat' dir='ltr'><strong>quam</strong></span> <span class='ocrx_word' id='word_1_539' title='bbox 698 1927 769 1955; x_wconf 87' lang='lat' dir='ltr'><strong>Deus</strong></span> <span class='ocrx_word' id='word_1_540' title='bbox 793 1928 943 1962; x_wconf 84' lang='lat' dir='ltr'><strong>suscipiens</strong></span> 
     </span>
    </p>
   </div>
   <div class='ocr_carea' id='block_1_75' title="bbox 157 1973 945 2008">
    <p class='ocr_par' dir='ltr' id='par_1_75' title="bbox 157 1973 945 2008">
     <span class='ocr_line' id='line_1_75' title="bbox 157 1973 945 2008; baseline 0.001 -9"><span class='ocrx_word' id='word_1_541' title='bbox 157 1975 285 2000; x_wconf 77' lang='lat' dir='ltr'><strong>coronat:</strong></span> <span class='ocrx_word' id='word_1_542' title='bbox 302 1973 372 2008; x_wconf 88' lang='lat' dir='ltr'><strong>quod</strong></span> <span class='ocrx_word' id='word_1_543' title='bbox 390 1973 475 2001; x_wconf 82' lang='lat' dir='ltr'><strong>visunt</strong></span> <span class='ocrx_word' id='word_1_544' title='bbox 494 1973 564 2008; x_wconf 87' lang='lat' dir='ltr'><strong>apud</strong></span> <span class='ocrx_word' id='word_1_545' title='bbox 579 1978 604 2001; x_wconf 91' lang='lat' dir='ltr'><strong>te</strong></span> <span class='ocrx_word' id='word_1_546' title='bbox 619 1973 702 2000; x_wconf 83' lang='lat' dir='ltr'><strong>Deum</strong></span> <span class='ocrx_word' id='word_1_547' title='bbox 718 1974 744 2000; x_wconf 92' lang='lat' dir='ltr'><strong>in</strong></span> <span class='ocrx_word' id='word_1_548' title='bbox 759 1973 844 2001; x_wconf 82' lang='lat' dir='ltr'><strong>forma</strong></span> <span class='ocrx_word' id='word_1_549' title='bbox 856 1974 945 2001; x_wconf 77' lang='lat' dir='ltr'><strong>homi-</strong></span> 
     </span>
    </p>
   </div>
   <div class='ocr_carea' id='block_1_76' title="bbox 157 2018 942 2053">
    <p class='ocr_par' dir='ltr' id='par_1_76' title="bbox 157 2018 942 2053">
     <span class='ocr_line' id='line_1_76' title="bbox 157 2018 942 2053; baseline 0.003 -8"><span class='ocrx_word' id='word_1_550' title='bbox 157 2019 199 2046; x_wconf 84' lang='lat' dir='ltr'><strong>nis</strong></span> <span class='ocrx_word' id='word_1_551' title='bbox 213 2021 427 2051; x_wconf 86' lang='lat' dir='ltr'><strong>recumbentem,</strong></span> <span class='ocrx_word' id='word_1_552' title='bbox 446 2019 567 2053; x_wconf 74' lang='lat' dir='ltr'><strong>agnovit,</strong></span> <span class='ocrx_word' id='word_1_553' title='bbox 580 2019 658 2053; x_wconf 87' lang='lat' dir='ltr'><strong>eique</strong></span> <span class='ocrx_word' id='word_1_554' title='bbox 681 2019 811 2046; x_wconf 86' lang='lat' dir='ltr'><strong>honorem</strong></span> <span class='ocrx_word' id='word_1_555' title='bbox 828 2018 921 2046; x_wconf 88' lang='lat' dir='ltr'><strong>ltabuit</strong></span> <span class='ocrx_word' id='word_1_556' title='bbox 936 2028 942 2047; x_wconf 95' lang='lat'>:</span> 
     </span>
    </p>
   </div>
   <div class='ocr_carea' id='block_1_77' title="bbox 156 2063 944 2097">
    <p class='ocr_par' dir='ltr' id='par_1_77' title="bbox 156 2063 944 2097">
     <span class='ocr_line' id='line_1_77' title="bbox 156 2063 944 2097; baseline 0.005 -9"><span class='ocrx_word' id='word_1_557' title='bbox 156 2067 238 2096; x_wconf 77' lang='lat' dir='ltr'><strong>atque</strong></span> <span class='ocrx_word' id='word_1_558' title='bbox 258 2063 355 2089; x_wconf 73' lang='lat' dir='ltr'><strong>anima:</strong></span> <span class='ocrx_word' id='word_1_559' title='bbox 367 2063 478 2090; x_wconf 80' lang='lat' dir='ltr'><strong>retectis</strong></span> <span class='ocrx_word' id='word_1_560' title='bbox 489 2063 654 2094; x_wconf 81' lang='lat' dir='ltr'><strong>vulneribus,</strong></span> <span class='ocrx_word' id='word_1_561' title='bbox 679 2063 904 2097; x_wconf 70' lang='lat' dir='ltr'><strong>misericordiam,</strong></span> <span class='ocrx_word' id='word_1_562' title='bbox 917 2070 944 2092; x_wconf 88' lang='lat' dir='ltr'><strong>et</strong></span> 
     </span>
    </p>
   </div>
   <div class='ocr_carea' id='block_1_78' title="bbox 157 2107 943 2146">
    <p class='ocr_par' dir='ltr' id='par_1_78' title="bbox 157 2107 943 2146">
     <span class='ocr_line' id='line_1_78' title="bbox 157 2107 943 2146; baseline 0.005 -12"><span class='ocrx_word' id='word_1_563' title='bbox 157 2107 302 2135; x_wconf 85' lang='lat' dir='ltr'><strong>anterioris</strong></span> <span class='ocrx_word' id='word_1_564' title='bbox 318 2109 378 2135; x_wconf 65' lang='lat' dir='ltr'><strong>vitae</strong></span> <span class='ocrx_word' id='word_1_565' title='bbox 393 2109 598 2136; x_wconf 86' lang='lat' dir='ltr'><strong>commissorum</strong></span> <span class='ocrx_word' id='word_1_566' title='bbox 622 2110 839 2138; x_wconf 78' lang='lat' dir='ltr'><strong>obliterationem</strong></span> <span class='ocrx_word' id='word_1_567' title='bbox 854 2112 943 2146; x_wconf 89' lang='lat' dir='ltr'><strong>petiit.</strong></span> 
     </span>
    </p>
   </div>
   <div class='ocr_carea' id='block_1_79' title="bbox 159 2153 944 2188">
    <p class='ocr_par' dir='ltr' id='par_1_79' title="bbox 159 2153 944 2188">
     <span class='ocr_line' id='line_1_79' title="bbox 159 2153 944 2188; baseline 0.005 -9"><span class='ocrx_word' id='word_1_568' title='bbox 159 2153 300 2180; x_wconf 79' lang='lat' dir='ltr'><strong>Tuautem</strong></span> <span class='ocrx_word' id='word_1_569' title='bbox 317 2154 361 2188; x_wconf 91' lang='lat' dir='ltr'><strong>qui</strong></span> <span class='ocrx_word' id='word_1_570' title='bbox 392 2155 531 2181; x_wconf 86' lang='lat' dir='ltr'><strong>honorasti</strong></span> <span class='ocrx_word' id='word_1_571' title='bbox 564 2155 696 2187; x_wconf 76' lang='lat' dir='ltr'><strong>vocando,</strong></span> <span class='ocrx_word' id='word_1_572' title='bbox 723 2156 884 2182; x_wconf 89' lang='lat' dir='ltr'><strong>contumelia</strong></span> <span class='ocrx_word' id='word_1_573' title='bbox 904 2157 944 2183; x_wconf 88' lang='lat' dir='ltr'><strong>in-</strong></span> 
     </span>
    </p>
   </div>
   <div class='ocr_carea' id='block_1_80' title="bbox 156 2198 943 2236">
    <p class='ocr_par' dir='ltr' id='par_1_80' title="bbox 156 2198 943 2236">
     <span class='ocr_line' id='line_1_80' title="bbox 156 2198 943 2236; baseline 0.004 -11"><span class='ocrx_word' id='word_1_574' title='bbox 156 2199 286 2231; x_wconf 79' lang='lat' dir='ltr'><strong>liouot&#39;as,</strong></span> <span class='ocrx_word' id='word_1_575' title='bbox 313 2199 423 2226; x_wconf 70' lang='lat' dir='ltr'><strong>(licens:</strong></span> <span class='ocrx_word' id='word_1_576' title='bbox 445 2198 473 2226; x_wconf 90' lang='lat' dir='ltr'><strong>Si</strong></span> <span class='ocrx_word' id='word_1_577' title='bbox 499 2205 563 2227; x_wconf 74' lang='lat' dir='ltr'><strong>esset</strong></span> <span class='ocrx_word' id='word_1_578' title='bbox 593 2201 728 2234; x_wconf 81' lang='lat' dir='ltr'><strong>propheta,</strong></span> <span class='ocrx_word' id='word_1_579' title='bbox 758 2201 833 2226; x_wconf 72' lang='lat' dir='ltr'><strong>sciret</strong></span> <span class='ocrx_word' id='word_1_580' title='bbox 855 2203 943 2236; x_wconf 83' lang='lat' dir='ltr'><strong>utique</strong></span> 
     </span>
    </p>
   </div>
   <div class='ocr_carea' id='block_1_81' title="bbox 157 2245 940 2281">
    <p class='ocr_par' dir='ltr' id='par_1_81' title="bbox 157 2245 940 2281">
     <span class='ocr_line' id='line_1_81' title="bbox 157 2245 940 2281; baseline 0.005 -11"><span class='ocrx_word' id='word_1_581' title='bbox 157 2245 354 2280; x_wconf 62' lang='lat' dir='ltr'><strong>qnwetqualis</strong></span> <span class='ocrx_word' id='word_1_582' title='bbox 383 2251 419 2272; x_wconf 77' lang='lat' dir='ltr'><strong>est</strong></span> <span class='ocrx_word' id='word_1_583' title='bbox 449 2245 543 2272; x_wconf 82' lang='lat' dir='ltr'><strong>mulier</strong></span> <span class='ocrx_word' id='word_1_584' title='bbox 567 2254 625 2280; x_wconf 75' lang='lat' dir='ltr'><strong>qua:</strong></span> <span class='ocrx_word' id='word_1_585' title='bbox 647 2247 729 2281; x_wconf 77' lang='lat' dir='ltr'><strong>tangit</strong></span> <span class='ocrx_word' id='word_1_586' title='bbox 754 2255 821 2273; x_wconf 87' lang='lat' dir='ltr'><strong>enm.</strong></span> <span class='ocrx_word' id='word_1_587' title='bbox 847 2247 940 2274; x_wconf 78' lang='lat' dir='ltr'><strong>Miser!</strong></span> 
     </span>
    </p>
   </div>
   <div class='ocr_carea' id='block_1_82' title="bbox 158 2293 943 2328">
    <p class='ocr_par' dir='ltr' id='par_1_82' title="bbox 158 2293 943 2328">
     <span class='ocr_line' id='line_1_82' title="bbox 158 2293 943 2328; baseline 0.001 -10"><span class='ocrx_word' id='word_1_588' title='bbox 158 2296 300 2326; x_wconf 83' lang='lat' dir='ltr'><strong>propterea</strong></span> <span class='ocrx_word' id='word_1_589' title='bbox 333 2293 394 2326; x_wconf 89' lang='lat' dir='ltr'><strong>quia</strong></span> <span class='ocrx_word' id='word_1_590' title='bbox 420 2299 472 2319; x_wconf 91' lang='lat' dir='ltr'><strong>non</strong></span> <span class='ocrx_word' id='word_1_591' title='bbox 500 2293 588 2327; x_wconf 77' lang='lat' dir='ltr'><strong>arguit</strong></span> <span class='ocrx_word' id='word_1_592' title='bbox 614 2297 657 2320; x_wconf 79' lang='lat' dir='ltr'><strong>tua</strong></span> <span class='ocrx_word' id='word_1_593' title='bbox 688 2293 768 2323; x_wconf 80' lang='lat' dir='ltr'><strong>mala.</strong></span> <span class='ocrx_word' id='word_1_594' title='bbox 784 2293 943 2328; x_wconf 60' lang='lat' dir='ltr'><strong>ignorantiae</strong></span> 
     </span>
    </p>
   </div>
   <div class='ocr_carea' id='block_1_83' title="bbox 157 2337 941 2373">
    <p class='ocr_par' dir='ltr' id='par_1_83' title="bbox 157 2337 941 2373">
     <span class='ocr_line' id='line_1_83' title="bbox 157 2337 941 2373; baseline 0.003 -10"><span class='ocrx_word' id='word_1_595' title='bbox 157 2337 291 2365; x_wconf 83' lang='lat' dir='ltr'><strong>damnas?</strong></span> <span class='ocrx_word' id='word_1_596' title='bbox 306 2337 453 2372; x_wconf 78' lang='lat' dir='ltr'><strong>Propterea</strong></span> <span class='ocrx_word' id='word_1_597' title='bbox 470 2338 533 2372; x_wconf 86' lang='lat' dir='ltr'><strong>quia</strong></span> <span class='ocrx_word' id='word_1_598' title='bbox 546 2342 644 2366; x_wconf 88' lang='lat' dir='ltr'><strong>teclutn</strong></span> <span class='ocrx_word' id='word_1_599' title='bbox 660 2343 733 2365; x_wconf 88' lang='lat' dir='ltr'><strong>tuum</strong></span> <span class='ocrx_word' id='word_1_600' title='bbox 747 2338 869 2373; x_wconf 84' lang='lat' dir='ltr'><strong>pluribus</strong></span> <span class='ocrx_word' id='word_1_601' title='bbox 880 2347 941 2373; x_wconf 61' lang='lat' dir='ltr'><strong>grav</strong></span> 
     </span>
    </p>
   </div>
   <div class='ocr_carea' id='block_1_84' title="bbox 159 2384 942 2419">
    <p class='ocr_par' dir='ltr' id='par_1_84' title="bbox 159 2384 942 2419">
     <span class='ocr_line' id='line_1_84' title="bbox 159 2384 942 2419; baseline 0.004 -10"><span class='ocrx_word' id='word_1_602' title='bbox 159 2389 248 2410; x_wconf 80' lang='lat' dir='ltr'><strong>ratum</strong></span> <span class='ocrx_word' id='word_1_603' title='bbox 266 2384 344 2411; x_wconf 82' lang='lat' dir='ltr'><strong>malis</strong></span> <span class='ocrx_word' id='word_1_604' title='bbox 357 2384 449 2416; x_wconf 86' lang='lat' dir='ltr'><strong>subiit,</strong></span> <span class='ocrx_word' id='word_1_605' title='bbox 464 2385 602 2412; x_wconf 82' lang='lat' dir='ltr'><strong>scientiam</strong></span> <span class='ocrx_word' id='word_1_606' title='bbox 620 2385 733 2412; x_wconf 83' lang='lat' dir='ltr'><strong>adimis?</strong></span> <span class='ocrx_word' id='word_1_607' title='bbox 760 2384 797 2410; x_wconf 80' lang='lat' dir='ltr'><strong>Ita</strong></span> <span class='ocrx_word' id='word_1_608' title='bbox 812 2392 855 2416; x_wconf 84' lang='lat' dir='ltr'><strong>ne,</strong></span> <span class='ocrx_word' id='word_1_609' title='bbox 872 2386 942 2419; x_wconf 87' lang='lat' dir='ltr'><strong>quod</strong></span> 
     </span>
    </p>
   </div>
   <div class='ocr_carea' id='block_1_85' title="bbox 156 2430 941 2464">
    <p class='ocr_par' dir='ltr' id='par_1_85' title="bbox 156 2430 941 2464">
     <span class='ocr_line' id='line_1_85' title="bbox 156 2430 941 2464; baseline 0 -7"><span class='ocrx_word' id='word_1_610' title='bbox 156 2430 296 2464; x_wconf 77' lang='lat' dir='ltr'><strong>rogaveris</strong></span> <span class='ocrx_word' id='word_1_611' title='bbox 313 2435 341 2457; x_wconf 91' lang='lat' dir='ltr'><strong>ut</strong></span> <span class='ocrx_word' id='word_1_612' title='bbox 352 2430 465 2458; x_wconf 86' lang='lat' dir='ltr'><strong>intraret</strong></span> <span class='ocrx_word' id='word_1_613' title='bbox 477 2432 525 2458; x_wconf 91' lang='lat' dir='ltr'><strong>sub</strong></span> <span class='ocrx_word' id='word_1_614' title='bbox 541 2435 638 2458; x_wconf 89' lang='lat' dir='ltr'><strong>tectum</strong></span> <span class='ocrx_word' id='word_1_615' title='bbox 652 2434 740 2462; x_wconf 86' lang='lat' dir='ltr'><strong>tuum,</strong></span> <span class='ocrx_word' id='word_1_616' title='bbox 753 2435 782 2456; x_wconf 90' lang='lat' dir='ltr'><strong>ut</strong></span> <span class='ocrx_word' id='word_1_617' title='bbox 794 2436 881 2457; x_wconf 83' lang='lat' dir='ltr'><strong>tecum</strong></span> <span class='ocrx_word' id='word_1_618' title='bbox 895 2437 941 2457; x_wconf 85' lang='lat' dir='ltr'><strong>ae-</strong></span> 
     </span>
    </p>
   </div>
   <div class='ocr_carea' id='block_1_86' title="bbox 156 2477 943 2512">
    <p class='ocr_par' dir='ltr' id='par_1_86' title="bbox 156 2477 943 2512">
     <span class='ocr_line' id='line_1_86' title="bbox 156 2477 943 2512; baseline -0.003 -10"><span class='ocrx_word' id='word_1_619' title='bbox 156 2477 304 2510; x_wconf 77' lang='lat' dir='ltr'><strong>cumberet,</strong></span> <span class='ocrx_word' id='word_1_620' title='bbox 313 2477 443 2504; x_wconf 83' lang='lat' dir='ltr'><strong>uteduliis</strong></span> <span class='ocrx_word' id='word_1_621' title='bbox 454 2477 506 2504; x_wconf 87' lang='lat' dir='ltr'><strong>tuis</strong></span> <span class='ocrx_word' id='word_1_622' title='bbox 516 2477 642 2512; x_wconf 87' lang='lat' dir='ltr'><strong>adjiceret</strong></span> <span class='ocrx_word' id='word_1_623' title='bbox 650 2484 768 2507; x_wconf 84' lang='lat' dir='ltr'><strong>manum,</strong></span> <span class='ocrx_word' id='word_1_624' title='bbox 777 2484 826 2503; x_wconf 88' lang='lat' dir='ltr'><strong>nec</strong></span> <span class='ocrx_word' id='word_1_625' title='bbox 835 2481 943 2510; x_wconf 81' lang='lat' dir='ltr'><strong>rogatus</strong></span> 
     </span>
    </p>
   </div>
   <div class='ocr_carea' id='block_1_87' title="bbox 157 2520 941 2558">
    <p class='ocr_par' dir='ltr' id='par_1_87' title="bbox 157 2520 941 2558">
     <span class='ocr_line' id='line_1_87' title="bbox 157 2520 941 2558; baseline -0.003 -10"><span class='ocrx_word' id='word_1_626' title='bbox 157 2523 391 2555; x_wconf 76' lang='lat' dir='ltr'><strong>abntterit..uuunt</strong></span> <span class='ocrx_word' id='word_1_627' title='bbox 410 2523 524 2558; x_wconf 82' lang='lat' dir='ltr'><strong>aliquem</strong></span> <span class='ocrx_word' id='word_1_628' title='bbox 537 2524 570 2550; x_wconf 88' lang='lat' dir='ltr'><strong>de</strong></span> <span class='ocrx_word' id='word_1_629' title='bbox 589 2523 679 2549; x_wconf 89' lang='lat' dir='ltr'><strong>multis</strong></span> <span class='ocrx_word' id='word_1_630' title='bbox 701 2520 941 2549; x_wconf 85' lang='lat' dir='ltr'><strong>arbitraris?Num</strong></span> 
     </span>
    </p>
   </div>
   <div class='ocr_carea' id='block_1_88' title="bbox 158 2568 941 2604">
    <p class='ocr_par' dir='ltr' id='par_1_88' title="bbox 158 2568 941 2604">
     <span class='ocr_line' id='line_1_88' title="bbox 158 2568 941 2604; baseline -0.003 -10"><span class='ocrx_word' id='word_1_631' title='bbox 158 2577 221 2595; x_wconf 75' lang='lat' dir='ltr'><strong>tero</strong></span> <span class='ocrx_word' id='word_1_632' title='bbox 235 2568 330 2604; x_wconf 77' lang='lat' dir='ltr'><strong>dignus</strong></span> <span class='ocrx_word' id='word_1_633' title='bbox 346 2575 417 2601; x_wconf 80' lang='lat' dir='ltr'><strong>eras,</strong></span> <span class='ocrx_word' id='word_1_634' title='bbox 436 2574 464 2595; x_wconf 91' lang='lat' dir='ltr'><strong>ut</strong></span> <span class='ocrx_word' id='word_1_635' title='bbox 478 2569 593 2603; x_wconf 85' lang='lat' dir='ltr'><strong>hospitio</strong></span> <span class='ocrx_word' id='word_1_636' title='bbox 621 2568 703 2595; x_wconf 85' lang='lat' dir='ltr'><strong>Deum</strong></span> <span class='ocrx_word' id='word_1_637' title='bbox 728 2568 878 2602; x_wconf 73' lang='lat' dir='ltr'><strong>exciperes,</strong></span> <span class='ocrx_word' id='word_1_638' title='bbox 896 2570 941 2593; x_wconf 87' lang='lat' dir='ltr'><strong>aut</strong></span> 
     </span>
    </p>
   </div>
   <div class='ocr_carea' id='block_1_89' title="bbox 157 2614 941 2649">
    <p class='ocr_par' dir='ltr' id='par_1_89' title="bbox 157 2614 941 2649">
     <span class='ocr_line' id='line_1_89' title="bbox 157 2614 941 2649; baseline 0 -10"><span class='ocrx_word' id='word_1_639' title='bbox 157 2615 180 2640; x_wconf 75' lang='lat' dir='ltr'><strong>ei</strong></span> <span class='ocrx_word' id='word_1_640' title='bbox 197 2622 307 2648; x_wconf 85' lang='lat' dir='ltr'><strong>parares</strong></span> <span class='ocrx_word' id='word_1_641' title='bbox 321 2618 453 2647; x_wconf 80' lang='lat' dir='ltr'><strong>mensam,</strong></span> <span class='ocrx_word' id='word_1_642' title='bbox 479 2614 525 2649; x_wconf 80' lang='lat' dir='ltr'><strong>qui</strong></span> <span class='ocrx_word' id='word_1_643' title='bbox 550 2622 668 2641; x_wconf 84' lang='lat' dir='ltr'><strong>mensam</strong></span> <span class='ocrx_word' id='word_1_644' title='bbox 695 2614 800 2649; x_wconf 84' lang='lat' dir='ltr'><strong>paravit</strong></span> <span class='ocrx_word' id='word_1_645' title='bbox 813 2614 838 2640; x_wconf 92' lang='lat' dir='ltr'><strong>in</strong></span> <span class='ocrx_word' id='word_1_646' title='bbox 850 2614 941 2639; x_wconf 80' lang='lat' dir='ltr'><strong>tlcser—</strong></span> 
     </span>
    </p>
   </div>
   <div class='ocr_carea' id='block_1_90' title="bbox 158 2659 942 2695">
    <p class='ocr_par' dir='ltr' id='par_1_90' title="bbox 158 2659 942 2695">
     <span class='ocr_line' id='line_1_90' title="bbox 158 2659 942 2695; baseline 0.003 -11"><span class='ocrx_word' id='word_1_647' title='bbox 158 2665 184 2685; x_wconf 83' lang='lat' dir='ltr'><strong>tu</strong></span> <span class='ocrx_word' id='word_1_648' title='bbox 200 2660 242 2686; x_wconf 69' lang='grc' dir='ltr'><strong>ὀῖ’</strong></span> <span class='ocrx_word' id='word_1_649' title='bbox 268 2659 366 2687; x_wconf 86' lang='lat' dir='ltr'><strong>Verum</strong></span> <span class='ocrx_word' id='word_1_650' title='bbox 390 2668 450 2688; x_wconf 90' lang='lat' dir='ltr'><strong>cum</strong></span> <span class='ocrx_word' id='word_1_651' title='bbox 479 2661 644 2695; x_wconf 86' lang='lat' dir='ltr'><strong>propcnsiori</strong></span> <span class='ocrx_word' id='word_1_652' title='bbox 674 2661 701 2688; x_wconf 92' lang='lat' dir='ltr'><strong>in</strong></span> <span class='ocrx_word' id='word_1_653' title='bbox 730 2660 853 2688; x_wconf 85' lang='lat' dir='ltr'><strong>homines</strong></span> <span class='ocrx_word' id='word_1_654' title='bbox 870 2663 942 2686; x_wconf 81' lang='lat' dir='ltr'><strong>esset</strong></span> 
     </span>
    </p>
   </div>
   <div class='ocr_carea' id='block_1_91' title="bbox 156 2705 942 2742">
    <p class='ocr_par' dir='ltr' id='par_1_91' title="bbox 156 2705 942 2742">
     <span class='ocr_line' id='line_1_91' title="bbox 156 2705 942 2742; baseline 0 -10"><span class='ocrx_word' id='word_1_655' title='bbox 156 2705 263 2738; x_wconf 69' lang='lat' dir='ltr'><strong>ail‘cctu,</strong></span> <span class='ocrx_word' id='word_1_656' title='bbox 285 2715 337 2734; x_wconf 93' lang='lat' dir='ltr'><strong>non</strong></span> <span class='ocrx_word' id='word_1_657' title='bbox 353 2707 513 2734; x_wconf 80' lang='lat' dir='ltr'><strong>detrectavit</strong></span> <span class='ocrx_word' id='word_1_658' title='bbox 531 2711 559 2734; x_wconf 93' lang='lat' dir='ltr'><strong>ut</strong></span> <span class='ocrx_word' id='word_1_659' title='bbox 576 2715 590 2734; x_wconf 90' lang='lat' dir='ltr'><strong>a</strong></span> <span class='ocrx_word' id='word_1_660' title='bbox 607 2707 663 2734; x_wconf 81' lang='lat' dir='ltr'><strong>suis</strong></span> <span class='ocrx_word' id='word_1_661' title='bbox 691 2707 748 2742; x_wconf 89' lang='lat' dir='ltr'><strong>ipse</strong></span> <span class='ocrx_word' id='word_1_662' title='bbox 774 2706 880 2733; x_wconf 82' lang='lat' dir='ltr'><strong>famulis</strong></span> <span class='ocrx_word' id='word_1_663' title='bbox 895 2713 942 2740; x_wconf 82' lang='lat' dir='ltr'><strong>po-</strong></span> 
     </span>
    </p>
   </div>
   <div class='ocr_carea' id='block_1_92' title="bbox 192 2793 697 2830">
    <p class='ocr_par' dir='ltr' id='par_1_92' title="bbox 192 2793 697 2830">
     <span class='ocr_line' id='line_1_92' title="bbox 192 2793 697 2830; baseline 0 -8"><span class='ocrx_word' id='word_1_664' title='bbox 192 2794 214 2812; x_wconf 81' lang='grc'><strong>¹⁶</strong></span> <span class='ocrx_word' id='word_1_665' title='bbox 231 2793 281 2822; x_wconf 82' lang='lat' dir='ltr'><strong>lsa.</strong></span> <span class='ocrx_word' id='word_1_666' title='bbox 293 2801 365 2828; x_wconf 78' lang='lat' dir='ltr'><strong>vat,</strong></span> <span class='ocrx_word' id='word_1_667' title='bbox 393 2796 418 2823; x_wconf 82' lang='grc' dir='ltr'>ί.</span> <span class='ocrx_word' id='word_1_668' title='bbox 459 2797 477 2812; x_wconf 94' lang='grc'><strong>¹⁷</strong></span> <span class='ocrx_word' id='word_1_669' title='bbox 493 2796 562 2825; x_wconf 86' lang='lat' dir='ltr'><strong>Psal.</strong></span> <span class='ocrx_word' id='word_1_670' title='bbox 579 2804 653 2830; x_wconf 75' lang='lat' dir='ltr'><strong>Lxxt,</strong></span> <span class='ocrx_word' id='word_1_671' title='bbox 672 2796 697 2823; x_wconf 85' lang='lat'><strong>9.</strong></span> 
     </span>
    </p>
   </div>
   <div class='ocr_carea' id='block_1_93' title="bbox 737 2796 990 2826">
    <p class='ocr_par' dir='ltr' id='par_1_93' title="bbox 737 2796 990 2826">
     <span class='ocr_line' id='line_1_93' title="bbox 737 2796 990 2826; baseline -0.008 -2"><span class='ocrx_word' id='word_1_672' title='bbox 737 2797 758 2812; x_wconf 79' lang='grc'><strong>¹⁸</strong></span> <span class='ocrx_word' id='word_1_673' title='bbox 772 2796 849 2824; x_wconf 81' lang='lat' dir='ltr'><strong>Joau.</strong></span> <span class='ocrx_word' id='word_1_674' title='bbox 871 2803 929 2826; x_wconf 82' lang='lat' dir='ltr'><strong>xm,</strong></span> <span class='ocrx_word' id='word_1_675' title='bbox 945 2796 990 2824; x_wconf 75' lang='lat'><strong>25.</strong></span> 
     </span>
    </p>
   </div>
   <div class='ocr_carea' id='block_1_94' title="bbox 993 1556 1782 1595">
    <p class='ocr_par' dir='ltr' id='par_1_94' title="bbox 993 1556 1782 1595">
     <span class='ocr_line' id='line_1_94' title="bbox 993 1556 1782 1595; baseline 0 -10"><span class='ocrx_word' id='word_1_676' title='bbox 993 1559 1030 1591; x_wconf 80' lang='grc' dir='ltr'>ὡς</span> <span class='ocrx_word' id='word_1_677' title='bbox 1044 1559 1198 1595; x_wconf 79' lang='grc' dir='ltr'>ἀνθρώπου,</span> <span class='ocrx_word' id='word_1_678' title='bbox 1215 1560 1262 1586; x_wconf 74' lang='grc' dir='ltr'><strong>καὶ</strong></span> <span class='ocrx_word' id='word_1_679' title='bbox 1276 1559 1359 1594; x_wconf 74' lang='grc' dir='ltr'>μηδὲν</span> <span class='ocrx_word' id='word_1_680' title='bbox 1377 1559 1448 1594; x_wconf 80' lang='grc' dir='ltr'>ὑπὲρ</span> <span class='ocrx_word' id='word_1_681' title='bbox 1459 1560 1532 1594; x_wconf 77' lang='grc' dir='ltr'>ἡμᾶς</span> <span class='ocrx_word' id='word_1_682' title='bbox 1551 1559 1662 1590; x_wconf 84' lang='grc' dir='ltr'>εἰδότος.</span> <span class='ocrx_word' id='word_1_683' title='bbox 1677 1556 1782 1591; x_wconf 78' lang='grc' dir='ltr'>Οὗτος,</span> 
     </span>
    </p>
   </div>
   <div class='ocr_carea' id='block_1_95' title="bbox 993 1604 1786 1641">
    <p class='ocr_par' dir='ltr' id='par_1_95' title="bbox 993 1604 1786 1641">
     <span class='ocr_line' id='line_1_95' title="bbox 993 1604 1786 1641; baseline -0.003 -9"><span class='ocrx_word' id='word_1_684' title='bbox 993 1605 1091 1640; x_wconf 74' lang='grc' dir='ltr'>φησὶν,</span> <span class='ocrx_word' id='word_1_685' title='bbox 1105 1607 1131 1632; x_wconf 80' lang='grc' dir='ltr'>εὶ</span> <span class='ocrx_word' id='word_1_686' title='bbox 1151 1604 1190 1641; x_wconf 83' lang='grc' dir='ltr'><strong>ἦν</strong></span> <span class='ocrx_word' id='word_1_687' title='bbox 1206 1605 1372 1640; x_wconf 65' lang='grc' dir='ltr'>προφήτης.</span> <span class='ocrx_word' id='word_1_688' title='bbox 1388 1605 1444 1633; x_wconf 76' lang='grc' dir='ltr'><strong>Καὶ</strong></span> <span class='ocrx_word' id='word_1_689' title='bbox 1460 1606 1542 1633; x_wconf 79' lang='grc' dir='ltr'>πόσον</span> <span class='ocrx_word' id='word_1_690' title='bbox 1559 1614 1605 1631; x_wconf 81' lang='grc' dir='ltr'><strong>σου</strong></span> <span class='ocrx_word' id='word_1_691' title='bbox 1621 1605 1747 1640; x_wconf 77' lang='grc' dir='ltr'>βελτίων,</span> <span class='ocrx_word' id='word_1_692' title='bbox 1762 1604 1786 1630; x_wconf 80' lang='grc' dir='ltr'>ὦ</span> 
     </span>
    </p>
   </div>
   <div class='ocr_carea' id='block_1_96' title="bbox 992 1651 1784 1687">
    <p class='ocr_par' dir='ltr' id='par_1_96' title="bbox 992 1651 1784 1687">
     <span class='ocr_line' id='line_1_96' title="bbox 992 1651 1784 1687; baseline 0 -10"><span class='ocrx_word' id='word_1_693' title='bbox 992 1653 1168 1687; x_wconf 75' lang='grc' dir='ltr'>Φαρισαῖε,“ὴ</span> <span class='ocrx_word' id='word_1_694' title='bbox 1189 1653 1217 1678; x_wconf 79' lang='grc' dir='ltr'><strong>ὲν</strong></span> <span class='ocrx_word' id='word_1_695' title='bbox 1236 1652 1368 1687; x_wconf 79' lang='grc' dir='ltr'>Σικήμοις</span> <span class='ocrx_word' id='word_1_696' title='bbox 1388 1652 1468 1686; x_wconf 83' lang='grc' dir='ltr'>γυνὴ,</span> <span class='ocrx_word' id='word_1_697' title='bbox 1489 1653 1506 1687; x_wconf 89' lang='grc' dir='ltr'><strong>ἡ</strong></span> <span class='ocrx_word' id='word_1_698' title='bbox 1531 1651 1568 1687; x_wconf 86' lang='grc' dir='ltr'>μὴ</span> <span class='ocrx_word' id='word_1_699' title='bbox 1589 1651 1732 1687; x_wconf 71' lang='grc' dir='ltr'>προφήτην</span> <span class='ocrx_word' id='word_1_700' title='bbox 1747 1651 1784 1677; x_wconf 81' lang='grc' dir='ltr'><strong>εἰ·</strong></span> 
     </span>
    </p>
   </div>
   <div class='ocr_carea' id='block_1_97' title="bbox 992 1696 1784 1732">
    <p class='ocr_par' dir='ltr' id='par_1_97' title="bbox 992 1696 1784 1732">
     <span class='ocr_line' id='line_1_97' title="bbox 992 1696 1784 1732; baseline -0.001 -9"><span class='ocrx_word' id='word_1_701' title='bbox 992 1697 1062 1730; x_wconf 67' lang='grc' dir='ltr'>δνῖα,</span> <span class='ocrx_word' id='word_1_702' title='bbox 1081 1697 1127 1724; x_wconf 68' lang='grc' dir='ltr'>καὶ</span> <span class='ocrx_word' id='word_1_703' title='bbox 1143 1698 1175 1724; x_wconf 82' lang='grc' dir='ltr'>ὲκ</span> <span class='ocrx_word' id='word_1_704' title='bbox 1196 1696 1307 1732; x_wconf 83' lang='grc' dir='ltr'>πρώτης</span> <span class='ocrx_word' id='word_1_705' title='bbox 1329 1697 1416 1732; x_wconf 62' lang='grc' dir='ltr'>ὅψεως</span> <span class='ocrx_word' id='word_1_706' title='bbox 1437 1697 1484 1723; x_wconf 75' lang='grc' dir='ltr'>τὸν</span> <span class='ocrx_word' id='word_1_707' title='bbox 1507 1696 1623 1732; x_wconf 83' lang='grc' dir='ltr'>Σωτῆρα</span> <span class='ocrx_word' id='word_1_708' title='bbox 1644 1696 1784 1732; x_wconf 82' lang='grc' dir='ltr'>ὁμολογή-</span> 
     </span>
    </p>
   </div>
   <div class='ocr_carea' id='block_1_98' title="bbox 994 1739 1788 1779">
    <p class='ocr_par' dir='ltr' id='par_1_98' title="bbox 994 1739 1788 1779">
     <span class='ocr_line' id='line_1_98' title="bbox 994 1739 1788 1779; baseline -0.004 -8"><span class='ocrx_word' id='word_1_709' title='bbox 994 1745 1072 1771; x_wconf 83' lang='grc' dir='ltr'>σασαί</span> <span class='ocrx_word' id='word_1_710' title='bbox 1091 1745 1190 1778; x_wconf 77' lang='grc' dir='ltr'>Κύριε,</span> <span class='ocrx_word' id='word_1_711' title='bbox 1214 1743 1278 1779; x_wconf 79' lang='grc' dir='ltr'>γὰρ,</span> <span class='ocrx_word' id='word_1_712' title='bbox 1295 1744 1377 1779; x_wconf 64' lang='grc' dir='ltr'>φησι,</span> <span class='ocrx_word' id='word_1_713' title='bbox 1399 1741 1495 1777; x_wconf 79' lang='grc' dir='ltr'>θεωρῶ</span> <span class='ocrx_word' id='word_1_714' title='bbox 1514 1743 1559 1770; x_wconf 83' lang='grc' dir='ltr'>ὅτι</span> <span class='ocrx_word' id='word_1_715' title='bbox 1582 1743 1738 1777; x_wconf 66' lang='grc' dir='ltr'>προφήτης</span> <span class='ocrx_word' id='word_1_716' title='bbox 1758 1739 1788 1768; x_wconf 73' lang='grc' dir='ltr'>εἴ</span> 
     </span>
    </p>
   </div>
   <div class='ocr_carea' id='block_1_99' title="bbox 993 1789 1785 1825">
    <p class='ocr_par' dir='ltr' id='par_1_99' title="bbox 993 1789 1785 1825">
     <span class='ocr_line' id='line_1_99' title="bbox 993 1789 1785 1825; baseline -0.004 -7"><span class='ocrx_word' id='word_1_717' title='bbox 993 1792 1044 1818; x_wconf 77' lang='grc' dir='ltr'><strong>σύ.</strong></span> <span class='ocrx_word' id='word_1_718' title='bbox 1069 1792 1153 1818; x_wconf 86' lang='grc' dir='ltr'>Πόσον</span> <span class='ocrx_word' id='word_1_719' title='bbox 1169 1791 1198 1818; x_wconf 81' lang='grc' dir='ltr'>δέ</span> <span class='ocrx_word' id='word_1_720' title='bbox 1219 1799 1266 1817; x_wconf 80' lang='grc' dir='ltr'><strong>σου</strong></span> <span class='ocrx_word' id='word_1_721' title='bbox 1281 1789 1491 1825; x_wconf 81' lang='grc' dir='ltr'>θαυμαστοτέρα</span> <span class='ocrx_word' id='word_1_722' title='bbox 1507 1789 1553 1816; x_wconf 75' lang='grc' dir='ltr'><strong>καὶ</strong></span> <span class='ocrx_word' id='word_1_723' title='bbox 1572 1789 1642 1824; x_wconf 78' lang='grc' dir='ltr'>αὕτη</span> <span class='ocrx_word' id='word_1_724' title='bbox 1663 1789 1679 1824; x_wconf 85' lang='grc' dir='ltr'>ἡ</span> <span class='ocrx_word' id='word_1_725' title='bbox 1696 1789 1785 1824; x_wconf 86' lang='grc' dir='ltr'>ἁμαρ-</span> 
     </span>
    </p>
   </div>
   <div class='ocr_carea' id='block_1_100' title="bbox 992 1834 1783 1871">
    <p class='ocr_par' dir='ltr' id='par_1_100' title="bbox 992 1834 1783 1871">
     <span class='ocr_line' id='line_1_100' title="bbox 992 1834 1783 1871; baseline -0.004 -9"><span class='ocrx_word' id='word_1_726' title='bbox 992 1835 1087 1868; x_wconf 79' lang='grc' dir='ltr'>τωλὸς,</span> <span class='ocrx_word' id='word_1_727' title='bbox 1105 1834 1139 1871; x_wconf 77' lang='grc' dir='ltr'>ἧς</span> <span class='ocrx_word' id='word_1_728' title='bbox 1160 1835 1209 1871; x_wconf 79' lang='grc' dir='ltr'>τὴν</span> <span class='ocrx_word' id='word_1_729' title='bbox 1226 1836 1274 1870; x_wconf 82' lang='grc' dir='ltr'><strong>μὲν</strong></span> <span class='ocrx_word' id='word_1_730' title='bbox 1290 1835 1426 1871; x_wconf 77' lang='grc' dir='ltr'>ἁμαρτίαν</span> <span class='ocrx_word' id='word_1_731' title='bbox 1441 1835 1517 1871; x_wconf 79' lang='grc' dir='ltr'>ὁρᾷς,</span> <span class='ocrx_word' id='word_1_732' title='bbox 1533 1834 1581 1870; x_wconf 76' lang='grc' dir='ltr'><strong>τὴν</strong></span> <span class='ocrx_word' id='word_1_733' title='bbox 1596 1834 1624 1860; x_wconf 82' lang='grc' dir='ltr'>δὲ</span> <span class='ocrx_word' id='word_1_734' title='bbox 1640 1834 1783 1869; x_wconf 84' lang='grc' dir='ltr'>μετάνοιαν</span> 
     </span>
    </p>
   </div>
   <div class='ocr_carea' id='block_1_101' title="bbox 992 1880 1783 1917">
    <p class='ocr_par' dir='ltr' id='par_1_101' title="bbox 992 1880 1783 1917">
     <span class='ocr_line' id='line_1_101' title="bbox 992 1880 1783 1917; baseline -0.003 -9"><span class='ocrx_word' id='word_1_735' title='bbox 992 1883 1022 1908; x_wconf 71' lang='grc' dir='ltr'><strong>οὺ</strong></span> <span class='ocrx_word' id='word_1_736' title='bbox 1039 1882 1164 1917; x_wconf 79' lang='grc' dir='ltr'>βλέπειςῐ</span> <span class='ocrx_word' id='word_1_737' title='bbox 1185 1882 1264 1908; x_wconf 68' lang='grc' dir='ltr'>Ἀλλὰ</span> <span class='ocrx_word' id='word_1_738' title='bbox 1284 1882 1330 1908; x_wconf 68' lang='grc' dir='ltr'><strong>καὶ</strong></span> <span class='ocrx_word' id='word_1_739' title='bbox 1351 1881 1535 1916; x_wconf 80' lang='grc' dir='ltr'>κατακρίνεις,</span> <span class='ocrx_word' id='word_1_740' title='bbox 1553 1882 1587 1916; x_wconf 84' lang='grc' dir='ltr'><strong>ῆν</strong></span> <span class='ocrx_word' id='word_1_741' title='bbox 1603 1882 1617 1907; x_wconf 86' lang='grc' dir='ltr'><strong>ὀ</strong></span> <span class='ocrx_word' id='word_1_742' title='bbox 1631 1881 1728 1916; x_wconf 80' lang='grc' dir='ltr'>κριτὴς</span> <span class='ocrx_word' id='word_1_743' title='bbox 1742 1880 1783 1906; x_wconf 85' lang='grc' dir='ltr'>δι-</span> 
     </span>
    </p>
   </div>
   <div class='ocr_carea' id='block_1_102' title="bbox 993 1926 1784 1965">
    <p class='ocr_par' dir='ltr' id='par_1_102' title="bbox 993 1926 1784 1965">
     <span class='ocr_line' id='line_1_102' title="bbox 993 1926 1784 1965; baseline -0.003 -10"><span class='ocrx_word' id='word_1_744' title='bbox 993 1930 1080 1955; x_wconf 81' lang='grc' dir='ltr'>καιοῖ·</span> <span class='ocrx_word' id='word_1_745' title='bbox 1097 1929 1144 1956; x_wconf 71' lang='grc' dir='ltr'><strong>καὶ</strong></span> <span class='ocrx_word' id='word_1_746' title='bbox 1162 1929 1258 1965; x_wconf 73' lang='grc' dir='ltr'>μέμφῃ</span> <span class='ocrx_word' id='word_1_747' title='bbox 1272 1929 1319 1955; x_wconf 86' lang='grc' dir='ltr'><strong>καὶ</strong></span> <span class='ocrx_word' id='word_1_748' title='bbox 1338 1928 1442 1963; x_wconf 74' lang='grc' dir='ltr'>ψέγεις,</span> <span class='ocrx_word' id='word_1_749' title='bbox 1461 1928 1494 1963; x_wconf 85' lang='grc' dir='ltr'><strong>ἢν</strong></span> <span class='ocrx_word' id='word_1_750' title='bbox 1518 1926 1784 1962; x_wconf 74' lang='grc' dir='ltr'>οΘεὺςάποδεξάμε-</span> 
     </span>
    </p>
   </div>
   <div class='ocr_carea' id='block_1_103' title="bbox 993 1972 1783 2010">
    <p class='ocr_par' dir='ltr' id='par_1_103' title="bbox 993 1972 1783 2010">
     <span class='ocr_line' id='line_1_103' title="bbox 993 1972 1783 2010; baseline -0.001 -10"><span class='ocrx_word' id='word_1_751' title='bbox 993 1983 1037 2006; x_wconf 87' lang='grc' dir='ltr'><strong>νος</strong></span> <span class='ocrx_word' id='word_1_752' title='bbox 1061 1976 1201 2008; x_wconf 79' lang='grc' dir='ltr'>στεφανοῖ·</span> <span class='ocrx_word' id='word_1_753' title='bbox 1220 1975 1260 2000; x_wconf 84' lang='grc' dir='ltr'>ὅτι</span> <span class='ocrx_word' id='word_1_754' title='bbox 1279 1974 1371 2000; x_wconf 77' lang='grc' dir='ltr'>ἰδοῦσα</span> <span class='ocrx_word' id='word_1_755' title='bbox 1388 1973 1463 2010; x_wconf 77' lang='grc' dir='ltr'>παρὰ</span> <span class='ocrx_word' id='word_1_756' title='bbox 1482 1973 1524 1999; x_wconf 72' lang='grc' dir='ltr'><strong>σοὶ</strong></span> <span class='ocrx_word' id='word_1_757' title='bbox 1545 1973 1611 1999; x_wconf 81' lang='grc' dir='ltr'><strong>Θεὸν</strong></span> <span class='ocrx_word' id='word_1_758' title='bbox 1628 1974 1656 1999; x_wconf 78' lang='grc' dir='ltr'>ὲν</span> <span class='ocrx_word' id='word_1_759' title='bbox 1678 1972 1783 2008; x_wconf 83' lang='grc' dir='ltr'>ἀνθρὼ-</span> 
     </span>
    </p>
   </div>
   <div class='ocr_carea' id='block_1_104' title="bbox 989 2018 1784 2055">
    <p class='ocr_par' dir='ltr' id='par_1_104' title="bbox 989 2018 1784 2055">
     <span class='ocr_line' id='line_1_104' title="bbox 989 2018 1784 2055; baseline -0.001 -9"><span class='ocrx_word' id='word_1_760' title='bbox 989 2028 1045 2046; x_wconf 80' lang='grc' dir='ltr'>-που</span> <span class='ocrx_word' id='word_1_761' title='bbox 1061 2020 1150 2055; x_wconf 80' lang='grc' dir='ltr'>μορφῇ</span> <span class='ocrx_word' id='word_1_762' title='bbox 1173 2019 1384 2054; x_wconf 80' lang='grc' dir='ltr'>κατακείμενον,</span> <span class='ocrx_word' id='word_1_763' title='bbox 1399 2019 1507 2052; x_wconf 79' lang='grc' dir='ltr'>ἐπέγνω</span> <span class='ocrx_word' id='word_1_764' title='bbox 1527 2018 1573 2044; x_wconf 77' lang='grc' dir='ltr'>καὶ</span> <span class='ocrx_word' id='word_1_765' title='bbox 1591 2018 1721 2053; x_wconf 69' lang='grc' dir='ltr'>ἐτίμησε·</span> <span class='ocrx_word' id='word_1_766' title='bbox 1737 2019 1784 2045; x_wconf 80' lang='grc' dir='ltr'><strong>καὶ</strong></span> 
     </span>
    </p>
   </div>
   <div class='ocr_carea' id='block_1_105' title="bbox 993 2064 1782 2101">
    <p class='ocr_par' dir='ltr' id='par_1_105' title="bbox 993 2064 1782 2101">
     <span class='ocr_line' id='line_1_105' title="bbox 993 2064 1782 2101; baseline -0.004 -8"><span class='ocrx_word' id='word_1_767' title='bbox 993 2067 1027 2093; x_wconf 78' lang='grc' dir='ltr'>τὰ</span> <span class='ocrx_word' id='word_1_768' title='bbox 1045 2067 1096 2100; x_wconf 83' lang='grc' dir='ltr'>τῆς</span> <span class='ocrx_word' id='word_1_769' title='bbox 1119 2066 1207 2101; x_wconf 74' lang='grc' dir='ltr'>ψυχῆς</span> <span class='ocrx_word' id='word_1_770' title='bbox 1226 2065 1405 2100; x_wconf 75' lang='grc' dir='ltr'>ὲκκαλύψασα</span> <span class='ocrx_word' id='word_1_771' title='bbox 1424 2064 1569 2100; x_wconf 84' lang='grc' dir='ltr'>τραύματα</span> <span class='ocrx_word' id='word_1_772' title='bbox 1581 2084 1587 2094; x_wconf 86' lang='grc'><strong>,</strong></span> <span class='ocrx_word' id='word_1_773' title='bbox 1607 2064 1680 2091; x_wconf 79' lang='grc' dir='ltr'>ἔλεον</span> <span class='ocrx_word' id='word_1_774' title='bbox 1699 2064 1782 2100; x_wconf 81' lang='grc' dir='ltr'>ᾔτησε</span> 
     </span>
    </p>
   </div>
   <div class='ocr_carea' id='block_1_106' title="bbox 994 2109 1819 2147">
    <p class='ocr_par' dir='ltr' id='par_1_106' title="bbox 994 2109 1819 2147">
     <span class='ocr_line' id='line_1_106' title="bbox 994 2109 1819 2147; baseline -0.004 -9"><span class='ocrx_word' id='word_1_775' title='bbox 994 2112 1041 2138; x_wconf 72' lang='grc' dir='ltr'><strong>καὶ</strong></span> <span class='ocrx_word' id='word_1_776' title='bbox 1056 2111 1109 2137; x_wconf 87' lang='grc' dir='ltr'><strong>τῶν</strong></span> <span class='ocrx_word' id='word_1_777' title='bbox 1128 2111 1300 2146; x_wconf 77' lang='grc' dir='ltr'>βεϐιωμένων</span> <span class='ocrx_word' id='word_1_778' title='bbox 1317 2111 1366 2146; x_wconf 85' lang='grc' dir='ltr'>τὴν</span> <span class='ocrx_word' id='word_1_779' title='bbox 1385 2110 1549 2146; x_wconf 76' lang='grc' dir='ltr'>ἀμνηστίαν.</span> <span class='ocrx_word' id='word_1_780' title='bbox 1567 2110 1602 2136; x_wconf 75' lang='grc' dir='ltr'><strong>Σὺ</strong></span> <span class='ocrx_word' id='word_1_781' title='bbox 1619 2109 1647 2136; x_wconf 83' lang='grc' dir='ltr'>δὲ</span> <span class='ocrx_word' id='word_1_782' title='bbox 1665 2110 1783 2145; x_wconf 84' lang='grc' dir='ltr'>τιμήσας</span> <span class='ocrx_word' id='word_1_783' title='bbox 1816 2146 1819 2147; x_wconf 19' lang='grc' dir='ltr'><em>ν</em></span> 
     </span>
    </p>
   </div>
   <div class='ocr_carea' id='block_1_107' title="bbox 961 2153 1785 2205">
    <p class='ocr_par' dir='ltr' id='par_1_107' title="bbox 961 2153 1785 2205">
     <span class='ocr_line' id='line_1_107' title="bbox 961 2153 1785 2205; baseline -0.001 -23"><span class='ocrx_word' id='word_1_784' title='bbox 961 2158 1026 2205; x_wconf 69' lang='grc' dir='ltr'><strong>Ι)τῇ</strong></span> <span class='ocrx_word' id='word_1_785' title='bbox 1055 2156 1161 2192; x_wconf 85' lang='grc' dir='ltr'>κλήσει,</span> <span class='ocrx_word' id='word_1_786' title='bbox 1184 2157 1327 2192; x_wconf 72' lang='grc' dir='ltr'>ἀτιμάζεις</span> <span class='ocrx_word' id='word_1_787' title='bbox 1352 2158 1384 2192; x_wconf 85' lang='grc' dir='ltr'>τῇ</span> <span class='ocrx_word' id='word_1_788' title='bbox 1411 2155 1538 2190; x_wconf 78' lang='grc' dir='ltr'>λοιδορίᾳ,</span> <span class='ocrx_word' id='word_1_789' title='bbox 1567 2154 1666 2189; x_wconf 84' lang='grc' dir='ltr'>λέγων·</span> <span class='ocrx_word' id='word_1_790' title='bbox 1687 2156 1723 2182; x_wconf 80' lang='lat' dir='ltr'><strong>El</strong></span> <span class='ocrx_word' id='word_1_791' title='bbox 1745 2153 1785 2190; x_wconf 80' lang='grc' dir='ltr'><strong>ἦν</strong></span> 
     </span>
    </p>
   </div>
   <div class='ocr_carea' id='block_1_108' title="bbox 998 2201 1783 2237">
    <p class='ocr_par' dir='ltr' id='par_1_108' title="bbox 998 2201 1783 2237">
     <span class='ocr_line' id='line_1_108' title="bbox 998 2201 1783 2237; baseline 0.001 -10"><span class='ocrx_word' id='word_1_792' title='bbox 998 2202 1162 2236; x_wconf 63' lang='grc' dir='ltr'>προφήτης,</span> <span class='ocrx_word' id='word_1_793' title='bbox 1177 2203 1342 2237; x_wconf 74' lang='grc' dir='ltr'>ἐγίνωσκεν</span> <span class='ocrx_word' id='word_1_794' title='bbox 1356 2202 1394 2229; x_wconf 84' lang='grc' dir='ltr'><strong>ἂν</strong></span> <span class='ocrx_word' id='word_1_795' title='bbox 1405 2202 1449 2235; x_wconf 82' lang='grc' dir='ltr'>τίς</span> <span class='ocrx_word' id='word_1_796' title='bbox 1465 2202 1514 2229; x_wconf 76' lang='grc' dir='ltr'>καὶ</span> <span class='ocrx_word' id='word_1_797' title='bbox 1527 2201 1646 2236; x_wconf 77' lang='grc' dir='ltr'>ποταπὴ</span> <span class='ocrx_word' id='word_1_798' title='bbox 1660 2203 1679 2236; x_wconf 68' lang='grc' dir='ltr'>ἡ</span> <span class='ocrx_word' id='word_1_799' title='bbox 1694 2201 1783 2236; x_wconf 75' lang='grc' dir='ltr'>γυνὴ,</span> 
     </span>
    </p>
   </div>
   <div class='ocr_carea' id='block_1_109' title="bbox 998 2247 1786 2283">
    <p class='ocr_par' dir='ltr' id='par_1_109' title="bbox 998 2247 1786 2283">
     <span class='ocr_line' id='line_1_109' title="bbox 998 2247 1786 2283; baseline -0.001 -9"><span class='ocrx_word' id='word_1_800' title='bbox 998 2248 1018 2281; x_wconf 78' lang='grc' dir='ltr'><em>ἢ</em></span> <span class='ocrx_word' id='word_1_801' title='bbox 1033 2257 1078 2281; x_wconf 87' lang='grc' dir='ltr'><strong>τις</strong></span> <span class='ocrx_word' id='word_1_802' title='bbox 1100 2248 1223 2275; x_wconf 72' lang='grc' dir='ltr'>ἅπτεται</span> <span class='ocrx_word' id='word_1_803' title='bbox 1248 2248 1351 2275; x_wconf 82' lang='grc' dir='ltr'><strong>αὑτοῦ.</strong></span> <span class='ocrx_word' id='word_1_804' title='bbox 1380 2248 1487 2275; x_wconf 79' lang='grc' dir='ltr'>’Λθλιεί</span> <span class='ocrx_word' id='word_1_805' title='bbox 1512 2248 1605 2283; x_wconf 74' lang='grc' dir='ltr'>ἐπειδὴ</span> <span class='ocrx_word' id='word_1_806' title='bbox 1629 2248 1663 2275; x_wconf 82' lang='grc' dir='ltr'>τὰ</span> <span class='ocrx_word' id='word_1_807' title='bbox 1688 2247 1721 2274; x_wconf 71' lang='grc' dir='ltr'>σὰ</span> <span class='ocrx_word' id='word_1_808' title='bbox 1736 2248 1786 2274; x_wconf 78' lang='grc' dir='ltr'>οὐκ</span> 
     </span>
    </p>
   </div>
   <div class='ocr_carea' id='block_1_110' title="bbox 998 2294 1785 2334">
    <p class='ocr_par' dir='ltr' id='par_1_110' title="bbox 998 2294 1785 2334">
     <span class='ocr_line' id='line_1_110' title="bbox 998 2294 1785 2334; baseline 0.001 -14"><span class='ocrx_word' id='word_1_809' title='bbox 998 2294 1094 2330; x_wconf 72' lang='grc' dir='ltr'>ἤλεγξε</span> <span class='ocrx_word' id='word_1_810' title='bbox 1118 2294 1201 2327; x_wconf 80' lang='grc' dir='ltr'>κακὰ,</span> <span class='ocrx_word' id='word_1_811' title='bbox 1222 2295 1332 2334; x_wconf 72' lang='grc' dir='ltr'>ἄγνοιαν</span> <span class='ocrx_word' id='word_1_812' title='bbox 1349 2294 1430 2321; x_wconf 73' lang='grc' dir='ltr'>αὑτοῦ</span> <span class='ocrx_word' id='word_1_813' title='bbox 1455 2294 1646 2330; x_wconf 49' lang='grc' dir='ltr'>καταψηφίζψ</span> <span class='ocrx_word' id='word_1_814' title='bbox 1676 2295 1785 2331; x_wconf 76' lang='grc' dir='ltr'>Ἐπειδὴ</span> 
     </span>
    </p>
   </div>
   <div class='ocr_carea' id='block_1_111' title="bbox 997 2341 1784 2377">
    <p class='ocr_par' dir='ltr' id='par_1_111' title="bbox 997 2341 1784 2377">
     <span class='ocr_line' id='line_1_111' title="bbox 997 2341 1784 2377; baseline 0 -10"><span class='ocrx_word' id='word_1_815' title='bbox 997 2341 1046 2376; x_wconf 82' lang='grc' dir='ltr'><strong>τὴν</strong></span> <span class='ocrx_word' id='word_1_816' title='bbox 1058 2341 1163 2373; x_wconf 80' lang='grc' dir='ltr'>πολλοῖς</span> <span class='ocrx_word' id='word_1_817' title='bbox 1177 2343 1270 2373; x_wconf 81' lang='grc' dir='ltr'>κακοῖς</span> <span class='ocrx_word' id='word_1_818' title='bbox 1281 2341 1470 2377; x_wconf 76' lang='grc' dir='ltr'>βεϐαρημένην</span> <span class='ocrx_word' id='word_1_819' title='bbox 1482 2351 1529 2369; x_wconf 90' lang='grc' dir='ltr'><strong>σου</strong></span> <span class='ocrx_word' id='word_1_820' title='bbox 1544 2342 1642 2376; x_wconf 78' lang='grc' dir='ltr'>στέγην</span> <span class='ocrx_word' id='word_1_821' title='bbox 1655 2342 1784 2377; x_wconf 77' lang='grc' dir='ltr'>ὑπῆλθεν,</span> 
     </span>
    </p>
   </div>
   <div class='ocr_carea' id='block_1_112' title="bbox 998 2387 1785 2423">
    <p class='ocr_par' dir='ltr' id='par_1_112' title="bbox 998 2387 1785 2423">
     <span class='ocr_line' id='line_1_112' title="bbox 998 2387 1785 2423; baseline 0 -9"><span class='ocrx_word' id='word_1_822' title='bbox 998 2389 1120 2423; x_wconf 83' lang='grc' dir='ltr'>ἀναιρεῖς</span> <span class='ocrx_word' id='word_1_823' title='bbox 1146 2387 1228 2414; x_wconf 78' lang='grc' dir='ltr'>αὐτοῦ</span> <span class='ocrx_word' id='word_1_824' title='bbox 1250 2387 1298 2423; x_wconf 81' lang='grc' dir='ltr'><strong>τὴν</strong></span> <span class='ocrx_word' id='word_1_825' title='bbox 1319 2388 1431 2421; x_wconf 80' lang='grc' dir='ltr'>γνῶσιν;</span> <span class='ocrx_word' id='word_1_826' title='bbox 1459 2388 1527 2414; x_wconf 80' lang='grc' dir='ltr'>Ἀλλ’</span> <span class='ocrx_word' id='word_1_827' title='bbox 1548 2388 1641 2422; x_wconf 82' lang='grc' dir='ltr'>ἐπειδὴ</span> <span class='ocrx_word' id='word_1_828' title='bbox 1666 2388 1785 2422; x_wconf 78' lang='grc' dir='ltr'>ἠξίωσας</span> 
     </span>
    </p>
   </div>
   <div class='ocr_carea' id='block_1_113' title="bbox 996 2432 1785 2469">
    <p class='ocr_par' dir='ltr' id='par_1_113' title="bbox 996 2432 1785 2469">
     <span class='ocr_line' id='line_1_113' title="bbox 996 2432 1785 2469; baseline 0.003 -11"><span class='ocrx_word' id='word_1_829' title='bbox 996 2432 1076 2458; x_wconf 80' lang='grc' dir='ltr'>αὐτὸν</span> <span class='ocrx_word' id='word_1_830' title='bbox 1092 2432 1141 2467; x_wconf 81' lang='grc' dir='ltr'><strong>τὴν</strong></span> <span class='ocrx_word' id='word_1_831' title='bbox 1157 2432 1206 2468; x_wconf 81' lang='grc' dir='ltr'><strong>σὴν</strong></span> <span class='ocrx_word' id='word_1_832' title='bbox 1229 2432 1355 2458; x_wconf 83' lang='grc' dir='ltr'>ὑπελθεῖν</span> <span class='ocrx_word' id='word_1_833' title='bbox 1376 2433 1492 2468; x_wconf 83' lang='grc' dir='ltr'>στέγην,</span> <span class='ocrx_word' id='word_1_834' title='bbox 1518 2433 1694 2469; x_wconf 83' lang='grc' dir='ltr'>ἀνακλιθῆναι</span> <span class='ocrx_word' id='word_1_835' title='bbox 1718 2433 1785 2469; x_wconf 78' lang='grc' dir='ltr'>μετὰ</span> 
     </span>
    </p>
   </div>
   <div class='ocr_carea' id='block_1_114' title="bbox 997 2477 1784 2514">
    <p class='ocr_par' dir='ltr' id='par_1_114' title="bbox 997 2477 1784 2514">
     <span class='ocr_line' id='line_1_114' title="bbox 997 2477 1784 2514; baseline 0.003 -11"><span class='ocrx_word' id='word_1_836' title='bbox 997 2477 1055 2509; x_wconf 81' lang='grc' dir='ltr'>σοῦ,</span> <span class='ocrx_word' id='word_1_837' title='bbox 1077 2478 1125 2504; x_wconf 73' lang='grc' dir='ltr'>καὶ</span> <span class='ocrx_word' id='word_1_838' title='bbox 1141 2479 1219 2513; x_wconf 87' lang='grc' dir='ltr'>χεῖρα</span> <span class='ocrx_word' id='word_1_839' title='bbox 1236 2477 1392 2504; x_wconf 76' lang='grc' dir='ltr'>ἐπιϐάλλειν</span> <span class='ocrx_word' id='word_1_840' title='bbox 1413 2479 1468 2509; x_wconf 84' lang='grc' dir='ltr'>τοῖς</span> <span class='ocrx_word' id='word_1_841' title='bbox 1493 2478 1624 2514; x_wconf 83' lang='grc' dir='ltr'>ὲδέσμασί</span> <span class='ocrx_word' id='word_1_842' title='bbox 1643 2487 1706 2510; x_wconf 61' lang='grc' dir='ltr'>σοι),</span> <span class='ocrx_word' id='word_1_843' title='bbox 1736 2480 1784 2505; x_wconf 84' lang='grc' dir='ltr'><strong>ὲπ-</strong></span> 
     </span>
    </p>
   </div>
   <div class='ocr_carea' id='block_1_115' title="bbox 996 2522 1784 2557">
    <p class='ocr_par' dir='ltr' id='par_1_115' title="bbox 996 2522 1784 2557">
     <span class='ocr_line' id='line_1_115' title="bbox 996 2522 1784 2557; baseline 0.003 -9"><span class='ocrx_word' id='word_1_844' title='bbox 996 2522 1088 2549; x_wconf 85' lang='grc' dir='ltr'>ένευσε</span> <span class='ocrx_word' id='word_1_845' title='bbox 1105 2523 1150 2549; x_wconf 77' lang='grc' dir='ltr'><strong>καὶ</strong></span> <span class='ocrx_word' id='word_1_846' title='bbox 1158 2523 1207 2549; x_wconf 75' lang='grc' dir='ltr'>οὐκ</span> <span class='ocrx_word' id='word_1_847' title='bbox 1217 2522 1382 2557; x_wconf 81' lang='grc' dir='ltr'>ἀπηξίωσεν,</span> <span class='ocrx_word' id='word_1_848' title='bbox 1397 2523 1444 2549; x_wconf 74' lang='grc' dir='ltr'><strong>ἕνα</strong></span> <span class='ocrx_word' id='word_1_849' title='bbox 1463 2524 1543 2550; x_wconf 84' lang='grc' dir='ltr'>αὺτὺν</span> <span class='ocrx_word' id='word_1_850' title='bbox 1555 2524 1608 2550; x_wconf 84' lang='grc' dir='ltr'><strong>τῶν</strong></span> <span class='ocrx_word' id='word_1_851' title='bbox 1624 2524 1728 2550; x_wconf 80' lang='grc' dir='ltr'>πολλῶν</span> <span class='ocrx_word' id='word_1_852' title='bbox 1741 2532 1784 2550; x_wconf 79' lang='grc' dir='ltr'>νο-</span> 
     </span>
    </p>
   </div>
   <div class='ocr_carea' id='block_1_116' title="bbox 998 2567 1784 2606">
    <p class='ocr_par' dir='ltr' id='par_1_116' title="bbox 998 2567 1784 2606">
     <span class='ocr_line' id='line_1_116' title="bbox 998 2567 1784 2606; baseline 0.001 -11"><span class='ocrx_word' id='word_1_853' title='bbox 998 2568 1102 2604; x_wconf 73' lang='grc' dir='ltr'>μίζειςς</span> <span class='ocrx_word' id='word_1_854' title='bbox 1124 2569 1214 2600; x_wconf 70' lang='grc' dir='ltr'>’Λξιος</span> <span class='ocrx_word' id='word_1_855' title='bbox 1230 2569 1258 2595; x_wconf 84' lang='grc' dir='ltr'><strong>δὲ</strong></span> <span class='ocrx_word' id='word_1_856' title='bbox 1274 2567 1345 2603; x_wconf 82' lang='grc' dir='ltr'>ἦσθα</span> <span class='ocrx_word' id='word_1_857' title='bbox 1359 2569 1535 2605; x_wconf 82' lang='grc' dir='ltr'>ξενοδοχῆσαι</span> <span class='ocrx_word' id='word_1_858' title='bbox 1551 2570 1627 2603; x_wconf 77' lang='grc' dir='ltr'>Θεὸν,</span> <span class='ocrx_word' id='word_1_859' title='bbox 1649 2570 1664 2605; x_wconf 83' lang='grc' dir='ltr'>ἢ</span> <span class='ocrx_word' id='word_1_860' title='bbox 1681 2570 1784 2606; x_wconf 79' lang='grc' dir='ltr'>τράπε-</span> 
     </span>
    </p>
   </div>
   <div class='ocr_carea' id='block_1_117' title="bbox 997 2614 1783 2652">
    <p class='ocr_par' dir='ltr' id='par_1_117' title="bbox 997 2614 1783 2652">
     <span class='ocr_line' id='line_1_117' title="bbox 997 2614 1783 2652; baseline 0.003 -11"><span class='ocrx_word' id='word_1_861' title='bbox 997 2615 1046 2646; x_wconf 82' lang='grc' dir='ltr'>ζαν</span> <span class='ocrx_word' id='word_1_862' title='bbox 1060 2615 1214 2650; x_wconf 70' lang='grc' dir='ltr'>πειραθῆναι</span> <span class='ocrx_word' id='word_1_863' title='bbox 1230 2615 1268 2650; x_wconf 86' lang='grc' dir='ltr'><strong>τῷ</strong></span> <span class='ocrx_word' id='word_1_864' title='bbox 1285 2614 1455 2649; x_wconf 82' lang='grc' dir='ltr'>ἑτοιμάζοντι</span> <span class='ocrx_word' id='word_1_865' title='bbox 1472 2616 1609 2652; x_wconf 78' lang='grc' dir='ltr'>τράπεζαν</span> <span class='ocrx_word' id='word_1_866' title='bbox 1629 2617 1657 2643; x_wconf 83' lang='grc' dir='ltr'><strong>ὲν</strong></span> <span class='ocrx_word' id='word_1_867' title='bbox 1672 2617 1783 2652; x_wconf 73' lang='grc' dir='ltr'>ὲρήμῳς</span> 
     </span>
    </p>
   </div>
   <div class='ocr_carea' id='block_1_118' title="bbox 1003 2659 1784 2697">
    <p class='ocr_par' dir='ltr' id='par_1_118' title="bbox 1003 2659 1784 2697">
     <span class='ocr_line' id='line_1_118' title="bbox 1003 2659 1784 2697; baseline 0.003 -11"><span class='ocrx_word' id='word_1_868' title='bbox 1003 2660 1082 2686; x_wconf 83' lang='grc' dir='ltr'>Ἀλλὰ</span> <span class='ocrx_word' id='word_1_869' title='bbox 1095 2659 1284 2695; x_wconf 72' lang='grc' dir='ltr'>φιλάνθρωπος</span> <span class='ocrx_word' id='word_1_870' title='bbox 1300 2659 1347 2692; x_wconf 77' lang='grc' dir='ltr'><strong>ὢν,</strong></span> <span class='ocrx_word' id='word_1_871' title='bbox 1360 2661 1390 2687; x_wconf 84' lang='grc' dir='ltr'><strong>οὐ</strong></span> <span class='ocrx_word' id='word_1_872' title='bbox 1406 2663 1584 2697; x_wconf 77' lang='grc' dir='ltr'>παρῃτήσατο</span> <span class='ocrx_word' id='word_1_873' title='bbox 1597 2661 1643 2688; x_wconf 75' lang='grc' dir='ltr'>καὶ</span> <span class='ocrx_word' id='word_1_874' title='bbox 1658 2663 1723 2697; x_wconf 82' lang='grc' dir='ltr'>παρ’</span> <span class='ocrx_word' id='word_1_875' title='bbox 1735 2662 1784 2688; x_wconf 62' lang='grc' dir='ltr'><strong>αὐ-</strong></span> 
     </span>
    </p>
   </div>
   <div class='ocr_carea' id='block_1_119' title="bbox 997 2705 1783 2741">
    <p class='ocr_par' dir='ltr' id='par_1_119' title="bbox 997 2705 1783 2741">
     <span class='ocr_line' id='line_1_119' title="bbox 997 2705 1783 2741; baseline 0.001 -9"><span class='ocrx_word' id='word_1_876' title='bbox 997 2706 1050 2733; x_wconf 81' lang='grc' dir='ltr'><strong>τῶν</strong></span> <span class='ocrx_word' id='word_1_877' title='bbox 1064 2706 1118 2732; x_wconf 84' lang='grc' dir='ltr'><strong>τῶν</strong></span> <span class='ocrx_word' id='word_1_878' title='bbox 1133 2705 1246 2733; x_wconf 72' lang='grc' dir='ltr'>οἰκετῶν</span> <span class='ocrx_word' id='word_1_879' title='bbox 1267 2706 1342 2741; x_wconf 77' lang='grc' dir='ltr'>πόμα</span> <span class='ocrx_word' id='word_1_880' title='bbox 1365 2706 1411 2733; x_wconf 69' lang='grc' dir='ltr'>καὶ</span> <span class='ocrx_word' id='word_1_881' title='bbox 1433 2706 1516 2732; x_wconf 86' lang='grc' dir='ltr'>σιτίον</span> <span class='ocrx_word' id='word_1_882' title='bbox 1540 2707 1731 2739; x_wconf 79' lang='grc' dir='ltr'>ὑποδέξασθαι.</span> <span class='ocrx_word' id='word_1_883' title='bbox 1751 2706 1783 2734; x_wconf 85' lang='lat' dir='ltr'><strong>Tt</strong></span> 
     </span>
    </p>
   </div>
   <div class='ocr_carea' id='block_1_120' title="bbox 1031 2796 1597 2830">
    <p class='ocr_par' dir='ltr' id='par_1_120' title="bbox 1031 2796 1597 2830">
     <span class='ocr_line' id='line_1_120' title="bbox 1031 2796 1597 2830; baseline 0.002 -7"><span class='ocrx_word' id='word_1_884' title='bbox 1031 2797 1050 2812; x_wconf 86' lang='lat'>”</span> <span class='ocrx_word' id='word_1_885' title='bbox 1065 2797 1130 2824; x_wconf 81' lang='lat' dir='ltr'><strong>Joau</strong></span> <span class='ocrx_word' id='word_1_886' title='bbox 1170 2804 1217 2830; x_wconf 84' lang='lat' dir='ltr'><strong>IV,</strong></span> <span class='ocrx_word' id='word_1_887' title='bbox 1245 2796 1288 2823; x_wconf 79' lang='lat'><strong>19.</strong></span> <span class='ocrx_word' id='word_1_888' title='bbox 1328 2797 1350 2812; x_wconf 82' lang='grc'>¹⁰</span> <span class='ocrx_word' id='word_1_889' title='bbox 1382 2797 1466 2823; x_wconf 74' lang='lat' dir='ltr'><strong>Exod.</strong></span> <span class='ocrx_word' id='word_1_890' title='bbox 1485 2797 1597 2830; x_wconf 63' lang='lat'><strong>“1,15.</strong></span> 
     </span>
    </p>
   </div>
  </div>
