  <div class='ocr_page' id='page_1' title='image "/cluster/home/n/w/nwhite01/storage/ocr_20150623/39/njp.32101010943528/046.png"; bbox 0 0 1904 3054; ppageno 0'>
   <div class='ocr_carea' id='block_1_1' title="bbox 103 149 144 178">
    <p class='ocr_par' dir='ltr' id='par_1_1' title="bbox 103 149 144 178">
     <span class='ocr_line' id='line_1_1' title="bbox 103 149 144 178; baseline -0.024 0"><span class='ocrx_word' id='word_1_1' title='bbox 103 149 144 178; x_wconf 80' lang='grc'>81</span> 
     </span>
    </p>
   </div>
   <div class='ocr_carea' id='block_1_2' title="bbox 616 150 1266 187">
    <p class='ocr_par' dir='ltr' id='par_1_2' title="bbox 616 150 1266 187">
     <span class='ocr_line' id='line_1_2' title="bbox 616 150 1266 187; baseline 0 -9"><span class='ocrx_word' id='word_1_2' title='bbox 616 151 746 179; x_wconf 80' lang='grc' dir='ltr'>υιιΑΤιο</span> <span class='ocrx_word' id='word_1_3' title='bbox 764 151 795 178; x_wconf 82' lang='lat' dir='ltr'>IN</span> <span class='ocrx_word' id='word_1_4' title='bbox 819 151 998 187; x_wconf 68' lang='grc' dir='ltr'>ιιυιλειιιςιιι</span> <span class='ocrx_word' id='word_1_5' title='bbox 1018 150 1266 178; x_wconf 63' lang='grc' dir='ltr'>ΡΒςοΑΤιιιεΕιι.</span> 
     </span>
    </p>
   </div>
   <div class='ocr_carea' id='block_1_3' title="bbox 1705 152 1740 179">
    <p class='ocr_par' dir='ltr' id='par_1_3' title="bbox 1705 152 1740 179">
     <span class='ocr_line' id='line_1_3' title="bbox 1705 152 1740 179; baseline -0.029 0"><span class='ocrx_word' id='word_1_6' title='bbox 1705 152 1740 179; x_wconf 60' lang='grc' dir='ltr'>με</span> 
     </span>
    </p>
   </div>
   <div class='ocr_carea' id='block_1_4' title="bbox 103 205 909 245">
    <p class='ocr_par' dir='ltr' id='par_1_4' title="bbox 103 205 905 245">
     <span class='ocr_line' id='line_1_4' title="bbox 103 205 905 245; baseline 0.001 -10"><span class='ocrx_word' id='word_1_7' title='bbox 103 205 159 235; x_wconf 71' lang='grc' dir='ltr'>οὖν</span> <span class='ocrx_word' id='word_1_8' title='bbox 184 208 306 234; x_wconf 78' lang='grc' dir='ltr'>αὶτιᾶσαι</span> <span class='ocrx_word' id='word_1_9' title='bbox 331 207 521 244; x_wconf 78' lang='grc' dir='ltr'>φιλάνθρωπον</span> <span class='ocrx_word' id='word_1_10' title='bbox 547 209 697 244; x_wconf 82' lang='grc' dir='ltr'>Δεσπότην,</span> <span class='ocrx_word' id='word_1_11' title='bbox 718 206 740 235; x_wconf 82' lang='grc' dir='ltr'>ὧ</span> <span class='ocrx_word' id='word_1_12' title='bbox 758 211 905 245; x_wconf 82' lang='grc' dir='ltr'>Φαρισαῖε,</span> 
     </span>
    </p>
   </div>
   <div class='ocr_carea' id='block_1_5' title="bbox 962 205 1740 245">
    <p class='ocr_par' dir='ltr' id='par_1_5' title="bbox 962 208 1740 243">
     <span class='ocr_line' id='line_1_5' title="bbox 962 208 1740 243; baseline 0.001 -7"><span class='ocrx_word' id='word_1_13' title='bbox 962 215 1014 236; x_wconf 91' lang='lat' dir='ltr'>tum</span> <span class='ocrx_word' id='word_1_14' title='bbox 1029 216 1160 243; x_wconf 79' lang='lat' dir='ltr'>escasque</span> <span class='ocrx_word' id='word_1_15' title='bbox 1175 209 1336 241; x_wconf 88' lang='lat' dir='ltr'>susciperet.</span> <span class='ocrx_word' id='word_1_16' title='bbox 1361 208 1428 242; x_wconf 86' lang='lat' dir='ltr'>Quid</span> <span class='ocrx_word' id='word_1_17' title='bbox 1452 216 1515 243; x_wconf 73' lang='lat' dir='ltr'>ergo</span> <span class='ocrx_word' id='word_1_18' title='bbox 1535 208 1676 242; x_wconf 81' lang='lat' dir='ltr'>benignmn</span> <span class='ocrx_word' id='word_1_19' title='bbox 1691 210 1740 237; x_wconf 78' lang='lat' dir='ltr'>Do-</span> 
     </span>
    </p>
   </div>
   <div class='ocr_carea' id='block_1_6' title="bbox 104 253 907 290">
    <p class='ocr_par' dir='ltr' id='par_1_6' title="bbox 104 253 907 290">
     <span class='ocr_line' id='line_1_6' title="bbox 104 253 907 290; baseline 0.004 -11"><span class='ocrx_word' id='word_1_20' title='bbox 104 253 214 288; x_wconf 72' lang='grc' dir='ltr'>ἐμοίως</span> <span class='ocrx_word' id='word_1_21' title='bbox 229 254 269 284; x_wconf 84' lang='grc' dir='ltr'>εἰς</span> <span class='ocrx_word' id='word_1_22' title='bbox 283 253 387 284; x_wconf 80' lang='grc' dir='ltr'>πάντας</span> <span class='ocrx_word' id='word_1_23' title='bbox 398 253 444 280; x_wconf 82' lang='grc' dir='ltr'>τὸν</span> <span class='ocrx_word' id='word_1_24' title='bbox 456 253 505 288; x_wconf 83' lang='grc' dir='ltr'>τῆς</span> <span class='ocrx_word' id='word_1_25' title='bbox 520 254 705 290; x_wconf 81' lang='grc' dir='ltr'>χρηστότητος</span> <span class='ocrx_word' id='word_1_26' title='bbox 719 255 800 289; x_wconf 80' lang='grc' dir='ltr'>ζυγὸν</span> <span class='ocrx_word' id='word_1_27' title='bbox 810 256 907 283; x_wconf 82' lang='grc' dir='ltr'>ταλαν-</span> 
     </span>
    </p>
   </div>
   <div class='ocr_carea' id='block_1_7' title="bbox 105 299 906 335">
    <p class='ocr_par' dir='ltr' id='par_1_7' title="bbox 105 299 906 335">
     <span class='ocr_line' id='line_1_7' title="bbox 105 299 906 335; baseline 0.006 -11"><span class='ocrx_word' id='word_1_28' title='bbox 105 299 244 331; x_wconf 72' lang='grc' dir='ltr'>τεύοντα;</span> <span class='ocrx_word' id='word_1_29' title='bbox 259 300 290 325; x_wconf 86' lang='grc' dir='ltr'>Τί</span> <span class='ocrx_word' id='word_1_30' title='bbox 309 300 338 325; x_wconf 84' lang='grc' dir='ltr'>δὲ</span> <span class='ocrx_word' id='word_1_31' title='bbox 359 301 404 326; x_wconf 70' lang='grc' dir='ltr'>τὸν</span> <span class='ocrx_word' id='word_1_32' title='bbox 424 299 538 326; x_wconf 80' lang='grc' dir='ltr'>κύνωπα</span> <span class='ocrx_word' id='word_1_33' title='bbox 553 301 602 335; x_wconf 80' lang='grc' dir='ltr'>τῆς</span> <span class='ocrx_word' id='word_1_34' title='bbox 625 301 752 334; x_wconf 84' lang='grc' dir='ltr'>γυναικὸς</span> <span class='ocrx_word' id='word_1_35' title='bbox 772 302 906 334; x_wconf 79' lang='grc' dir='ltr'>διῦλίζων,</span> 
     </span>
    </p>
   </div>
   <div class='ocr_carea' id='block_1_8' title="bbox 107 345 907 381">
    <p class='ocr_par' dir='ltr' id='par_1_8' title="bbox 107 345 907 381">
     <span class='ocr_line' id='line_1_8' title="bbox 107 345 907 381; baseline 0.005 -10"><span class='ocrx_word' id='word_1_36' title='bbox 107 345 161 381; x_wconf 78' lang='grc' dir='ltr'>’τὴν</span> <span class='ocrx_word' id='word_1_37' title='bbox 179 345 303 380; x_wconf 73' lang='grc' dir='ltr'>κάμηλον</span> <span class='ocrx_word' id='word_1_38' title='bbox 318 345 373 372; x_wconf 85' lang='grc' dir='ltr'>τῶν</span> <span class='ocrx_word' id='word_1_39' title='bbox 397 346 504 372; x_wconf 80' lang='grc' dir='ltr'>οἰκείων</span> <span class='ocrx_word' id='word_1_40' title='bbox 528 347 621 374; x_wconf 81' lang='grc' dir='ltr'>κακῶν</span> <span class='ocrx_word' id='word_1_41' title='bbox 646 348 826 381; x_wconf 83' lang='grc' dir='ltr'>καταπίνεις;</span> <span class='ocrx_word' id='word_1_42' title='bbox 853 349 907 375; x_wconf 72' lang='grc' dir='ltr'>Καὶ</span> 
     </span>
    </p>
   </div>
   <div class='ocr_carea' id='block_1_9' title="bbox 109 391 907 430">
    <p class='ocr_par' dir='ltr' id='par_1_9' title="bbox 109 391 907 430">
     <span class='ocr_line' id='line_1_9' title="bbox 109 391 907 430; baseline 0.004 -13"><span class='ocrx_word' id='word_1_43' title='bbox 109 391 160 417; x_wconf 75' lang='grc' dir='ltr'>ἐπὶ</span> <span class='ocrx_word' id='word_1_44' title='bbox 175 392 216 417; x_wconf 86' lang='grc' dir='ltr'>σοὶ</span> <span class='ocrx_word' id='word_1_45' title='bbox 237 391 286 426; x_wconf 86' lang='grc' dir='ltr'>μὲν</span> <span class='ocrx_word' id='word_1_46' title='bbox 308 391 484 426; x_wconf 73' lang='grc' dir='ltr'>μακρόθυμον</span> <span class='ocrx_word' id='word_1_47' title='bbox 502 392 548 419; x_wconf 74' lang='grc' dir='ltr'>τὸν</span> <span class='ocrx_word' id='word_1_48' title='bbox 570 392 637 419; x_wconf 77' lang='grc' dir='ltr'>Θεδν</span> <span class='ocrx_word' id='word_1_49' title='bbox 655 392 725 420; x_wconf 83' lang='grc' dir='ltr'>εἶναι</span> <span class='ocrx_word' id='word_1_50' title='bbox 751 393 843 430; x_wconf 78' lang='grc' dir='ltr'>βούλῃ,</span> <span class='ocrx_word' id='word_1_51' title='bbox 861 395 907 421; x_wconf 72' lang='grc' dir='ltr'>ἐπὶ</span> 
     </span>
    </p>
   </div>
   <div class='ocr_carea' id='block_1_10' title="bbox 108 435 905 474">
    <p class='ocr_par' dir='ltr' id='par_1_10' title="bbox 108 435 905 474">
     <span class='ocr_line' id='line_1_10' title="bbox 108 435 905 474; baseline 0.005 -12"><span class='ocrx_word' id='word_1_52' title='bbox 108 435 198 472; x_wconf 81' lang='grc' dir='ltr'>ταύτῃ</span> <span class='ocrx_word' id='word_1_53' title='bbox 223 436 251 463; x_wconf 81' lang='grc' dir='ltr'>δὲ</span> <span class='ocrx_word' id='word_1_54' title='bbox 268 436 420 472; x_wconf 74' lang='grc' dir='ltr'>ἁπότομονς</span> <span class='ocrx_word' id='word_1_55' title='bbox 442 437 474 463; x_wconf 89' lang='grc' dir='ltr'>Τί</span> <span class='ocrx_word' id='word_1_56' title='bbox 499 438 542 463; x_wconf 79' lang='grc' dir='ltr'>ἐπ’</span> <span class='ocrx_word' id='word_1_57' title='bbox 572 437 725 473; x_wconf 76' lang='grc' dir='ltr'>ἀλλοτρίοις</span> <span class='ocrx_word' id='word_1_58' title='bbox 750 439 905 474; x_wconf 78' lang='grc' dir='ltr'>ἐγκλήμασι</span> 
     </span>
    </p>
   </div>
   <div class='ocr_carea' id='block_1_11' title="bbox 110 481 906 520">
    <p class='ocr_par' dir='ltr' id='par_1_11' title="bbox 110 481 906 520">
     <span class='ocr_line' id='line_1_11' title="bbox 110 481 906 520; baseline 0.006 -14"><span class='ocrx_word' id='word_1_59' title='bbox 110 481 275 516; x_wconf 77' lang='grc' dir='ltr'>παροξύνεις</span> <span class='ocrx_word' id='word_1_60' title='bbox 287 481 333 508; x_wconf 72' lang='grc' dir='ltr'>τὸν</span> <span class='ocrx_word' id='word_1_61' title='bbox 343 481 484 518; x_wconf 80' lang='grc' dir='ltr'>δικαστὴν.</span> <span class='ocrx_word' id='word_1_62' title='bbox 493 483 539 509; x_wconf 79' lang='grc' dir='ltr'>ἐπὶ</span> <span class='ocrx_word' id='word_1_63' title='bbox 553 485 608 515; x_wconf 86' lang='grc' dir='ltr'>τοίς</span> <span class='ocrx_word' id='word_1_64' title='bbox 621 485 730 516; x_wconf 78' lang='grc' dir='ltr'>οἰκείοις</span> <span class='ocrx_word' id='word_1_65' title='bbox 742 485 906 520; x_wconf 76' lang='grc' dir='ltr'>συγγνώμην</span> 
     </span>
    </p>
   </div>
   <div class='ocr_carea' id='block_1_12' title="bbox 110 526 906 564">
    <p class='ocr_par' dir='ltr' id='par_1_12' title="bbox 110 526 906 564">
     <span class='ocr_line' id='line_1_12' title="bbox 110 526 906 564; baseline 0.004 -10"><span class='ocrx_word' id='word_1_66' title='bbox 110 526 212 559; x_wconf 84' lang='grc' dir='ltr'>αίτῶν;</span> <span class='ocrx_word' id='word_1_67' title='bbox 236 527 268 553; x_wconf 87' lang='grc' dir='ltr'>Τί</span> <span class='ocrx_word' id='word_1_68' title='bbox 290 529 498 563; x_wconf 69' lang='grc' dir='ltr'>ωνεφωνήσατε</span> <span class='ocrx_word' id='word_1_69' title='bbox 520 529 574 564; x_wconf 70' lang='lat'>(7‘2)</span> <span class='ocrx_word' id='word_1_70' title='bbox 599 530 631 556; x_wconf 81' lang='grc' dir='ltr'>σὺ</span> <span class='ocrx_word' id='word_1_71' title='bbox 651 530 699 556; x_wconf 79' lang='grc' dir='ltr'>καὶ</span> <span class='ocrx_word' id='word_1_72' title='bbox 726 530 826 563; x_wconf 79' lang='grc' dir='ltr'>Ἰούδας</span> <span class='ocrx_word' id='word_1_73' title='bbox 845 539 906 557; x_wconf 87' lang='grc' dir='ltr'>πει-</span> 
     </span>
    </p>
   </div>
   <div class='ocr_carea' id='block_1_13' title="bbox 111 572 907 611">
    <p class='ocr_par' dir='ltr' id='par_1_13' title="bbox 111 572 907 611">
     <span class='ocr_line' id='line_1_13' title="bbox 111 572 907 611; baseline 0.008 -14"><span class='ocrx_word' id='word_1_74' title='bbox 111 573 198 608; x_wconf 77' lang='grc' dir='ltr'>ρᾶσαι</span> <span class='ocrx_word' id='word_1_75' title='bbox 210 572 256 598; x_wconf 68' lang='grc' dir='ltr'>τὸν</span> <span class='ocrx_word' id='word_1_76' title='bbox 270 572 388 607; x_wconf 77' lang='grc' dir='ltr'>Κύριον;</span> <span class='ocrx_word' id='word_1_77' title='bbox 411 575 446 600; x_wconf 75' lang='grc' dir='ltr'>Σὺ</span> <span class='ocrx_word' id='word_1_78' title='bbox 464 574 514 609; x_wconf 83' lang='grc' dir='ltr'>μὲν</span> <span class='ocrx_word' id='word_1_79' title='bbox 530 574 583 610; x_wconf 84' lang='grc' dir='ltr'>γὰρ</span> <span class='ocrx_word' id='word_1_80' title='bbox 597 575 634 606; x_wconf 79' lang='grc' dir='ltr'>ὡς</span> <span class='ocrx_word' id='word_1_81' title='bbox 651 575 770 611; x_wconf 76' lang='grc' dir='ltr'>καθαρὸς</span> <span class='ocrx_word' id='word_1_82' title='bbox 790 576 843 602; x_wconf 76' lang='grc' dir='ltr'>ἀπὸ</span> <span class='ocrx_word' id='word_1_83' title='bbox 860 576 907 611; x_wconf 76' lang='grc' dir='ltr'>ρύ-</span> 
     </span>
    </p>
   </div>
   <div class='ocr_carea' id='block_1_14' title="bbox 112 619 905 658">
    <p class='ocr_par' dir='ltr' id='par_1_14' title="bbox 112 619 905 658">
     <span class='ocr_line' id='line_1_14' title="bbox 112 619 905 658; baseline 0.004 -13"><span class='ocrx_word' id='word_1_84' title='bbox 112 627 165 645; x_wconf 81' lang='grc' dir='ltr'>που</span> <span class='ocrx_word' id='word_1_85' title='bbox 175 639 182 650; x_wconf 89' lang='grc'>,</span> <span class='ocrx_word' id='word_1_86' title='bbox 199 619 246 646; x_wconf 68' lang='grc' dir='ltr'>ἐπὶ</span> <span class='ocrx_word' id='word_1_87' title='bbox 258 621 313 651; x_wconf 85' lang='grc' dir='ltr'>τοῖς</span> <span class='ocrx_word' id='word_1_88' title='bbox 330 620 509 656; x_wconf 72' lang='grc' dir='ltr'>ἁμαρτήμασι</span> <span class='ocrx_word' id='word_1_89' title='bbox 524 621 660 656; x_wconf 83' lang='grc' dir='ltr'>διασύρων</span> <span class='ocrx_word' id='word_1_90' title='bbox 680 622 725 648; x_wconf 82' lang='grc' dir='ltr'>τὸν</span> <span class='ocrx_word' id='word_1_91' title='bbox 745 622 887 658; x_wconf 75' lang='grc' dir='ltr'>ἄνθρωπον</span> <span class='ocrx_word' id='word_1_92' title='bbox 897 643 905 655; x_wconf 84' lang='grc'>,</span> 
     </span>
    </p>
   </div>
   <div class='ocr_carea' id='block_1_15' title="bbox 111 665 906 703">
    <p class='ocr_par' dir='ltr' id='par_1_15' title="bbox 111 665 906 703">
     <span class='ocr_line' id='line_1_15' title="bbox 111 665 906 703; baseline 0.004 -12"><span class='ocrx_word' id='word_1_93' title='bbox 111 665 223 698; x_wconf 75' lang='grc' dir='ltr'>ἄγνοιαν</span> <span class='ocrx_word' id='word_1_94' title='bbox 235 665 411 701; x_wconf 70' lang='grc' dir='ltr'>καταψηφίζῃ</span> <span class='ocrx_word' id='word_1_95' title='bbox 424 666 492 694; x_wconf 86' lang='grc' dir='ltr'>Θεοῦ</span> <span class='ocrx_word' id='word_1_96' title='bbox 504 675 510 682; x_wconf 90' lang='grc'>·</span> <span class='ocrx_word' id='word_1_97' title='bbox 524 668 537 693; x_wconf 99' lang='lat'>6</span> <span class='ocrx_word' id='word_1_98' title='bbox 547 667 586 698; x_wconf 85' lang='grc' dir='ltr'>δὲ,</span> <span class='ocrx_word' id='word_1_99' title='bbox 598 667 636 699; x_wconf 84' lang='grc' dir='ltr'>ὠς</span> <span class='ocrx_word' id='word_1_100' title='bbox 647 668 815 703; x_wconf 80' lang='grc' dir='ltr'>φιλόπτωχος</span> <span class='ocrx_word' id='word_1_101' title='bbox 828 669 906 702; x_wconf 84' lang='grc' dir='ltr'>ἀγαν-</span> 
     </span>
    </p>
   </div>
   <div class='ocr_carea' id='block_1_16' title="bbox 115 711 906 748">
    <p class='ocr_par' dir='ltr' id='par_1_16' title="bbox 115 711 906 748">
     <span class='ocr_line' id='line_1_16' title="bbox 115 711 906 748; baseline 0.004 -11"><span class='ocrx_word' id='word_1_102' title='bbox 115 712 212 743; x_wconf 84' lang='grc' dir='ltr'>ακτεῖ,</span> <span class='ocrx_word' id='word_1_103' title='bbox 241 711 343 745; x_wconf 79' lang='grc' dir='ltr'>λέγων·</span> <span class='ocrx_word' id='word_1_104' title='bbox 375 712 422 744; x_wconf 84' lang='grc' dir='ltr'>Τίς</span> <span class='ocrx_word' id='word_1_105' title='bbox 445 713 464 746; x_wconf 73' lang='grc' dir='ltr'><strong><em>ἡ</em></strong></span> <span class='ocrx_word' id='word_1_106' title='bbox 490 712 622 739; x_wconf 78' lang='grc' dir='ltr'>ἀπώλεια</span> <span class='ocrx_word' id='word_1_107' title='bbox 642 713 695 740; x_wconf 85' lang='grc' dir='ltr'>τοῦ</span> <span class='ocrx_word' id='word_1_108' title='bbox 719 714 817 748; x_wconf 81' lang='grc' dir='ltr'>μύρου</span> <span class='ocrx_word' id='word_1_109' title='bbox 840 714 906 740; x_wconf 83' lang='grc' dir='ltr'>τού-</span> 
     </span>
    </p>
   </div>
   <div class='ocr_carea' id='block_1_17' title="bbox 112 752 906 792">
    <p class='ocr_par' dir='ltr' id='par_1_17' title="bbox 112 752 906 792">
     <span class='ocr_line' id='line_1_17' title="bbox 112 752 906 792; baseline 0.005 -11"><span class='ocrx_word' id='word_1_110' title='bbox 112 764 165 782; x_wconf 81' lang='grc' dir='ltr'>του</span> <span class='ocrx_word' id='word_1_111' title='bbox 171 764 181 787; x_wconf 87' lang='grc'><strong><em>;</em></strong></span> <span class='ocrx_word' id='word_1_112' title='bbox 201 755 327 782; x_wconf 73' lang='grc' dir='ltr'>ἐδύνατο</span> <span class='ocrx_word' id='word_1_113' title='bbox 342 757 398 791; x_wconf 76' lang='grc' dir='ltr'>γὰρ</span> <span class='ocrx_word' id='word_1_114' title='bbox 412 756 562 791; x_wconf 73' lang='grc' dir='ltr'>πραθῆναι</span> <span class='ocrx_word' id='word_1_115' title='bbox 569 752 701 789; x_wconf 61' lang='grc' dir='ltr'>πολλοῦ,</span> <span class='ocrx_word' id='word_1_116' title='bbox 719 759 766 784; x_wconf 80' lang='grc' dir='ltr'>καὶ</span> <span class='ocrx_word' id='word_1_117' title='bbox 782 757 906 792; x_wconf 76' lang='grc' dir='ltr'>δοθῆναι</span> 
     </span>
    </p>
   </div>
   <div class='ocr_carea' id='block_1_18' title="bbox 110 802 907 840">
    <p class='ocr_par' dir='ltr' id='par_1_18' title="bbox 110 802 907 840">
     <span class='ocr_line' id='line_1_18' title="bbox 110 802 907 840; baseline 0.003 -12"><span class='ocrx_word' id='word_1_118' title='bbox 110 802 251 836; x_wconf 79' lang='grc' dir='ltr'>πτωχοῖς.</span> <span class='ocrx_word' id='word_1_119' title='bbox 278 803 309 828; x_wconf 89' lang='grc' dir='ltr'><strong>Ὢ</strong></span> <span class='ocrx_word' id='word_1_120' title='bbox 326 802 375 837; x_wconf 85' lang='grc' dir='ltr'>τῆς</span> <span class='ocrx_word' id='word_1_121' title='bbox 391 802 549 838; x_wconf 75' lang='grc' dir='ltr'>ἀγνώμονος</span> <span class='ocrx_word' id='word_1_122' title='bbox 570 803 698 838; x_wconf 79' lang='grc' dir='ltr'>γνὼμηςί</span> <span class='ocrx_word' id='word_1_123' title='bbox 715 804 748 829; x_wconf 83' lang='grc' dir='ltr'>Ὤ</span> <span class='ocrx_word' id='word_1_124' title='bbox 763 804 817 830; x_wconf 84' lang='grc' dir='ltr'>τῶν</span> <span class='ocrx_word' id='word_1_125' title='bbox 841 805 907 840; x_wconf 88' lang='grc' dir='ltr'>ἀχα-</span> 
     </span>
    </p>
   </div>
   <div class='ocr_carea' id='block_1_19' title="bbox 115 847 906 886">
    <p class='ocr_par' dir='ltr' id='par_1_19' title="bbox 115 847 906 886">
     <span class='ocr_line' id='line_1_19' title="bbox 115 847 906 886; baseline 0.004 -13"><span class='ocrx_word' id='word_1_126' title='bbox 115 848 216 883; x_wconf 80' lang='grc' dir='ltr'>ρίστων</span> <span class='ocrx_word' id='word_1_127' title='bbox 228 848 353 883; x_wconf 80' lang='grc' dir='ltr'>τρόπωνι</span> <span class='ocrx_word' id='word_1_128' title='bbox 377 847 527 875; x_wconf 82' lang='grc' dir='ltr'>Ἀπώλειαν</span> <span class='ocrx_word' id='word_1_129' title='bbox 543 849 630 884; x_wconf 83' lang='grc' dir='ltr'>τίθης,</span> <span class='ocrx_word' id='word_1_130' title='bbox 647 849 741 882; x_wconf 79' lang='grc' dir='ltr'>Ἰούδα,</span> <span class='ocrx_word' id='word_1_131' title='bbox 759 850 808 884; x_wconf 72' lang='grc' dir='ltr'>τὴν</span> <span class='ocrx_word' id='word_1_132' title='bbox 825 849 906 886; x_wconf 83' lang='grc' dir='ltr'>θερά-</span> 
     </span>
    </p>
   </div>
   <div class='ocr_carea' id='block_1_20' title="bbox 962 255 1742 290">
    <p class='ocr_par' dir='ltr' id='par_1_20' title="bbox 962 255 1742 290">
     <span class='ocr_line' id='line_1_20' title="bbox 962 255 1742 290; baseline -0.001 -8"><span class='ocrx_word' id='word_1_133' title='bbox 962 257 1062 283; x_wconf 77' lang='lat' dir='ltr'>mittunt</span> <span class='ocrx_word' id='word_1_134' title='bbox 1080 256 1209 290; x_wconf 84' lang='lat' dir='ltr'>postulas,</span> <span class='ocrx_word' id='word_1_135' title='bbox 1224 263 1239 282; x_wconf 88' lang='grc' dir='ltr'>ο</span> <span class='ocrx_word' id='word_1_136' title='bbox 1253 255 1399 286; x_wconf 68' lang='lat' dir='ltr'>[’liarisare,</span> <span class='ocrx_word' id='word_1_137' title='bbox 1426 256 1472 288; x_wconf 82' lang='lat' dir='ltr'>qui</span> <span class='ocrx_word' id='word_1_138' title='bbox 1493 256 1518 281; x_wconf 93' lang='lat' dir='ltr'>in</span> <span class='ocrx_word' id='word_1_139' title='bbox 1534 263 1629 281; x_wconf 85' lang='lat' dir='ltr'>omnes</span> <span class='ocrx_word' id='word_1_140' title='bbox 1643 255 1742 288; x_wconf 82' lang='lat' dir='ltr'>pariter</span> 
     </span>
    </p>
   </div>
   <div class='ocr_carea' id='block_1_21' title="bbox 960 301 1743 333">
    <p class='ocr_par' dir='ltr' id='par_1_21' title="bbox 960 301 1743 333">
     <span class='ocr_line' id='line_1_21' title="bbox 960 301 1743 333; baseline -0.001 -6"><span class='ocrx_word' id='word_1_141' title='bbox 960 302 1089 328; x_wconf 80' lang='lat' dir='ltr'>bonitatis</span> <span class='ocrx_word' id='word_1_142' title='bbox 1115 306 1243 328; x_wconf 81' lang='lat' dir='ltr'>stateram</span> <span class='ocrx_word' id='word_1_143' title='bbox 1265 301 1401 327; x_wconf 84' lang='lat' dir='ltr'>libret“?</span> <span class='ocrx_word' id='word_1_144' title='bbox 1427 301 1494 333; x_wconf 97' lang='lat' dir='ltr'>Quid</span> <span class='ocrx_word' id='word_1_145' title='bbox 1524 308 1588 328; x_wconf 84' lang='lat' dir='ltr'>vero</span> <span class='ocrx_word' id='word_1_146' title='bbox 1617 301 1743 327; x_wconf 65' lang='lat' dir='ltr'>exeolans</span> 
     </span>
    </p>
   </div>
   <div class='ocr_carea' id='block_1_22' title="bbox 960 346 1741 381">
    <p class='ocr_par' dir='ltr' id='par_1_22' title="bbox 960 346 1741 381">
     <span class='ocr_line' id='line_1_22' title="bbox 960 346 1741 381; baseline -0.004 -6"><span class='ocrx_word' id='word_1_147' title='bbox 960 348 1081 375; x_wconf 73' lang='lat' dir='ltr'>mulieris</span> <span class='ocrx_word' id='word_1_148' title='bbox 1098 348 1221 378; x_wconf 85' lang='lat' dir='ltr'>culicem,</span> <span class='ocrx_word' id='word_1_149' title='bbox 1248 351 1353 374; x_wconf 88' lang='lat' dir='ltr'>tuorum</span> <span class='ocrx_word' id='word_1_150' title='bbox 1371 347 1426 381; x_wconf 86' lang='lat' dir='ltr'>ipse</span> <span class='ocrx_word' id='word_1_151' title='bbox 1451 347 1581 374; x_wconf 87' lang='lat' dir='ltr'>malorum</span> <span class='ocrx_word' id='word_1_152' title='bbox 1608 346 1741 374; x_wconf 83' lang='lat' dir='ltr'>camelum</span> 
     </span>
    </p>
   </div>
   <div class='ocr_carea' id='block_1_23' title="bbox 957 392 1742 428">
    <p class='ocr_par' dir='ltr' id='par_1_23' title="bbox 957 392 1742 428">
     <span class='ocr_line' id='line_1_23' title="bbox 957 392 1742 428; baseline -0.003 -8"><span class='ocrx_word' id='word_1_153' title='bbox 957 394 1071 427; x_wconf 66' lang='lat' dir='ltr'>deglutis</span> <span class='ocrx_word' id='word_1_154' title='bbox 1084 394 1125 420; x_wconf 81' lang='lat'>“?</span> <span class='ocrx_word' id='word_1_155' title='bbox 1136 395 1169 420; x_wconf 78' lang='lat' dir='ltr'>Et</span> <span class='ocrx_word' id='word_1_156' title='bbox 1183 393 1304 428; x_wconf 89' lang='lat' dir='ltr'>quidem,</span> <span class='ocrx_word' id='word_1_157' title='bbox 1322 393 1362 420; x_wconf 77' lang='lat' dir='ltr'>\‘is</span> <span class='ocrx_word' id='word_1_158' title='bbox 1374 392 1399 419; x_wconf 87' lang='lat' dir='ltr'>itt</span> <span class='ocrx_word' id='word_1_159' title='bbox 1420 397 1445 419; x_wconf 89' lang='lat' dir='ltr'>te</span> <span class='ocrx_word' id='word_1_160' title='bbox 1458 392 1539 419; x_wconf 89' lang='lat' dir='ltr'>Dettm</span> <span class='ocrx_word' id='word_1_161' title='bbox 1550 393 1742 427; x_wconf 74' lang='lat' dir='ltr'>longaniment;</span> 
     </span>
    </p>
   </div>
   <div class='ocr_carea' id='block_1_24' title="bbox 958 438 1742 473">
    <p class='ocr_par' dir='ltr' id='par_1_24' title="bbox 958 438 1742 473">
     <span class='ocr_line' id='line_1_24' title="bbox 958 438 1742 473; baseline -0.003 -7"><span class='ocrx_word' id='word_1_162' title='bbox 958 440 983 466; x_wconf 90' lang='lat' dir='ltr'>itt</span> <span class='ocrx_word' id='word_1_163' title='bbox 1002 441 1070 466; x_wconf 86' lang='lat' dir='ltr'>hanc</span> <span class='ocrx_word' id='word_1_164' title='bbox 1082 445 1170 466; x_wconf 86' lang='lat' dir='ltr'>autem</span> <span class='ocrx_word' id='word_1_165' title='bbox 1183 444 1336 473; x_wconf 86' lang='lat' dir='ltr'>promptum</span> <span class='ocrx_word' id='word_1_166' title='bbox 1353 438 1386 464; x_wconf 89' lang='lat' dir='ltr'>ad</span> <span class='ocrx_word' id='word_1_167' title='bbox 1403 438 1491 465; x_wconf 80' lang='lat' dir='ltr'>iram?</span> <span class='ocrx_word' id='word_1_168' title='bbox 1512 438 1581 471; x_wconf 78' lang='lat' dir='ltr'>Quid</span> <span class='ocrx_word' id='word_1_169' title='bbox 1601 438 1742 464; x_wconf 82' lang='lat' dir='ltr'>Dominum</span> 
     </span>
    </p>
   </div>
   <div class='ocr_carea' id='block_1_25' title="bbox 959 485 1744 521">
    <p class='ocr_par' dir='ltr' id='par_1_25' title="bbox 959 485 1744 521">
     <span class='ocr_line' id='line_1_25' title="bbox 959 485 1744 521; baseline -0.003 -8"><span class='ocrx_word' id='word_1_170' title='bbox 959 494 1103 521; x_wconf 78' lang='lat' dir='ltr'>exasperas</span> <span class='ocrx_word' id='word_1_171' title='bbox 1119 487 1145 512; x_wconf 92' lang='lat' dir='ltr'>in</span> <span class='ocrx_word' id='word_1_172' title='bbox 1158 485 1253 512; x_wconf 83' lang='lat' dir='ltr'>alienis</span> <span class='ocrx_word' id='word_1_173' title='bbox 1269 485 1441 517; x_wconf 82' lang='lat' dir='ltr'>criminibus,</span> <span class='ocrx_word' id='word_1_174' title='bbox 1462 485 1507 520; x_wconf 88' lang='lat' dir='ltr'>qui</span> <span class='ocrx_word' id='word_1_175' title='bbox 1527 485 1552 511; x_wconf 89' lang='lat' dir='ltr'>itt</span> <span class='ocrx_word' id='word_1_176' title='bbox 1569 485 1684 519; x_wconf 76' lang='lat' dir='ltr'>propriis</span> <span class='ocrx_word' id='word_1_177' title='bbox 1700 491 1744 511; x_wconf 77' lang='lat' dir='ltr'>ve—</span> 
     </span>
    </p>
   </div>
   <div class='ocr_carea' id='block_1_26' title="bbox 957 531 1745 566">
    <p class='ocr_par' dir='ltr' id='par_1_26' title="bbox 957 531 1745 566">
     <span class='ocr_line' id='line_1_26' title="bbox 957 531 1745 566; baseline -0.003 -7"><span class='ocrx_word' id='word_1_178' title='bbox 957 533 1029 559; x_wconf 87' lang='lat' dir='ltr'>niam</span> <span class='ocrx_word' id='word_1_179' title='bbox 1048 532 1144 566; x_wconf 79' lang='lat' dir='ltr'>petas?</span> <span class='ocrx_word' id='word_1_180' title='bbox 1159 533 1226 565; x_wconf 83' lang='lat' dir='ltr'>Quid</span> <span class='ocrx_word' id='word_1_181' title='bbox 1242 536 1267 558; x_wconf 90' lang='grc' dir='ltr'>ιιι</span> <span class='ocrx_word' id='word_1_182' title='bbox 1281 532 1418 566; x_wconf 77' lang='lat' dir='ltr'>Judasque</span> <span class='ocrx_word' id='word_1_183' title='bbox 1437 531 1609 563; x_wconf 83' lang='lat' dir='ltr'>convenistis,</span> <span class='ocrx_word' id='word_1_184' title='bbox 1638 536 1667 557; x_wconf 89' lang='lat' dir='ltr'>ut</span> <span class='ocrx_word' id='word_1_185' title='bbox 1690 535 1745 557; x_wconf 84' lang='lat' dir='ltr'>teti—</span> 
     </span>
    </p>
   </div>
   <div class='ocr_carea' id='block_1_27' title="bbox 958 577 1742 612">
    <p class='ocr_par' dir='ltr' id='par_1_27' title="bbox 958 577 1742 612">
     <span class='ocr_line' id='line_1_27' title="bbox 958 577 1742 612; baseline -0.003 -7"><span class='ocrx_word' id='word_1_186' title='bbox 958 579 1051 606; x_wconf 81' lang='lat' dir='ltr'>taretis</span> <span class='ocrx_word' id='word_1_187' title='bbox 1064 579 1206 605; x_wconf 86' lang='lat' dir='ltr'>Dominum</span> <span class='ocrx_word' id='word_1_188' title='bbox 1216 578 1226 604; x_wconf 76' lang='lat'><em>‘2</em></span> <span class='ocrx_word' id='word_1_189' title='bbox 1237 578 1275 604; x_wconf 90' lang='lat' dir='ltr'>Tu</span> <span class='ocrx_word' id='word_1_190' title='bbox 1289 578 1409 612; x_wconf 64' lang='lat' dir='ltr'>quidem,</span> <span class='ocrx_word' id='word_1_191' title='bbox 1422 577 1493 605; x_wconf 53' lang='lat' dir='ltr'>\‘clnt</span> <span class='ocrx_word' id='word_1_192' title='bbox 1504 578 1617 603; x_wconf 85' lang='lat' dir='ltr'>mundus</span> <span class='ocrx_word' id='word_1_193' title='bbox 1629 585 1643 603; x_wconf 88' lang='lat' dir='ltr'>a</span> <span class='ocrx_word' id='word_1_194' title='bbox 1653 577 1742 608; x_wconf 82' lang='lat' dir='ltr'>sorde,</span> 
     </span>
    </p>
   </div>
   <div class='ocr_carea' id='block_1_28' title="bbox 957 621 1744 655">
    <p class='ocr_par' dir='ltr' id='par_1_28' title="bbox 957 621 1744 655">
     <span class='ocr_line' id='line_1_28' title="bbox 957 621 1744 655; baseline -0.001 -7"><span class='ocrx_word' id='word_1_195' title='bbox 957 621 1103 649; x_wconf 70' lang='lat' dir='ltr'>detrahens</span> <span class='ocrx_word' id='word_1_196' title='bbox 1133 622 1234 648; x_wconf 90' lang='lat' dir='ltr'>homini</span> <span class='ocrx_word' id='word_1_197' title='bbox 1255 629 1303 655; x_wconf 86' lang='lat' dir='ltr'>pro</span> <span class='ocrx_word' id='word_1_198' title='bbox 1326 621 1453 655; x_wconf 79' lang='lat' dir='ltr'>peccatis,</span> <span class='ocrx_word' id='word_1_199' title='bbox 1482 621 1562 647; x_wconf 91' lang='lat' dir='ltr'>Deum</span> <span class='ocrx_word' id='word_1_200' title='bbox 1587 621 1744 655; x_wconf 72' lang='lat' dir='ltr'>ignorantia:</span> 
     </span>
    </p>
   </div>
   <div class='ocr_carea' id='block_1_29' title="bbox 956 666 1745 701">
    <p class='ocr_par' dir='ltr' id='par_1_29' title="bbox 956 666 1745 701">
     <span class='ocr_line' id='line_1_29' title="bbox 956 666 1745 701; baseline -0.001 -9"><span class='ocrx_word' id='word_1_201' title='bbox 956 668 1068 694; x_wconf 87' lang='lat' dir='ltr'>dantuas</span> <span class='ocrx_word' id='word_1_202' title='bbox 1084 675 1091 693; x_wconf 88' lang='lat'><strong>:</strong></span> <span class='ocrx_word' id='word_1_203' title='bbox 1113 667 1158 693; x_wconf 87' lang='lat' dir='ltr'>ille</span> <span class='ocrx_word' id='word_1_204' title='bbox 1170 673 1271 696; x_wconf 86' lang='lat' dir='ltr'>autent.</span> <span class='ocrx_word' id='word_1_205' title='bbox 1285 675 1332 693; x_wconf 82' lang='lat' dir='ltr'>ceu</span> <span class='ocrx_word' id='word_1_206' title='bbox 1351 674 1495 701; x_wconf 81' lang='lat' dir='ltr'>pauperum</span> <span class='ocrx_word' id='word_1_207' title='bbox 1513 673 1606 692; x_wconf 82' lang='lat' dir='ltr'>amans</span> <span class='ocrx_word' id='word_1_208' title='bbox 1623 666 1745 700; x_wconf 77' lang='lat' dir='ltr'>indigna-</span> 
     </span>
    </p>
   </div>
   <div class='ocr_carea' id='block_1_30' title="bbox 958 711 1744 745">
    <p class='ocr_par' dir='ltr' id='par_1_30' title="bbox 958 711 1744 745">
     <span class='ocr_line' id='line_1_30' title="bbox 958 711 1744 745; baseline -0.001 -7"><span class='ocrx_word' id='word_1_209' title='bbox 958 717 1011 744; x_wconf 90' lang='lat' dir='ltr'>tur,</span> <span class='ocrx_word' id='word_1_210' title='bbox 1025 711 1117 738; x_wconf 81' lang='lat' dir='ltr'>dicens</span> <span class='ocrx_word' id='word_1_211' title='bbox 1132 720 1138 737; x_wconf 93' lang='lat'>:</span> <span class='ocrx_word' id='word_1_212' title='bbox 1157 711 1190 738; x_wconf 92' lang='lat' dir='ltr'>Ut</span> <span class='ocrx_word' id='word_1_213' title='bbox 1207 712 1270 744; x_wconf 81' lang='lat' dir='ltr'>quid</span> <span class='ocrx_word' id='word_1_214' title='bbox 1284 712 1395 745; x_wconf 79' lang='lat' dir='ltr'>perditio</span> <span class='ocrx_word' id='word_1_215' title='bbox 1412 712 1462 738; x_wconf 63' lang='lat' dir='ltr'>ista</span> <span class='ocrx_word' id='word_1_216' title='bbox 1481 711 1606 745; x_wconf 82' lang='lat' dir='ltr'>unguenti</span> <span class='ocrx_word' id='word_1_217' title='bbox 1618 711 1629 737; x_wconf 81' lang='lat'><strong><em>?</em></strong></span> <span class='ocrx_word' id='word_1_218' title='bbox 1640 711 1744 738; x_wconf 80' lang='lat' dir='ltr'>Poterat</span> 
     </span>
    </p>
   </div>
   <div class='ocr_carea' id='block_1_31' title="bbox 956 756 1746 791">
    <p class='ocr_par' dir='ltr' id='par_1_31' title="bbox 956 756 1746 791">
     <span class='ocr_line' id='line_1_31' title="bbox 956 756 1746 791; baseline -0.001 -7"><span class='ocrx_word' id='word_1_219' title='bbox 956 757 1023 784; x_wconf 79' lang='lat' dir='ltr'>enim</span> <span class='ocrx_word' id='word_1_220' title='bbox 1041 758 1184 784; x_wconf 79' lang='lat' dir='ltr'>renunduri</span> <span class='ocrx_word' id='word_1_221' title='bbox 1200 758 1298 789; x_wconf 84' lang='lat' dir='ltr'>multo,</span> <span class='ocrx_word' id='word_1_222' title='bbox 1314 763 1337 784; x_wconf 85' lang='lat' dir='ltr'>et</span> <span class='ocrx_word' id='word_1_223' title='bbox 1354 758 1412 783; x_wconf 82' lang='lat' dir='ltr'>dari</span> <span class='ocrx_word' id='word_1_224' title='bbox 1429 757 1585 791; x_wconf 75' lang='lat' dir='ltr'>pauperibus</span> <span class='ocrx_word' id='word_1_225' title='bbox 1600 756 1632 783; x_wconf 69' lang='grc'>’⁸.</span> <span class='ocrx_word' id='word_1_226' title='bbox 1648 756 1669 783; x_wconf 82' lang='grc'>0</span> <span class='ocrx_word' id='word_1_227' title='bbox 1694 756 1746 783; x_wconf 91' lang='lat' dir='ltr'>int-</span> 
     </span>
    </p>
   </div>
   <div class='ocr_carea' id='block_1_32' title="bbox 957 802 1745 838">
    <p class='ocr_par' dir='ltr' id='par_1_32' title="bbox 957 802 1745 838">
     <span class='ocr_line' id='line_1_32' title="bbox 957 802 1745 838; baseline 0 -9"><span class='ocrx_word' id='word_1_228' title='bbox 957 805 1070 838; x_wconf 85' lang='lat' dir='ltr'>probum</span> <span class='ocrx_word' id='word_1_229' title='bbox 1085 804 1222 830; x_wconf 87' lang='lat' dir='ltr'>animum!</span> <span class='ocrx_word' id='word_1_230' title='bbox 1252 803 1274 831; x_wconf 91' lang='grc' dir='ltr'><strong>Ο</strong></span> <span class='ocrx_word' id='word_1_231' title='bbox 1299 805 1418 838; x_wconf 77' lang='lat' dir='ltr'>ingratos</span> <span class='ocrx_word' id='word_1_232' title='bbox 1446 803 1554 830; x_wconf 87' lang='lat' dir='ltr'>mores!</span> <span class='ocrx_word' id='word_1_233' title='bbox 1571 802 1712 835; x_wconf 60' lang='lat' dir='ltr'>Estintas,</span> <span class='ocrx_word' id='word_1_234' title='bbox 1729 811 1745 829; x_wconf 94' lang='lat' dir='ltr'>o</span> 
     </span>
    </p>
   </div>
   <div class='ocr_carea' id='block_1_33' title="bbox 957 848 1746 882">
    <p class='ocr_par' dir='ltr' id='par_1_33' title="bbox 957 848 1746 882">
     <span class='ocr_line' id='line_1_33' title="bbox 957 848 1746 882; baseline -0.001 -6"><span class='ocrx_word' id='word_1_235' title='bbox 957 849 1036 880; x_wconf 68' lang='grc' dir='ltr'>,ιι-«ιη,</span> <span class='ocrx_word' id='word_1_236' title='bbox 1064 849 1255 882; x_wconf 78' lang='lat' dir='ltr'>perditionem,</span> <span class='ocrx_word' id='word_1_237' title='bbox 1277 848 1436 882; x_wconf 80' lang='lat' dir='ltr'>obsequium</span> <span class='ocrx_word' id='word_1_238' title='bbox 1459 848 1582 875; x_wconf 84' lang='lat' dir='ltr'>Christi?</span> <span class='ocrx_word' id='word_1_239' title='bbox 1610 855 1746 882; x_wconf 81' lang='lat' dir='ltr'>vocasquc</span> 
     </span>
    </p>
   </div>
   <div class='ocr_carea' id='block_1_34' title="bbox 111 885 909 930">
    <p class='ocr_par' dir='ltr' id='par_1_34' title="bbox 111 893 906 930">
     <span class='ocr_line' id='line_1_34' title="bbox 111 893 906 930; baseline 0.004 -11"><span class='ocrx_word' id='word_1_240' title='bbox 111 901 193 920; x_wconf 85' lang='grc' dir='ltr'>πειαν</span> <span class='ocrx_word' id='word_1_241' title='bbox 208 893 254 920; x_wconf 86' lang='grc' dir='ltr'>τοῦ</span> <span class='ocrx_word' id='word_1_242' title='bbox 271 893 406 929; x_wconf 67' lang='grc' dir='ltr'>Χριστοῦ;</span> <span class='ocrx_word' id='word_1_243' title='bbox 421 894 467 920; x_wconf 62' lang='grc' dir='ltr'>καὶ¹</span> <span class='ocrx_word' id='word_1_244' title='bbox 482 894 595 929; x_wconf 84' lang='grc' dir='ltr'>μάταιον</span> <span class='ocrx_word' id='word_1_245' title='bbox 610 895 742 930; x_wconf 78' lang='grc' dir='ltr'>ἀνάλωμα</span> <span class='ocrx_word' id='word_1_246' title='bbox 758 895 860 927; x_wconf 80' lang='grc' dir='ltr'>καλεῖς,</span> <span class='ocrx_word' id='word_1_247' title='bbox 876 896 906 922; x_wconf 87' lang='grc' dir='ltr'>τὸ</span> 
     </span>
    </p>
   </div>
   <div class='ocr_carea' id='block_1_35' title="bbox 962 885 1747 930">
    <p class='ocr_par' dir='ltr' id='par_1_35' title="bbox 962 894 1747 929">
     <span class='ocr_line' id='line_1_35' title="bbox 962 894 1747 929; baseline 0.001 -8"><span class='ocrx_word' id='word_1_248' title='bbox 962 902 1065 922; x_wconf 66' lang='lat' dir='ltr'>inanem</span> <span class='ocrx_word' id='word_1_249' title='bbox 1080 899 1226 929; x_wconf 89' lang='lat' dir='ltr'>sumptum,</span> <span class='ocrx_word' id='word_1_250' title='bbox 1243 895 1314 929; x_wconf 88' lang='lat' dir='ltr'>quod</span> <span class='ocrx_word' id='word_1_251' title='bbox 1332 895 1358 922; x_wconf 94' lang='lat' dir='ltr'>in</span> <span class='ocrx_word' id='word_1_252' title='bbox 1381 895 1509 921; x_wconf 83' lang='lat' dir='ltr'>honorem</span> <span class='ocrx_word' id='word_1_253' title='bbox 1531 894 1578 922; x_wconf 86' lang='lat' dir='ltr'>Dei</span> <span class='ocrx_word' id='word_1_254' title='bbox 1601 894 1747 929; x_wconf 69' lang='lat' dir='ltr'>procedit?</span> 
     </span>
    </p>
   </div>
   <div class='ocr_carea' id='block_1_36' title="bbox 111 939 544 975">
    <p class='ocr_par' dir='ltr' id='par_1_36' title="bbox 111 939 544 975">
     <span class='ocr_line' id='line_1_36' title="bbox 111 939 544 975; baseline 0.002 -10"><span class='ocrx_word' id='word_1_255' title='bbox 111 940 153 970; x_wconf 80' lang='grc' dir='ltr'>εἰς</span> <span class='ocrx_word' id='word_1_256' title='bbox 166 939 249 974; x_wconf 87' lang='grc' dir='ltr'>τιμὴν</span> <span class='ocrx_word' id='word_1_257' title='bbox 266 940 444 975; x_wconf 81' lang='grc' dir='ltr'>προχωρῆσαι</span> <span class='ocrx_word' id='word_1_258' title='bbox 459 940 544 972; x_wconf 84' lang='grc' dir='ltr'>Θεοῦ;</span> 
     </span>
    </p>
   </div>
   <div class='ocr_carea' id='block_1_37' title="bbox 147 982 906 1023">
    <p class='ocr_par' dir='ltr' id='par_1_37' title="bbox 147 982 906 1023">
     <span class='ocr_line' id='line_1_37' title="bbox 147 982 906 1023; baseline 0.004 -12"><span class='ocrx_word' id='word_1_259' title='bbox 147 984 185 1012; x_wconf 78' lang='lat'>8’.</span> <span class='ocrx_word' id='word_1_260' title='bbox 198 984 284 1011; x_wconf 65' lang='grc' dir='ltr'>Πόσον</span> <span class='ocrx_word' id='word_1_261' title='bbox 295 984 432 1020; x_wconf 74' lang='grc' dir='ltr'>ἐδώκαμεν</span> <span class='ocrx_word' id='word_1_262' title='bbox 451 982 489 1012; x_wconf 85' lang='grc' dir='ltr'>ὧν</span> <span class='ocrx_word' id='word_1_263' title='bbox 506 986 906 1023; x_wconf 74' lang='grc' dir='ltr'>ἐλάϐομεν;Λογισώμεθι,ἁφ’</span> 
     </span>
    </p>
   </div>
   <div class='ocr_carea' id='block_1_38' title="bbox 109 1027 904 1068">
    <p class='ocr_par' dir='ltr' id='par_1_38' title="bbox 109 1027 904 1068">
     <span class='ocr_line' id='line_1_38' title="bbox 109 1027 904 1068; baseline 0.003 -12"><span class='ocrx_word' id='word_1_264' title='bbox 109 1027 198 1065; x_wconf 75' lang='grc' dir='ltr'>οὗπερ</span> <span class='ocrx_word' id='word_1_265' title='bbox 212 1031 227 1056; x_wconf 90' lang='lat'>6</span> <span class='ocrx_word' id='word_1_266' title='bbox 251 1030 354 1064; x_wconf 81' lang='grc' dir='ltr'>κόσμος</span> <span class='ocrx_word' id='word_1_267' title='bbox 373 1030 513 1066; x_wconf 70' lang='grc' dir='ltr'>ἀνεδείχθη</span> <span class='ocrx_word' id='word_1_268' title='bbox 525 1051 532 1063; x_wconf 90' lang='grc'>,</span> <span class='ocrx_word' id='word_1_269' title='bbox 558 1032 636 1059; x_wconf 81' lang='grc' dir='ltr'>πόσοι.</span> <span class='ocrx_word' id='word_1_270' title='bbox 658 1032 735 1068; x_wconf 85' lang='grc' dir='ltr'>παρά</span> <span class='ocrx_word' id='word_1_271' title='bbox 755 1033 805 1067; x_wconf 81' lang='grc' dir='ltr'>τῆς</span> <span class='ocrx_word' id='word_1_272' title='bbox 823 1033 904 1060; x_wconf 80' lang='grc' dir='ltr'>αὑτοῦ</span> 
     </span>
    </p>
   </div>
   <div class='ocr_carea' id='block_1_39' title="bbox 111 1074 906 1112">
    <p class='ocr_par' dir='ltr' id='par_1_39' title="bbox 111 1074 906 1112">
     <span class='ocr_line' id='line_1_39' title="bbox 111 1074 906 1112; baseline 0.008 -13"><span class='ocrx_word' id='word_1_273' title='bbox 111 1074 222 1109; x_wconf 80' lang='grc' dir='ltr'>φύσεως</span> <span class='ocrx_word' id='word_1_274' title='bbox 240 1075 331 1106; x_wconf 79' lang='grc' dir='ltr'>ἐλέους</span> <span class='ocrx_word' id='word_1_275' title='bbox 351 1075 441 1110; x_wconf 70' lang='grc' dir='ltr'>ῥέουσι</span> <span class='ocrx_word' id='word_1_276' title='bbox 471 1077 597 1111; x_wconf 71' lang='grc' dir='ltr'>ποταμοὶ,</span> <span class='ocrx_word' id='word_1_277' title='bbox 615 1078 662 1104; x_wconf 78' lang='grc' dir='ltr'>καὶ</span> <span class='ocrx_word' id='word_1_278' title='bbox 684 1078 714 1105; x_wconf 86' lang='grc' dir='ltr'>οὐ</span> <span class='ocrx_word' id='word_1_279' title='bbox 735 1078 878 1112; x_wconf 70' lang='grc' dir='ltr'>λογίζεταιξ</span> <span class='ocrx_word' id='word_1_280' title='bbox 891 1079 906 1105; x_wconf 81' lang='grc' dir='ltr'><em>ὁ</em></span> 
     </span>
    </p>
   </div>
   <div class='ocr_carea' id='block_1_40' title="bbox 111 1119 905 1157">
    <p class='ocr_par' dir='ltr' id='par_1_40' title="bbox 111 1119 905 1157">
     <span class='ocr_line' id='line_1_40' title="bbox 111 1119 905 1157; baseline 0.006 -13"><span class='ocrx_word' id='word_1_281' title='bbox 111 1119 179 1151; x_wconf 81' lang='grc' dir='ltr'>Θεὸς</span> <span class='ocrx_word' id='word_1_282' title='bbox 199 1119 302 1154; x_wconf 84' lang='grc' dir='ltr'>ζημίαν</span> <span class='ocrx_word' id='word_1_283' title='bbox 317 1119 366 1154; x_wconf 80' lang='grc' dir='ltr'>τὴν</span> <span class='ocrx_word' id='word_1_284' title='bbox 378 1120 516 1155; x_wconf 79' lang='grc' dir='ltr'>ἀφθονίαν.</span> <span class='ocrx_word' id='word_1_285' title='bbox 533 1121 622 1153; x_wconf 77' lang='grc' dir='ltr'>Πόσας</span> <span class='ocrx_word' id='word_1_286' title='bbox 634 1123 650 1157; x_wconf 86' lang='grc' dir='ltr'>ὴ</span> <span class='ocrx_word' id='word_1_287' title='bbox 666 1123 700 1157; x_wconf 86' lang='grc' dir='ltr'>γῆ</span> <span class='ocrx_word' id='word_1_288' title='bbox 714 1122 828 1153; x_wconf 77' lang='grc' dir='ltr'>εὐωδίας</span> <span class='ocrx_word' id='word_1_289' title='bbox 841 1122 905 1156; x_wconf 81' lang='grc' dir='ltr'>βλα-</span> 
     </span>
    </p>
   </div>
   <div class='ocr_carea' id='block_1_41' title="bbox 111 1164 904 1201">
    <p class='ocr_par' dir='ltr' id='par_1_41' title="bbox 111 1164 904 1201">
     <span class='ocr_line' id='line_1_41' title="bbox 111 1164 904 1201; baseline 0.003 -11"><span class='ocrx_word' id='word_1_290' title='bbox 111 1164 218 1196; x_wconf 77' lang='grc' dir='ltr'>στάνει;</span> <span class='ocrx_word' id='word_1_291' title='bbox 238 1164 324 1200; x_wconf 75' lang='grc' dir='ltr'>ῥόδον,</span> <span class='ocrx_word' id='word_1_292' title='bbox 341 1165 387 1191; x_wconf 81' lang='grc' dir='ltr'>καὶ</span> <span class='ocrx_word' id='word_1_293' title='bbox 404 1165 506 1199; x_wconf 84' lang='grc' dir='ltr'>κρίνον,</span> <span class='ocrx_word' id='word_1_294' title='bbox 525 1166 570 1191; x_wconf 76' lang='grc' dir='ltr'>καὶ</span> <span class='ocrx_word' id='word_1_295' title='bbox 587 1166 727 1200; x_wconf 76' lang='grc' dir='ltr'>στύρακα,</span> <span class='ocrx_word' id='word_1_296' title='bbox 744 1166 841 1201; x_wconf 77' lang='grc' dir='ltr'>νάρδον</span> <span class='ocrx_word' id='word_1_297' title='bbox 858 1166 904 1192; x_wconf 74' lang='grc' dir='ltr'>καὶ</span> 
     </span>
    </p>
   </div>
   <div class='ocr_carea' id='block_1_42' title="bbox 112 1207 904 1245">
    <p class='ocr_par' dir='ltr' id='par_1_42' title="bbox 112 1207 904 1245">
     <span class='ocr_line' id='line_1_42' title="bbox 112 1207 904 1245; baseline 0.003 -9"><span class='ocrx_word' id='word_1_298' title='bbox 112 1210 242 1245; x_wconf 83' lang='grc' dir='ltr'>στακτὴν,</span> <span class='ocrx_word' id='word_1_299' title='bbox 260 1210 307 1236; x_wconf 78' lang='grc' dir='ltr'>καὶ</span> <span class='ocrx_word' id='word_1_300' title='bbox 324 1210 358 1236; x_wconf 85' lang='grc' dir='ltr'>τὰ</span> <span class='ocrx_word' id='word_1_301' title='bbox 373 1210 450 1241; x_wconf 78' lang='grc' dir='ltr'>ἄλλα,</span> <span class='ocrx_word' id='word_1_302' title='bbox 472 1211 517 1245; x_wconf 83' lang='grc' dir='ltr'>ἀφ’</span> <span class='ocrx_word' id='word_1_303' title='bbox 532 1207 570 1237; x_wconf 83' lang='grc' dir='ltr'>ὧν</span> <span class='ocrx_word' id='word_1_304' title='bbox 584 1211 614 1237; x_wconf 81' lang='grc' dir='ltr'>τὺ</span> <span class='ocrx_word' id='word_1_305' title='bbox 632 1211 713 1238; x_wconf 69' lang='grc' dir='ltr'>καλὸν</span> <span class='ocrx_word' id='word_1_306' title='bbox 733 1211 904 1238; x_wconf 78' lang='grc' dir='ltr'>κατασκευά-</span> 
     </span>
    </p>
   </div>
   <div class='ocr_carea' id='block_1_43' title="bbox 111 1255 906 1292">
    <p class='ocr_par' dir='ltr' id='par_1_43' title="bbox 111 1255 906 1292">
     <span class='ocr_line' id='line_1_43' title="bbox 111 1255 906 1292; baseline 0.003 -10"><span class='ocrx_word' id='word_1_307' title='bbox 111 1255 188 1288; x_wconf 82' lang='grc' dir='ltr'>ζεται</span> <span class='ocrx_word' id='word_1_308' title='bbox 209 1255 309 1291; x_wconf 81' lang='grc' dir='ltr'>μύρον·</span> <span class='ocrx_word' id='word_1_309' title='bbox 330 1256 378 1283; x_wconf 78' lang='grc' dir='ltr'>καὶ</span> <span class='ocrx_word' id='word_1_310' title='bbox 397 1257 427 1282; x_wconf 75' lang='grc' dir='ltr'>οὐ</span> <span class='ocrx_word' id='word_1_311' title='bbox 450 1256 586 1291; x_wconf 76' lang='grc' dir='ltr'>λογίζεται</span> <span class='ocrx_word' id='word_1_312' title='bbox 614 1257 670 1292; x_wconf 82' lang='grc'>(75)</span> <span class='ocrx_word' id='word_1_313' title='bbox 692 1257 758 1289; x_wconf 75' lang='grc' dir='ltr'>Θεὸς</span> <span class='ocrx_word' id='word_1_314' title='bbox 793 1259 833 1289; x_wconf 80' lang='grc' dir='ltr'>εἰς</span> <span class='ocrx_word' id='word_1_315' title='bbox 854 1258 906 1284; x_wconf 86' lang='grc' dir='ltr'>ἀπ-</span> 
     </span>
    </p>
   </div>
   <div class='ocr_carea' id='block_1_44' title="bbox 112 1300 905 1337">
    <p class='ocr_par' dir='ltr' id='par_1_44' title="bbox 112 1300 905 1337">
     <span class='ocr_line' id='line_1_44' title="bbox 112 1300 905 1337; baseline 0.003 -11"><span class='ocrx_word' id='word_1_316' title='bbox 112 1300 211 1327; x_wconf 85' lang='grc' dir='ltr'>ώλειαν</span> <span class='ocrx_word' id='word_1_317' title='bbox 222 1301 317 1327; x_wconf 75' lang='grc' dir='ltr'>ταῦτα·</span> <span class='ocrx_word' id='word_1_318' title='bbox 331 1301 378 1327; x_wconf 80' lang='grc' dir='ltr'>καὶ</span> <span class='ocrx_word' id='word_1_319' title='bbox 393 1301 436 1328; x_wconf 82' lang='grc' dir='ltr'>ἵνα</span> <span class='ocrx_word' id='word_1_320' title='bbox 452 1310 499 1336; x_wconf 83' lang='grc' dir='ltr'>μικ</span> <span class='ocrx_word' id='word_1_321' title='bbox 505 1302 548 1336; x_wconf 71' lang='grc' dir='ltr'>ρον</span> <span class='ocrx_word' id='word_1_322' title='bbox 563 1301 732 1337; x_wconf 76' lang='grc' dir='ltr'>ἀλάϐαστρον</span> <span class='ocrx_word' id='word_1_323' title='bbox 750 1301 836 1337; x_wconf 85' lang='grc' dir='ltr'>μύρου</span> <span class='ocrx_word' id='word_1_324' title='bbox 849 1304 905 1333; x_wconf 86' lang='grc' dir='ltr'>τοῖς</span> 
     </span>
    </p>
   </div>
   <div class='ocr_carea' id='block_1_45' title="bbox 112 1345 906 1384">
    <p class='ocr_par' dir='ltr' id='par_1_45' title="bbox 112 1345 906 1384">
     <span class='ocr_line' id='line_1_45' title="bbox 112 1345 906 1384; baseline 0.001 -11"><span class='ocrx_word' id='word_1_325' title='bbox 112 1347 177 1374; x_wconf 70' lang='grc' dir='ltr'>ποσὶ</span> <span class='ocrx_word' id='word_1_326' title='bbox 187 1347 235 1373; x_wconf 80' lang='grc' dir='ltr'>τοῦ</span> <span class='ocrx_word' id='word_1_327' title='bbox 246 1347 364 1383; x_wconf 76' lang='grc' dir='ltr'>Χριστοῦ</span> <span class='ocrx_word' id='word_1_328' title='bbox 377 1348 502 1383; x_wconf 78' lang='grc' dir='ltr'>ἐπιχεθῇ,</span> <span class='ocrx_word' id='word_1_329' title='bbox 513 1347 673 1381; x_wconf 80' lang='grc' dir='ltr'>γογγύζεις;</span> <span class='ocrx_word' id='word_1_330' title='bbox 687 1347 733 1383; x_wconf 84' lang='grc' dir='ltr'>Μὴ</span> <span class='ocrx_word' id='word_1_331' title='bbox 744 1345 791 1374; x_wconf 82' lang='grc' dir='ltr'>οὖν</span> <span class='ocrx_word' id='word_1_332' title='bbox 804 1349 906 1384; x_wconf 87' lang='grc' dir='ltr'>προῖκα</span> 
     </span>
    </p>
   </div>
   <div class='ocr_carea' id='block_1_46' title="bbox 113 1392 906 1429">
    <p class='ocr_par' dir='ltr' id='par_1_46' title="bbox 113 1392 906 1429">
     <span class='ocr_line' id='line_1_46' title="bbox 113 1392 906 1429; baseline 0 -10"><span class='ocrx_word' id='word_1_333' title='bbox 113 1393 180 1420; x_wconf 80' lang='grc' dir='ltr'>αὐτὸ</span> <span class='ocrx_word' id='word_1_334' title='bbox 204 1393 310 1425; x_wconf 75' lang='grc' dir='ltr'>ἔλαϐεν,</span> <span class='ocrx_word' id='word_1_335' title='bbox 341 1393 384 1420; x_wconf 81' lang='grc' dir='ltr'>ἵνα</span> <span class='ocrx_word' id='word_1_336' title='bbox 412 1393 572 1427; x_wconf 84' lang='grc' dir='ltr'>γογγύζεις;</span> <span class='ocrx_word' id='word_1_337' title='bbox 603 1393 703 1419; x_wconf 58' lang='lat' dir='ltr'>&quot;Elatia</span> <span class='ocrx_word' id='word_1_338' title='bbox 733 1392 828 1429; x_wconf 83' lang='grc' dir='ltr'>μύρον,</span> <span class='ocrx_word' id='word_1_339' title='bbox 858 1394 906 1419; x_wconf 68' lang='grc' dir='ltr'>καὶ</span> 
     </span>
    </p>
   </div>
   <div class='ocr_carea' id='block_1_47' title="bbox 114 1437 906 1474">
    <p class='ocr_par' dir='ltr' id='par_1_47' title="bbox 114 1437 906 1474">
     <span class='ocr_line' id='line_1_47' title="bbox 114 1437 906 1474; baseline -0.001 -9"><span class='ocrx_word' id='word_1_340' title='bbox 114 1437 200 1470; x_wconf 76' lang='grc' dir='ltr'>ἔδειξε</span> <span class='ocrx_word' id='word_1_341' title='bbox 218 1438 362 1473; x_wconf 81' lang='grc' dir='ltr'>μετανοίας</span> <span class='ocrx_word' id='word_1_342' title='bbox 373 1438 483 1474; x_wconf 84' lang='grc' dir='ltr'>τρόπον.</span> <span class='ocrx_word' id='word_1_343' title='bbox 501 1438 601 1464; x_wconf 78' lang='grc' dir='ltr'>Ἐλαϐε</span> <span class='ocrx_word' id='word_1_344' title='bbox 617 1439 733 1474; x_wconf 80' lang='grc' dir='ltr'>δάκρυα,</span> <span class='ocrx_word' id='word_1_345' title='bbox 748 1439 794 1465; x_wconf 70' lang='grc' dir='ltr'>καὶ</span> <span class='ocrx_word' id='word_1_346' title='bbox 808 1439 906 1474; x_wconf 77' lang='grc' dir='ltr'>ἔστησε</span> 
     </span>
    </p>
   </div>
   <div class='ocr_carea' id='block_1_48' title="bbox 115 1481 906 1519">
    <p class='ocr_par' dir='ltr' id='par_1_48' title="bbox 115 1481 906 1519">
     <span class='ocr_line' id='line_1_48' title="bbox 115 1481 906 1519; baseline -0.001 -8"><span class='ocrx_word' id='word_1_347' title='bbox 115 1485 210 1519; x_wconf 81' lang='grc' dir='ltr'>πηγὴν</span> <span class='ocrx_word' id='word_1_348' title='bbox 228 1484 446 1519; x_wconf 83' lang='grc' dir='ltr'>ἁμαρτημάτων.</span> <span class='ocrx_word' id='word_1_349' title='bbox 465 1484 532 1510; x_wconf 84' lang='grc' dir='ltr'>Ποία</span> <span class='ocrx_word' id='word_1_350' title='bbox 556 1481 602 1510; x_wconf 78' lang='grc' dir='ltr'>οὖν</span> <span class='ocrx_word' id='word_1_351' title='bbox 628 1485 700 1510; x_wconf 78' lang='grc' dir='ltr'>ἐστιν</span> <span class='ocrx_word' id='word_1_352' title='bbox 721 1483 862 1516; x_wconf 77' lang='grc' dir='ltr'>ἀπώλεια,</span> <span class='ocrx_word' id='word_1_353' title='bbox 882 1484 906 1510; x_wconf 84' lang='grc' dir='ltr'>εί</span> 
     </span>
    </p>
   </div>
   <div class='ocr_carea' id='block_1_49' title="bbox 113 1528 902 1565">
    <p class='ocr_par' dir='ltr' id='par_1_49' title="bbox 113 1528 902 1565">
     <span class='ocr_line' id='line_1_49' title="bbox 113 1528 902 1565; baseline -0.001 -8"><span class='ocrx_word' id='word_1_354' title='bbox 113 1529 204 1565; x_wconf 69' lang='grc' dir='ltr'>ἐσώθη</span> <span class='ocrx_word' id='word_1_355' title='bbox 219 1530 287 1565; x_wconf 89' lang='grc' dir='ltr'>γυνὴ</span> <span class='ocrx_word' id='word_1_356' title='bbox 300 1550 307 1561; x_wconf 87' lang='grc'>,</span> <span class='ocrx_word' id='word_1_357' title='bbox 325 1530 358 1556; x_wconf 89' lang='grc' dir='ltr'>δι’</span> <span class='ocrx_word' id='word_1_358' title='bbox 382 1530 415 1565; x_wconf 84' lang='grc' dir='ltr'>ἢν</span> <span class='ocrx_word' id='word_1_359' title='bbox 430 1529 443 1555; x_wconf 87' lang='grc' dir='ltr'>ὁ</span> <span class='ocrx_word' id='word_1_360' title='bbox 464 1530 629 1565; x_wconf 80' lang='grc' dir='ltr'>παράδεισος</span> <span class='ocrx_word' id='word_1_361' title='bbox 645 1529 811 1565; x_wconf 78' lang='grc' dir='ltr'>ἀπεκλείσθη</span> <span class='ocrx_word' id='word_1_362' title='bbox 830 1528 902 1564; x_wconf 75' lang='grc'>(76);</span> 
     </span>
    </p>
   </div>
   <div class='ocr_carea' id='block_1_50' title="bbox 121 1565 940 1611">
    <p class='ocr_par' dir='ltr' id='par_1_50' title="bbox 121 1565 940 1611">
     <span class='ocr_line' id='line_1_50' title="bbox 121 1565 940 1611; baseline 0 -9"><span class='ocrx_word' id='word_1_363' title='bbox 121 1575 204 1602; x_wconf 82' lang='grc' dir='ltr'>Ἀλλὰ</span> <span class='ocrx_word' id='word_1_364' title='bbox 220 1575 299 1602; x_wconf 88' lang='grc' dir='ltr'>λυπεῖ</span> <span class='ocrx_word' id='word_1_365' title='bbox 322 1583 352 1601; x_wconf 87' lang='grc' dir='ltr'>σε</span> <span class='ocrx_word' id='word_1_366' title='bbox 375 1574 464 1607; x_wconf 80' lang='grc' dir='ltr'>τοῦτο,</span> <span class='ocrx_word' id='word_1_367' title='bbox 487 1575 586 1609; x_wconf 77' lang='grc' dir='ltr'>Ἰούδας</span> <span class='ocrx_word' id='word_1_368' title='bbox 617 1575 754 1607; x_wconf 71' lang='grc' dir='ltr'>Εἰκότως·</span> <span class='ocrx_word' id='word_1_369' title='bbox 778 1576 825 1602; x_wconf 72' lang='grc' dir='ltr'>καὶ</span> <span class='ocrx_word' id='word_1_370' title='bbox 851 1575 905 1611; x_wconf 83' lang='grc' dir='ltr'>γὰρ</span> <span class='ocrx_word' id='word_1_371' title='bbox 919 1565 940 1593; x_wconf 78' lang='lat' dir='ltr'><strong><em>C</em></strong></span> 
     </span>
    </p>
   </div>
   <div class='ocr_carea' id='block_1_51' title="bbox 114 1619 905 1658">
    <p class='ocr_par' dir='ltr' id='par_1_51' title="bbox 114 1619 905 1658">
     <span class='ocr_line' id='line_1_51' title="bbox 114 1619 905 1658; baseline -0.001 -10"><span class='ocrx_word' id='word_1_372' title='bbox 114 1621 160 1649; x_wconf 71' lang='grc' dir='ltr'>τὸν</span> <span class='ocrx_word' id='word_1_373' title='bbox 175 1621 298 1648; x_wconf 77' lang='grc' dir='ltr'>διάϐολον</span> <span class='ocrx_word' id='word_1_374' title='bbox 313 1620 448 1656; x_wconf 73' lang='grc' dir='ltr'>ἐλύπησεν</span> <span class='ocrx_word' id='word_1_375' title='bbox 469 1621 555 1656; x_wconf 78' lang='grc' dir='ltr'>αὐτῆς</span> <span class='ocrx_word' id='word_1_376' title='bbox 575 1622 591 1656; x_wconf 82' lang='grc' dir='ltr'>ἡ</span> <span class='ocrx_word' id='word_1_377' title='bbox 618 1621 749 1656; x_wconf 82' lang='grc' dir='ltr'>σωτηρία.</span> <span class='ocrx_word' id='word_1_378' title='bbox 771 1619 831 1648; x_wconf 74' lang='grc' dir='ltr'>Οἵδε</span> <span class='ocrx_word' id='word_1_379' title='bbox 850 1621 905 1658; x_wconf 86' lang='grc' dir='ltr'>γὰρ</span> 
     </span>
    </p>
   </div>
   <div class='ocr_carea' id='block_1_52' title="bbox 115 1666 906 1703">
    <p class='ocr_par' dir='ltr' id='par_1_52' title="bbox 115 1666 906 1703">
     <span class='ocr_line' id='line_1_52' title="bbox 115 1666 906 1703; baseline -0.001 -9"><span class='ocrx_word' id='word_1_380' title='bbox 115 1667 150 1694; x_wconf 74' lang='grc' dir='ltr'>δι’</span> <span class='ocrx_word' id='word_1_381' title='bbox 168 1667 253 1702; x_wconf 75' lang='grc' dir='ltr'>αὐτῆς</span> <span class='ocrx_word' id='word_1_382' title='bbox 267 1666 359 1694; x_wconf 72' lang='grc' dir='ltr'>λοιπον</span> <span class='ocrx_word' id='word_1_383' title='bbox 375 1667 406 1693; x_wconf 80' lang='grc' dir='ltr'>τὸ</span> <span class='ocrx_word' id='word_1_384' title='bbox 420 1667 499 1701; x_wconf 81' lang='grc' dir='ltr'>γένος</span> <span class='ocrx_word' id='word_1_385' title='bbox 521 1667 589 1702; x_wconf 79' lang='grc' dir='ltr'>πρὸς</span> <span class='ocrx_word' id='word_1_386' title='bbox 607 1667 749 1702; x_wconf 80' lang='grc' dir='ltr'>μετάνοιαν</span> <span class='ocrx_word' id='word_1_387' title='bbox 773 1667 906 1703; x_wconf 75' lang='grc' dir='ltr'>μεταϐαλ-</span> 
     </span>
    </p>
   </div>
   <div class='ocr_carea' id='block_1_53' title="bbox 115 1713 906 1748">
    <p class='ocr_par' dir='ltr' id='par_1_53' title="bbox 115 1713 906 1748">
     <span class='ocr_line' id='line_1_53' title="bbox 115 1713 906 1748; baseline 0 -8"><span class='ocrx_word' id='word_1_388' title='bbox 115 1713 243 1748; x_wconf 84' lang='grc' dir='ltr'>λόμενον·</span> <span class='ocrx_word' id='word_1_389' title='bbox 262 1713 309 1739; x_wconf 82' lang='grc' dir='ltr'>καὶ</span> <span class='ocrx_word' id='word_1_390' title='bbox 323 1713 449 1739; x_wconf 77' lang='grc' dir='ltr'>δάκνεται</span> <span class='ocrx_word' id='word_1_391' title='bbox 466 1713 514 1739; x_wconf 75' lang='grc' dir='ltr'>καὶ</span> <span class='ocrx_word' id='word_1_392' title='bbox 538 1713 666 1739; x_wconf 82' lang='grc' dir='ltr'>ἀνιᾶται·</span> <span class='ocrx_word' id='word_1_393' title='bbox 694 1713 743 1739; x_wconf 81' lang='grc' dir='ltr'>οὐκ</span> <span class='ocrx_word' id='word_1_394' title='bbox 767 1713 835 1748; x_wconf 75' lang='grc' dir='ltr'>ἔχων</span> <span class='ocrx_word' id='word_1_395' title='bbox 851 1713 906 1740; x_wconf 85' lang='grc' dir='ltr'>λοι-</span> 
     </span>
    </p>
   </div>
   <div class='ocr_carea' id='block_1_54' title="bbox 116 1758 907 1795">
    <p class='ocr_par' dir='ltr' id='par_1_54' title="bbox 116 1758 907 1795">
     <span class='ocr_line' id='line_1_54' title="bbox 116 1758 907 1795; baseline -0.001 -9"><span class='ocrx_word' id='word_1_396' title='bbox 116 1759 169 1786; x_wconf 68' lang='grc' dir='ltr'>πὸν</span> <span class='ocrx_word' id='word_1_397' title='bbox 189 1759 295 1785; x_wconf 81' lang='grc' dir='ltr'>δίκτυον</span> <span class='ocrx_word' id='word_1_398' title='bbox 309 1759 343 1785; x_wconf 88' lang='grc' dir='ltr'>δι’</span> <span class='ocrx_word' id='word_1_399' title='bbox 358 1758 387 1785; x_wconf 82' lang='grc' dir='ltr'>ὃν</span> <span class='ocrx_word' id='word_1_400' title='bbox 407 1759 514 1795; x_wconf 84' lang='grc' dir='ltr'>θηράσῃ</span> <span class='ocrx_word' id='word_1_401' title='bbox 528 1759 574 1785; x_wconf 81' lang='grc' dir='ltr'>τὸν</span> <span class='ocrx_word' id='word_1_402' title='bbox 589 1759 742 1794; x_wconf 80' lang='grc' dir='ltr'>ἄνθρωπον.</span> <span class='ocrx_word' id='word_1_403' title='bbox 761 1759 841 1785; x_wconf 86' lang='grc' dir='ltr'>Ὅθεν</span> <span class='ocrx_word' id='word_1_404' title='bbox 860 1758 907 1785; x_wconf 72' lang='grc' dir='ltr'>καὶ</span> 
     </span>
    </p>
   </div>
   <div class='ocr_carea' id='block_1_55' title="bbox 118 1804 906 1841">
    <p class='ocr_par' dir='ltr' id='par_1_55' title="bbox 118 1804 906 1841">
     <span class='ocr_line' id='line_1_55' title="bbox 118 1804 906 1841; baseline -0.001 -9"><span class='ocrx_word' id='word_1_405' title='bbox 118 1805 150 1832; x_wconf 80' lang='grc' dir='ltr'>σὲ</span> <span class='ocrx_word' id='word_1_406' title='bbox 165 1806 206 1837; x_wconf 81' lang='grc' dir='ltr'>εις</span> <span class='ocrx_word' id='word_1_407' title='bbox 222 1805 252 1832; x_wconf 79' lang='grc' dir='ltr'>τὸ</span> <span class='ocrx_word' id='word_1_408' title='bbox 275 1805 408 1840; x_wconf 84' lang='grc' dir='ltr'>γογγύσαι</span> <span class='ocrx_word' id='word_1_409' title='bbox 431 1804 628 1841; x_wconf 80' lang='grc' dir='ltr'>παρώρμησεν.</span> <span class='ocrx_word' id='word_1_410' title='bbox 647 1807 699 1838; x_wconf 82' lang='grc' dir='ltr'>Εἰς</span> <span class='ocrx_word' id='word_1_411' title='bbox 714 1805 753 1837; x_wconf 82' lang='grc' dir='ltr'>τί,</span> <span class='ocrx_word' id='word_1_412' title='bbox 778 1805 869 1841; x_wconf 67' lang='grc' dir='ltr'>φησιν,</span> <span class='ocrx_word' id='word_1_413' title='bbox 887 1805 906 1838; x_wconf 71' lang='grc' dir='ltr'>ἡ</span> 
     </span>
    </p>
   </div>
   <div class='ocr_carea' id='block_1_56' title="bbox 117 1850 906 1885">
    <p class='ocr_par' dir='ltr' id='par_1_56' title="bbox 117 1850 906 1885">
     <span class='ocr_line' id='line_1_56' title="bbox 117 1850 906 1885; baseline -0.001 -7"><span class='ocrx_word' id='word_1_414' title='bbox 117 1850 254 1878; x_wconf 74' lang='grc' dir='ltr'>ἀπώλεια</span> <span class='ocrx_word' id='word_1_415' title='bbox 270 1851 344 1884; x_wconf 82' lang='grc' dir='ltr'>αὕτη</span> <span class='ocrx_word' id='word_1_416' title='bbox 356 1859 366 1882; x_wconf 85' lang='grc'><em>;</em></span> <span class='ocrx_word' id='word_1_417' title='bbox 389 1850 530 1878; x_wconf 81' lang='grc' dir='ltr'>Ὲδύνιιτο</span> <span class='ocrx_word' id='word_1_418' title='bbox 547 1852 602 1885; x_wconf 77' lang='grc' dir='ltr'>γὰρ</span> <span class='ocrx_word' id='word_1_419' title='bbox 614 1850 761 1885; x_wconf 77' lang='grc' dir='ltr'>πραθῆναι</span> <span class='ocrx_word' id='word_1_420' title='bbox 779 1851 906 1878; x_wconf 72' lang='grc' dir='ltr'>πολλοῦ.</span> 
     </span>
    </p>
   </div>
   <div class='ocr_carea' id='block_1_57' title="bbox 120 1896 907 1932">
    <p class='ocr_par' dir='ltr' id='par_1_57' title="bbox 120 1896 907 1932">
     <span class='ocr_line' id='line_1_57' title="bbox 120 1896 907 1932; baseline 0 -9"><span class='ocrx_word' id='word_1_421' title='bbox 120 1897 190 1932; x_wconf 83' lang='grc' dir='ltr'>Ἤδη</span> <span class='ocrx_word' id='word_1_422' title='bbox 221 1897 368 1932; x_wconf 83' lang='grc' dir='ltr'>πράσσεις,</span> <span class='ocrx_word' id='word_1_423' title='bbox 400 1896 504 1924; x_wconf 85' lang='grc' dir='ltr'>Ἰούδα·</span> <span class='ocrx_word' id='word_1_424' title='bbox 530 1897 580 1932; x_wconf 80' lang='grc' dir='ltr'>ἤδη</span> <span class='ocrx_word' id='word_1_425' title='bbox 607 1897 752 1932; x_wconf 76' lang='grc' dir='ltr'>προδοσίας</span> <span class='ocrx_word' id='word_1_426' title='bbox 778 1897 907 1932; x_wconf 71' lang='grc' dir='ltr'>μελετᾷςο</span> 
     </span>
    </p>
   </div>
   <div class='ocr_carea' id='block_1_58' title="bbox 119 1943 910 1980">
    <p class='ocr_par' dir='ltr' id='par_1_58' title="bbox 119 1943 910 1980">
     <span class='ocr_line' id='line_1_58' title="bbox 119 1943 910 1980; baseline -0.003 -8"><span class='ocrx_word' id='word_1_427' title='bbox 119 1944 214 1972; x_wconf 84' lang='grc' dir='ltr'>κακῶν</span> <span class='ocrx_word' id='word_1_428' title='bbox 228 1945 396 1980; x_wconf 79' lang='grc' dir='ltr'>αἰνιγμάτων</span> <span class='ocrx_word' id='word_1_429' title='bbox 412 1945 468 1980; x_wconf 82' lang='lat'>(75)</span> <span class='ocrx_word' id='word_1_430' title='bbox 485 1945 569 1980; x_wconf 85' lang='grc' dir='ltr'>ἀρχή.</span> <span class='ocrx_word' id='word_1_431' title='bbox 604 1943 673 1970; x_wconf 83' lang='grc' dir='ltr'>Ἀλλ’</span> <span class='ocrx_word' id='word_1_432' title='bbox 695 1945 709 1970; x_wconf 92' lang='lat'>6</span> <span class='ocrx_word' id='word_1_433' title='bbox 735 1943 837 1978; x_wconf 73' lang='grc' dir='ltr'>*Ιησοῦς</span> <span class='ocrx_word' id='word_1_434' title='bbox 860 1944 910 1970; x_wconf 80' lang='grc' dir='ltr'>οὐκ</span> 
     </span>
    </p>
   </div>
   <div class='ocr_carea' id='block_1_59' title="bbox 120 1989 908 2026">
    <p class='ocr_par' dir='ltr' id='par_1_59' title="bbox 120 1989 908 2026">
     <span class='ocr_line' id='line_1_59' title="bbox 120 1989 908 2026; baseline 0 -10"><span class='ocrx_word' id='word_1_435' title='bbox 120 1990 228 2026; x_wconf 76' lang='grc' dir='ltr'>ἐλέγχει</span> <span class='ocrx_word' id='word_1_436' title='bbox 245 1990 326 2017; x_wconf 76' lang='grc' dir='ltr'>αὑτοῦ</span> <span class='ocrx_word' id='word_1_437' title='bbox 344 1991 393 2025; x_wconf 80' lang='grc' dir='ltr'>τὴν</span> <span class='ocrx_word' id='word_1_438' title='bbox 408 1992 502 2017; x_wconf 68' lang='grc' dir='ltr'>νόσοψ</span> <span class='ocrx_word' id='word_1_439' title='bbox 519 1991 550 2016; x_wconf 78' lang='grc' dir='ltr'>οὑ</span> <span class='ocrx_word' id='word_1_440' title='bbox 565 1990 665 2025; x_wconf 89' lang='grc' dir='ltr'>γυμνοῖ</span> <span class='ocrx_word' id='word_1_441' title='bbox 683 1989 713 2016; x_wconf 77' lang='grc' dir='ltr'>τὸ</span> <span class='ocrx_word' id='word_1_442' title='bbox 730 1989 908 2025; x_wconf 80' lang='grc' dir='ltr'>φιλάργυρον,</span> 
     </span>
    </p>
   </div>
   <div class='ocr_carea' id='block_1_60' title="bbox 121 2035 909 2072">
    <p class='ocr_par' dir='ltr' id='par_1_60' title="bbox 121 2035 909 2072">
     <span class='ocr_line' id='line_1_60' title="bbox 121 2035 909 2072; baseline -0.001 -10"><span class='ocrx_word' id='word_1_443' title='bbox 121 2035 166 2062; x_wconf 84' lang='grc' dir='ltr'>ἴνα</span> <span class='ocrx_word' id='word_1_444' title='bbox 182 2035 219 2071; x_wconf 86' lang='grc' dir='ltr'>μὴ</span> <span class='ocrx_word' id='word_1_445' title='bbox 231 2036 279 2071; x_wconf 85' lang='grc' dir='ltr'>τὴν</span> <span class='ocrx_word' id='word_1_446' title='bbox 295 2036 443 2071; x_wconf 83' lang='grc' dir='ltr'>μέλλουσαν</span> <span class='ocrx_word' id='word_1_447' title='bbox 455 2036 600 2072; x_wconf 74' lang='grc' dir='ltr'>προδοσίαν</span> <span class='ocrx_word' id='word_1_448' title='bbox 618 2035 820 2071; x_wconf 79' lang='grc' dir='ltr'>ἀνακρούσηται</span> <span class='ocrx_word' id='word_1_449' title='bbox 830 2044 837 2051; x_wconf 88' lang='grc'><strong>·</strong></span> <span class='ocrx_word' id='word_1_450' title='bbox 853 2035 909 2062; x_wconf 83' lang='grc' dir='ltr'>ἀλλ’</span> 
     </span>
    </p>
   </div>
   <div class='ocr_carea' id='block_1_61' title="bbox 122 2079 911 2116">
    <p class='ocr_par' dir='ltr' id='par_1_61' title="bbox 122 2079 911 2116">
     <span class='ocr_line' id='line_1_61' title="bbox 122 2079 911 2116; baseline -0.001 -8"><span class='ocrx_word' id='word_1_451' title='bbox 122 2082 169 2109; x_wconf 73' lang='grc' dir='ltr'>ἐπὶ</span> <span class='ocrx_word' id='word_1_452' title='bbox 181 2082 281 2114; x_wconf 80' lang='grc' dir='ltr'>πάντας</span> <span class='ocrx_word' id='word_1_453' title='bbox 293 2082 379 2116; x_wconf 78' lang='grc' dir='ltr'>λέγει·</span> <span class='ocrx_word' id='word_1_454' title='bbox 397 2083 426 2109; x_wconf 84' lang='grc' dir='ltr'>Τί</span> <span class='ocrx_word' id='word_1_455' title='bbox 439 2083 553 2114; x_wconf 83' lang='grc' dir='ltr'>κόπους</span> <span class='ocrx_word' id='word_1_456' title='bbox 568 2081 713 2115; x_wconf 79' lang='grc' dir='ltr'>παρέχετε</span> <span class='ocrx_word' id='word_1_457' title='bbox 726 2079 763 2114; x_wconf 78' lang='grc' dir='ltr'>τῇ</span> <span class='ocrx_word' id='word_1_458' title='bbox 776 2081 896 2114; x_wconf 74' lang='grc' dir='ltr'>γυναικί</span> <span class='ocrx_word' id='word_1_459' title='bbox 902 2088 911 2112; x_wconf 88' lang='grc'><strong><em>;</em></strong></span> 
     </span>
    </p>
   </div>
   <div class='ocr_carea' id='block_1_62' title="bbox 123 2125 913 2164">
    <p class='ocr_par' dir='ltr' id='par_1_62' title="bbox 123 2125 913 2164">
     <span class='ocr_line' id='line_1_62' title="bbox 123 2125 913 2164; baseline 0 -10"><span class='ocrx_word' id='word_1_460' title='bbox 123 2127 156 2154; x_wconf 91' lang='grc' dir='ltr'>Τί</span> <span class='ocrx_word' id='word_1_461' title='bbox 179 2128 249 2163; x_wconf 83' lang='grc' dir='ltr'>πρὸς</span> <span class='ocrx_word' id='word_1_462' title='bbox 266 2129 323 2160; x_wconf 87' lang='grc' dir='ltr'>τοῖς</span> <span class='ocrx_word' id='word_1_463' title='bbox 344 2127 510 2164; x_wconf 77' lang='grc' dir='ltr'>προλαϐοῦσι</span> <span class='ocrx_word' id='word_1_464' title='bbox 529 2128 623 2158; x_wconf 86' lang='grc' dir='ltr'>κακοῖς</span> <span class='ocrx_word' id='word_1_465' title='bbox 647 2126 773 2159; x_wconf 79' lang='grc' dir='ltr'>κακίζετε</span> <span class='ocrx_word' id='word_1_466' title='bbox 796 2125 845 2161; x_wconf 84' lang='grc' dir='ltr'>τὴν</span> <span class='ocrx_word' id='word_1_467' title='bbox 865 2126 913 2154; x_wconf 76' lang='grc' dir='ltr'>ἅν-</span> 
     </span>
    </p>
   </div>
   <div class='ocr_carea' id='block_1_63' title="bbox 159 2183 350 2219">
    <p class='ocr_par' dir='ltr' id='par_1_63' title="bbox 159 2183 350 2219">
     <span class='ocr_line' id='line_1_63' title="bbox 159 2183 350 2219; baseline 0 -8"><span class='ocrx_word' id='word_1_468' title='bbox 159 2184 181 2200; x_wconf 83' lang='grc'>²¹</span> <span class='ocrx_word' id='word_1_469' title='bbox 193 2184 258 2219; x_wconf 77' lang='lat' dir='ltr'>Snp.</span> <span class='ocrx_word' id='word_1_470' title='bbox 270 2192 308 2218; x_wconf 78' lang='lat' dir='ltr'>vr,</span> <span class='ocrx_word' id='word_1_471' title='bbox 323 2183 350 2211; x_wconf 92' lang='lat'>8.</span> 
     </span>
    </p>
   </div>
   <div class='ocr_carea' id='block_1_64' title="bbox 124 2219 220 2252">
    <p class='ocr_par' dir='ltr' id='par_1_64' title="bbox 124 2219 220 2252">
     <span class='ocr_line' id='line_1_64' title="bbox 124 2219 220 2252; baseline -0.01 -5"><span class='ocrx_word' id='word_1_472' title='bbox 124 2227 181 2252; x_wconf 77' lang='lat' dir='ltr'>nv,</span> <span class='ocrx_word' id='word_1_473' title='bbox 193 2219 220 2246; x_wconf 86' lang='lat'><em>6.</em></span> 
     </span>
    </p>
   </div>
   <div class='ocr_carea' id='block_1_65' title="bbox 990 982 1743 1017">
    <p class='ocr_par' dir='ltr' id='par_1_65' title="bbox 990 982 1743 1017">
     <span class='ocr_line' id='line_1_65' title="bbox 990 982 1743 1017; baseline 0.001 -8"><span class='ocrx_word' id='word_1_474' title='bbox 990 982 1034 1009; x_wconf 82' lang='lat' dir='ltr'>IX.</span> <span class='ocrx_word' id='word_1_475' title='bbox 1067 982 1200 1016; x_wconf 85' lang='lat' dir='ltr'>Quantum</span> <span class='ocrx_word' id='word_1_476' title='bbox 1220 983 1343 1010; x_wconf 90' lang='lat' dir='ltr'>dedimus</span> <span class='ocrx_word' id='word_1_477' title='bbox 1365 990 1398 1010; x_wconf 86' lang='lat' dir='ltr'>ex</span> <span class='ocrx_word' id='word_1_478' title='bbox 1429 982 1461 1010; x_wconf 88' lang='lat' dir='ltr'>iis</span> <span class='ocrx_word' id='word_1_479' title='bbox 1491 990 1550 1017; x_wconf 70' lang='lat' dir='ltr'>qua:</span> <span class='ocrx_word' id='word_1_480' title='bbox 1570 990 1743 1017; x_wconf 82' lang='lat' dir='ltr'>accepimus.</span> 
     </span>
    </p>
   </div>
   <div class='ocr_carea' id='block_1_66' title="bbox 958 1028 1745 1063">
    <p class='ocr_par' dir='ltr' id='par_1_66' title="bbox 958 1028 1745 1063">
     <span class='ocr_line' id='line_1_66' title="bbox 958 1028 1745 1063; baseline 0 -7"><span class='ocrx_word' id='word_1_481' title='bbox 958 1028 1112 1062; x_wconf 73' lang='lat' dir='ltr'>Cogitemus</span> <span class='ocrx_word' id='word_1_482' title='bbox 1135 1036 1167 1055; x_wconf 79' lang='lat' dir='ltr'>ex</span> <span class='ocrx_word' id='word_1_483' title='bbox 1190 1036 1244 1063; x_wconf 90' lang='lat' dir='ltr'>quo</span> <span class='ocrx_word' id='word_1_484' title='bbox 1271 1029 1385 1056; x_wconf 88' lang='lat' dir='ltr'>tnttndus</span> <span class='ocrx_word' id='word_1_485' title='bbox 1408 1029 1533 1056; x_wconf 85' lang='lat' dir='ltr'>conditus</span> <span class='ocrx_word' id='word_1_486' title='bbox 1555 1033 1614 1062; x_wconf 77' lang='lat' dir='ltr'>est,</span> <span class='ocrx_word' id='word_1_487' title='bbox 1645 1034 1745 1062; x_wconf 84' lang='lat' dir='ltr'>quanta</span> 
     </span>
    </p>
   </div>
   <div class='ocr_carea' id='block_1_67' title="bbox 955 1075 1745 1111">
    <p class='ocr_par' dir='ltr' id='par_1_67' title="bbox 955 1075 1745 1111">
     <span class='ocr_line' id='line_1_67' title="bbox 955 1075 1745 1111; baseline 0.003 -9"><span class='ocrx_word' id='word_1_488' title='bbox 955 1075 1039 1102; x_wconf 83' lang='lat' dir='ltr'>ﬂuunt</span> <span class='ocrx_word' id='word_1_489' title='bbox 1060 1077 1094 1103; x_wconf 73' lang='lat' dir='ltr'>ab</span> <span class='ocrx_word' id='word_1_490' title='bbox 1118 1077 1176 1110; x_wconf 84' lang='lat' dir='ltr'>ejus</span> <span class='ocrx_word' id='word_1_491' title='bbox 1204 1081 1301 1103; x_wconf 86' lang='lat' dir='ltr'>natura</span> <span class='ocrx_word' id='word_1_492' title='bbox 1333 1077 1525 1104; x_wconf 68' lang='lat' dir='ltr'>misericordia:</span> <span class='ocrx_word' id='word_1_493' title='bbox 1553 1077 1671 1111; x_wconf 83' lang='lat' dir='ltr'>ﬂumina,</span> <span class='ocrx_word' id='word_1_494' title='bbox 1697 1085 1745 1104; x_wconf 82' lang='lat' dir='ltr'>nec</span> 
     </span>
    </p>
   </div>
   <div class='ocr_carea' id='block_1_68' title="bbox 956 1121 1745 1156">
    <p class='ocr_par' dir='ltr' id='par_1_68' title="bbox 956 1121 1745 1156">
     <span class='ocr_line' id='line_1_68' title="bbox 956 1121 1745 1156; baseline 0.004 -8"><span class='ocrx_word' id='word_1_495' title='bbox 956 1121 1025 1148; x_wconf 88' lang='lat' dir='ltr'>Deus</span> <span class='ocrx_word' id='word_1_496' title='bbox 1042 1121 1191 1155; x_wconf 73' lang='lat' dir='ltr'>largitatem</span> <span class='ocrx_word' id='word_1_497' title='bbox 1208 1122 1371 1149; x_wconf 82' lang='lat' dir='ltr'>detrimento</span> <span class='ocrx_word' id='word_1_498' title='bbox 1389 1123 1472 1150; x_wconf 86' lang='lat' dir='ltr'>duc‘it.</span> <span class='ocrx_word' id='word_1_499' title='bbox 1494 1123 1564 1156; x_wconf 87' lang='lat' dir='ltr'>Quot</span> <span class='ocrx_word' id='word_1_500' title='bbox 1588 1128 1659 1151; x_wconf 85' lang='lat' dir='ltr'>terra</span> <span class='ocrx_word' id='word_1_501' title='bbox 1680 1132 1745 1151; x_wconf 83' lang='lat' dir='ltr'>sua-</span> 
     </span>
    </p>
   </div>
   <div class='ocr_carea' id='block_1_69' title="bbox 955 1167 1759 1205">
    <p class='ocr_par' dir='ltr' id='par_1_69' title="bbox 955 1167 1759 1205">
     <span class='ocr_line' id='line_1_69' title="bbox 955 1167 1759 1205; baseline 0.005 -12"><span class='ocrx_word' id='word_1_502' title='bbox 955 1174 1001 1193; x_wconf 75' lang='lat' dir='ltr'>ves</span> <span class='ocrx_word' id='word_1_503' title='bbox 1023 1168 1120 1194; x_wconf 88' lang='lat' dir='ltr'>odores</span> <span class='ocrx_word' id='word_1_504' title='bbox 1147 1167 1288 1202; x_wconf 86' lang='lat' dir='ltr'>producit?</span> <span class='ocrx_word' id='word_1_505' title='bbox 1315 1176 1417 1199; x_wconf 89' lang='lat' dir='ltr'>rosatn,</span> <span class='ocrx_word' id='word_1_506' title='bbox 1444 1169 1528 1196; x_wconf 89' lang='lat' dir='ltr'>lilium</span> <span class='ocrx_word' id='word_1_507' title='bbox 1552 1174 1580 1196; x_wconf 88' lang='lat' dir='ltr'>et</span> <span class='ocrx_word' id='word_1_508' title='bbox 1600 1175 1759 1205; x_wconf 46' lang='lat' dir='ltr'>styracem,</span> 
     </span>
    </p>
   </div>
   <div class='ocr_carea' id='block_1_70' title="bbox 956 1214 1745 1250">
    <p class='ocr_par' dir='ltr' id='par_1_70' title="bbox 956 1214 1745 1250">
     <span class='ocr_line' id='line_1_70' title="bbox 956 1214 1745 1250; baseline 0.003 -10"><span class='ocrx_word' id='word_1_509' title='bbox 956 1214 1068 1240; x_wconf 78' lang='lat' dir='ltr'>nardum</span> <span class='ocrx_word' id='word_1_510' title='bbox 1087 1219 1112 1240; x_wconf 91' lang='lat' dir='ltr'>et</span> <span class='ocrx_word' id='word_1_511' title='bbox 1127 1218 1251 1245; x_wconf 83' lang='lat' dir='ltr'>staetem,</span> <span class='ocrx_word' id='word_1_512' title='bbox 1278 1214 1385 1248; x_wconf 80' lang='lat' dir='ltr'>aliaque</span> <span class='ocrx_word' id='word_1_513' title='bbox 1408 1220 1440 1240; x_wconf 82' lang='lat' dir='ltr'>ex</span> <span class='ocrx_word' id='word_1_514' title='bbox 1467 1214 1565 1249; x_wconf 86' lang='lat' dir='ltr'>quibus</span> <span class='ocrx_word' id='word_1_515' title='bbox 1582 1221 1745 1250; x_wconf 78' lang='lat' dir='ltr'>unguentum</span> 
     </span>
    </p>
   </div>
   <div class='ocr_carea' id='block_1_71' title="bbox 955 1260 1747 1296">
    <p class='ocr_par' dir='ltr' id='par_1_71' title="bbox 955 1260 1747 1296">
     <span class='ocr_line' id='line_1_71' title="bbox 955 1260 1747 1296; baseline 0.004 -10"><span class='ocrx_word' id='word_1_516' title='bbox 955 1260 1069 1293; x_wconf 89' lang='lat' dir='ltr'>probum</span> <span class='ocrx_word' id='word_1_517' title='bbox 1090 1260 1252 1293; x_wconf 77' lang='lat' dir='ltr'>coniicitur;</span> <span class='ocrx_word' id='word_1_518' title='bbox 1277 1268 1328 1287; x_wconf 84' lang='lat' dir='ltr'>nec</span> <span class='ocrx_word' id='word_1_519' title='bbox 1343 1260 1412 1288; x_wconf 87' lang='lat' dir='ltr'>Deus</span> <span class='ocrx_word' id='word_1_520' title='bbox 1426 1261 1476 1288; x_wconf 88' lang='lat' dir='ltr'>ista</span> <span class='ocrx_word' id='word_1_521' title='bbox 1496 1266 1600 1295; x_wconf 85' lang='lat' dir='ltr'>reputat</span> <span class='ocrx_word' id='word_1_522' title='bbox 1617 1263 1747 1296; x_wconf 88' lang='lat' dir='ltr'>perditio-</span> 
     </span>
    </p>
   </div>
   <div class='ocr_carea' id='block_1_72' title="bbox 957 1307 1745 1340">
    <p class='ocr_par' dir='ltr' id='par_1_72' title="bbox 957 1307 1745 1340">
     <span class='ocr_line' id='line_1_72' title="bbox 957 1307 1745 1340; baseline 0.001 -8"><span class='ocrx_word' id='word_1_523' title='bbox 957 1313 1034 1337; x_wconf 87' lang='lat' dir='ltr'>nem;</span> <span class='ocrx_word' id='word_1_524' title='bbox 1051 1310 1078 1332; x_wconf 92' lang='lat' dir='ltr'>et</span> <span class='ocrx_word' id='word_1_525' title='bbox 1100 1311 1124 1332; x_wconf 89' lang='lat' dir='ltr'>tu</span> <span class='ocrx_word' id='word_1_526' title='bbox 1140 1307 1329 1333; x_wconf 83' lang='lat' dir='ltr'>obmurmuras</span> <span class='ocrx_word' id='word_1_527' title='bbox 1346 1307 1416 1340; x_wconf 89' lang='lat' dir='ltr'>qttod</span> <span class='ocrx_word' id='word_1_528' title='bbox 1429 1307 1562 1334; x_wconf 77' lang='lat' dir='ltr'>modicum</span> <span class='ocrx_word' id='word_1_529' title='bbox 1581 1307 1745 1334; x_wconf 78' lang='lat' dir='ltr'>alabastrum</span> 
     </span>
    </p>
   </div>
   <div class='ocr_carea' id='block_1_73' title="bbox 956 1351 1746 1386">
    <p class='ocr_par' dir='ltr' id='par_1_73' title="bbox 956 1351 1746 1386">
     <span class='ocr_line' id='line_1_73' title="bbox 956 1351 1746 1386; baseline 0.004 -9"><span class='ocrx_word' id='word_1_530' title='bbox 956 1352 1085 1385; x_wconf 80' lang='lat' dir='ltr'>unguenti</span> <span class='ocrx_word' id='word_1_531' title='bbox 1108 1351 1340 1386; x_wconf 86' lang='lat' dir='ltr'>Christi’pcdibus</span> <span class='ocrx_word' id='word_1_532' title='bbox 1362 1352 1476 1379; x_wconf 82' lang='lat' dir='ltr'>all&#39;usunt</span> <span class='ocrx_word' id='word_1_533' title='bbox 1502 1352 1561 1379; x_wconf 81' lang='lat' dir='ltr'>sit?</span> <span class='ocrx_word' id='word_1_534' title='bbox 1587 1351 1655 1379; x_wconf 89' lang='lat' dir='ltr'>Num</span> <span class='ocrx_word' id='word_1_535' title='bbox 1680 1360 1746 1380; x_wconf 78' lang='lat' dir='ltr'>vero</span> 
     </span>
    </p>
   </div>
   <div class='ocr_carea' id='block_1_74' title="bbox 958 1398 1746 1432">
    <p class='ocr_par' dir='ltr' id='par_1_74' title="bbox 958 1398 1746 1432">
     <span class='ocr_line' id='line_1_74' title="bbox 958 1398 1746 1432; baseline 0.003 -8"><span class='ocrx_word' id='word_1_536' title='bbox 958 1398 1021 1425; x_wconf 91' lang='lat' dir='ltr'>illud</span> <span class='ocrx_word' id='word_1_537' title='bbox 1032 1399 1117 1432; x_wconf 76' lang='lat' dir='ltr'>gratis</span> <span class='ocrx_word' id='word_1_538' title='bbox 1131 1399 1245 1432; x_wconf 78' lang='lat' dir='ltr'>accepit,</span> <span class='ocrx_word' id='word_1_539' title='bbox 1264 1404 1293 1425; x_wconf 85' lang='grc' dir='ltr'>ιιι</span> <span class='ocrx_word' id='word_1_540' title='bbox 1314 1400 1547 1426; x_wconf 84' lang='lat' dir='ltr'>murmuraveris?</span> <span class='ocrx_word' id='word_1_541' title='bbox 1572 1400 1746 1432; x_wconf 74' lang='lat' dir='ltr'>Accepit‘un-</span> 
     </span>
    </p>
   </div>
   <div class='ocr_carea' id='block_1_75' title="bbox 957 1444 1746 1479">
    <p class='ocr_par' dir='ltr' id='par_1_75' title="bbox 957 1444 1746 1479">
     <span class='ocr_line' id='line_1_75' title="bbox 957 1444 1746 1479; baseline 0.003 -9"><span class='ocrx_word' id='word_1_542' title='bbox 957 1450 1095 1478; x_wconf 78' lang='lat' dir='ltr'>gucntutn,</span> <span class='ocrx_word' id='word_1_543' title='bbox 1121 1448 1148 1470; x_wconf 90' lang='lat' dir='ltr'>el</span> <span class='ocrx_word' id='word_1_544' title='bbox 1163 1444 1283 1471; x_wconf 81' lang='lat' dir='ltr'>exhibuit</span> <span class='ocrx_word' id='word_1_545' title='bbox 1308 1445 1473 1479; x_wconf 72' lang='lat' dir='ltr'>pmuitentia:</span> <span class='ocrx_word' id='word_1_546' title='bbox 1491 1445 1610 1472; x_wconf 90' lang='lat' dir='ltr'>modum.</span> <span class='ocrx_word' id='word_1_547' title='bbox 1633 1445 1746 1479; x_wconf 77' lang='lat' dir='ltr'>Accepit</span> 
     </span>
    </p>
   </div>
   <div class='ocr_carea' id='block_1_76' title="bbox 958 1489 1745 1525">
    <p class='ocr_par' dir='ltr' id='par_1_76' title="bbox 958 1489 1745 1525">
     <span class='ocr_line' id='line_1_76' title="bbox 958 1489 1745 1525; baseline 0 -9"><span class='ocrx_word' id='word_1_548' title='bbox 958 1489 1102 1525; x_wconf 81' lang='lat' dir='ltr'>lacryntas,</span> <span class='ocrx_word' id='word_1_549' title='bbox 1132 1495 1158 1516; x_wconf 87' lang='lat' dir='ltr'>et</span> <span class='ocrx_word' id='word_1_550' title='bbox 1187 1490 1307 1517; x_wconf 86' lang='lat' dir='ltr'>cohibuit</span> <span class='ocrx_word' id='word_1_551' title='bbox 1332 1491 1526 1524; x_wconf 77' lang='lat' dir='ltr'>scaturiginem</span> <span class='ocrx_word' id='word_1_552' title='bbox 1563 1495 1745 1524; x_wconf 80' lang='lat' dir='ltr'>peccatorum.</span> 
     </span>
    </p>
   </div>
   <div class='ocr_carea' id='block_1_77' title="bbox 958 1536 1746 1571">
    <p class='ocr_par' dir='ltr' id='par_1_77' title="bbox 958 1536 1746 1571">
     <span class='ocr_line' id='line_1_77' title="bbox 958 1536 1746 1571; baseline 0 -9"><span class='ocrx_word' id='word_1_553' title='bbox 958 1536 1023 1569; x_wconf 75' lang='lat' dir='ltr'>Qua:</span> <span class='ocrx_word' id='word_1_554' title='bbox 1039 1543 1102 1570; x_wconf 80' lang='lat' dir='ltr'>ergo</span> <span class='ocrx_word' id='word_1_555' title='bbox 1115 1537 1240 1570; x_wconf 87' lang='lat' dir='ltr'>perditio,</span> <span class='ocrx_word' id='word_1_556' title='bbox 1259 1537 1331 1563; x_wconf 83' lang='lat' dir='ltr'>salva</span> <span class='ocrx_word' id='word_1_557' title='bbox 1349 1536 1443 1563; x_wconf 79' lang='lat' dir='ltr'>eﬂ&#39;ecla</span> <span class='ocrx_word' id='word_1_558' title='bbox 1468 1536 1589 1568; x_wconf 86' lang='lat' dir='ltr'>muliere,</span> <span class='ocrx_word' id='word_1_559' title='bbox 1610 1537 1644 1563; x_wconf 92' lang='lat' dir='ltr'>ob</span> <span class='ocrx_word' id='word_1_560' title='bbox 1664 1544 1746 1571; x_wconf 88' lang='lat' dir='ltr'>quam</span> 
     </span>
    </p>
   </div>
   <div class='ocr_carea' id='block_1_78' title="bbox 958 1582 1747 1616">
    <p class='ocr_par' dir='ltr' id='par_1_78' title="bbox 958 1582 1747 1616">
     <span class='ocr_line' id='line_1_78' title="bbox 958 1582 1747 1616; baseline 0 -8"><span class='ocrx_word' id='word_1_561' title='bbox 958 1582 1099 1616; x_wconf 78' lang='lat' dir='ltr'>paradisus</span> <span class='ocrx_word' id='word_1_562' title='bbox 1118 1582 1227 1609; x_wconf 82' lang='lat' dir='ltr'>clausus</span> <span class='ocrx_word' id='word_1_563' title='bbox 1251 1582 1319 1609; x_wconf 79' lang='lat' dir='ltr'>fuit?</span> <span class='ocrx_word' id='word_1_564' title='bbox 1342 1583 1439 1610; x_wconf 84' lang='lat' dir='ltr'>Verum</span> <span class='ocrx_word' id='word_1_565' title='bbox 1460 1587 1485 1609; x_wconf 88' lang='lat' dir='ltr'>te</span> <span class='ocrx_word' id='word_1_566' title='bbox 1504 1583 1564 1615; x_wconf 90' lang='lat' dir='ltr'>hoc,</span> <span class='ocrx_word' id='word_1_567' title='bbox 1585 1582 1664 1615; x_wconf 84' lang='lat' dir='ltr'>Juda.</span> <span class='ocrx_word' id='word_1_568' title='bbox 1683 1590 1747 1610; x_wconf 84' lang='lat' dir='ltr'>cou-</span> 
     </span>
    </p>
   </div>
   <div class='ocr_carea' id='block_1_79' title="bbox 961 1627 1748 1662">
    <p class='ocr_par' dir='ltr' id='par_1_79' title="bbox 961 1627 1748 1662">
     <span class='ocr_line' id='line_1_79' title="bbox 961 1627 1748 1662; baseline 0 -9"><span class='ocrx_word' id='word_1_569' title='bbox 961 1627 1070 1653; x_wconf 83' lang='lat' dir='ltr'>tristat?</span> <span class='ocrx_word' id='word_1_570' title='bbox 1088 1627 1183 1654; x_wconf 84' lang='lat' dir='ltr'>Merito</span> <span class='ocrx_word' id='word_1_571' title='bbox 1204 1636 1210 1654; x_wconf 88' lang='lat'><strong>:</strong></span> <span class='ocrx_word' id='word_1_572' title='bbox 1231 1635 1292 1654; x_wconf 85' lang='lat' dir='ltr'>nam</span> <span class='ocrx_word' id='word_1_573' title='bbox 1307 1632 1334 1655; x_wconf 86' lang='lat' dir='ltr'>et</span> <span class='ocrx_word' id='word_1_574' title='bbox 1346 1628 1404 1662; x_wconf 81' lang='lat' dir='ltr'>ejus</span> <span class='ocrx_word' id='word_1_575' title='bbox 1416 1627 1488 1655; x_wconf 89' lang='lat' dir='ltr'>salus</span> <span class='ocrx_word' id='word_1_576' title='bbox 1502 1627 1636 1655; x_wconf 84' lang='lat' dir='ltr'>diabolum</span> <span class='ocrx_word' id='word_1_577' title='bbox 1651 1629 1748 1655; x_wconf 87' lang='lat' dir='ltr'>contri-</span> 
     </span>
    </p>
   </div>
   <div class='ocr_carea' id='block_1_80' title="bbox 958 1672 1748 1708">
    <p class='ocr_par' dir='ltr' id='par_1_80' title="bbox 958 1672 1748 1708">
     <span class='ocr_line' id='line_1_80' title="bbox 958 1672 1748 1708; baseline 0.001 -9"><span class='ocrx_word' id='word_1_578' title='bbox 958 1672 1049 1700; x_wconf 80' lang='lat' dir='ltr'>starit.</span> <span class='ocrx_word' id='word_1_579' title='bbox 1077 1673 1195 1700; x_wconf 83' lang='lat' dir='ltr'>Noverat</span> <span class='ocrx_word' id='word_1_580' title='bbox 1214 1674 1285 1700; x_wconf 80' lang='lat' dir='ltr'>enim</span> <span class='ocrx_word' id='word_1_581' title='bbox 1310 1674 1434 1708; x_wconf 82' lang='lat' dir='ltr'>deinceps</span> <span class='ocrx_word' id='word_1_582' title='bbox 1460 1681 1507 1708; x_wconf 89' lang='lat' dir='ltr'>per</span> <span class='ocrx_word' id='word_1_583' title='bbox 1530 1674 1601 1701; x_wconf 88' lang='lat' dir='ltr'>illam</span> <span class='ocrx_word' id='word_1_584' title='bbox 1635 1681 1748 1701; x_wconf 84' lang='lat' dir='ltr'>conver-</span> 
     </span>
    </p>
   </div>
   <div class='ocr_carea' id='block_1_81' title="bbox 960 1719 1747 1754">
    <p class='ocr_par' dir='ltr' id='par_1_81' title="bbox 960 1719 1747 1754">
     <span class='ocr_line' id='line_1_81' title="bbox 960 1719 1747 1754; baseline 0.001 -9"><span class='ocrx_word' id='word_1_585' title='bbox 960 1719 1066 1746; x_wconf 90' lang='lat' dir='ltr'>tendum</span> <span class='ocrx_word' id='word_1_586' title='bbox 1085 1727 1176 1747; x_wconf 80' lang='lat' dir='ltr'>sexum</span> <span class='ocrx_word' id='word_1_587' title='bbox 1207 1721 1245 1746; x_wconf 75' lang='lat' dir='ltr'>ad</span> <span class='ocrx_word' id='word_1_588' title='bbox 1264 1720 1473 1754; x_wconf 68' lang='lat' dir='ltr'>potuitentiam;</span> <span class='ocrx_word' id='word_1_589' title='bbox 1496 1727 1528 1747; x_wconf 86' lang='lat' dir='ltr'>ae</span> <span class='ocrx_word' id='word_1_590' title='bbox 1549 1720 1696 1754; x_wconf 86' lang='lat' dir='ltr'>mordetur,</span> <span class='ocrx_word' id='word_1_591' title='bbox 1720 1725 1747 1747; x_wconf 81' lang='lat' dir='ltr'>et</span> 
     </span>
    </p>
   </div>
   <div class='ocr_carea' id='block_1_82' title="bbox 958 1764 1746 1800">
    <p class='ocr_par' dir='ltr' id='par_1_82' title="bbox 958 1764 1746 1800">
     <span class='ocr_line' id='line_1_82' title="bbox 958 1764 1746 1800; baseline -0.001 -9"><span class='ocrx_word' id='word_1_592' title='bbox 958 1770 1000 1791; x_wconf 82' lang='lat' dir='ltr'>est</span> <span class='ocrx_word' id='word_1_593' title='bbox 1014 1764 1121 1796; x_wconf 81' lang='lat' dir='ltr'>anxius,</span> <span class='ocrx_word' id='word_1_594' title='bbox 1148 1766 1218 1800; x_wconf 88' lang='lat' dir='ltr'>quod</span> <span class='ocrx_word' id='word_1_595' title='bbox 1240 1765 1295 1800; x_wconf 79' lang='lat' dir='ltr'>jam</span> <span class='ocrx_word' id='word_1_596' title='bbox 1321 1766 1388 1792; x_wconf 86' lang='lat' dir='ltr'>desit</span> <span class='ocrx_word' id='word_1_597' title='bbox 1408 1770 1465 1793; x_wconf 88' lang='lat' dir='ltr'>rete</span> <span class='ocrx_word' id='word_1_598' title='bbox 1488 1766 1521 1792; x_wconf 87' lang='lat' dir='ltr'>atl</span> <span class='ocrx_word' id='word_1_599' title='bbox 1544 1765 1679 1792; x_wconf 87' lang='lat' dir='ltr'>hominem</span> <span class='ocrx_word' id='word_1_600' title='bbox 1698 1772 1746 1790; x_wconf 84' lang='lat' dir='ltr'>ve-</span> 
     </span>
    </p>
   </div>
   <div class='ocr_carea' id='block_1_83' title="bbox 961 1809 1747 1845">
    <p class='ocr_par' dir='ltr' id='par_1_83' title="bbox 961 1809 1747 1845">
     <span class='ocr_line' id='line_1_83' title="bbox 961 1809 1747 1845; baseline 0 -9"><span class='ocrx_word' id='word_1_601' title='bbox 961 1811 1089 1841; x_wconf 84' lang='lat' dir='ltr'>nandum,</span> <span class='ocrx_word' id='word_1_602' title='bbox 1108 1818 1193 1845; x_wconf 87' lang='lat' dir='ltr'>eaque</span> <span class='ocrx_word' id='word_1_603' title='bbox 1212 1815 1238 1838; x_wconf 83' lang='lat' dir='ltr'>te</span> <span class='ocrx_word' id='word_1_604' title='bbox 1262 1819 1342 1838; x_wconf 83' lang='lat' dir='ltr'>causa</span> <span class='ocrx_word' id='word_1_605' title='bbox 1363 1811 1389 1838; x_wconf 94' lang='lat' dir='ltr'>in</span> <span class='ocrx_word' id='word_1_606' title='bbox 1415 1819 1538 1838; x_wconf 87' lang='lat' dir='ltr'>murmur</span> <span class='ocrx_word' id='word_1_607' title='bbox 1559 1811 1691 1845; x_wconf 87' lang='lat' dir='ltr'>propellit.</span> <span class='ocrx_word' id='word_1_608' title='bbox 1713 1809 1747 1836; x_wconf 78' lang='lat' dir='ltr'>Ut</span> 
     </span>
    </p>
   </div>
   <div class='ocr_carea' id='block_1_84' title="bbox 960 1856 1747 1891">
    <p class='ocr_par' dir='ltr' id='par_1_84' title="bbox 960 1856 1747 1891">
     <span class='ocr_line' id='line_1_84' title="bbox 960 1856 1747 1891; baseline 0 -9"><span class='ocrx_word' id='word_1_609' title='bbox 960 1857 1034 1891; x_wconf 81' lang='lat' dir='ltr'>quid,</span> <span class='ocrx_word' id='word_1_610' title='bbox 1060 1857 1158 1891; x_wconf 79' lang='lat' dir='ltr'>inquit.</span> <span class='ocrx_word' id='word_1_611' title='bbox 1186 1858 1296 1891; x_wconf 73' lang='lat' dir='ltr'>perditio</span> <span class='ocrx_word' id='word_1_612' title='bbox 1323 1858 1400 1885; x_wconf 80' lang='lat' dir='ltr'>ha&#39;c?</span> <span class='ocrx_word' id='word_1_613' title='bbox 1428 1856 1534 1884; x_wconf 84' lang='lat' dir='ltr'>Poterat</span> <span class='ocrx_word' id='word_1_614' title='bbox 1557 1857 1626 1883; x_wconf 64' lang='lat' dir='ltr'>enim</span> <span class='ocrx_word' id='word_1_615' title='bbox 1649 1863 1747 1882; x_wconf 73' lang='lat' dir='ltr'>venun-</span> 
     </span>
    </p>
   </div>
   <div class='ocr_carea' id='block_1_85' title="bbox 960 1900 1747 1936">
    <p class='ocr_par' dir='ltr' id='par_1_85' title="bbox 960 1900 1747 1936">
     <span class='ocr_line' id='line_1_85' title="bbox 960 1900 1747 1936; baseline 0 -9"><span class='ocrx_word' id='word_1_616' title='bbox 960 1901 1019 1928; x_wconf 81' lang='lat' dir='ltr'>dnri</span> <span class='ocrx_word' id='word_1_617' title='bbox 1039 1902 1131 1929; x_wconf 87' lang='lat' dir='ltr'>multo.</span> <span class='ocrx_word' id='word_1_618' title='bbox 1157 1901 1216 1928; x_wconf 82' lang='lat' dir='ltr'>Jaut</span> <span class='ocrx_word' id='word_1_619' title='bbox 1245 1902 1382 1929; x_wconf 86' lang='lat' dir='ltr'>venundas</span> <span class='ocrx_word' id='word_1_620' title='bbox 1401 1922 1409 1935; x_wconf 88' lang='lat'>,</span> <span class='ocrx_word' id='word_1_621' title='bbox 1435 1902 1520 1934; x_wconf 88' lang='lat' dir='ltr'>Jttda;</span> <span class='ocrx_word' id='word_1_622' title='bbox 1542 1901 1597 1936; x_wconf 82' lang='lat' dir='ltr'>jam</span> <span class='ocrx_word' id='word_1_623' title='bbox 1615 1900 1747 1936; x_wconf 84' lang='lat' dir='ltr'>proditio-</span> 
     </span>
    </p>
   </div>
   <div class='ocr_carea' id='block_1_86' title="bbox 962 1945 1748 1981">
    <p class='ocr_par' dir='ltr' id='par_1_86' title="bbox 962 1945 1748 1981">
     <span class='ocr_line' id='line_1_86' title="bbox 962 1945 1748 1981; baseline -0.003 -7"><span class='ocrx_word' id='word_1_624' title='bbox 962 1954 1010 1974; x_wconf 85' lang='lat' dir='ltr'>nes</span> <span class='ocrx_word' id='word_1_625' title='bbox 1024 1947 1164 1974; x_wconf 83' lang='lat' dir='ltr'>meditaris</span> <span class='ocrx_word' id='word_1_626' title='bbox 1181 1956 1187 1974; x_wconf 92' lang='lat'><strong>:</strong></span> <span class='ocrx_word' id='word_1_627' title='bbox 1204 1947 1334 1974; x_wconf 85' lang='lat' dir='ltr'>malorum</span> <span class='ocrx_word' id='word_1_628' title='bbox 1350 1947 1522 1981; x_wconf 69' lang='lat' dir='ltr'>aenigmatum</span> <span class='ocrx_word' id='word_1_629' title='bbox 1538 1947 1684 1974; x_wconf 84' lang='lat' dir='ltr'>inchoatio.</span> <span class='ocrx_word' id='word_1_630' title='bbox 1704 1945 1748 1972; x_wconf 79' lang='lat' dir='ltr'>Je-</span> 
     </span>
    </p>
   </div>
   <div class='ocr_carea' id='block_1_87' title="bbox 963 1992 1749 2027">
    <p class='ocr_par' dir='ltr' id='par_1_87' title="bbox 963 1992 1749 2027">
     <span class='ocr_line' id='line_1_87' title="bbox 963 1992 1749 2027; baseline -0.001 -9"><span class='ocrx_word' id='word_1_631' title='bbox 963 1998 1009 2018; x_wconf 74' lang='lat' dir='ltr'>sus</span> <span class='ocrx_word' id='word_1_632' title='bbox 1027 1996 1115 2018; x_wconf 76' lang='lat' dir='ltr'>tamen</span> <span class='ocrx_word' id='word_1_633' title='bbox 1139 2000 1192 2018; x_wconf 89' lang='lat' dir='ltr'>non</span> <span class='ocrx_word' id='word_1_634' title='bbox 1214 1992 1303 2027; x_wconf 74' lang='lat' dir='ltr'>arguit</span> <span class='ocrx_word' id='word_1_635' title='bbox 1327 1992 1384 2027; x_wconf 86' lang='lat' dir='ltr'>ejus</span> <span class='ocrx_word' id='word_1_636' title='bbox 1410 1992 1532 2019; x_wconf 90' lang='lat' dir='ltr'>morbum</span> <span class='ocrx_word' id='word_1_637' title='bbox 1549 1999 1557 2019; x_wconf 83' lang='lat'><strong>:</strong></span> <span class='ocrx_word' id='word_1_638' title='bbox 1573 2000 1624 2018; x_wconf 90' lang='lat' dir='ltr'>non</span> <span class='ocrx_word' id='word_1_639' title='bbox 1648 1993 1749 2026; x_wconf 71' lang='lat' dir='ltr'>detegit</span> 
     </span>
    </p>
   </div>
   <div class='ocr_carea' id='block_1_88' title="bbox 965 2037 1749 2073">
    <p class='ocr_par' dir='ltr' id='par_1_88' title="bbox 965 2037 1749 2073">
     <span class='ocr_line' id='line_1_88' title="bbox 965 2037 1749 2073; baseline 0.001 -10"><span class='ocrx_word' id='word_1_640' title='bbox 965 2037 1119 2068; x_wconf 79' lang='lat' dir='ltr'>avaritiam,</span> <span class='ocrx_word' id='word_1_641' title='bbox 1135 2042 1164 2065; x_wconf 87' lang='lat' dir='ltr'>ut</span> <span class='ocrx_word' id='word_1_642' title='bbox 1177 2046 1210 2064; x_wconf 89' lang='lat' dir='ltr'>tte</span> <span class='ocrx_word' id='word_1_643' title='bbox 1226 2037 1342 2065; x_wconf 79' lang='lat' dir='ltr'>futuram</span> <span class='ocrx_word' id='word_1_644' title='bbox 1359 2038 1536 2072; x_wconf 85' lang='lat' dir='ltr'>proditionem</span> <span class='ocrx_word' id='word_1_645' title='bbox 1555 2038 1680 2073; x_wconf 78' lang='lat' dir='ltr'>depellat.</span> <span class='ocrx_word' id='word_1_646' title='bbox 1696 2039 1749 2066; x_wconf 79' lang='lat' dir='ltr'>Sed</span> 
     </span>
    </p>
   </div>
   <div class='ocr_carea' id='block_1_89' title="bbox 966 2083 1760 2116">
    <p class='ocr_par' dir='ltr' id='par_1_89' title="bbox 966 2083 1760 2116">
     <span class='ocr_line' id='line_1_89' title="bbox 966 2083 1760 2116; baseline 0.003 -8"><span class='ocrx_word' id='word_1_647' title='bbox 966 2083 1003 2109; x_wconf 86' lang='lat' dir='ltr'>ait</span> <span class='ocrx_word' id='word_1_648' title='bbox 1023 2083 1048 2109; x_wconf 93' lang='lat' dir='ltr'>in</span> <span class='ocrx_word' id='word_1_649' title='bbox 1069 2091 1163 2111; x_wconf 89' lang='lat' dir='ltr'>omnes</span> <span class='ocrx_word' id='word_1_650' title='bbox 1180 2092 1186 2110; x_wconf 88' lang='lat'><strong>:</strong></span> <span class='ocrx_word' id='word_1_651' title='bbox 1203 2083 1273 2116; x_wconf 81' lang='lat' dir='ltr'>Quid</span> <span class='ocrx_word' id='word_1_652' title='bbox 1297 2084 1396 2111; x_wconf 75' lang='lat' dir='ltr'>molesti</span> <span class='ocrx_word' id='word_1_653' title='bbox 1420 2085 1482 2111; x_wconf 71' lang='lat' dir='ltr'>estis</span> <span class='ocrx_word' id='word_1_654' title='bbox 1499 2085 1560 2110; x_wconf 84' lang='lat' dir='ltr'>huic</span> <span class='ocrx_word' id='word_1_655' title='bbox 1582 2085 1686 2111; x_wconf 75' lang='lat' dir='ltr'>mulieri</span> <span class='ocrx_word' id='word_1_656' title='bbox 1707 2085 1760 2115; x_wconf 20' lang='grc' dir='ltr'>’δ’ἐκ</span> 
     </span>
    </p>
   </div>
   <div class='ocr_carea' id='block_1_90' title="bbox 968 2127 1750 2164">
    <p class='ocr_par' dir='ltr' id='par_1_90' title="bbox 968 2127 1750 2164">
     <span class='ocr_line' id='line_1_90' title="bbox 968 2127 1750 2164; baseline -0.001 -9"><span class='ocrx_word' id='word_1_657' title='bbox 968 2127 1037 2161; x_wconf 89' lang='lat' dir='ltr'>Quid</span> <span class='ocrx_word' id='word_1_658' title='bbox 1055 2137 1103 2163; x_wconf 93' lang='lat' dir='ltr'>pro</span> <span class='ocrx_word' id='word_1_659' title='bbox 1119 2129 1198 2157; x_wconf 83' lang='lat' dir='ltr'>malis</span> <span class='ocrx_word' id='word_1_660' title='bbox 1218 2130 1359 2164; x_wconf 72' lang='lat' dir='ltr'>prteteritis</span> <span class='ocrx_word' id='word_1_661' title='bbox 1376 2129 1500 2156; x_wconf 83' lang='lat' dir='ltr'>letninam</span> <span class='ocrx_word' id='word_1_662' title='bbox 1517 2129 1680 2164; x_wconf 82' lang='lat' dir='ltr'>objurgatis&#39;!</span> <span class='ocrx_word' id='word_1_663' title='bbox 1698 2129 1750 2156; x_wconf 77' lang='lat' dir='ltr'>Sa-</span> 
     </span>
    </p>
   </div>
   <div class='ocr_carea' id='block_1_91' title="bbox 389 2181 909 2219">
    <p class='ocr_par' dir='ltr' id='par_1_91' title="bbox 389 2181 905 2216">
     <span class='ocr_line' id='line_1_91' title="bbox 389 2181 905 2216; baseline -0.002 -6"><span class='ocrx_word' id='word_1_664' title='bbox 389 2183 657 2216; x_wconf 62' lang='lat' dir='ltr'>“lilatth.‘nnt,&#39;24.</span> <span class='ocrx_word' id='word_1_665' title='bbox 674 2181 876 2216; x_wconf 66' lang='lat' dir='ltr'>&quot;Mattthvr,</span> <span class='ocrx_word' id='word_1_666' title='bbox 889 2182 905 2210; x_wconf 84' lang='lat'><strong>9</strong></span> 
     </span>
    </p>
   </div>
   <div class='ocr_carea' id='block_1_92' title="bbox 962 2181 1748 2219">
    <p class='ocr_par' dir='ltr' id='par_1_92' title="bbox 962 2185 1748 2219">
     <span class='ocr_line' id='line_1_92' title="bbox 962 2185 1748 2219; baseline 0.001 -8"><span class='ocrx_word' id='word_1_667' title='bbox 962 2191 1017 2212; x_wconf 84' lang='lat' dir='ltr'>arc.</span> <span class='ocrx_word' id='word_1_668' title='bbox 1031 2193 1086 2218; x_wconf 77' lang='lat' dir='ltr'>xtv,</span> <span class='ocrx_word' id='word_1_669' title='bbox 1104 2185 1137 2218; x_wconf 75' lang='lat'>4;</span> <span class='ocrx_word' id='word_1_670' title='bbox 1151 2185 1228 2213; x_wconf 84' lang='lat' dir='ltr'>.Ioan.</span> <span class='ocrx_word' id='word_1_671' title='bbox 1245 2193 1291 2219; x_wconf 72' lang='lat' dir='ltr'>xu,</span> <span class='ocrx_word' id='word_1_672' title='bbox 1308 2185 1334 2213; x_wconf 85' lang='lat'>5.</span> <span class='ocrx_word' id='word_1_673' title='bbox 1372 2185 1395 2201; x_wconf 68' lang='grc' dir='ltr'>’δ</span> <span class='ocrx_word' id='word_1_674' title='bbox 1407 2185 1500 2212; x_wconf 82' lang='lat' dir='ltr'>Matth.</span> <span class='ocrx_word' id='word_1_675' title='bbox 1518 2193 1591 2219; x_wconf 74' lang='lat' dir='ltr'>“vr,</span> <span class='ocrx_word' id='word_1_676' title='bbox 1610 2185 1748 2218; x_wconf 60' lang='lat' dir='ltr'>“hilare.</span> 
     </span>
    </p>
   </div>
   <div class='ocr_carea' id='block_1_93' title="bbox 161 2277 909 2315">
    <p class='ocr_par' dir='ltr' id='par_1_93' title="bbox 161 2279 909 2315">
     <span class='ocr_line' id='line_1_93' title="bbox 161 2279 909 2315; baseline -0.001 -9"><span class='ocrx_word' id='word_1_677' title='bbox 161 2280 218 2315; x_wconf 79' lang='lat'>(7‘2)</span> <span class='ocrx_word' id='word_1_678' title='bbox 237 2281 266 2307; x_wconf 83' lang='lat' dir='ltr'>Tt</span> <span class='ocrx_word' id='word_1_679' title='bbox 289 2279 536 2314; x_wconf 68' lang='grc' dir='ltr'>συνεφωνήσατε.</span> <span class='ocrx_word' id='word_1_680' title='bbox 559 2279 673 2306; x_wconf 86' lang='lat' dir='ltr'>Videtur</span> <span class='ocrx_word' id='word_1_681' title='bbox 692 2279 805 2306; x_wconf 89' lang='lat' dir='ltr'>inuttere</span> <span class='ocrx_word' id='word_1_682' title='bbox 830 2287 909 2306; x_wconf 84' lang='lat' dir='ltr'>unam</span> 
     </span>
    </p>
   </div>
   <div class='ocr_carea' id='block_1_94' title="bbox 962 2277 1748 2315">
    <p class='ocr_par' dir='ltr' id='par_1_94' title="bbox 963 2277 1748 2315">
     <span class='ocr_line' id='line_1_94' title="bbox 963 2277 1748 2315; baseline -0.004 -8"><span class='ocrx_word' id='word_1_683' title='bbox 963 2279 1079 2307; x_wconf 79' lang='lat' dir='ltr'>Joannes</span> <span class='ocrx_word' id='word_1_684' title='bbox 1103 2284 1204 2312; x_wconf 80' lang='lat' dir='ltr'>narrat,</span> <span class='ocrx_word' id='word_1_685' title='bbox 1228 2280 1408 2315; x_wconf 73' lang='lat' dir='ltr'>accumbente</span> <span class='ocrx_word' id='word_1_686' title='bbox 1433 2278 1536 2315; x_wconf 83' lang='lat' dir='ltr'>Lazaro</span> <span class='ocrx_word' id='word_1_687' title='bbox 1551 2277 1703 2315; x_wconf 25' lang='lat' dir='ltr'>suscitatox</span> <span class='ocrx_word' id='word_1_688' title='bbox 1723 2279 1748 2304; x_wconf 75' lang='grc' dir='ltr'>Ιιι</span> 
     </span>
    </p>
   </div>
   <div class='ocr_carea' id='block_1_95' title="bbox 126 2315 909 2349">
    <p class='ocr_par' dir='ltr' id='par_1_95' title="bbox 126 2315 909 2349">
     <span class='ocr_line' id='line_1_95' title="bbox 126 2315 909 2349; baseline -0.004 -5"><span class='ocrx_word' id='word_1_689' title='bbox 126 2317 292 2345; x_wconf 86' lang='lat' dir='ltr'>unctionem,</span> <span class='ocrx_word' id='word_1_690' title='bbox 304 2315 382 2349; x_wconf 84' lang='lat' dir='ltr'>cujus</span> <span class='ocrx_word' id='word_1_691' title='bbox 395 2323 475 2342; x_wconf 85' lang='lat' dir='ltr'>causa</span> <span class='ocrx_word' id='word_1_692' title='bbox 489 2315 570 2342; x_wconf 82' lang='lat' dir='ltr'>Judas</span> <span class='ocrx_word' id='word_1_693' title='bbox 591 2315 779 2345; x_wconf 80' lang='lat' dir='ltr'>murmuravit,</span> <span class='ocrx_word' id='word_1_694' title='bbox 803 2319 831 2341; x_wconf 84' lang='lat' dir='ltr'>et</span> <span class='ocrx_word' id='word_1_695' title='bbox 850 2322 909 2348; x_wconf 63' lang='lat' dir='ltr'>quae</span> 
     </span>
    </p>
   </div>
   <div class='ocr_carea' id='block_1_96' title="bbox 127 2349 909 2385">
    <p class='ocr_par' dir='ltr' id='par_1_96' title="bbox 127 2349 909 2385">
     <span class='ocr_line' id='line_1_96' title="bbox 127 2349 909 2385; baseline -0.006 -6"><span class='ocrx_word' id='word_1_696' title='bbox 127 2352 153 2379; x_wconf 86' lang='lat' dir='ltr'>in</span> <span class='ocrx_word' id='word_1_697' title='bbox 172 2351 251 2377; x_wconf 87' lang='lat' dir='ltr'>domo</span> <span class='ocrx_word' id='word_1_698' title='bbox 262 2349 380 2377; x_wconf 87' lang='lat' dir='ltr'>Simonis</span> <span class='ocrx_word' id='word_1_699' title='bbox 395 2349 469 2385; x_wconf 76' lang='lat' dir='ltr'>(Luc.</span> <span class='ocrx_word' id='word_1_700' title='bbox 489 2358 536 2381; x_wconf 84' lang='lat' dir='ltr'>vn,</span> <span class='ocrx_word' id='word_1_701' title='bbox 553 2349 597 2384; x_wconf 80' lang='lat'>59)</span> <span class='ocrx_word' id='word_1_702' title='bbox 616 2349 686 2376; x_wconf 82' lang='lat' dir='ltr'>facta</span> <span class='ocrx_word' id='word_1_703' title='bbox 709 2349 818 2385; x_wconf 74' lang='lat' dir='ltr'>legitur,</span> <span class='ocrx_word' id='word_1_704' title='bbox 835 2357 909 2375; x_wconf 89' lang='lat' dir='ltr'>untr—</span> 
     </span>
    </p>
   </div>
   <div class='ocr_carea' id='block_1_97' title="bbox 128 2384 908 2419">
    <p class='ocr_par' dir='ltr' id='par_1_97' title="bbox 128 2384 908 2419">
     <span class='ocr_line' id='line_1_97' title="bbox 128 2384 908 2419; baseline -0.003 -7"><span class='ocrx_word' id='word_1_705' title='bbox 128 2388 252 2412; x_wconf 84' lang='lat' dir='ltr'>mnrante</span> <span class='ocrx_word' id='word_1_706' title='bbox 279 2391 303 2412; x_wconf 90' lang='lat' dir='ltr'>et</span> <span class='ocrx_word' id='word_1_707' title='bbox 330 2387 387 2419; x_wconf 82' lang='lat' dir='ltr'>ipso</span> <span class='ocrx_word' id='word_1_708' title='bbox 413 2390 505 2411; x_wconf 87' lang='lat' dir='ltr'>contra</span> <span class='ocrx_word' id='word_1_709' title='bbox 536 2385 676 2411; x_wconf 89' lang='lat' dir='ltr'>Dominum</span> <span class='ocrx_word' id='word_1_710' title='bbox 698 2384 908 2418; x_wconf 83' lang='lat' dir='ltr'>suscipientem:</span> 
     </span>
    </p>
   </div>
   <div class='ocr_carea' id='block_1_98' title="bbox 128 2419 910 2450">
    <p class='ocr_par' dir='ltr' id='par_1_98' title="bbox 128 2419 910 2450">
     <span class='ocr_line' id='line_1_98' title="bbox 128 2419 910 2450; baseline -0.004 -3"><span class='ocrx_word' id='word_1_711' title='bbox 128 2420 179 2448; x_wconf 83' lang='lat' dir='ltr'>nisi</span> <span class='ocrx_word' id='word_1_712' title='bbox 197 2420 327 2450; x_wconf 81' lang='lat' dir='ltr'>oratorie,</span> <span class='ocrx_word' id='word_1_713' title='bbox 346 2420 411 2446; x_wconf 83' lang='lat' dir='ltr'>duas</span> <span class='ocrx_word' id='word_1_714' title='bbox 428 2420 578 2450; x_wconf 87' lang='lat' dir='ltr'>unctiones,</span> <span class='ocrx_word' id='word_1_715' title='bbox 603 2419 675 2446; x_wconf 88' lang='lat' dir='ltr'>velut</span> <span class='ocrx_word' id='word_1_716' title='bbox 695 2419 721 2445; x_wconf 87' lang='lat' dir='ltr'>itt</span> <span class='ocrx_word' id='word_1_717' title='bbox 742 2426 834 2448; x_wconf 84' lang='lat' dir='ltr'>uuam.</span> <span class='ocrx_word' id='word_1_718' title='bbox 857 2426 910 2445; x_wconf 86' lang='lat' dir='ltr'>una</span> 
     </span>
    </p>
   </div>
   <div class='ocr_carea' id='block_1_99' title="bbox 127 2454 910 2491">
    <p class='ocr_par' dir='ltr' id='par_1_99' title="bbox 127 2454 910 2491">
     <span class='ocr_line' id='line_1_99' title="bbox 127 2454 910 2491; baseline -0.004 -9"><span class='ocrx_word' id='word_1_719' title='bbox 127 2455 259 2491; x_wconf 78' lang='lat' dir='ltr'>orationis</span> <span class='ocrx_word' id='word_1_720' title='bbox 277 2456 347 2482; x_wconf 79' lang='lat' dir='ltr'>serie</span> <span class='ocrx_word' id='word_1_721' title='bbox 361 2455 441 2491; x_wconf 75' lang='lat' dir='ltr'>cogit.</span> <span class='ocrx_word' id='word_1_722' title='bbox 464 2455 589 2491; x_wconf 77' lang='lat' dir='ltr'>Eamdem</span> <span class='ocrx_word' id='word_1_723' title='bbox 612 2454 683 2491; x_wconf 73' lang='lat' dir='ltr'>illaut</span> <span class='ocrx_word' id='word_1_724' title='bbox 706 2454 856 2491; x_wconf 59' lang='lat' dir='ltr'>mulierem,</span> <span class='ocrx_word' id='word_1_725' title='bbox 883 2458 910 2479; x_wconf 87' lang='lat' dir='ltr'>et</span> 
     </span>
    </p>
   </div>
   <div class='ocr_carea' id='block_1_100' title="bbox 129 2489 908 2525">
    <p class='ocr_par' dir='ltr' id='par_1_100' title="bbox 129 2489 908 2525">
     <span class='ocr_line' id='line_1_100' title="bbox 129 2489 908 2525; baseline -0.004 -8"><span class='ocrx_word' id='word_1_726' title='bbox 129 2498 208 2525; x_wconf 83' lang='lat' dir='ltr'>quant</span> <span class='ocrx_word' id='word_1_727' title='bbox 222 2489 276 2517; x_wconf 79' lang='lat' dir='ltr'>tres</span> <span class='ocrx_word' id='word_1_728' title='bbox 296 2490 467 2525; x_wconf 53' lang='lat' dir='ltr'>evangelism</span> <span class='ocrx_word' id='word_1_729' title='bbox 483 2490 593 2521; x_wconf 79' lang='lat' dir='ltr'>habent,</span> <span class='ocrx_word' id='word_1_730' title='bbox 607 2489 758 2525; x_wconf 45' lang='lat' dir='ltr'>existitnab</span> <span class='ocrx_word' id='word_1_731' title='bbox 768 2489 908 2525; x_wconf 67' lang='lat' dir='ltr'>Qhrysost.</span> 
     </span>
    </p>
   </div>
   <div class='ocr_carea' id='block_1_101' title="bbox 130 2523 910 2556">
    <p class='ocr_par' dir='ltr' id='par_1_101' title="bbox 130 2523 910 2556">
     <span class='ocr_line' id='line_1_101' title="bbox 130 2523 910 2556; baseline -0.003 -4"><span class='ocrx_word' id='word_1_732' title='bbox 130 2523 239 2552; x_wconf 61' lang='grc' dir='ltr'>ἥσω-81</span> <span class='ocrx_word' id='word_1_733' title='bbox 249 2526 274 2551; x_wconf 83' lang='lat' dir='ltr'>in</span> <span class='ocrx_word' id='word_1_734' title='bbox 286 2532 347 2551; x_wconf 74' lang='lat' dir='ltr'>xxv:</span> <span class='ocrx_word' id='word_1_735' title='bbox 359 2524 466 2556; x_wconf 81' lang='lat' dir='ltr'>Mutth.,</span> <span class='ocrx_word' id='word_1_736' title='bbox 480 2525 524 2551; x_wconf 88' lang='lat' dir='ltr'>sed</span> <span class='ocrx_word' id='word_1_737' title='bbox 532 2524 611 2550; x_wconf 84' lang='lat' dir='ltr'>aliam</span> <span class='ocrx_word' id='word_1_738' title='bbox 624 2531 637 2550; x_wconf 88' lang='lat' dir='ltr'>a</span> <span class='ocrx_word' id='word_1_739' title='bbox 646 2523 759 2550; x_wconf 81' lang='lat' dir='ltr'>mirabili</span> <span class='ocrx_word' id='word_1_740' title='bbox 774 2523 816 2549; x_wconf 82' lang='lat' dir='ltr'>illa</span> <span class='ocrx_word' id='word_1_741' title='bbox 828 2523 910 2550; x_wconf 85' lang='lat' dir='ltr'>Maria</span> 
     </span>
    </p>
   </div>
   <div class='ocr_carea' id='block_1_102' title="bbox 130 2558 909 2593">
    <p class='ocr_par' dir='ltr' id='par_1_102' title="bbox 130 2558 909 2593">
     <span class='ocr_line' id='line_1_102' title="bbox 130 2558 909 2593; baseline -0.004 -6"><span class='ocrx_word' id='word_1_742' title='bbox 130 2567 222 2587; x_wconf 85' lang='lat' dir='ltr'>sorore</span> <span class='ocrx_word' id='word_1_743' title='bbox 235 2559 329 2586; x_wconf 76' lang='lat' dir='ltr'>inzari</span> <span class='ocrx_word' id='word_1_744' title='bbox 350 2567 356 2584; x_wconf 89' lang='lat'><strong>:</strong></span> <span class='ocrx_word' id='word_1_745' title='bbox 372 2567 422 2593; x_wconf 77' lang='lat' dir='ltr'>qua</span> <span class='ocrx_word' id='word_1_746' title='bbox 441 2561 473 2586; x_wconf 88' lang='lat' dir='ltr'>de</span> <span class='ocrx_word' id='word_1_747' title='bbox 487 2567 515 2585; x_wconf 88' lang='lat' dir='ltr'>re</span> <span class='ocrx_word' id='word_1_748' title='bbox 535 2559 599 2585; x_wconf 89' lang='lat' dir='ltr'>nihil</span> <span class='ocrx_word' id='word_1_749' title='bbox 615 2558 818 2592; x_wconf 81' lang='lat' dir='ltr'>Amphilochius</span> <span class='ocrx_word' id='word_1_750' title='bbox 837 2567 842 2584; x_wconf 98' lang='lat'><strong>:</strong></span> <span class='ocrx_word' id='word_1_751' title='bbox 859 2559 909 2584; x_wconf 85' lang='lat' dir='ltr'>oh-</span> 
     </span>
    </p>
   </div>
   <div class='ocr_carea' id='block_1_103' title="bbox 132 2593 908 2629">
    <p class='ocr_par' dir='ltr' id='par_1_103' title="bbox 132 2593 908 2629">
     <span class='ocr_line' id='line_1_103' title="bbox 132 2593 908 2629; baseline -0.004 -8"><span class='ocrx_word' id='word_1_752' title='bbox 132 2597 252 2629; x_wconf 86' lang='lat' dir='ltr'>tinetque</span> <span class='ocrx_word' id='word_1_753' title='bbox 261 2594 414 2629; x_wconf 81' lang='lat' dir='ltr'>Augustini,</span> <span class='ocrx_word' id='word_1_754' title='bbox 427 2594 547 2629; x_wconf 81' lang='lat' dir='ltr'>Gregorii</span> <span class='ocrx_word' id='word_1_755' title='bbox 561 2594 660 2629; x_wconf 70' lang='lat' dir='ltr'>Magni,</span> <span class='ocrx_word' id='word_1_756' title='bbox 678 2598 744 2624; x_wconf 59' lang='grc' dir='ltr'>«εις.τ</span> <span class='ocrx_word' id='word_1_757' title='bbox 762 2593 908 2629; x_wconf 82' lang='lat' dir='ltr'>sententia,</span> 
     </span>
    </p>
   </div>
   <div class='ocr_carea' id='block_1_104' title="bbox 131 2628 911 2664">
    <p class='ocr_par' dir='ltr' id='par_1_104' title="bbox 131 2628 911 2664">
     <span class='ocr_line' id='line_1_104' title="bbox 131 2628 911 2664; baseline -0.004 -8"><span class='ocrx_word' id='word_1_758' title='bbox 131 2635 160 2656; x_wconf 91' lang='lat' dir='ltr'>ut</span> <span class='ocrx_word' id='word_1_759' title='bbox 174 2634 201 2658; x_wconf 88' lang='lat' dir='ltr'>et</span> <span class='ocrx_word' id='word_1_760' title='bbox 210 2628 268 2664; x_wconf 85' lang='lat' dir='ltr'>ipsa</span> <span class='ocrx_word' id='word_1_761' title='bbox 283 2628 334 2656; x_wconf 81' lang='lat' dir='ltr'>una</span> <span class='ocrx_word' id='word_1_762' title='bbox 363 2628 511 2663; x_wconf 76' lang='lat' dir='ltr'>eademque</span> <span class='ocrx_word' id='word_1_763' title='bbox 531 2629 580 2660; x_wconf 87' lang='lat' dir='ltr'>sit;</span> <span class='ocrx_word' id='word_1_764' title='bbox 596 2628 712 2664; x_wconf 86' lang='lat' dir='ltr'>colitque</span> <span class='ocrx_word' id='word_1_765' title='bbox 735 2628 853 2655; x_wconf 78' lang='lat' dir='ltr'>Ecclesia</span> <span class='ocrx_word' id='word_1_766' title='bbox 882 2632 911 2654; x_wconf 92' lang='lat' dir='ltr'>ut</span> 
     </span>
    </p>
   </div>
   <div class='ocr_carea' id='block_1_105' title="bbox 132 2663 911 2698">
    <p class='ocr_par' dir='ltr' id='par_1_105' title="bbox 132 2663 911 2698">
     <span class='ocr_line' id='line_1_105' title="bbox 132 2663 911 2698; baseline -0.004 -7"><span class='ocrx_word' id='word_1_767' title='bbox 132 2663 229 2696; x_wconf 54' lang='lat' dir='ltr'>unam,</span> <span class='ocrx_word' id='word_1_768' title='bbox 244 2664 332 2691; x_wconf 78' lang='lat' dir='ltr'>oliicio</span> <span class='ocrx_word' id='word_1_769' title='bbox 346 2672 379 2691; x_wconf 80' lang='lat' dir='ltr'>ex</span> <span class='ocrx_word' id='word_1_770' title='bbox 405 2665 488 2690; x_wconf 77' lang='lat' dir='ltr'>variis</span> <span class='ocrx_word' id='word_1_771' title='bbox 512 2663 577 2690; x_wconf 86' lang='lat' dir='ltr'>locis</span> <span class='ocrx_word' id='word_1_772' title='bbox 594 2663 750 2698; x_wconf 56' lang='lat' dir='ltr'>Scriptura,</span> <span class='ocrx_word' id='word_1_773' title='bbox 772 2663 869 2698; x_wconf 83' lang='lat' dir='ltr'>quibus</span> <span class='ocrx_word' id='word_1_774' title='bbox 884 2666 911 2698; x_wconf 85' lang='lat' dir='ltr'>et</span> 
     </span>
    </p>
   </div>
   <div class='ocr_carea' id='block_1_106' title="bbox 132 2697 911 2732">
    <p class='ocr_par' dir='ltr' id='par_1_106' title="bbox 132 2697 911 2732">
     <span class='ocr_line' id='line_1_106' title="bbox 132 2697 911 2732; baseline -0.003 -6"><span class='ocrx_word' id='word_1_775' title='bbox 132 2701 234 2726; x_wconf 71' lang='lat' dir='ltr'>sororis</span> <span class='ocrx_word' id='word_1_776' title='bbox 257 2699 350 2726; x_wconf 67' lang='lat' dir='ltr'>Latari</span> <span class='ocrx_word' id='word_1_777' title='bbox 370 2704 396 2726; x_wconf 86' lang='lat' dir='ltr'>et</span> <span class='ocrx_word' id='word_1_778' title='bbox 429 2699 547 2725; x_wconf 89' lang='lat' dir='ltr'>tuulieris</span> <span class='ocrx_word' id='word_1_779' title='bbox 561 2706 640 2732; x_wconf 81' lang='lat' dir='ltr'>quam</span> <span class='ocrx_word' id='word_1_780' title='bbox 658 2697 846 2732; x_wconf 44' lang='lat' dir='ltr'>evangelista;</span> <span class='ocrx_word' id='word_1_781' title='bbox 866 2697 911 2724; x_wconf 88' lang='lat' dir='ltr'>alii</span> 
     </span>
    </p>
   </div>
   <div class='ocr_carea' id='block_1_107' title="bbox 133 2731 911 2766">
    <p class='ocr_par' dir='ltr' id='par_1_107' title="bbox 133 2731 911 2766">
     <span class='ocr_line' id='line_1_107' title="bbox 133 2731 911 2766; baseline -0.003 -6"><span class='ocrx_word' id='word_1_782' title='bbox 133 2734 243 2765; x_wconf 79' lang='lat' dir='ltr'>habent,</span> <span class='ocrx_word' id='word_1_783' title='bbox 272 2735 372 2761; x_wconf 87' lang='lat' dir='ltr'>mentio</span> <span class='ocrx_word' id='word_1_784' title='bbox 396 2738 447 2766; x_wconf 79' lang='lat' dir='ltr'>est,</span> <span class='ocrx_word' id='word_1_785' title='bbox 467 2731 636 2760; x_wconf 76' lang='lat' dir='ltr'>devotissnne</span> <span class='ocrx_word' id='word_1_786' title='bbox 659 2733 799 2759; x_wconf 75' lang='lat' dir='ltr'>instructo.</span> <span class='ocrx_word' id='word_1_787' title='bbox 825 2731 911 2759; x_wconf 87' lang='lat' dir='ltr'>Unam</span> 
     </span>
    </p>
   </div>
   <div class='ocr_carea' id='block_1_108' title="bbox 133 2767 911 2801">
    <p class='ocr_par' dir='ltr' id='par_1_108' title="bbox 133 2767 911 2801">
     <span class='ocr_line' id='line_1_108' title="bbox 133 2767 911 2801; baseline -0.003 -7"><span class='ocrx_word' id='word_1_788' title='bbox 133 2777 182 2801; x_wconf 67' lang='lat' dir='ltr'>ego</span> <span class='ocrx_word' id='word_1_789' title='bbox 193 2769 302 2795; x_wconf 78' lang='lat' dir='ltr'>Mariam</span> <span class='ocrx_word' id='word_1_790' title='bbox 319 2769 443 2801; x_wconf 78' lang='lat' dir='ltr'>dixerim,</span> <span class='ocrx_word' id='word_1_791' title='bbox 459 2774 512 2795; x_wconf 76' lang='lat' dir='ltr'>tres</span> <span class='ocrx_word' id='word_1_792' title='bbox 522 2769 660 2794; x_wconf 84' lang='lat' dir='ltr'>unctiones</span> <span class='ocrx_word' id='word_1_793' title='bbox 675 2776 681 2793; x_wconf 94' lang='lat'>:</span> <span class='ocrx_word' id='word_1_794' title='bbox 696 2767 736 2794; x_wconf 77' lang='lat' dir='ltr'>vel</span> <span class='ocrx_word' id='word_1_795' title='bbox 748 2773 822 2794; x_wconf 83' lang='lat' dir='ltr'>cette</span> <span class='ocrx_word' id='word_1_796' title='bbox 833 2767 911 2793; x_wconf 85' lang='lat' dir='ltr'>duas.</span> 
     </span>
    </p>
   </div>
   <div class='ocr_carea' id='block_1_109' title="bbox 159 2802 912 2836">
    <p class='ocr_par' dir='ltr' id='par_1_109' title="bbox 159 2802 912 2836">
     <span class='ocr_line' id='line_1_109' title="bbox 159 2802 912 2836; baseline -0.003 -6"><span class='ocrx_word' id='word_1_797' title='bbox 159 2804 246 2831; x_wconf 77' lang='lat' dir='ltr'>idetnr</span> <span class='ocrx_word' id='word_1_798' title='bbox 256 2804 328 2830; x_wconf 85' lang='lat' dir='ltr'>enim</span> <span class='ocrx_word' id='word_1_799' title='bbox 348 2804 391 2830; x_wconf 81' lang='lat' dir='ltr'>illa</span> <span class='ocrx_word' id='word_1_800' title='bbox 415 2803 479 2829; x_wconf 86' lang='lat' dir='ltr'>Luc.</span> <span class='ocrx_word' id='word_1_801' title='bbox 507 2803 610 2834; x_wconf 81' lang='lat' dir='ltr'>vn.58,</span> <span class='ocrx_word' id='word_1_802' title='bbox 630 2802 706 2836; x_wconf 82' lang='lat' dir='ltr'>longe</span> <span class='ocrx_word' id='word_1_803' title='bbox 720 2802 854 2835; x_wconf 89' lang='lat' dir='ltr'>antiquior</span> <span class='ocrx_word' id='word_1_804' title='bbox 880 2809 912 2828; x_wconf 85' lang='lat' dir='ltr'>ca</span> 
     </span>
    </p>
   </div>
   <div class='ocr_carea' id='block_1_110' title="bbox 134 2837 910 2872">
    <p class='ocr_par' dir='ltr' id='par_1_110' title="bbox 134 2837 910 2872">
     <span class='ocr_line' id='line_1_110' title="bbox 134 2837 910 2872; baseline -0.003 -8"><span class='ocrx_word' id='word_1_805' title='bbox 134 2847 214 2872; x_wconf 82' lang='lat' dir='ltr'>quam</span> <span class='ocrx_word' id='word_1_806' title='bbox 229 2838 368 2866; x_wconf 77' lang='lat' dir='ltr'>Matthteus</span> <span class='ocrx_word' id='word_1_807' title='bbox 381 2844 406 2865; x_wconf 84' lang='lat' dir='ltr'>et</span> <span class='ocrx_word' id='word_1_808' title='bbox 421 2837 524 2872; x_wconf 77' lang='lat' dir='ltr'>Marcus</span> <span class='ocrx_word' id='word_1_809' title='bbox 539 2838 634 2864; x_wconf 76' lang='lat' dir='ltr'>factam</span> <span class='ocrx_word' id='word_1_810' title='bbox 644 2838 750 2866; x_wconf 78' lang='lat' dir='ltr'>habent.</span> <span class='ocrx_word' id='word_1_811' title='bbox 764 2837 813 2863; x_wconf 80' lang='lat' dir='ltr'>sub</span> <span class='ocrx_word' id='word_1_812' title='bbox 826 2837 910 2869; x_wconf 85' lang='lat' dir='ltr'>ipsmn</span> 
     </span>
    </p>
   </div>
   <div class='ocr_carea' id='block_1_111' title="bbox 136 2870 910 2908">
    <p class='ocr_par' dir='ltr' id='par_1_111' title="bbox 136 2870 910 2908">
     <span class='ocr_line' id='line_1_111' title="bbox 136 2870 910 2908; baseline -0.004 -7"><span class='ocrx_word' id='word_1_813' title='bbox 136 2870 221 2901; x_wconf 64' lang='lat' dir='ltr'>tenue</span> <span class='ocrx_word' id='word_1_814' title='bbox 241 2878 343 2907; x_wconf 76' lang='lat' dir='ltr'>tempus</span> <span class='ocrx_word' id='word_1_815' title='bbox 362 2870 492 2908; x_wconf 71' lang='lat' dir='ltr'>paSsienis</span> <span class='ocrx_word' id='word_1_816' title='bbox 521 2873 665 2900; x_wconf 75' lang='lat' dir='ltr'>Doniinit&#39;a:</span> <span class='ocrx_word' id='word_1_817' title='bbox 687 2881 692 2898; x_wconf 95' lang='lat'>:</span> <span class='ocrx_word' id='word_1_818' title='bbox 715 2879 746 2899; x_wconf 83' lang='lat' dir='ltr'>ae</span> <span class='ocrx_word' id='word_1_819' title='bbox 761 2878 809 2899; x_wconf 85' lang='lat' dir='ltr'>nec</span> <span class='ocrx_word' id='word_1_820' title='bbox 831 2879 910 2905; x_wconf 81' lang='lat' dir='ltr'>quam</span> 
     </span>
    </p>
   </div>
   <div class='ocr_carea' id='block_1_112' title="bbox 964 2313 1750 2349">
    <p class='ocr_par' dir='ltr' id='par_1_112' title="bbox 964 2313 1750 2349">
     <span class='ocr_line' id='line_1_112' title="bbox 964 2313 1750 2349; baseline -0.003 -8"><span class='ocrx_word' id='word_1_821' title='bbox 964 2316 1032 2349; x_wconf 80' lang='lat' dir='ltr'>ipsa,</span> <span class='ocrx_word' id='word_1_822' title='bbox 1051 2321 1080 2342; x_wconf 87' lang='grc' dir='ltr'>ιιι</span> <span class='ocrx_word' id='word_1_823' title='bbox 1093 2315 1210 2347; x_wconf 88' lang='lat' dir='ltr'>videtur,</span> <span class='ocrx_word' id='word_1_824' title='bbox 1227 2314 1322 2341; x_wconf 76' lang='lat' dir='ltr'>Lazari</span> <span class='ocrx_word' id='word_1_825' title='bbox 1341 2320 1366 2341; x_wconf 85' lang='lat' dir='ltr'>et</span> <span class='ocrx_word' id='word_1_826' title='bbox 1376 2321 1499 2341; x_wconf 82' lang='lat' dir='ltr'>sororum</span> <span class='ocrx_word' id='word_1_827' title='bbox 1516 2314 1605 2343; x_wconf 82' lang='lat' dir='ltr'>domo,</span> <span class='ocrx_word' id='word_1_828' title='bbox 1621 2314 1676 2347; x_wconf 81' lang='lat' dir='ltr'>ipsa</span> <span class='ocrx_word' id='word_1_829' title='bbox 1692 2313 1750 2340; x_wconf 57' lang='lat' dir='ltr'>fuc.</span> 
     </span>
    </p>
   </div>
   <div class='ocr_carea' id='block_1_113' title="bbox 963 2349 1750 2384">
    <p class='ocr_par' dir='ltr' id='par_1_113' title="bbox 963 2349 1750 2384">
     <span class='ocr_line' id='line_1_113' title="bbox 963 2349 1750 2384; baseline -0.004 -8"><span class='ocrx_word' id='word_1_830' title='bbox 963 2352 1009 2381; x_wconf 89' lang='lat' dir='ltr'>ril,</span> <span class='ocrx_word' id='word_1_831' title='bbox 1025 2358 1084 2384; x_wconf 69' lang='lat' dir='ltr'>quae</span> <span class='ocrx_word' id='word_1_832' title='bbox 1099 2351 1167 2384; x_wconf 84' lang='lat' dir='ltr'>apud</span> <span class='ocrx_word' id='word_1_833' title='bbox 1200 2350 1294 2376; x_wconf 88' lang='lat' dir='ltr'>Matth.</span> <span class='ocrx_word' id='word_1_834' title='bbox 1312 2355 1338 2376; x_wconf 90' lang='lat' dir='ltr'>et</span> <span class='ocrx_word' id='word_1_835' title='bbox 1359 2349 1476 2376; x_wconf 84' lang='lat' dir='ltr'>Marcum</span> <span class='ocrx_word' id='word_1_836' title='bbox 1506 2349 1601 2384; x_wconf 76' lang='lat' dir='ltr'>legitur</span> <span class='ocrx_word' id='word_1_837' title='bbox 1619 2349 1644 2375; x_wconf 86' lang='lat' dir='ltr'>in</span> <span class='ocrx_word' id='word_1_838' title='bbox 1671 2350 1750 2375; x_wconf 82' lang='lat' dir='ltr'>domo</span> 
     </span>
    </p>
   </div>
   <div class='ocr_carea' id='block_1_114' title="bbox 964 2383 1749 2418">
    <p class='ocr_par' dir='ltr' id='par_1_114' title="bbox 964 2383 1749 2418">
     <span class='ocr_line' id='line_1_114' title="bbox 964 2383 1749 2418; baseline -0.003 -7"><span class='ocrx_word' id='word_1_839' title='bbox 964 2383 1082 2412; x_wconf 81' lang='lat' dir='ltr'>Simonis</span> <span class='ocrx_word' id='word_1_840' title='bbox 1112 2385 1208 2418; x_wconf 81' lang='lat' dir='ltr'>leprosi</span> <span class='ocrx_word' id='word_1_841' title='bbox 1237 2394 1242 2410; x_wconf 95' lang='lat'><strong>:</strong></span> <span class='ocrx_word' id='word_1_842' title='bbox 1280 2392 1435 2418; x_wconf 82' lang='lat' dir='ltr'>quanquam</span> <span class='ocrx_word' id='word_1_843' title='bbox 1467 2383 1548 2410; x_wconf 88' lang='lat' dir='ltr'>multa</span> <span class='ocrx_word' id='word_1_844' title='bbox 1566 2384 1749 2418; x_wconf 68' lang='lat' dir='ltr'>consonantia</span> 
     </span>
    </p>
   </div>
   <div class='ocr_carea' id='block_1_115' title="bbox 962 2417 1748 2454">
    <p class='ocr_par' dir='ltr' id='par_1_115' title="bbox 962 2417 1748 2454">
     <span class='ocr_line' id='line_1_115' title="bbox 962 2417 1748 2454; baseline -0.005 -8"><span class='ocrx_word' id='word_1_845' title='bbox 962 2421 1083 2446; x_wconf 86' lang='lat' dir='ltr'>eamdem</span> <span class='ocrx_word' id='word_1_846' title='bbox 1097 2417 1262 2454; x_wconf 78' lang='lat' dir='ltr'>probabilius</span> <span class='ocrx_word' id='word_1_847' title='bbox 1283 2417 1424 2445; x_wconf 78' lang='lat' dir='ltr'>suadeant.</span> <span class='ocrx_word' id='word_1_848' title='bbox 1442 2418 1527 2444; x_wconf 83' lang='lat' dir='ltr'>liabet</span> <span class='ocrx_word' id='word_1_849' title='bbox 1558 2417 1748 2454; x_wconf 76' lang='lat' dir='ltr'>Amphilochia</span> 
     </span>
    </p>
   </div>
   <div class='ocr_carea' id='block_1_116' title="bbox 963 2451 1750 2490">
    <p class='ocr_par' dir='ltr' id='par_1_116' title="bbox 963 2451 1750 2490">
     <span class='ocr_line' id='line_1_116' title="bbox 963 2451 1750 2490; baseline -0.004 -10"><span class='ocrx_word' id='word_1_850' title='bbox 963 2455 1083 2490; x_wconf 77' lang='lat' dir='ltr'>proxima</span> <span class='ocrx_word' id='word_1_851' title='bbox 1098 2451 1390 2490; x_wconf 63' lang='lat' dir='ltr'>prmfttttt{_Cltrysost.</span> <span class='ocrx_word' id='word_1_852' title='bbox 1415 2453 1488 2490; x_wconf 82' lang='lat' dir='ltr'>Itoni.</span> <span class='ocrx_word' id='word_1_853' title='bbox 1509 2453 1536 2478; x_wconf 84' lang='lat' dir='ltr'>in</span> <span class='ocrx_word' id='word_1_854' title='bbox 1556 2451 1655 2490; x_wconf 59' lang='lat' dir='ltr'>prodit.</span> <span class='ocrx_word' id='word_1_855' title='bbox 1671 2453 1750 2490; x_wconf 65' lang='lat' dir='ltr'>ludo:</span> 
     </span>
    </p>
   </div>
   <div class='ocr_carea' id='block_1_117' title="bbox 964 2487 1749 2524">
    <p class='ocr_par' dir='ltr' id='par_1_117' title="bbox 964 2487 1749 2524">
     <span class='ocr_line' id='line_1_117' title="bbox 964 2487 1749 2524; baseline -0.004 -8"><span class='ocrx_word' id='word_1_856' title='bbox 964 2487 1028 2516; x_wconf 82' lang='lat' dir='ltr'>tom.</span> <span class='ocrx_word' id='word_1_857' title='bbox 1055 2489 1073 2516; x_wconf 82' lang='lat' dir='ltr'>V</span> <span class='ocrx_word' id='word_1_858' title='bbox 1095 2489 1194 2516; x_wconf 74' lang='lat' dir='ltr'>Duetei.</span> <span class='ocrx_word' id='word_1_859' title='bbox 1220 2487 1313 2516; x_wconf 81' lang='lat' dir='ltr'>Videri</span> <span class='ocrx_word' id='word_1_860' title='bbox 1339 2493 1427 2524; x_wconf 80' lang='lat' dir='ltr'>potest</span> <span class='ocrx_word' id='word_1_861' title='bbox 1454 2487 1596 2515; x_wconf 76' lang='lat' dir='ltr'>Jansenius</span> <span class='ocrx_word' id='word_1_862' title='bbox 1618 2488 1749 2515; x_wconf 82' lang='lat' dir='ltr'>Concord.</span> 
     </span>
    </p>
   </div>
   <div class='ocr_carea' id='block_1_118' title="bbox 963 2525 1048 2551">
    <p class='ocr_par' dir='ltr' id='par_1_118' title="bbox 963 2525 1048 2551">
     <span class='ocr_line' id='line_1_118' title="bbox 963 2525 1048 2551; baseline -0.012 0"><span class='ocrx_word' id='word_1_863' title='bbox 963 2532 987 2551; x_wconf 91' lang='lat' dir='ltr'>c.</span> <span class='ocrx_word' id='word_1_864' title='bbox 1004 2525 1048 2550; x_wconf 71' lang='lat'>4‘5.</span> 
     </span>
    </p>
   </div>
   <div class='ocr_carea' id='block_1_119' title="bbox 999 2553 1750 2594">
    <p class='ocr_par' dir='ltr' id='par_1_119' title="bbox 999 2553 1750 2594">
     <span class='ocr_line' id='line_1_119' title="bbox 999 2553 1750 2594; baseline -0.005 -9"><span class='ocrx_word' id='word_1_865' title='bbox 999 2558 1056 2593; x_wconf 81' lang='lat'>(75)</span> <span class='ocrx_word' id='word_1_866' title='bbox 1079 2558 1175 2594; x_wconf 74' lang='grc' dir='ltr'>Λογίζ.</span> <span class='ocrx_word' id='word_1_867' title='bbox 1210 2558 1302 2586; x_wconf 81' lang='lat' dir='ltr'>Montl&#39;.</span> <span class='ocrx_word' id='word_1_868' title='bbox 1334 2559 1380 2586; x_wconf 77' lang='grc' dir='ltr'>καὶ</span> <span class='ocrx_word' id='word_1_869' title='bbox 1411 2559 1441 2585; x_wconf 83' lang='grc' dir='ltr'>οὺ</span> <span class='ocrx_word' id='word_1_870' title='bbox 1473 2558 1611 2592; x_wconf 80' lang='grc' dir='ltr'>λογίζεται</span> <span class='ocrx_word' id='word_1_871' title='bbox 1639 2554 1653 2580; x_wconf 86' lang='grc' dir='ltr'><strong><em>ὸ</em></strong></span> <span class='ocrx_word' id='word_1_872' title='bbox 1683 2553 1750 2587; x_wconf 68' lang='grc' dir='ltr'>θεὸς</span> 
     </span>
    </p>
   </div>
   <div class='ocr_carea' id='block_1_120' title="bbox 964 2594 1254 2621">
    <p class='ocr_par' dir='ltr' id='par_1_120' title="bbox 964 2594 1254 2621">
     <span class='ocr_line' id='line_1_120' title="bbox 964 2594 1254 2621; baseline -0.003 0"><span class='ocrx_word' id='word_1_873' title='bbox 964 2594 1110 2621; x_wconf 82' lang='grc' dir='ltr'>ἀπώλειαν·</span> <span class='ocrx_word' id='word_1_874' title='bbox 1130 2595 1176 2620; x_wconf 76' lang='grc' dir='ltr'>καὶ</span> <span class='ocrx_word' id='word_1_875' title='bbox 1201 2594 1254 2620; x_wconf 81' lang='grc' dir='ltr'>ἵνα.</span> 
     </span>
    </p>
   </div>
   <div class='ocr_carea' id='block_1_121' title="bbox 999 2625 1745 2664">
    <p class='ocr_par' dir='ltr' id='par_1_121' title="bbox 999 2625 1745 2664">
     <span class='ocr_line' id='line_1_121' title="bbox 999 2625 1745 2664; baseline -0.007 -9"><span class='ocrx_word' id='word_1_876' title='bbox 999 2629 1052 2664; x_wconf 76' lang='grc'>(74)</span> <span class='ocrx_word' id='word_1_877' title='bbox 1079 2629 1286 2662; x_wconf 61' lang='grc' dir='ltr'>’Λπεκλείσθψ</span> <span class='ocrx_word' id='word_1_878' title='bbox 1313 2628 1403 2655; x_wconf 77' lang='lat' dir='ltr'>Addit.</span> <span class='ocrx_word' id='word_1_879' title='bbox 1426 2626 1521 2664; x_wconf 46' lang='grc' dir='ltr'>ΜοιιιίἈ</span> <span class='ocrx_word' id='word_1_880' title='bbox 1539 2627 1572 2664; x_wconf 71' lang='grc' dir='ltr'>δι’</span> <span class='ocrx_word' id='word_1_881' title='bbox 1589 2626 1622 2661; x_wconf 81' lang='grc' dir='ltr'>ἢν</span> <span class='ocrx_word' id='word_1_882' title='bbox 1657 2625 1745 2664; x_wconf 52' lang='grc' dir='ltr'>ξΛδάμ</span> 
     </span>
    </p>
   </div>
   <div class='ocr_carea' id='block_1_122' title="bbox 964 2660 1748 2699">
    <p class='ocr_par' dir='ltr' id='par_1_122' title="bbox 964 2660 1748 2699">
     <span class='ocr_line' id='line_1_122' title="bbox 964 2660 1748 2699; baseline -0.008 -7"><span class='ocrx_word' id='word_1_883' title='bbox 964 2660 1154 2699; x_wconf 70' lang='grc' dir='ltr'>συνεξεΰλήθη,</span> <span class='ocrx_word' id='word_1_884' title='bbox 1173 2673 1218 2697; x_wconf 74' lang='lat' dir='ltr'>per</span> <span class='ocrx_word' id='word_1_885' title='bbox 1237 2660 1314 2699; x_wconf 75' lang='lat' dir='ltr'>quam</span> <span class='ocrx_word' id='word_1_886' title='bbox 1335 2664 1417 2689; x_wconf 77' lang='lat' dir='ltr'>Attum</span> <span class='ocrx_word' id='word_1_887' title='bbox 1444 2662 1521 2699; x_wconf 65' lang='lat' dir='ltr'>simul</span> <span class='ocrx_word' id='word_1_888' title='bbox 1538 2661 1634 2699; x_wconf 55' lang='lat' dir='ltr'>ejeettts</span> <span class='ocrx_word' id='word_1_889' title='bbox 1653 2660 1748 2699; x_wconf 58' lang='lat' dir='ltr'>fuerat.</span> 
     </span>
    </p>
   </div>
   <div class='ocr_carea' id='block_1_123' title="bbox 965 2695 1748 2732">
    <p class='ocr_par' dir='ltr' id='par_1_123' title="bbox 965 2695 1748 2732">
     <span class='ocr_line' id='line_1_123' title="bbox 965 2695 1748 2732; baseline -0.009 -5"><span class='ocrx_word' id='word_1_890' title='bbox 965 2701 997 2727; x_wconf 79' lang='lat' dir='ltr'>Et</span> <span class='ocrx_word' id='word_1_891' title='bbox 1026 2695 1114 2725; x_wconf 75' lang='lat' dir='ltr'>statim</span> <span class='ocrx_word' id='word_1_892' title='bbox 1138 2695 1150 2725; x_wconf 72' lang='grc' dir='ltr'>ἐ</span> <span class='ocrx_word' id='word_1_893' title='bbox 1173 2695 1247 2726; x_wconf 63' lang='grc' dir='ltr'>’ἀλλά</span> <span class='ocrx_word' id='word_1_894' title='bbox 1277 2698 1396 2732; x_wconf 76' lang='grc' dir='ltr'>ἐλύπησε</span> <span class='ocrx_word' id='word_1_895' title='bbox 1425 2697 1506 2732; x_wconf 6' lang='grc' dir='ltr'>τοῦτο,</span> <span class='ocrx_word' id='word_1_896' title='bbox 1538 2695 1646 2732; x_wconf 77' lang='grc' dir='ltr'>Ἰούδαν·</span> <span class='ocrx_word' id='word_1_897' title='bbox 1675 2695 1748 2732; x_wconf 68' lang='grc' dir='ltr'>είκό-</span> 
     </span>
    </p>
   </div>
   <div class='ocr_carea' id='block_1_124' title="bbox 965 2730 1750 2766">
    <p class='ocr_par' dir='ltr' id='par_1_124' title="bbox 965 2730 1750 2766">
     <span class='ocr_line' id='line_1_124' title="bbox 965 2730 1750 2766; baseline -0.011 -4"><span class='ocrx_word' id='word_1_898' title='bbox 965 2743 1027 2766; x_wconf 83' lang='grc' dir='ltr'>τως·</span> <span class='ocrx_word' id='word_1_899' title='bbox 1044 2734 1095 2761; x_wconf 82' lang='lat' dir='ltr'>Setl</span> <span class='ocrx_word' id='word_1_900' title='bbox 1117 2734 1180 2760; x_wconf 79' lang='lat' dir='ltr'>illud</span> <span class='ocrx_word' id='word_1_901' title='bbox 1203 2734 1280 2760; x_wconf 77' lang='lat' dir='ltr'>Jttdtu</span> <span class='ocrx_word' id='word_1_902' title='bbox 1300 2730 1385 2759; x_wconf 78' lang='lat' dir='ltr'>dolori</span> <span class='ocrx_word' id='word_1_903' title='bbox 1405 2733 1454 2766; x_wconf 79' lang='lat' dir='ltr'>fuit</span> <span class='ocrx_word' id='word_1_904' title='bbox 1473 2731 1554 2764; x_wconf 77' lang='lat' dir='ltr'>:jure</span> <span class='ocrx_word' id='word_1_905' title='bbox 1569 2731 1682 2765; x_wconf 71' lang='lat' dir='ltr'>quidem.</span> <span class='ocrx_word' id='word_1_906' title='bbox 1698 2730 1750 2754; x_wconf 66' lang='grc' dir='ltr'>Ιὶιι-</span> 
     </span>
    </p>
   </div>
   <div class='ocr_carea' id='block_1_125' title="bbox 966 2768 1755 2802">
    <p class='ocr_par' dir='ltr' id='par_1_125' title="bbox 966 2768 1755 2802">
     <span class='ocr_line' id='line_1_125' title="bbox 966 2768 1755 2802; baseline -0.009 -5"><span class='ocrx_word' id='word_1_907' title='bbox 966 2771 1045 2801; x_wconf 83' lang='lat' dir='ltr'>ctius,</span> <span class='ocrx_word' id='word_1_908' title='bbox 1058 2775 1082 2795; x_wconf 93' lang='lat' dir='ltr'>ut</span> <span class='ocrx_word' id='word_1_909' title='bbox 1095 2769 1209 2796; x_wconf 88' lang='lat' dir='ltr'>videtur.</span> <span class='ocrx_word' id='word_1_910' title='bbox 1225 2768 1277 2795; x_wconf 81' lang='lat' dir='ltr'>Sed</span> <span class='ocrx_word' id='word_1_911' title='bbox 1294 2768 1385 2802; x_wconf 74' lang='grc' dir='ltr'>ἐπέχω</span> <span class='ocrx_word' id='word_1_912' title='bbox 1398 2769 1431 2794; x_wconf 90' lang='lat' dir='ltr'>ob</span> <span class='ocrx_word' id='word_1_913' title='bbox 1442 2774 1472 2794; x_wconf 84' lang='lat' dir='ltr'>ea</span> <span class='ocrx_word' id='word_1_914' title='bbox 1485 2773 1544 2800; x_wconf 65' lang='lat' dir='ltr'>quae</span> <span class='ocrx_word' id='word_1_915' title='bbox 1560 2773 1619 2793; x_wconf 72' lang='lat' dir='ltr'>mox</span> <span class='ocrx_word' id='word_1_916' title='bbox 1632 2772 1755 2799; x_wconf 59' lang='lat' dir='ltr'>sequium</span> 
     </span>
    </p>
   </div>
   <div class='ocr_carea' id='block_1_126' title="bbox 967 2803 1322 2833">
    <p class='ocr_par' dir='ltr' id='par_1_126' title="bbox 967 2803 1322 2833">
     <span class='ocr_line' id='line_1_126' title="bbox 967 2803 1322 2833; baseline -0.008 -1"><span class='ocrx_word' id='word_1_917' title='bbox 967 2810 1018 2833; x_wconf 83' lang='lat' dir='ltr'>tur.</span> <span class='ocrx_word' id='word_1_918' title='bbox 1030 2804 1090 2831; x_wconf 76' lang='grc' dir='ltr'>ὅθεν</span> <span class='ocrx_word' id='word_1_919' title='bbox 1099 2804 1146 2831; x_wconf 71' lang='grc' dir='ltr'>καὶ</span> <span class='ocrx_word' id='word_1_920' title='bbox 1159 2804 1198 2832; x_wconf 80' lang='grc' dir='ltr'>σὲ.</span> <span class='ocrx_word' id='word_1_921' title='bbox 1217 2812 1244 2830; x_wconf 83' lang='grc' dir='ltr'>κ.</span> <span class='ocrx_word' id='word_1_922' title='bbox 1256 2811 1280 2829; x_wconf 90' lang='grc' dir='ltr'>τ.</span> <span class='ocrx_word' id='word_1_923' title='bbox 1298 2803 1322 2829; x_wconf 84' lang='grc' dir='ltr'>λ.</span> 
     </span>
    </p>
   </div>
   <div class='ocr_carea' id='block_1_127' title="bbox 1001 2835 1553 2875">
    <p class='ocr_par' dir='ltr' id='par_1_127' title="bbox 1001 2835 1553 2875">
     <span class='ocr_line' id='line_1_127' title="bbox 1001 2835 1553 2875; baseline -0.007 -9"><span class='ocrx_word' id='word_1_924' title='bbox 1001 2840 1025 2875; x_wconf 84' lang='lat'>(7</span> <span class='ocrx_word' id='word_1_925' title='bbox 1031 2839 1056 2875; x_wconf 70' lang='grc' dir='ltr'>ὅ)</span> <span class='ocrx_word' id='word_1_926' title='bbox 1067 2838 1259 2875; x_wconf 63' lang='grc' dir='ltr'>Λινιῃιιίεων.</span> <span class='ocrx_word' id='word_1_927' title='bbox 1278 2838 1356 2865; x_wconf 86' lang='lat' dir='ltr'>Deest</span> <span class='ocrx_word' id='word_1_928' title='bbox 1373 2836 1449 2871; x_wconf 74' lang='lat' dir='ltr'>apud.</span> <span class='ocrx_word' id='word_1_929' title='bbox 1460 2835 1553 2864; x_wconf 75' lang='lat' dir='ltr'>Menti.</span> 
     </span>
    </p>
   </div>
  </div>
