1904 3054
158 131 193 159 83
657 129 686 158 S.
707 128 930 166 AMPHILOCHIJ
950 127 1141 156 ICONIENSIS
1161 126 1314 156 EPlSCOPl
1755 124 1793 154 8:5

158 191 193 218 tis
205 190 273 217 male
288 190 381 218 habuit
393 190 523 218 femineus
538 197 619 218 sexus
634 199 640 216 :
655 197 690 217 ne
706 190 768 224 quis
779 189 922 225 prohibeat
935 209 943 222 ,

1017 196 1127 224 ρωπον;
1145 186 1294 223 Αὖτάρκως
1312 186 1398 221 ἔκαμε
1424 185 1454 212 τὸ
1479 186 1534 213 τῶν
1551 184 1688 220 γυναικῶν
1700 185 1791 219 γένος’

158 245 212 271 quo
234 239 323 264 minus
341 237 422 263 salva:
444 237 509 263 ﬁant
527 246 533 264 :
551 244 584 264 uc
609 236 670 271 quis
696 236 731 263 illi
747 235 883 263 molestus
902 234 947 268 sit,

158 291 218 317 qua:
239 282 325 310 fessos
341 287 450 318 propter
467 282 551 316 ipsam
572 282 606 309 ab
630 281 729 309 itinere
749 289 831 316 super
849 286 947 308 terram

159 329 238 364 pedes
267 328 340 355 lavit.
371 327 441 354 Nam
465 335 565 361 semper
587 334 712 361 pauperes
739 326 838 353 habetis
862 326 961 353 vobis-v

159 384 216 402 cum
232 375 264 402 ι’.
280 375 366 402 Etiam
385 383 444 402 cum
466 374 628 409 pauperibus
641 381 683 401 tne
699 373 823 408 accipite.
837 373 949 409 Propter

160 429 208 449 vos
223 422 304 453 enim,
327 429 388 448 cum
401 421 477 448 dives
491 428 590 452 essem,
610 420 698 447 lactus
714 428 772 447 sum
791 427 902 454 pauper,
921 424 950 447 ut

160 475 207 495 vos
222 475 280 494 utea
298 471 459 502 paupertate
472 466 625 493 ditaremini
639 465 672 493 “.
692 465 734 492 Me
748 466 888 498 occiditis,
904 473 951 494 ue-

160 520 214 547 que
230 519 330 539 accuso
349 521 356 540 :
378 519 420 539 me
437 511 480 538 illa
497 511 642 546 sepultura:
662 511 759 544 tradit,
784 515 951 538 et~murinu-

160 558 246 586 ratis?
270 558 375 585 Mittens
390 559 458 585 enim
473 558 527 585 hac
542 562 702 593 unguentum
714 557 741 583 in
751 565 843 590 corpus
855 565 950 588 menon,

160 605 195 631 ad
213 603 389 639 sepeliendum
407 612 446 630 me
464 604 525 638 fecit
539 604 572 632 ".
591 603 648 631 Non
666 604 779 639 pudore,
794 602 861 630 Juda
873 623 881 634 ,
896 602 952 630 sul-

161 650 292 683 funderis,
315 651 385 685 quod
413 650 486 682 haec,
513 657 575 677 cum
595 650 630 677 sit
656 650 805 684 peccatrix,
834 656 876 676 me
901 656 952 675 un-

162 698 269 731 guentis
286 696 416 728 honoret;
435 700 461 722 tu
487 703 563 728 vero,
590 695 636 729 qui
657 695 695 723 sis
716 694 863 729 apostolus,
890 701 954 721 ven-

163 742 263 769 ditione
279 741 392 776 iniurius
416 741 466 769 lis?
491 741 524 768 Et
546 741 643 768 mulier
662 741 781 775 quidem,
803 745 880 775 parat
894 747 954 775 qua:

163 790 286 822 spectant.
317 787 351 814 ad
378 786 563 820 sepulturam;
589 786 738 820 discipulus
761 790 851 812 autem
874 785 952 812 morti

165 832 258 860 tradit.
281 831 422 860 Peccatrix
440 837 482 859 est
493 833 607 865 mulier,
625 832 688 859 novi
705 841 712 859 :
728 836 867 864 ueterum,
888 831 955 858 nihil

1004 234 1098 269 μηδεὶς
1124 233 1215 260 αὐτῶν
1239 233 1289 268 τὴν
1314 232 1451 268 σωτηρίαν
1477 231 1665 267 ὲμποδιζὲτω·
1699 232 1793 267 μηδεὶς

1002 279 1128 306 κοπούτω
1146 278 1195 314 τὴν
1208 278 1342 305 λούσασαν
1368 278 1446 314 μύρῳ
1467 279 1530 309 τοὺς
1545 277 1628 309 πόδας
1641 278 1704 309 τοὺς
1725 277 1794 314 ὑπὲρ

1003 325 1087 360 αὐτῆς
1103 325 1264 359 βαδίσαντας
1288 325 1334 351 ἐπὶ
1348 325 1397 360 τῆς
1410 325 1471 359 γῆς.
1495 324 1565 356 Τοὺς
1585 323 1723 358 πτωχοὺς
1738 324 1796 359 γὰρ

1003 371 1130 398 πάι-τοτε
1143 371 1228 405 ἔχετε
1240 372 1304 406 μεθ’
1317 370 1442 398 ἑαυτῶν.
1459 370 1563 397 Λάϐετε
1581 370 1652 406 κάμὲ
1667 371 1713 396 καὶ
1726 370 1798 405 μετὰ

1004 417 1129 452 πτωχῶν.
1146 417 1184 443 Δι’
1202 416 1274 451 ὑμᾶς
1290 416 1345 451 γὰρ
1365 416 1525 451 ὲπτώχευσα
1543 415 1670 447 πλούσιος
1685 414 1734 447 ὢν,
1753 415 1798 442 ἵνα

1005 463 1083 497 ὑμεῖς
1099 464 1131 498 τῇ
1150 463 1203 498 ὲμῇ
1227 462 1348 498 πτωχείᾳ
1371 462 1552 497 πλουτήσητε.
1574 462 1724 496 ’Δναιρεῖτέ
1750 470 1797 497 με,

1004 508 1052 535 καὶ
1071 508 1122 535 οὐκ
1143 507 1268 542 ἐγκαλῶ·
1296 508 1453 543 ὲνταφιάζει
1471 515 1505 543 με
1521 507 1600 544 αὕτη,
1626 508 1672 534 καὶ
1695 508 1799 542 γογγύ-

1005 554 1065 587 ζετε
1078 564 1085 588 ;
1101 554 1245 582 Βαλοῦσα
1257 554 1311 589 γὰρ
1323 554 1400 589 αὕτη
1413 554 1446 581 τὸ
1458 556 1556 589 μύρον
1565 554 1614 581 ἐπὶ
1630 554 1683 581 τοῦ
1699 554 1799 588 σώμα-

1005 602 1056 634 τός
1066 610 1137 636 μου,
1159 601 1235 635 πρὸς
1248 601 1282 628 τὸ
1298 600 1477 636 ἐνταφιάσαι
1491 609 1529 635 με
1548 601 1724 634 πεποίηκεν.
1740 600 1800 626 Οὐκ

1006 647 1066 682 αἰδῇ
1089 645 1147 680 οὖν,
1172 647 1268 678 Ἰούδα,
1290 647 1330 673 ὃτι
1350 645 1418 682 αὕτη
1437 646 1497 682 μὲν,
1522 645 1682 682 ἁμαρτωλὸς
1709 644 1797 678 οὖσα,

1008 693 1103 729 μύροις
1129 702 1162 728 με
1182 694 1250 729 τιμᾷ
1264 702 1270 708 ·
1296 693 1327 719 σὺ
1349 692 1395 725 δὲ,
1416 692 1565 723 ἀπόστολος
1577 691 1624 725 ὢν,
1642 692 1742 728 πράσει
1764 699 1800 727 με

1006 739 1199 776 καθυϐρίζεις;
1225 739 1280 767 Καὶ
1297 740 1313 775 ἡ
1333 739 1383 774 μὲν
1405 739 1473 775 γυνὴ
1487 739 1521 765 τὰ
1538 739 1606 775 πρὸς
1627 739 1712 774 τάφον
1729 740 1800 766 ἐτοι-

1009 786 1100 822 μὰξει.
1112 787 1126 813 ὁ
1137 786 1164 813 δὲ
1180 785 1304 821 μαθητὴς
1314 785 1352 820 τῷ
1365 785 1472 821 θανάτῳ
1483 785 1678 821 παραδίδωσιν.
1697 785 1802 821 Ἀμαρ-

1007 831 1093 863 τωλός
1109 831 1182 857 ἐστιν
1199 831 1215 866 ὴ
1231 830 1310 866 γυνὴ,
1325 828 1397 857 οἶδεν
1427 829 1484 856 ἀλλ’
1507 830 1584 856 οὐδὲν
1602 828 1659 865 εἶχέ
1686 839 1730 865 μοι
1747 839 1801 865 χα-

164 878 215 905 [υἱι
239 882 337 912 praeter
364 877 546 912 lact-ymuruut
576 878 691 909 l'ontem,
721 877 793 911 quod
819 877 953 904 donaret:

1017 877 1144 909 λίσασοαι,
1162 877 1179 912 ἦ
1193 877 1284 912 πηγὴν
1297 876 1423 912 δακρύων
1434 885 1440 892 ·
1459 878 1534 912 πηγῇ
1547 876 1598 912 τὴν
1612 876 1703 911 πηγὴν
1718 876 1802 911 εὐμε-

164 923 265 950 l'ontem
279 922 352 950 lonte
367 923 529 950 benevolum
540 923 654 950 faciens.
670 922 722 949 Sed
734 927 764 949 et
777 927 953 957 unguentum,

165 969 270 1001 infelix,
298 969 412 1004 probas;
447 970 492 1004 qui
515 969 591 997 dicas
619 973 802 996 trecentorum
830 968 955 996 denario-

164 1023 224 1042 rum
236 1015 278 1043 ":
296 1016 394 1051 probas
409 1020 510 1048 autem,
525 1023 578 1043 nou
601 1020 631 1042 ut
649 1015 740 1042 laudes
766 1014 837 1042 illius
852 1015 956 1049 magni-

165 1061 315 1093 ﬁcentiam,
343 1069 402 1096 qua:
432 1066 518 1089 totum
544 1061 615 1096 quod
640 1061 778 1095 peccando
801 1060 957 1088 divitiarum

166 1107 325 1141 collegerat,
335 1107 363 1133 itt
379 1107 508 1142 unguenti
523 1107 639 1141 pretiun‘.
654 1106 830 1139 insumpserit
843 1114 850 1132 :
864 1106 910 1133 sed
930 1110 960 1132 ut

168 1152 364 1179 tuurmurando
377 1153 515 1184 ostendas,
530 1152 556 1179 iu
573 1159 653 1186 quam
670 1151 759 1179 dirum
775 1152 885 1184 malum,
901 1157 959 1178 tan-

168 1201 226 1224 tum
242 1196 333 1224 damni
348 1204 457 1232 passus,
485 1197 626 1225 incideris.
653 1197 752 1225 Verum
779 1197 846 1224 nihil
870 1197 958 1231 magni

169 1243 262 1276 fuerit,
279 1243 351 1277 quod
373 1243 486 1271 moleste
504 1243 576 1271 feras
591 1244 706 1271 amissos
722 1248 860 1271 trecentos
875 1243 958 1270 dena-

169 1290 233 1321 rios,
249 1297 310 1317 cum
328 1290 446 1325 acceptis
469 1290 579 1326 triginta
596 1298 638 1318 me
654 1291 795 1318 Dominum
813 1295 886 1318 tuum
903 1295 958 1317 tra-

169 1335 279 1363 dideris.
297 1335 368 1368 Quid
383 1335 467 1369 enim,
482 1336 580 1370 inquit,
596 1337 676 1363 vultis
694 1336 758 1363 milii
773 1337 846 1370 dare,
871 1341 895 1363 et
913 1344 959 1371 ego

169 1389 227 1408 cum
240 1380 310 1408 vobis
325 1381 429 1408 tradant
447 1382 490 1408 ιιι
503 1381 601 1409 Miser!
619 1381 720 1409 Servus
735 1382 878 1409 Dominum
891 1389 959 1408 ven-

168 1426 228 1452 dit?
243 1426 367 1454 lnversus
382 1431 424 1454 est
442 1427 520 1454 ordo.
548 1426 583 1453 Et
599 1427 706 1461 quidem
728 1434 778 1462 ego
800 1427 909 1462 proprio
935 1430 961 1454 te

169 1471 300 1506 sanguine
312 1479 327 1499 a
339 1477 452 1507 peccato
473 1473 577 1500 redimo
595 1481 602 1500 :
622 1476 650 1500 tu
665 1477 754 1500 autem
775 1473 807 1500 ad
826 1473 884 1500 [nec
896 1480 961 1500 vcn-

169 1517 223 1550 dis,
245 1517 354 1553 triginta
380 1519 487 1546 obolis?
517 1519 652 1547 Praeterea
675 1526 749 1551 vero,
771 1519 852 1546 homo
875 1519 959 1546 Deum

170 1564 282 1592 vendit?
313 1565 412 1592 Demus
438 1572 503 1592 vero
531 1565 602 1599 quod
617 1565 715 1592 vendat
731 1573 738 1591 :
757 1565 819 1599 quis
838 1565 962 1599 emptor?

171 1609 269 1643 Quanti
287 1617 351 1637 vero
366 1610 427 1644 quis
438 1610 520 1637 Deum
537 1610 650 1638 emerit?
674 1610 746 1644 Quid
767 1615 858 1638 autem
879 1610 963 1637 etiam

171 1663 229 1683 rem
243 1655 309 1683 lacis
322 1655 382 1683 vilis
395 1656 494 1691 pretii?
508 1656 553 1683 Sic
569 1663 613 1689 ne,
627 1656 736 1689 triginta
750 1656 813 1691 quis
827 1655 963 1690 argenteis

172 1701 256 1729 Deum
273 1701 299 1728 in
316 1701 403 1728 forma
422 1702 552 1734 humana,
573 1706 601 1728 ut
615 1709 740 1734 servum,
758 1706 787 1728 ut
807 1701 961 1734 barbarum,

173 1747 284 1775 vendit?
306 1747 409 1775 Saltem
429 1748 580 1781 discernas,
597 1748 691 1784 quanti
707 1747 790 1781 Deum
807 1747 962 1774 inhabitan-

175 1799 246 1826 tcm;
261 1793 354 1829 quanti
370 1793 505 1821 hominem
525 1794 571 1829 qui
586 1798 675 1828 paret,
696 1793 773 1822 facis.
799 1793 869 1826 Quid
887 1790 962 1826 milii,

173 1840 273 1874 inquit,
286 1839 364 1867 vultis
381 1840 467 1868 dare?
490 1838 532 1867 τυ
549 1840 613 1874 quid
626 1840 667 1868 vis
682 1839 825 1875 accipere?
845 1839 911 1866 Nam
926 1838 964 1866 illi

173 1885 239 1912 nihil
260 1885 360 1913 habent
386 1886 462 1918 dare,
494 1886 565 1920 quod
595 1886 674 1920 digne
701 1886 755 1913 Deo
784 1885 962 1920 responderit.

176 1932 208 1958 Et
226 1932 417 1959 constituerunt
444 1932 495 1966 illi,
520 1932 618 1968 inquit,
636 1932 745 1967 triginta
771 1936 908 1966 argenteo:
929 1931 962 1958 ‘°.

173 1979 214 2005 Au
229 1979 290 2013 quis
315 1979 448 2006 medicum
473 1979 558 2014 gratis
583 1983 725 2007 curantem
745 1978 856 2014 triginta
876 1978 964 2006 obolis

173 2024 284 2052 vendit?
307 2024 450 2057 Medicum,
478 2026 599 2060 inquam,
624 2026 668 2060 qui
687 2026 767 2053 carcis
791 2025 837 2052 dat
853 2026 963 2053 visum:

174 2069 221 2104 qui
246 2069 280 2096 ad
302 2077 412 2097 cursum
429 2070 542 2098 claudos
569 2070 671 2106 erigit?
699 2069 761 2098 Haec
783 2070 854 2102 dico,
882 2075 912 2097 ut
938 2074 966 2096 te

174 2115 308 2148 erudiam,
327 2117 372 2151 qui
386 2116 515 2144 molestus
542 2124 572 2144 es
596 2117 711 2149 mulieri,
739 2116 811 2151 quod
838 2123 899 2143 eum
919 2115 964 2150 qui

174 2168 218 2190 est
233 2164 304 2191 inter
319 2167 440 2191 mortuos
456 2163 567 2196 liber“,
578 2165 661 2192 etiam
675 2167 739 2191 ante
753 2168 878 2195 mortem,
892 2163 966 2190 velut

1006 923 1126 956 νίζουσα.
1156 923 1235 950 Ἀλλὰ
1267 924 1313 950 καὶ
1337 923 1511 958 δοκιμάζεις,
1538 923 1674 954 ἀθλιε,τὸ
1701 923 1799 958 μύρον,

1005 970 1168 1007 τριακοσίων
1198 969 1335 1006 δηναρίων
1364 969 1467 1004 λέγων·
1498 968 1654 1004 δοκιμάζεις
1683 969 1721 1002 δὲ,
1751 969 1803 1005 οὐχ

1007 1018 1051 1044 ἵνα
1073 1016 1160 1051 αὐτῆς
1187 1017 1236 1052 τὴν
1265 1016 1467 1052 μεγαλοψυχίαν
1482 1015 1657 1052 ’ἐπαινέσῃς-
1675 1015 1715 1042 ὃτι
1740 1015 1802 1041 ὅλον

1007 1064 1053 1090 τδν
1070 1063 1103 1089 ὲκ
1121 1062 1215 1089 κακῶν
1236 1062 1404 1097 συναχθέντα
1427 1061 1541 1089 πλοῦτον
1558 1062 1597 1094 εἰς
1614 1062 1697 1096 τιμὴν
1713 1060 1801 1096 μύρου

1008 1108 1210 1136 κατανάλωσεν·
1224 1107 1281 1134 ἀλλ’
1295 1107 1340 1134 ἴνα
1353 1106 1496 1142 γογγύζων
1508 1106 1609 1143 δείξῃς,
1622 1106 1660 1138 ὡς
1672 1106 1803 1141 ἀπεύκτῳ

1010 1154 1176 1188 περιέπεσας
1207 1153 1296 1189 κακῷ,
1324 1153 1452 1180 τοσοῦτον
1482 1153 1642 1188 ζημιωθείς.
1674 1152 1744 1179 Ἀλλ’
1770 1152 1802 1178 οὐ

1012 1200 1082 1235 μέγα
1096 1201 1119 1226 εἰ
1131 1200 1295 1234 τριακοσίων
1308 1199 1445 1236 δηναρίων
1465 1200 1593 1235 στέρησιν
1605 1199 1802 1234 δυσχεραίνεις,

1010 1246 1077 1272 ὅπου
1101 1254 1132 1280 γε
1156 1245 1304 1282 τριάκοντα
1326 1245 1426 1277 λαϐὼν,
1444 1245 1543 1271 ἀπέδου
1571 1253 1603 1280 με
1619 1245 1664 1272 τὸν
1689 1245 1803 1280 Κύριον.

1013 1293 1044 1319 Τί
1061 1292 1125 1328 γὰρ,
1141 1293 1217 1327 φησὶ,
1239 1291 1340 1319 θέλετέ
1359 1301 1409 1326 μοι
1423 1291 1542 1323 δοῦναι,
1561 1290 1641 1323 κάγὼ
1655 1286 1727 1325 ὑμῖν
1746 1297 1804 1316 πα-

1008 1336 1137 1370 ραδώσω
1156 1338 1259 1364 αὐτόν.
1287 1336 1396 1363 Ἀθλιει
1422 1335 1520 1367 Δοῦλος
1543 1335 1681 1370 Δεσπότην
1701 1333 1803 1366 πωλεῖ;

1019 1383 1216 1418 Ἀντέτραπται
1228 1383 1245 1418 ὴ
1262 1381 1349 1414 τάξις·
1368 1381 1414 1408 καὶ
1427 1381 1483 1415 ἐγὼ
1497 1378 1549 1416 μὲν
1562 1382 1591 1407 σὲ
1604 1381 1653 1416 τῆς
1667 1381 1805 1416 ἁμαρτίας

1012 1427 1050 1463 τῷ
1076 1428 1168 1463 οἰκείῳ
1187 1427 1310 1463 ὠνοῦμαι
1336 1428 1450 1462 αἵματι,
1478 1427 1512 1454 σὺ
1538 1427 1567 1454 δὲ
1599 1426 1632 1462 μὲ
1656 1426 1805 1462 τριάκοντα

1013 1474 1186 1509 ὲπεμπωλεῖς
1212 1473 1333 1506 ὀϐολῶν;
1360 1472 1426 1500 Εἶτα
1448 1473 1476 1500 δὲ
1491 1472 1546 1508 (76)
1570 1472 1713 1508 ἄνθρωπος
1737 1471 1804 1498 Θεὸν

1014 1520 1112 1553 πωλεῖς
1129 1519 1250 1546 Δεδόσθω
1272 1519 1299 1546 δὲ
1312 1542 1319 1552 ,
1344 1519 1384 1545 ὅτι
1409 1519 1508 1545 πωλεῖ·
1533 1518 1575 1550 τίς
1596 1519 1610 1544 ὁ
1629 1517 1802 1553 ὠνούμενος

1014 1566 1097 1592 πόσου
1110 1566 1138 1592 δέ
1152 1575 1193 1598 τις
1208 1566 1338 1602 ἀγοράσει
1352 1565 1418 1592 Θεόν
1433 1575 1440 1597 ;
1460 1565 1486 1592 τί
1499 1565 1526 1592 δὲ
1543 1565 1589 1591 καὶ
1606 1564 1705 1591 εὖωνον
1718 1565 1804 1594 ποιεῖς

1012 1612 1043 1639 τὸ
1058 1613 1189 1648 πρᾶγμα;
1210 1610 1358 1648 τριάκοντά
1378 1619 1420 1643 τις
1441 1611 1580 1647 ἀργυρίων
1599 1610 1665 1637 Θεὸν
1679 1609 1763 1636 πωλεί
1776 1610 1804 1635 ἐν

1013 1658 1158 1694 ἀνθρώπου
1183 1660 1284 1694 μορφῇ,
1308 1657 1346 1690 ὡς
1370 1657 1489 1693 οἰκέτην,
1510 1657 1548 1689 ὡς
1569 1656 1722 1692 βάρόαρον;
1753 1654 1803 1681 κᾶν

1014 1704 1161 1741 διάκρινον,
1177 1705 1260 1731 πόσου
1280 1704 1330 1740 μὲν
1345 1705 1390 1731 τὴν
1405 1703 1561 1731 ἐνοικοῦντα
1573 1703 1649 1734 Θεὸν,
1668 1703 1752 1729 πόσου
1775 1702 1804 1728 δὲ

1014 1751 1060 1778 τὸν
1075 1751 1236 1786 φαινόμενον
1245 1750 1388 1786 ἄνθρωπον
1397 1759 1403 1766 ν
1420 1751 1449 1777 Τί
1459 1759 1521 1784 μοι,
1535 1749 1612 1786 φησὶ,
1625 1749 1726 1777 θέλετε
1740 1748 1804 1775 δοῦ-

1014 1798 1124 1829 ναι;Σὺ
1143 1797 1169 1823 τί
1186 1796 1273 1829 θέλεις
1287 1796 1380 1823 λαϐεῖν
1395 1804 1402 1811 ·
1421 1797 1520 1823 ἐκεῖνοι
1543 1796 1596 1832 γὰρ
1620 1795 1695 1822 οὐδὲν
1714 1794 1804 1830 ἔχουσι

1014 1843 1105 1870 δοῦναι
1120 1843 1245 1876 ἀντάξιον
1269 1842 1347 1869 Θεοῦ.
1372 1842 1427 1869 Καὶ
1449 1841 1588 1875 ἔστησαν
1606 1837 1701 1873 αὐτῷ,
1727 1840 1803 1875 φησὶ,

1014 1890 1174 1924 τριάκοντα
1189 1889 1323 1924 ἀργύρια.
1345 1888 1498 1924 Τριάκοντα
1514 1887 1614 1914 ὀϐολῶν
1634 1886 1748 1923 ἄμισθον
1763 1895 1804 1918 τις

1017 1935 1108 1971 ἰατρὸν
1131 1935 1233 1967 πωλεῖς
1252 1934 1343 1969 ἰατρὸν
1357 1934 1475 1968 τυφλοὺς
1489 1932 1665 1968 ὀμματοῦντα
1675 1954 1681 1965 ,
1701 1931 1805 1967 χωλοὺς

1016 1981 1084 2017 πρὸς
1096 1981 1195 2017 δρόμον
1216 1980 1366 2016 ἐγείροντα.
1383 1977 1475 2006 Ταῦτα
1494 1979 1576 2013 λέγω,
1606 1979 1649 2006 ἴνα
1671 1987 1718 2005 σου
1739 1986 1805 2005 κατ-

1014 2028 1110 2063 ηχήσω
1120 2027 1168 2063 τὴν
1183 2027 1312 2059 διάνοιαν,
1325 2027 1365 2053 ὅτι
1380 2027 1481 2058 κόπους
1497 2025 1625 2062 παρέχεις
1634 2026 1666 2060 τῇ
1682 2024 1804 2059 γυναικί·

1015 2074 1056 2100 δτι
1072 2073 1116 2100 τὸν
1139 2075 1168 2100 ἐν
1192 2075 1300 2109 νεκροῖς
1314 2066 1466 2108 ἐλεύθερον,
1484 2072 1531 2098 καὶ
1551 2071 1605 2106 πρὸ
1626 2070 1673 2096 τοῦ
1690 2070 1805 2097 θανάτου

1016 2120 1053 2151 ὼς
1068 2119 1164 2155 νεκρὸν
1178 2119 1308 2155 ἐτίμησεν
1321 2127 1327 2133 ·
1344 2119 1386 2145 ὅτι
1398 2118 1442 2145 διὰ
1457 2117 1504 2144 τοῦ
1528 2117 1626 2153 μύρου,
1642 2117 1691 2152 τῆς
1706 2116 1805 2151 ταφῆς,

1016 2167 1062 2193 καὶ
1077 2165 1126 2202 τῆς
1145 2166 1319 2198 ἀναστάσεως
1340 2166 1388 2202 τὴν
1404 2165 1484 2201 χάριν
1500 2165 1706 2200 προεσήμανεν.
1727 2163 1807 2189 Ἀλλὰ

176 2215 324 2243 mortuum,
339 2210 442 2238 honore
458 2209 596 2243 all'ecerit;
617 2210 688 2245 quod
704 2209 859 2244 sepultura‘,
877 2216 959 2236 resur-

1018 2213 1049 2239 σὺ
1075 2212 1123 2247 μὲν
1150 2212 1256 2248 καρπὸν
1279 2212 1329 2247 τῆς
1353 2211 1497 2248 προδοσίας
1520 2211 1566 2237 τὸν
1595 2211 1699 2245 σχοῖνον
1721 2209 1805 2242 ἕξεις·

175 2256 358 2291 rectionisque
373 2255 487 2290 gratiam
502 2261 638 2291 unguento
652 2249 884 2290 praenuntiavcrit.
907 2254 964 2282 Ca2-

179 2307 277 2334 tcrum,
292 2301 338 2330 tibi
354 2301 462 2337 quidem
489 2302 653 2337 proditionis
668 2300 783 2333 fructus,
800 2301 881 2328 restis
891 2308 966 2327 mau—

179 2347 246 2374 serit
264 2347 286 2363 "
302 2356 310 2375 :
327 2347 404 2375 istius
427 2351 517 2375 autem
544 2346 686 2379 memoria,
712 2346 861 2380 ubicunque
884 2345 967 2378 fuerit

177 2394 352 2427 pra'dicatum
370 2393 543 2429 Evangelium
560 2393 595 2425 ³³,
613 2392 772 2420 indelicieus
786 2393 849 2420 erit.
869 2391 941 2419 Dixit
958 2401 965 2418 :

179 2444 272 2478 sicque
293 2443 394 2471 factum
413 2443 504 2471 fuerit.
520 2442 587 2470 Nam
612 2441 730 2469 cessavit
744 2440 834 2468 Aaron
850 2444 877 2467 et
890 2439 967 2467 Elea—

179 2490 236 2517 κτιτί
259 2494 423 2524 unguentum
438 2509 445 2522 ,
462 2495 602 2523 cornuque
617 2487 697 2515 desiit
713 2497 718 2514 :
735 2492 763 2514 at
779 2486 859 2521 hujus
878 2485 970 2512 alaba-

179 2542 276 2568 strum.
298 2536 348 2564 toti
365 2543 423 2563 aevo
442 2539 626 2568 coextentum,
647 2533 815 2561 inexhausta:
830 2531 969 2559 memoria:

182 2582 356 2617 flagrantiam
374 2581 465 2609 habet.

219 2628 251 2655 Χ.
277 2628 311 2656 Et
331 2628 367 2656 ita
382 2627 490 2663 quidem
505 2625 619 2659 Iudam;
642 2628 855 2653 murmurantem
879 2627 968 2650 autem

182 2674 348 2703 l‘harisaeum
368 2674 420 2702 hoc
436 2677 515 2709 pacto
529 2673 654 2701 Christus
666 2672 764 2700 aliatus
786 2674 828 2700 est
842 2680 849 2699 :
866 2669 968 2703 Simon,

1017 2257 1118 2294 ταύτης
1125 2258 1152 2284 δὲ
1162 2259 1178 2294 ἡ
1189 2259 1292 2294 μνήμη,
1300 2258 1375 2284 ὅπου
1385 2258 1423 2285 ἂν
1432 2256 1606 2292 κηρυχθῇτὸ
1613 2254 1806 2290 Εὐαγγέλιον,

1019 2304 1209 2336 ἁνεξάλειπτός
1223 2305 1306 2331 ἐστιν.
1327 2302 1411 2336 Εἷπε,
1425 2303 1472 2330 καὶ
1488 2303 1595 2337 ἐγένετο
1615 2302 1694 2338 ἔργον
1712 2300 1805 2332 οὕτως.

1020 2351 1082 2376 Ὀτι
1097 2350 1128 2376 τὸ
1141 2349 1189 2376 τοῦ
1211 2350 1327 2386 Ἀαρὼν,
1343 2350 1374 2377 τὸ
1388 2349 1435 2376 τοῦ
1458 2348 1588 2385 Ἐλεάζαρ
1604 2348 1741 2374 πέπαυται
1758 2346 1808 2381 μύ-

1021 2404 1075 2431 ρον,
1091 2396 1138 2422 καὶ
1154 2395 1184 2422 τὸ
1203 2396 1285 2431 κέρας
1301 2396 1418 2432 ἤργησε.
1447 2395 1483 2422 Τὸ
1499 2394 1527 2420 δὲ
1551 2393 1721 2429 ἀλάϐαστρον
1741 2391 1806 2418 ταύ-

1019 2451 1069 2478 της
1099 2442 1180 2469 παντὶ
1194 2443 1233 2478 τῷ
1246 2442 1323 2469 αἰῶνι
1336 2442 1584 2473 συνεπεκτείνεται,
1598 2441 1733 2467 ἀκένωτον
1748 2439 1806 2473 ἔχον

1019 2488 1069 2523 τῆς
1085 2489 1194 2524 μνήμης
1208 2488 1257 2523 τὴν
1270 2487 1393 2514 εὐωδίαν.

1060 2619 1086 2647 ι’.
1108 2619 1186 2647 Ἀλλὰ
1205 2620 1272 2656 πρὸς
1294 2620 1343 2655 μὲν
1352 2620 1397 2646 τὸν
1415 2619 1512 2647 Ἰούδαν
1523 2619 1608 2650 οὕτω,
1634 2618 1701 2653 πρὸς
1724 2616 1752 2643 δὲ
1765 2617 1807 2642 τὸν

1023 2667 1169 2702 Φαρισαῖον
1181 2666 1350 2701 γογγύζοντα
1363 2666 1480 2701 Χριστὸς
1496 2665 1582 2696 οὕτως
1597 2664 1682 2698 ἔλεγε·
1702 2662 1807 2697 Σίμων,

219 2764 241 2780 ⁸⁵
256 2764 350 2792 Matth.
361 2763 483 2795 xxrt,ll.
523 2762 545 2778 “
561 2762 580 2789 ll
595 2762 656 2790 Cor.
675 2769 733 2792 vui,
747 2761 773 2788 9.
811 2761 834 2777 "
852 2761 947 2788 Matth.
966 2768 1042 2789 xxvi,
1061 2757 1112 2795 12.Δ
1142 2758 1164 2773 ’³
1176 2757 1256 2785 Marc.
1270 2757 1362 2787 xtv,5.
1399 2757 1422 2773 ’θ
1435 2755 1529 2783 Matth.
1543 2762 1617 2787 XXVI,
1629 2753 1671 2781 l5.
1711 2752 1733 2769 ³⁸
1747 2750 1808 2780 ibid.

183 2796 206 2815 “
231 2798 302 2827 Psal.
328 2793 446 2831 Lxxxvu,
472 2797 498 2825 ϐ.
536 2798 557 2813 ³¹
571 2798 666 2825 Matth.
681 2804 765 2828 μνη,
783 2796 807 2823 5.
847 2796 869 2812 ³³
884 2795 977 2824 Matth.
992 2801 1065 2824 nm,
1080 2793 1122 2821 l5.

232 2857 276 2895 76)
289 2856 361 2886 Εἶτα
380 2857 421 2885 δέ.
437 2857 533 2900 Μοιιιΐζ
549 2857 570 2883 εξ
584 2856 622 2883 δέ.
