1904 3054
164 74 201 102 85

664 75 792 104 ORATIO
813 77 846 104 IN
866 77 1046 105 MULIEREM
1067 78 1320 107 PECCATRICEM.

1753 79 1799 109 86v

159 130 224 164 ἔχω
237 131 289 157 σοί
300 140 326 158 τι
339 133 443 160 εἰπεῖν.
457 135 489 161 Ὢ
502 135 612 170 χάριτος
622 134 738 169 ἀφάτονί
757 135 789 161 Ὢ
804 135 949 171 φιλανθρω-

1004 136 1085 164 habeo
1100 137 1146 163 tibi
1161 137 1261 172 aliquid
1284 138 1380 164 dicere.
1398 137 1420 165 Ο
1438 136 1600 165 ineffabilem
1616 137 1748 172 gratiam!
1765 137 1795 167 0’

161 175 229 206 πὶας
249 175 387 211 ἀρῥήτουί
415 178 480 210 Θεὸς
496 179 543 206 καὶ
565 179 707 215 ἄνθρωπος
727 179 951 214 κοινολογοῦνται,

162 222 212 248 καὶ
237 221 382 257 προτίθησι
408 225 573 260 πρόϐλημα,
597 225 698 252 κανόνα
725 225 951 261 φιλανθρωπίας,

162 266 268 294 ἐκλύων
290 267 372 294 αὐτοῦ
397 270 447 305 τὴν
466 270 608 306 πονηρίαν.
628 270 735 304 Σίμων,
761 270 832 306 γὰρ,
860 271 952 306 φησὶν,

161 314 229 348 ἔχω,
237 315 289 341 σοί
304 324 331 341 τι
346 316 450 343 εἰπεῖν’
467 317 481 343 ὃ
497 317 591 353 μηδενὶ
605 318 659 344 τῶν
677 317 800 344 παλαιῶν
816 315 904 351 εἷπον,
922 319 952 345 οὐ

166 361 334 397 τατριὰρχῃ,
350 362 380 389 οὐ
394 364 530 399 προφήτῃ.
543 364 573 390 οὑ
585 363 726 400 νομοθέτῃ.
744 364 811 390 Τότε
826 365 875 399 μὲν
887 364 951 400 γὰρ,

161 406 320 442 ὀφθαλμὸν
325 407 393 435 ἀντὶ
404 409 566 443 ὀφθαλμοῦ,
574 409 624 436 καὶ
635 409 743 436 ὀδόντα
754 410 821 437 ἀντὶ
831 410 954 444 ὀδόντος

162 453 290 489 ἐζήτουν,
303 454 334 481 τὸ
347 454 450 482 δίκαιον
461 455 600 482 ἀπαιτῶν·
616 455 673 482 ἀλλ’
689 455 781 491 ἐπειδὴ
794 456 823 481 οὑ
839 455 952 482 δύνασθε

162 499 257 534 φέρειν
280 500 310 526 τὸ
333 500 446 533 δίκαιον,
468 501 548 537 χάριν
568 501 720 535 ἀντεισάγω
743 501 782 537 τῷ
798 501 888 537 νόμῳ,
906 503 953 529 καὶ

162 545 298 580 ἁλάλητόν
320 554 360 572 σοι
383 547 531 582 μυστήριον
553 547 618 582 ὲρῶ.
654 546 685 574 '0
704 547 738 574 δέ
747 555 842 581 φησι·
867 547 953 574 Διδά-

160 593 270 623 σκαλε,
285 592 361 620 ειπέ.
377 593 434 619 Δύο
456 593 666 627 χρεωφειλέται
680 593 767 628 ἦσαν
788 593 833 620 ἐνὶ
855 593 951 628 ἀνδρί.

164 636 239 671 Ὅρα
254 636 321 663 Θεοῦ
345 638 451 672 σοφίαν.
476 639 632 674 Ἀποσιωπᾷ
646 639 694 674 τὴν
709 640 826 673 γυναῖκα
836 659 843 671 ,
859 639 900 665 ἵνα
917 639 954 674 μὴ

163 684 341 720 κακουργήσῃ
366 684 430 719 περὶ
456 684 504 719 τὴν
531 684 686 720 ἀπόκρισιν.
724 685 754 711 '0
787 682 840 718 εἷς,
860 685 952 719 φησὶν.

163 728 272 762 ὤφειλε
284 729 407 763 δηνάρια
426 730 622 757 πεντακόσια·
638 731 655 757 ό
667 730 701 756 δὲ
717 730 826 765 ἕτερος,
847 730 955 764 πεντή-

162 782 262 800 κοντα.
279 774 395 809 Φοϐερὺς
415 773 461 800 τοῦ
476 774 642 810 διηγήματος
658 776 671 802 ὁ
689 775 799 810 τρόπος.
819 776 953 810 Γραμμα-

1005 182 1218 216 inexplicabilem
1255 183 1467 210 humanitatem!
1499 182 1675 211 Communem
1715 184 1788 212 Deus

1004 235 1064 254 cum
1091 228 1200 255 homine
1224 235 1376 256 sermonem
1403 228 1499 255 miscet
1518 237 1524 255 :
1543 228 1733 264 problemaque
1760 234 1789 257 ct

1009 271 1199 304 qumstionem,
1215 272 1335 306 regulam
1347 272 1522 300 humanitatis
1538 280 1701 308 proponens,
1717 274 1788 302 illius

1005 315 1136 343 malitiam
1154 316 1286 344 dissolvit.
1310 317 1403 345 Simon
1429 318 1510 349 enim,
1525 318 1621 353 inquit,
1638 319 1720 347 habeo
1739 319 1788 347 tibi

1003 361 1104 397 aliquid
1123 363 1226 395 dicere;
1251 363 1321 398 quod
1341 363 1406 391 nulli
1424 369 1545 392 veterum
1567 365 1624 393 dixi
1641 375 1647 394 :
1667 374 1719 394 non
1743 375 1790 402 pa-

1005 406 1152 439 triarchm,
1180 415 1232 435 non
1265 408 1419 442 prophetae,
1453 416 1504 436 non
1532 409 1688 445 legislatori.
1715 411 1789 439 Tum:

1003 452 1123 486 quidem,
1141 453 1293 488 quaerebam
1317 454 1420 481 oculum
1441 462 1489 489 pro
1509 455 1595 490 oculo,
1613 457 1714 484 dentem
1739 467 1784 492 pra

1003 498 1078 525 dente
1102 498 1232 532 ":quod
1257 498 1359 530 justum
1384 504 1443 532 est,
1472 501 1592 536 exigens.
1624 501 1691 534 Quia
1717 510 1782 530 vero

1004 550 1055 570 non
1072 544 1185 577 potestis
1201 544 1272 572 ferre
1286 544 1356 579 quod
1371 549 1413 572 est
1427 545 1548 579 justum;
1569 546 1628 574 loco
1644 547 1711 582 legis
1728 556 1788 584 gra-

1005 589 1068 615 tiam
1097 589 1212 622 induco,
1250 590 1352 625 tibique
1384 591 1564 620 inenarrabile
1591 598 1787 621 sacramentum

1004 634 1073 662 dico.
1090 637 1122 661 At
1139 635 1181 662 ille
1199 636 1235 662 ait
1249 643 1258 663 :
1274 635 1410 670 Magister,
1424 637 1477 664 die.
1496 637 1554 664 Duo
1573 642 1648 665 erant
1662 638 1788 667 debitores

1004 681 1122 708 obstricti
1140 682 1186 708 uni
1197 683 1260 710 viro.
1281 681 1350 710 Vide
1366 683 1412 710 Dei
1425 683 1598 717 sapientiam.
1612 683 1715 711 Rcticet
1731 692 1789 711 mu-

1005 724 1109 758 lierem,
1128 730 1157 753 ut
1173 734 1206 754 nc
1231 727 1264 755 ad
1282 728 1486 762 responsionem
1509 728 1619 756 subdole
1635 728 1785 756 cavilletur.

1005 769 1090 803 Unus,
1109 771 1205 807 inquit,
1219 773 1324 800 debebat
1346 773 1468 801 denarios
1489 775 1653 809 quingentos,
1676 779 1701 801 et
1719 774 1788 801 alius

161 819 233 845 τεῖόν
254 820 327 846 ἐστιν
349 821 363 846 ὁ
385 820 518 856 ἡμέτερος
539 820 606 856 βίος,
628 821 751 856 ἀοράτως
771 821 884 857 γράφων
907 822 949 848 καὶ

1004 817 1206 852 quinquaginta.
1238 817 1379 846 Terribilis
1409 819 1573 847 narrationis
1598 820 1710 854 species.
1742 820 1789 848 Est

162 864 324 900 λογισμοὺς,
341 866 388 892 καὶ
401 866 527 901 πράξεις,
541 866 588 892 καὶ
599 866 747 901 ὀφθαλμῶν
762 866 951 902 ρεμὸασμοὺς,

162 913 210 940 καὶ
228 913 317 949 ψυχῆς
331 915 483 950 κινήματα·
502 914 570 941 ἀλλὰ
588 914 645 941 λύει
661 914 706 941 τὸν
724 914 806 948 φόϐον
821 915 835 941 ὁ
860 914 953 949 φιλάν-

161 958 271 993 θρωπος
282 960 432 995 δανειστὴς,
451 960 465 985 ὁ
480 960 513 986 τὰ
527 961 696 996 χειρόγραφα
713 960 886 995 διαρῤήσσων
902 959 952 994 ’τῆς

152 1005 316 1040 ,ἀμαρτίας-
332 1006 377 1032 καὶ
393 1006 423 1032 οὐ
445 1006 524 1042 μόνον
539 1007 723 1042 διαρρήσσων,
737 1005 805 1032 ἀλλὰ
819 1006 865 1032 καὶ
878 1006 952 1032 λεαί-

160 1059 216 1077 νων
232 1051 286 1086 (77)
310 1053 365 1083 τοῖς
383 1051 459 1079 ὕδασι
480 1052 527 1080 τοῦ
544 1052 730 1087 βαπτίσματος
741 1072 748 1084 ,
767 1051 810 1078 ἵνα
827 1051 864 1086 μὴ
880 1051 952 1086 ἴχνος

163 1094 296 1129 στοιχείου
317 1095 482 1131 ῆσυλλαϐἦς
502 1097 661 1131 ὑπομεῖναν,
675 1095 825 1131 ὑπόμνημα
839 1095 952 1130 γένηται

163 1140 219 1167 τῶν
235 1141 437 1177 παρῳχηκότων
452 1142 555 1169 κακῶν.
573 1141 621 1176 Μὴ
636 1141 767 1176 ἐχόντων
783 1138 840 1171 οὖν,
856 1140 950 1175 φησὶν,

162 1184 263 1212 αὐτῶν
288 1186 467 1219 ἀποδοῦναι,
495 1187 669 1221 ἀμφοτέροις
681 1186 851 1221 ἐχαρίσατο.
876 1184 952 1218 Εἶδες

162 1230 352 1266 φιλάνθρωπον
371 1231 528 1267 δανειστήν;
543 1232 605 1264 Πῶς
618 1231 734 1263 δανείζει
749 1232 808 1267 μὲν,
822 1232 872 1258 οὐκ
884 1231 952 1258 ἀπο-

161 1275 295 1310 λαμϐάνει
318 1275 365 1309 δέ;
392 1276 454 1308 Πῶς
472 1277 501 1303 δὲ
525 1276 766 1313 ἀγνωμονούμενος
787 1277 818 1303 οὐ
840 1277 950 1315 ναρκᾷέ·

161 1320 219 1348 ἀλλ’
232 1321 355 1356 ἦπλωται
372 1322 454 1349 αὑτοῦ
466 1323 522 1355 τοῖς
539 1323 658 1349 αἰτοῦσιν
674 1324 691 1358 ἡ
707 1323 767 1358 χείρ
781 1331 788 1355 ;
802 1322 849 1357 Μὴ
865 1323 951 1357 ἑχόν-

160 1374 237 1398 των,
265 1367 357 1401 φησιν,
384 1367 566 1400 ἀποδοῦναι,
589 1368 766 1402 ἀμφοτέροις
780 1368 950 1402 ἐχαρίσατο.

169 1411 270 1446 Ἀφῆκε
286 1411 322 1447 μὴ
336 1412 451 1448 ἑχόντων
465 1413 519 1449 (78)
531 1422 538 1429 θ
551 1414 611 1450 οὐχὶ
629 1414 666 1450 μὴ
684 1414 823 1442 θελόντων.
838 1415 952 1451 Ἕτερον

161 1456 217 1508 γὰρ
238 1457 275 1492 μὴ
286 1457 382 1508 ἔχειν,
399 1458 444 1484 καὶ
462 1458 555 1494 ἓτερον
577 1459 614 1495 μὴ
631 1459 728 1486 θέλειν.
744 1457 805 1487 Οίόν
821 1469 850 1487 τι
864 1460 950 1495 λέγω’
964 1478 986 1508 c

138 1502 227 1539 ,Θεὸς
251 1502 327 1529 οὐδὲν
350 1504 414 1539 παρ’
438 1504 516 1539 ἡμῶν
541 1505 627 1539 ζητεῖ,
651 1504 667 1540 ἧ
691 1505 844 1540 μετάνοιαν.
868 1506 950 1533 Ὅθεν

164 1546 286 1581 βούλεται
315 1548 389 1582 ἡμᾶς
424 1548 467 1574 ἀεὶ
491 1549 608 1584 χαίρειν,
631 1551 678 1576 καὶ
711 1551 888 1586 προστρέχειν
914 1553 948 1588 τῇ

164 1593 303 1628 μετανοίᾳ.
336 1592 398 1619 Ἐὰν
431 1594 480 1629 μὲν
507 1594 637 1622 θελόντων
661 1596 740 1631 ἡμῶν
767 1598 949 1632 μετανοῆσαι,

162 1637 193 1663 τὸ
219 1637 320 1672 πλῆθος
348 1638 402 1665 τῶν
436 1640 579 1676 ἁμαρτιῶν
609 1641 701 1668 ἄτονον
728 1641 776 1678 τὴν
807 1643 950 1678 μετάνοιαν

163 1683 242 1717 ἡμῶν
269 1683 360 1720 δείξῃ·
389 1684 419 1711 οὐ
444 1685 520 1721 παρὰ
541 1686 573 1712 τὸ
593 1686 630 1722 μὴ
650 1686 746 1720 θέλειν,
779 1688 846 1715 ἀλλὰ
873 1689 948 1725 παρὰ

162 1728 193 1754 τὸ
211 1728 247 1763 μὴ
267 1728 348 1764 ἔχειν,
366 1730 416 1756 οὐκ
435 1730 577 1766 ὲκτίνομεν
593 1732 623 1758 τὸ
638 1732 726 1768 χρέος.
749 1732 799 1760 Διὰ
813 1734 892 1760 τοῦτο
904 1733 950 1762 οὗν

163 1772 301 1808 λέγει,Μὴ
315 1774 448 1808 ἑχόντων
459 1775 572 1802 αὐτῶνυ
587 1776 630 1803 ἵνα
641 1777 714 1812 δείξῃ
724 1778 763 1803 ὅτι
780 1777 840 1804 ίδὼν
854 1779 951 1811 αὐτοὺς

163 1818 342 1854 βουλομένους
360 1820 409 1855 μὲν
422 1820 466 1847 διὰ
484 1821 628 1855 μετανοίας
647 1823 792 1850 ἀποδοῦναι
811 1823 840 1850 τὸ
855 1824 949 1859 χρέος,

165 1863 202 1899 μὴ
216 1864 381 1899 δυναμένους
400 1865 428 1891 δὲ
441 1865 484 1892 διὰ
503 1865 533 1895 τὸ
553 1866 654 1899 πλῆθος
673 1867 727 1894 τῶν
746 1869 897 1904 ἁμαρτιῶν,
913 1870 951 1903 ὡς

163 1910 364 1945 φιλάνθρωπος,
378 1911 469 1943 αὐτοῖς
483 1911 666 1947 συνεχώρησε,
679 1913 729 1939 οὐκ
741 1913 794 1940 ἀπὸ
808 1915 946 1950 πράξεως,

163 1955 220 1982 ἀλλ’
233 1956 287 1982 ἀπὸ
308 1957 492 1992 προαιρέσεως
511 1957 692 1995 ὲλευθερῷσαι
717 1959 768 1993 τῆς
789 1960 900 1995 ὸφειλῆς
920 1962 950 1988 τὸ

164 2000 306 2036 ὑπόχρεον.
322 2001 370 2035 Μὴ
384 2002 516 2035 ἐχόντων·
534 2000 580 2029 οὖν
600 1993 698 2031 αὐτῶν
715 1993 896 2032 ἀποδοῦναι·
912 2005 950 2041 μὴ

165 2047 307 2081 μαστίξας,
323 2047 360 2082 μὴ
378 2048 507 2083 ὑϐρίσας,
527 2049 566 2084 μὴ
578 2049 761 2085 στρεϐλώσας,
773 2050 950 2085 ἀμφοτέροις

162 2092 332 2126 ἐχαρίσατο.

199 2221 250 2249 lA'.
257 2222 304 2255 Τίς
310 2220 463 2250 obs-auter
469 2223 579 2258 ὀφείλει
586 2223 838 2258 πλέονάγαπῆσαι
848 2225 950 2256 ;Ἀπο-

163 2269 273 2302 κριθείς
295 2267 328 2294 δὲ
345 2269 361 2295 d
382 2268 479 2303 Σίμων
495 2267 594 2295 εἷπεν·
615 2268 836 2303 Ὑπολαμϐάνω,
862 2268 906 2295 ὅτι
925 2265 949 2302 ᾧ

163 2313 197 2340 τὸ
212 2313 316 2340 πλεῖον
328 2313 501 2348 ἐχαρίσατο.
517 2313 605 2340 Βλέπε
617 2313 665 2340 τοῦ
684 2314 831 2350 Φαρισαίου
852 2315 882 2341 τὸ
895 2314 949 2341 δει-

164 2359 218 2387 νόν.
247 2359 291 2390 Ὠς
311 2357 380 2385 οἶδεν
406 2359 501 2386 ἑαυτὸν
522 2359 560 2394 τῷ
581 2359 653 2395 λόγῳ
672 2360 722 2395 ἤδη
747 2360 797 2395 τῆς
820 2359 948 2395 ἀληθείας

137 2419 140 2420 ν
164 2405 381 2441 ἀποκλειόμενον,
395 2404 425 2431 τὸ
436 2405 648 2440 Ὑπολαμϐάνω
654 2405 770 2438 τέθεικε,
782 2405 947 2440 φοϐούμενος

199 2481 223 2498 ⁸⁸
236 2481 321 2510 Exod.
337 2489 393 2514 im,
408 2481 454 2509 2L.

198 2570 256 2605 (77)
278 2571 420 2597 Λεαίνων.
449 2570 544 2598 Manli.
575 2570 721 2597 λαϐαίνων.
738 2570 815 2598 Unde
838 2570 943 2598 Boisius

165 2605 192 2632 in
206 2606 275 2640 notis
300 2606 393 2640 Savilii
417 2605 556 2640 legendum
588 2606 698 2639 putabat
729 2605 868 2640 ἀφανίζων
902 2605 944 2633 vel

164 2639 333 2674 ἀπαλείφων.
354 2639 414 2674 lpse
433 2639 522 2667 autem
546 2640 772 2672 Montfauconius,
796 2641 873 2674 quid,
902 2640 945 2667 in-

165 2675 234 2708 quit,
245 2675 266 2701 si
282 2675 402 2701 dicamus
422 2675 490 2702 hanc
503 2682 596 2702 vocem
619 2676 700 2702 medii
721 2675 769 2702 aevi
794 2683 809 2702 a
823 2674 945 2702 Graeculo

166 2713 331 2742 usurpatam,
360 2717 392 2735 ex
407 2709 501 2736 Latino
516 2710 599 2736 verbo
618 2710 675 2737 lavo
697 2709 807 2741 iactam,
823 2710 885 2736 inde
900 2709 947 2736 λα-

166 2742 276 2769 εαίνων.
288 2743 379 2769 labans
393 2744 578 2769 el'l'ormatum?
593 2744 644 2769 Sed
657 2747 796 2769 utriusnne
812 2745 861 2769 viri
875 2745 946 2769 docti

166 2743 276 2775 σαίνων,
288 2743 379 2770 labans
393 2744 578 2771 el'l'ormatum?
593 2744 644 2771 Sed
657 2747 796 2779 utriusque
812 2745 861 2771 viri
875 2745 946 2771 docti

166 2777 350 2813 corijecturam
376 2779 450 2806 elidit
475 2780 636 2814 exemplaris
652 2779 840 2808 Combcttsiani
863 2779 947 2814 proba

1004 861 1107 890 libellus
1138 864 1253 891 lnuuana
1284 864 1549 899 vita,inaspectabili
1569 865 1673 892 ratione
1701 869 1729 892 et
1743 872 1789 892 co-

1002 909 1101 942 gitatus
1131 914 1158 936 et
1188 910 1309 938 actiones
1327 916 1354 938 et
1382 910 1523 938 oculorum
1547 917 1630 945 vagos
1645 910 1713 937 ictus
1728 917 1788 938 mo-

1004 959 1100 988 tusque
1109 956 1189 982 animi
1205 956 1386 990 perscribons.
1401 956 1485 983 Solvit
1502 956 1676 983 nihilominus
1687 960 1788 983 metum

1004 1000 1134 1034 benignus
1147 1001 1276 1034 creditor,
1293 1001 1326 1033 is,
1342 1001 1464 1036 inquam,
1480 1001 1525 1035 qui
1544 1000 1685 1035 disrumpit
1700 999 1803 1027 chiron

1003 1046 1106 1080 grapha
1122 1047 1225 1080 peccati
1244 1056 1252 1073 :
1267 1054 1316 1074 nec
1331 1046 1475 1081 disrumpit
1487 1046 1584 1079 solum,
1599 1053 1692 1072 verum
1709 1046 1789 1073 etiam

1002 1091 1073 1119 delet
1093 1092 1171 1125 aquis
1195 1091 1334 1126 baptismi,
1356 1095 1384 1119 ut
1410 1099 1444 1119 ne
1460 1091 1585 1118 elementi
1612 1095 1658 1118 aut
1681 1090 1790 1125 syllaba:

1003 1141 1142 1172 superstes
1160 1137 1317 1172 vestigium,
1334 1136 1465 1164 malorum
1482 1137 1681 1171 praeteritorum
1695 1143 1790 1163 monu-

1003 1186 1122 1209 mentum
1146 1181 1200 1209 ﬁat.
1234 1181 1296 1209 Non
1321 1182 1477 1209 [tabentibus
1508 1188 1583 1216 ergo,
1609 1181 1706 1216 inquit,
1736 1180 1789 1208 illis

1003 1227 1070 1254 unde
1086 1227 1232 1260 redderent,
1255 1227 1361 1254 donavit
1375 1226 1503 1261 utrisque.
1528 1225 1653 1253 Vidistin'
1672 1226 1790 1254 credito'
1836 1254 1840 1259 _

1002 1279 1059 1299 rem
1079 1272 1245 1299 humanum?
1258 1271 1293 1300 Ut
1303 1272 1412 1307 quidem
1426 1272 1572 1304 feneretur,
1588 1271 1634 1298 sed
1649 1278 1703 1298 non
1719 1271 1786 1298 reci-

1004 1317 1081 1352 piat?
1095 1316 1222 1345 Utctiam
1238 1325 1301 1353 erga
1318 1318 1438 1353 ingratos
1456 1324 1508 1344 non
1527 1320 1640 1351 torpeat,
1662 1316 1709 1344 sed
1735 1317 1783 1344 ha-

1003 1363 1066 1390 bent
1082 1363 1240 1398 rogantibus
1256 1367 1376 1398 apertam
1395 1362 1524 1389 manum?
1544 1361 1605 1388 Non
1621 1361 1788 1394 habentibus,

1003 1408 1099 1443 inquit,
1117 1408 1184 1435 unde
1200 1408 1345 1440 redderent,
1360 1409 1479 1443 utrisque
1496 1407 1612 1434 donavit.
1635 1407 1741 1435 Dimisit
1755 1407 1789 1434 iis
1804 1422 1813 1428 ο

1003 1453 1048 1487 qui
1065 1460 1117 1480 non
1137 1452 1267 1480 baberent
1282 1461 1290 1480 :
1307 1459 1361 1479 non
1391 1453 1438 1485 ita,
1465 1451 1511 1487 qui
1534 1451 1644 1479 nollent.
1664 1451 1731 1479 Nam
1747 1457 1789 1479 est

1003 1497 1075 1525 aliud
1093 1505 1145 1525 non
1163 1497 1273 1530 habere,
1301 1502 1329 1524 et
1354 1496 1426 1524 aliud
1444 1497 1524 1524 nolle.
1555 1496 1589 1524 Ut
1614 1502 1677 1531 pttla
1694 1505 1701 1523 :
1718 1495 1788 1523 Nihil

1003 1542 1072 1569 Deus
1099 1549 1113 1568 a
1139 1541 1226 1574 nobis,
1252 1545 1351 1574 praeter
1376 1540 1562 1576 paenitentiam
1583 1541 1677 1575 exigit.
1699 1539 1788 1573 Quare

1001 1587 1217 1622 vultutsemper
1231 1588 1404 1622 gaudeamus,
1426 1591 1454 1614 et
1479 1586 1621 1614 curramus
1646 1587 1678 1613 ad
1703 1585 1788 1620 pumi-

1002 1633 1124 1660 tcntiam.
1141 1631 1171 1659 Si
1189 1639 1265 1666 ergo,
1281 1632 1343 1669 dum
1358 1631 1481 1659 volumus
1493 1631 1678 1666 paenitentiam
1694 1638 1785 1666 agere,

1000 1682 1176 1713 peccatorum
1208 1677 1302 1711 ingens
1329 1684 1458 1704 numerus
1479 1676 1579 1703 viribus
1604 1675 1738 1702 inﬁrmam
1759 1680 1794 1701 et,

1000 1722 1164 1751 inemcacem
1197 1722 1384 1758 pteuitentiam
1414 1721 1526 1754 iecerit;
1566 1729 1619 1749 non
1655 1721 1783 1748 solvimus

1001 1768 1131 1801 debitum,
1147 1775 1200 1795 non
1219 1768 1282 1802 quia
1297 1767 1422 1801 nolimus,
1439 1767 1485 1795 sed
1498 1767 1560 1802 quia
1576 1774 1628 1794 non
1642 1766 1782 1793 habemus.

1001 1813 1145 1848 Propterea
1173 1814 1253 1849 igitur
1284 1814 1358 1845 dicit,
1387 1813 1450 1840 Non
1479 1812 1630 1839 habentibus
1659 1811 1783 1838 illiuut

1001 1860 1137 1892 ostendat,
1152 1859 1223 1894 quod
1241 1860 1344 1891 videns,
1362 1859 1430 1887 velle
1446 1859 1563 1886 debitum
1586 1865 1634 1892 per
1652 1858 1787 1892 poeniten—

1002 1906 1065 1932 tiam
1092 1906 1218 1939 reddere,
1242 1913 1292 1933 nec
1319 1909 1491 1940 peccatorum
1520 1903 1691 1931 multitudine
1711 1903 1785 1930 velut

1001 1951 1122 1984 obrutos,
1137 1959 1234 1986 posse;
1258 1950 1424 1978 concesserit
1449 1951 1507 1985 ipse
1527 1953 1556 1976 ut
1573 1949 1738 1982 misericors,
1756 1955 1786 1976 ut

1001 1997 1035 2023 ab
1050 1997 1130 2032 hujus
1143 2004 1172 2024 se
1184 1997 1266 2024 debiti
1282 2000 1371 2029 reatu,
1386 2003 1438 2023 non
1451 1995 1484 2022 ab
1500 1994 1618 2026 actione,
1634 1995 1682 2021 sed
1693 2002 1709 2021 a
1723 2001 1785 2029 pro-

1001 2042 1088 2075 posito
1106 2041 1190 2069 animi
1207 2042 1368 2069 eximerent.
1394 2040 1456 2067 Non
1473 2040 1626 2067 habentibus
1647 2047 1713 2074 ergo
1731 2040 1784 2067 illis

1000 2087 1069 2113 unde
1087 2087 1224 2114 redderent
1242 2095 1251 2113 :
1268 2094 1321 2114 non
1337 2086 1453 2121 ﬂagellis
1465 2085 1603 2119 adhibitis,
1623 2093 1676 2112 non
1690 2089 1786 2113 contu-

965 2148 988 2175 Β
1003 2133 1109 2160 mellam
1126 2133 1260 2168 irrogans,
1274 2140 1327 2161 non
1345 2132 1491 2165 subiiciens
1508 2131 1659 2165 tormentis,
1679 2131 1785 2166 donavit

1001 2178 1125 2213 utrisque.

1036 2224 1070 2251 XI
1105 2224 1170 2257 Quis
1192 2233 1252 2260 ergo
1267 2225 1326 2260 plus
1350 2232 1409 2252 eum
1425 2224 1498 2251 debet
1513 2223 1643 2258 diligere?
1669 2222 1783 2257 Respon-

1000 2270 1063 2297 tlenr
1079 2269 1170 2297 Simon
1181 2271 1248 2297 dixit
1261 2277 1271 2296 :
1287 2269 1402 2297 jEstimo
1416 2269 1479 2305 quia
1492 2269 1514 2295 is
1533 2269 1576 2295 cui
1594 2268 1651 2303 plus
1667 2267 1783 2294 donavit.

1001 2315 1068 2343 Vide
1083 2315 1213 2344 Pharisaei
1237 2315 1344 2350 genium
1358 2319 1441 2349 atque
1458 2314 1607 2342 solertiam.
1628 2313 1663 2341 Ut
1684 2313 1739 2348 jam
1755 2320 1789 2340 se

999 2360 1065 2387 vidit
1089 2367 1214 2388 sermone
1234 2360 1355 2388 veritatis
1388 2359 1538 2391 exclusum,
1565 2359 1629 2386 illud
1653 2357 1781 2388 Enimn.

1001 2406 1107 2441 posuit;
1122 2405 1223 2433 veritus
1234 2406 1297 2433 dare
1306 2404 1455 2432 absolutam
1473 2403 1685 2438 responsionem.
1699 2401 1784 2429 Porro

992 2570 1083 2597 lectio.
1103 2569 1153 2597 Hie
1167 2576 1231 2596 vero
1244 2569 1395 2603 respexisse
1412 2569 1517 2598 videtur
1528 2576 1638 2599 sanctus
1649 2571 1730 2599 Pater
1748 2574 1783 2601 ad

994 2605 1080 2632 locum
1091 2605 1193 2630 Coloss.
1212 2611 1244 2635 ll,
1259 2604 1303 2632 M.

1030 2639 1085 2675 (78)
1106 2638 1212 2673 Ἀερῆκε
1223 2638 1266 2673 μὴ
1282 2639 1328 2675 ἐχ.
1346 2641 1450 2668 Dimisit
1465 2641 1499 2667 iis
1515 2640 1561 2675 qui
1577 2648 1630 2667 non
1640 2640 1781 2674 haberent;

995 2683 1047 2702 non
1059 2675 1107 2707 ita,
1116 2674 1161 2710 qui
1174 2675 1280 2701 nollent.
1290 2674 1440 2710 Accedente
1454 2675 1537 2710 libero
1548 2682 1680 2710 consensu
1693 2683 1782 2710 prom-

996 2715 1096 2744 ptaquo
1117 2709 1258 2736 voluntate
1279 2709 1477 2745 satisfaciendi,
1508 2717 1568 2745 quae
1591 2709 1645 2737 Deo
1670 2709 1782 2745 accepta

996 2748 1039 2781 est
1053 2744 1200 2781 secundum
1212 2745 1283 2778 quod
1294 2744 1530 2781 habethunquam
1549 2744 1586 2781 illi
1601 2752 1711 2781 pauper,
1724 2744 1780 2772 mu...

1001 2779 1035 2807 do
1050 2785 1079 2807 se
1097 2778 1208 2807 divitem
1219 2786 1325 2814 semper
1344 2779 1419 2812 velit,
1440 2784 1470 2807 ut
1481 2778 1530 2814 ipsi
1548 2778 1640 2808 donet.
