1904 3054
149 116 184 143 89
666 113 797 142 0R.\Tl0
818 114 850 140 iN
873 113 953 141 DIE}!
974 115 1119 142 SABBATI
1143 116 1276 144 SANCTL
1319 133 1321 137 ι
1742 119 1778 148 90

150 169 247 206 ἁγνείᾳ
260 169 294 196 τὰ
306 169 384 206 μέλη.
404 169 566 196 Ἐνδύσασθε
581 169 611 195 οὐ
623 168 656 195 τὰ
672 169 765 205 Σηρῶν
781 169 939 205 ὑφάσματα,

996 171 1145 202 lmluimini,
1171 179 1222 198 non
1256 176 1345 199 vestes
1369 171 1480 206 sericas,
1506 173 1552 200 sed
1577 172 1779 208 iucorrnptibile

151 217 218 243 ἀλλὰ
233 216 263 242 τὸ
274 216 411 251 ἄφθαρτον
427 216 476 251 τῆς
496 215 674 251 σωφροσύνης
695 215 813 250 ἱμάτιον,
831 216 874 242 ἵνα
890 217 940 251 τῆς

152 263 237 297 αὐτῆς
248 262 348 297 τύχητε
363 261 441 297 δόξης
451 270 457 277 ·
471 261 549 294 δόξαν
569 261 777 296 ἀναπέμποντες
791 262 829 297 τῷ
851 261 940 297 Ἀμνῷ

151 309 198 335 τοῦ
212 307 280 334 Θεοῦ
292 327 299 339 ,
316 307 352 343 τῷ
369 307 471 343 αἴροντι
488 307 536 343 τὴν
559 308 697 343 ἁμαρτίαν
715 307 760 334 τοῦ
778 307 880 342 κόσμου
891 316 897 322 ·
918 304 939 341 ᾧ

151 355 168 388 ἡ
185 353 267 386 δόξα.
286 353 332 380 καὶ
356 354 372 388 ἡ
389 353 471 389 τιμὴ,
499 354 546 380 καὶ
567 354 583 388 ή
606 353 807 389 προσκύνησις,
835 354 882 379 σὺν
901 353 939 388 τῷ

153 395 241 434 Πατρὶ
257 399 303 425 καὶ
318 399 356 434 τῷ
372 399 442 434 ἁγίῳ
455 400 605 435 Πνεύματι,
623 399 671 426 νῦν
695 399 742 426 καὶ
757 400 816 433 ἀεὶ,
835 400 882 426 καὶ
899 401 939 432 εἰς

151 446 215 476 τοὺς
229 444 329 476 αἰῶνας
342 444 396 471 τῶν
412 444 516 471 αἰώνων
526 453 533 460 ·
554 445 650 480 Ἀμήν.

461 492 572 518 ΛΟΓΟΣ
595 492 633 517 E'.

206 540 259 572 Εἰς
274 539 332 573 τὴν
348 539 462 573 ἡμέραν
478 538 532 565 τοῦ
547 538 633 572 ἁγίου
648 537 800 564 Σαϐϐιὶτου
815 537 883 572 (82).

180 583 220 611 A’.
239 584 397 619 Ἐπιτάφιον
410 583 507 620 ἑορτὴν
523 582 569 609 τοῦ
585 583 712 619 Σωτῆρος
722 583 799 618 ἡμῶν
811 583 940 619 ἑορτάζο-

154 639 204 666 μεν
216 631 345 666 σήμερον.
364 631 418 658 Καὶ
428 631 442 657 6
455 630 514 666 μὲν,
526 630 601 666 παρὰ
616 631 671 661 τοῖς
687 631 793 665 νεκροῖς
807 629 881 657 κάτω
891 632 938 658 τοῦ

152 676 268 703 θανάτου
284 677 318 704 τὰ
331 677 418 712 δεσμὰ
432 676 556 708 διαλύων,
572 676 619 703 καὶ
630 676 718 711 φωτὸς
730 676 774 703 τὸν
790 676 855 712 ᾅδην
873 677 940 712 πλη-

153 721 218 757 ρῶν,
241 723 289 749 καὶ
303 721 462 757 ἀφυπνίξων
478 723 541 754 τοὺς
561 721 778 757 κεκοιμημένους
791 730 797 736 -
814 723 894 758 ἡμεῖς
912 722 939 748 δὲ

153 767 300 804 χορεύομεν
316 768 386 804 ὑπὲρ
399 768 463 804 γῆν,
483 768 531 804 τὴν
553 768 700 795 ἀνάστασιν
725 767 938 803 φανταζόμενοι,

152 814 199 840 καὶ
215 815 246 840 οὑ
269 814 427 849 δεδοίκαμεν
449 815 498 849 τὴν
523 814 635 850 φθορὰν,
665 814 701 850 μὴ
723 814 875 849 κατισχύσῃ
891 815 940 849 τῆς

994 217 1176 250 temperanlize
1194 217 1390 249 indumentum,
1409 224 1438 244 ιιι
1454 225 1544 252 parem
1560 218 1670 253 gloriam
1685 225 1781 246 conse-

993 261 1123 296 quantini,
1147 262 1257 297 gloriam
1285 263 1475 290 submitteutes
1498 264 1573 299 Agno
1601 264 1638 290 illi
1658 264 1715 297 Dei,
1733 265 1776 298 qui

994 307 1060 333 tollit
1073 313 1211 341 peccatum
1223 309 1318 335 «Inundi
1330 308 1354 324 ³³
1364 317 1371 335 :
1383 309 1424 335 cui
1434 309 1516 342 gloria
1525 310 1664 344 honorque
1674 315 1701 337 et
1715 310 1780 337 ado—

993 352 1074 383 ratio,
1092 360 1151 378 cum
1163 351 1243 379 Patre
1257 358 1283 380 et
1297 352 1399 388 Spiritu
1415 358 1518 387 sancto,
1534 363 1606 382 nunc
1621 359 1648 382 et
1663 362 1778 390 semper,

993 401 1020 424 ct
1037 398 1062 424 in
1079 397 1175 425 saecula
1193 398 1365 426 saeculorum.
1379 401 1476 427 Amen.

1295 489 1422 517 ORATIO
1446 489 1478 517 ν.

1205 534 1238 562 1η
1262 535 1330 562 diem
1347 535 1455 562 δρύιναιὶ
1474 537 1567 563 sancti.

1028 581 1050 607 1.
1087 580 1243 615 Sepulcrale
1272 581 1369 609 {cslnm
1397 582 1551 610 Servatoris
1582 581 1666 609 nostri
1699 581 1780 608 hodie

994 625 1209 660 frequentamus.
1229 626 1262 653 Et
1275 627 1332 661 ipse
1348 627 1454 662 quidem
1472 629 1542 662 apud
1563 627 1663 654 inferos
1684 628 1778 654 mortis

993 671 1099 698 vincula
1118 671 1250 704 dissolvit,
1265 672 1324 700 luce
1341 681 1387 700 sua
1403 673 1536 700 infernum
1552 673 1653 708 implet,
1670 678 1696 700 et
1713 674 1775 701 dor-

994 717 1107 744 mientes
1128 724 1143 743 a
1159 725 1254 744 somno
1268 719 1386 751 excitat;
1405 726 1454 746 nos
1468 727 1530 746 vero
1544 719 1596 746 lani
1612 718 1779 746 exsultamus

994 771 1074 797 super
1095 767 1210 797 terram,
1232 765 1461 792 resurrectionem
1480 765 1564 799 ipsius
1580 765 1657 792 nobis
1674 764 1779 799 cogita-

995 809 1067 836 tione
1094 810 1128 836 ob
1154 809 1246 837 oculos
1273 815 1434 844 statuentes,
1465 818 1553 845 neque
1579 811 1778 845 corruptionem

153 859 315 895 ἀφθαρσίας.
336 861 377 887 Οὐ
393 860 501 893 δώσεις
522 860 586 896 γὰρ,
612 861 688 896 φησὶ,
711 860 765 887 τὸν
778 860 865 887 ὅσιόν
881 867 938 886 σου

1000 863 1041 881 :nn
1060 855 1222 888 metuimus;
1243 863 1275 882 ne
1290 863 1333 888 ea,
1353 864 1435 891 quam
1453 856 1703 890 incorruptibilitas.
1720 856 1779 890 plus

154 907 228 934 ἔδεῒν
253 906 428 942 διαφθοράν.
454 908 510 934 Kal
534 908 598 938 ἴσως
621 907 699 942 ἡμῶν
714 907 764 942 τὴν
780 906 938 941 φιλοσοφίαν

151 953 267 987 γελῶσιν
290 953 409 980 Ἰουδαῖοι
424 955 472 980 καὶ
493 953 623 988 ’Έλληνες
635 962 642 968 ·
658 954 682 979 οἱ
699 953 748 988 μὲν
763 953 856 989 ἕτερον
871 954 940 988 Χρι-

154 999 217 1025 στὸν
239 1000 462 1035 προσδεχόμενοι,
482 1001 505 1026 οἱ
529 1000 557 1026 δὲ
580 999 676 1034 τάφοις
699 998 940 1030 ἐναποκλεῖσαντες

153 1045 245 1072 αὐτῶν
265 1045 314 1077 τὰς
336 1045 454 1078 ἐλπίδας,
483 1046 546 1081 περὶ
569 1042 606 1073 ὧν
627 1045 739 1076 εἰκότως
761 1046 775 1071 6
799 1045 940 1081 προφήτης

153 1091 252 1125 φησίνο
278 1092 310 1117 οι
336 1091 422 1125 τάφοι
443 1089 544 1118 αὐτῶν
574 1091 664 1117 οἰκίαι
688 1090 789 1117 αὐτῶν
812 1091 857 1123 εἰς
887 1090 942 1116 τὸν

153 1137 251 1163 αὶῶνα.
271 1136 339 1163 Ἀλλ’
351 1138 374 1163 οἱ
387 1137 436 1172 μὲν
448 1137 582 1171 γελῶντες
594 1128 751 1170 στενάξοάσι
767 1135 940 1170 (στενάξουσι

153 1181 209 1216 γὰρ
223 1181 346 1217 ὕστερον,
359 1181 484 1215 ὁρῶντες
501 1183 543 1214 εἰς
557 1182 592 1208 ὃν
602 1181 804 1216 ἐξηκόντισαν
819 1182 866 1207 καὶ
897 1182 941 1207 ἐν-

154 1227 310 1263 ύϐρισαν)·
338 1228 418 1263 ἡμεῖς
447 1228 475 1253 δὲ
502 1227 682 1263 δακρύοντες,
706 1227 828 1262 ἡδονῇτὺ
857 1227 941 1259 πάθος

153 1273 325 1309 κεράσωμεν.
361 1273 504 1308 ’Ἡρπασεν
540 1274 553 1299 6
581 1273 696 1304 Θάνατος
729 1272 773 1299 τὸν
801 1273 941 1308 Δεσπότην

154 1319 286 1354 Χριστόνς
310 1318 366 1345 ἀλλ’
387 1319 416 1345 οὐ
439 1317 548 1350 καθέξει
574 1319 640 1354 παρ’
669 1318 758 1354 ἐαυτῷ
787 1317 835 1354 τὴν
857 1317 940 1353 ζωήν.

154 1364 294 1397 Κατέπιε;
323 1364 451 1391 κατέπ;εν
479 1365 634 1400 ἀγνοήσας,
664 1364 721 1391 ἀλλ’
748 1364 861 1399 ὲξέμεσε
885 1364 940 1399 (85)

155 1409 269 1441 πολλοὺς
284 1410 332 1436 σὺν
347 1409 428 1444 αὐτῷ.
455 1410 543 1436 Ἐκὼν
558 1410 703 1444 κατέχεται
718 1409 776 1441 νῦν,
791 1409 859 1444 μετὰ
874 1409 939 1435 ταὺ-

154 1464 204 1491 την
220 1455 269 1490 τὴν
283 1455 389 1491 ἡμέραν
401 1455 551 1486 σκυλεύσας
564 1455 609 1482 τὴν
624 1455 690 1490 ᾅδην
705 1454 856 1481 ἀνίσταται.
872 1453 942 1485 Χθὲς

154 1498 299 1534 ἐμαύρωσε
314 1499 358 1525 τὸν
371 1499 446 1533 ἥλιον
462 1499 638 1534 σταυρωθεὶς,
652 1499 700 1526 καὶ
716 1498 851 1534 μεσούσης
868 1498 938 1534 ἡμέ-

155 1552 206 1581 ρας
220 1533 362 1579 ἐνπεισῆλθε
379 1544 444 1577 νύξ·
462 1533 584 1580 σήμερον
600 1546 613 1572 6
627 1533 742 1576 θάνατος
757 1544 940 1580 παραλύεται,
957 1533 979 1569 C

155 1589 230 1623 ξένον
244 1589 339 1626 νεκρὸν
360 1589 549 1625 εἰσ-δεξάμενος
561 1597 568 1604 ·
583 1589 646 1625 χθὲς
660 1589 808 1625 ἐπένθησεν
823 1590 839 1625 ή
854 1589 941 1621 κτίσις

154 1635 204 1670 τὴν
217 1634 272 1662 τῶν
296 1635 429 1662 Ἰουδαίων
451 1635 549 1671 μανίαν
562 1635 665 1671 ὁρῶσα,
680 1635 727 1662 καὶ
743 1635 838 1670 στολὴν
851 1634 943 1661 πενθι-

155 1680 206 1716 κὴν
221 1681 251 1707 τὸ
270 1681 365 1712 σκότος
377 1681 535 1708 ἐνεδύσατο·
551 1682 670 1717 σήμερον
686 1681 750 1712 λαὸς
764 1681 778 1707 6
790 1681 943 1716 καθήμενος

155 1726 184 1751 ἐν
212 1725 302 1752 σκότει
333 1726 391 1759 φῶς
412 1723 466 1752 εἶδε
489 1726 568 1761 μέγα.
590 1726 661 1756 Χθὲς
675 1726 786 1761 ἑδονήθη
802 1727 817 1761 ἡ
836 1726 880 1761 γῆ,
895 1726 943 1752 καὶ

156 1771 220 1806 περὶ
239 1771 328 1806 φυγῆς
342 1771 515 1804 ἐϐουλεύετο,
532 1771 579 1798 καὶ
598 1771 739 1806 διαστῆναι
755 1773 811 1802 τοῖς
824 1771 944 1798 homoi-

155 1826 199 1844 σιν
213 1817 331 1852 ἠπείλει,
348 1817 394 1843 καὶ
410 1817 444 1843 τὰ
465 1818 513 1852 μὲν
525 1817 575 1852 ὅρη
591 1817 747 1848 ἐκόπτοντο,
763 1816 900 1851 ἐσχίζοντο
915 1817 943 1843 δὲ

155 1863 184 1889 αἱ
197 1863 311 1899 πέτραι,
328 1862 431 1898 γυμνὸς
447 1861 523 1898 δὲῆν
538 1863 551 1888 6
572 1863 644 1894 ναὸς,
666 1862 791 1898 καθάπερ
808 1863 941 1897 ἔμπνους,

154 1909 185 1934 τὸ
203 1909 309 1943 ἱμάτιον
324 1907 482 1943 διαρρήξας.
497 1908 532 1934 δι’
553 1904 591 1934 ὧν
606 1907 690 1933 ἔπαθε
705 1907 812 1939 δεικνὺς
831 1907 868 1938 ὡς
884 1907 945 1934 ἐϐε-

155 1953 264 1989 6ηλώθη
277 1953 312 1980 τὰ
326 1954 402 1987 ἅγια.
418 1953 458 1979 Τὰ
476 1953 567 1987 ἄψυχα
586 1952 632 1978 τοῦ
649 1952 820 1987 τολμήματος
834 1952 941 1986 ᾔσθετο,

154 1999 180 2025 οἱ
202 1999 230 2025 δὲ
252 1998 338 2025 ταῦτα
368 1999 520 2034 τολμῶντες
546 1998 726 2033 ἀναισθήτους
750 1996 822 2032 εἶχον
844 1998 942 2033 ψυχάς.

162 2045 325 2079 Ἦγανάκτει
339 2045 373 2072 τὰ
388 2046 506 2080 στοιχεῖα
516 2065 523 2075 ,
541 2045 587 2071 καὶ
601 2044 700 2080 μικροῦ
717 2045 767 2079 τὴν
788 2043 862 2076 τάξιν
892 2045 944 2070 ἁπι-

156 2091 245 2123 ἐλιπε,
255 2091 302 2117 καὶ
310 2091 441 2125 σύγχυσιν
455 2091 602 2126 εἰργάσατο
615 2090 660 2116 τοῦ
674 2090 784 2121 παντὸς,
802 2090 826 2115 εἰ
843 2089 880 2125 μὴ
895 2089 943 2116 τοῦ

155 2137 327 2172 Δημιουργοῦ
349 2138 398 2171 τῆς
421 2137 573 2172 βουλήσεως
596 2136 710 2171 ᾔσθετο,
738 2136 780 2162 ὅτι
808 2135 845 2171 μὴ
871 2135 944 2162 ἄκων

156 2183 294 2219 ὑϐρίζετο.

991 900 1083 935 possit.
1109 900 1170 927 Non
1187 901 1262 927 dabis
1279 901 1364 933 enim,
1382 901 1468 935 inquit
1487 901 1638 936 Scriptura,
1660 905 1779 928 sanctum

991 951 1064 972 tuum
1083 946 1169 972 videre
1191 948 1385 980 corruptionem
1409 947 1441 974 ".
1466 946 1499 973 Et
1517 946 1640 974 fortassis
1659 947 1779 980 philoso-

991 991 1081 1025 phiam
1102 992 1172 1019 hanc
1195 997 1315 1019 nostram
1337 993 1421 1020 Judaei
1443 997 1469 1020 et
1488 993 1573 1020 Graeci
1590 993 1717 1025 irrident;
1743 993 1778 1019 illi

991 1038 1098 1072 qnideln
1131 1038 1212 1065 alintn
1244 1039 1382 1066 Christum
1413 1043 1600 1074 exspectantes
1626 1047 1634 1065 :
1662 1038 1689 1065 hi
1718 1046 1780 1065 vero

991 1084 1121 1118 sepulcris
1136 1092 1197 1118 spes
1212 1092 1275 1112 snas
1295 1085 1476 1118 iucludentes,
1497 1085 1529 1111 de
1545 1085 1642 1119 quibus
1661 1084 1780 1118 apposite

992 1129 1120 1163 propheta
1145 1130 1182 1156 ait
1206 1138 1213 1156 :
1233 1129 1359 1164 Sepulcra
1379 1139 1479 1163 eorum,
1504 1131 1596 1157 domus
1618 1131 1732 1164 ipsorum
1753 1131 1780 1156 in

991 1175 1115 1202 mou/um
1140 1175 1174 1203 ⁸ο.
1195 1175 1329 1203 Caeterum
1357 1177 1401 1203 isti
1430 1185 1500 1204 nunc
1527 1177 1704 1208 COI‘I'lthlthS,
1733 1184 1779 1212 εο-

992 1227 1065 1248 ment
1092 1221 1235 1255 aliquando
1254 1221 1398 1258 (gentem.
1418 1223 1527 1257 inquam
1540 1243 1547 1254 ,
1576 1223 1736 1257 aspicientes
1753 1223 1779 1248 in

992 1273 1069 1301 quem
1095 1267 1263 1294 conﬁxerunt
1291 1267 1323 1301 δι,
1352 1273 1379 1295 et
1406 1268 1509 1302 injuriis
1527 1268 1706 1304 all'ecerunt);
1733 1276 1781 1295 nos

993 1319 1056 1339 vero
1069 1312 1263 1348 lacrymantes,
1283 1314 1434 1348 passionem
1454 1314 1524 1341 hanc
1538 1314 1628 1341 lzelitia
1645 1319 1781 1349 tempera-

993 1358 1091 1386 bimus.
1105 1357 1202 1392 Rapuit
1222 1366 1296 1386 mors
1317 1360 1460 1387 Dominum
1482 1365 1604 1387 nostrum
1624 1360 1780 1391 Christum;

992 1403 1039 1430 sed
1053 1411 1104 1430 non
1127 1405 1253 1431 retinebit
1275 1406 1345 1439 apud
1362 1413 1391 1432 se
1404 1406 1496 1432 vitam.
1525 1406 1668 1433 Devorarit
1695 1406 1780 1440 ipsqu

993 1449 1090 1481 inscia,
1108 1450 1154 1476 sed
1165 1455 1286 1477 evomuit
1304 1450 1402 1478 multos
1416 1459 1476 1478 cum
1494 1452 1562 1486 ipso.
1590 1451 1690 1479 Volcns
1712 1459 1782 1478 nunc

994 1495 1128 1522 detinetur
1143 1504 1149 1522 :
1169 1496 1214 1523 sed
1232 1497 1351 1524 crastino
1364 1497 1416 1530 die,
1435 1497 1548 1531 spoliato
1562 1496 1679 1530 inferno,
1690 1505 1780 1523 resur-

996 1545 1049 1575 get.
1069 1540 1132 1568 Heri
1146 1543 1294 1569 cruciﬁxus
1307 1542 1391 1570 solem
1409 1543 1573 1575 obscuravit,
1601 1547 1627 1570 et
1641 1543 1682 1570 die
1695 1543 1782 1569 adhuc

996 1587 1082 1613 media
1103 1595 1154 1614 nox
1170 1587 1310 1622 incubuit;
1328 1588 1409 1615 hodie
1421 1596 1498 1616 mors
1508 1589 1560 1615 vim
1579 1596 1654 1615 suam
1671 1589 1781 1620 amittit,

998 1641 1095 1659 novum
1116 1634 1259 1668 quemdam
1281 1639 1418 1661 mortuum
1441 1635 1467 1661 in
1484 1642 1512 1662 se
1539 1635 1700 1669 suscipiens.
1720 1634 1782 1661 lleri

996 1685 1085 1705 rerum
1108 1678 1208 1705 fabrica
1227 1679 1306 1712 luxit,
1325 1679 1479 1707 Jutlteornm
1498 1679 1614 1707 furorem
1633 1680 1736 1713 videns,
1757 1685 1784 1707 ct

997 1724 1133 1752 mmstitiae
1153 1725 1344 1752 vestimentum
1360 1726 1410 1753 sibi
1437 1727 1562 1753 tenebras
1579 1726 1664 1753 induit
1680 1735 1687 1753 :
1705 1726 1784 1753 hodie

997 1771 1110 1805 populus
1124 1770 1151 1797 in
1168 1771 1286 1799 tenebris
1298 1772 1396 1799 sedens
1420 1773 1486 1799 vidit
1505 1773 1592 1800 lucem
1607 1780 1729 1806 magnam
1748 1771 1782 1798 “.

998 1815 1060 1843 Heri
1075 1822 1144 1843 terra
1157 1823 1304 1848 commota.
1321 1817 1394 1845 velut
1411 1818 1444 1845 de
1460 1817 1522 1853 fuga
1545 1818 1685 1845 consilium
1706 1817 1783 1850 iniit;

998 1863 1139 1890 dehiscere
1157 1863 1372 1891 inhabitantibus
1394 1864 1581 1892 comminata:
1611 1869 1716 1890 montes
1737 1863 1785 1890 ab-

998 1908 1088 1941 scissi,
1107 1913 1188 1943 petra:
1203 1910 1304 1942 scissa},
1327 1910 1425 1937 nudum
1449 1910 1577 1944 templum
1595 1914 1783 1944 conspectum,

998 1955 1067 1989 quod
1097 1956 1208 1989 perinde
1231 1963 1262 1981 ac
1280 1956 1301 1982 si
1325 1956 1414 1981 vivum
1435 1960 1518 1988 esset,
1536 1961 1638 1983 vestem
1658 1956 1758 1991 dirnpit
1777 1965 1783 1983 :

998 2008 1045 2035 per
1069 2008 1098 2026 ca
1117 2008 1176 2034 quae
1193 2001 1244 2027 sibi
1263 2001 1421 2027 accidebant
1435 2021 1442 2033 ,
1469 2009 1545 2028 sacra
1575 2006 1703 2028 temerata
1723 2010 1784 2029 esse

998 2047 1173 2072 contendens.
1199 2046 1231 2072 Et
1258 2047 1355 2073 anima:
1384 2047 1492 2082 quidem
1521 2048 1634 2083 vitatque
1665 2049 1784 2082 expertia

999 2095 1100 2117 tantum
1126 2090 1231 2118 facinus
1245 2096 1392 2119 senserunt
1409 2103 1415 2120 :
1434 2097 1461 2119 at
1481 2093 1525 2126 qui
1544 2093 1570 2120 id
1585 2093 1659 2123 ausi.
1681 2094 1786 2120 animas

998 2136 1069 2162 omni
1084 2143 1165 2163 sensu
1182 2142 1307 2164 carentes
1321 2137 1482 2166 habuerunt.
1496 2137 1625 2165 Dolchant
1642 2138 1785 2170 elementa,

998 2186 1024 2208 ct
1036 2190 1131 2216 parum
1147 2182 1251 2215 aberat,
1266 2183 1340 2218 quiti,
1359 2183 1481 2210 ordinem
1496 2185 1693 2219 stationemque
1710 2184 1786 2211 desc-

159 2230 257 2262 rentia,
275 2229 461 2257 cenfusicncm
476 2227 777 2260 inducerentuuiversi,
806 2227 856 2254 nisi
885 2228 1049 2255 voluntatem
1084 2227 1231 2255 conditoris
1262 2229 1457 2263 pereepissent,
1481 2230 1604 2257 videlicet
1629 2230 1716 2264 ipsmn
1731 2238 1784 2258 non

157 2275 269 2302 invitum
285 2276 350 2310 pati.

192 2322 372 2350 B'."(lxaw6w
386 2323 432 2350 καὶ
439 2323 598 2359 παραδόξων
611 2322 782 2358 πραγμάτων
793 2321 883 2357 ΞΞὺλῳ
893 2322 949 2348 τεί-
964 2326 985 2353 D

156 2377 230 2396 νεται
249 2370 263 2395 6
283 2368 355 2404 λόγῳ
372 2370 464 2400 τείνας
477 2369 522 2395 τὸν
535 2369 664 2404 οὐρανόν·
680 2369 727 2395 καὶ
739 2367 848 2402 δεσμοῖς
865 2376 944 2403 περι-

157 2416 292 2449 ϐάλλεται,
306 2417 320 2443 6
335 2416 419 2451 δήσας
433 2415 539 2451 ψάμμῳ
564 2415 613 2451 τὴν
628 2415 765 2442 θάλασσαν
775 2422 781 2428 ·
806 2413 944 2446 ποτίζεται

156 2463 247 2498 χολὴν,
268 2464 282 2489 6
294 2462 343 2494 τὰς
360 2462 451 2498 πηγὰς
470 2462 577 2497 μέλιτος
600 2462 802 2497 χαρισάμενος·
823 2462 869 2488 καὶ
884 2469 945 2487 στε-

157 2507 289 2542 φανοῦται
315 2507 467 2540 ἀκάνθαις,
495 2509 507 2534 6
532 2508 581 2543 τὴν
609 2508 661 2542 γῆν
689 2506 864 2540 στεφανώσας
888 2507 944 2537 τοῖς

157 2553 269 2581 ᾶνθεσι-
292 2553 339 2580 καὶ
362 2553 491 2580 τύπτεται
517 2553 566 2589 μὲν
592 2552 706 2588 καλάμη)
730 2551 779 2588 τὴν
809 2552 943 2587 κεφαλὴν,

191 2633 215 2650 ³⁸
226 2631 304 2660 loan.
321 2640 343 2660 ι.
356 2632 402 2660 29.
440 2633 461 2649 "
478 2631 549 2659 Psal.
565 2640 612 2660 xv.
627 2631 669 2659 10.

189 2694 244 2730 (82)
260 2694 459 2729 Exscripsimus
472 2694 571 2721 editam
584 2692 778 2730 arPantinoex
796 2690 938 2730 bibliothe-

155 2727 330 2761 ca‘Thuana,
355 2727 384 2756 ut
409 2734 452 2756 est
479 2734 534 2756 tota
560 2729 652 2755 usibus
679 2727 792 2761 publicis
822 2727 939 2753 devota:

156 2765 282 2799 nactique
293 2763 404 2799 Regium
415 2765 547 2800 codicem.
568 2764 633 2789 nihil
650 2770 724 2800 pwne
739 2763 874 2800 diversum
894 2767 940 2800 aut

156 2797 301 2832 mutatum,
323 2797 418 2827 exacta
445 2799 588 2826 collatione
620 2798 748 2825 occurrit.
783 2797 828 2823 Est
854 2797 940 2823 oratio

155 2842 210 2870 quo
221 2835 338 2869 brevior,
356 2842 388 2863 eo
403 2833 510 2867 cultior,
520 2841 582 2862 vere
600 2833 796 2861 nobilissimum
812 2838 939 2860 consum-

706 2631 728 2647 ⁸⁰
747 2630 817 2658 Psal.
837 2637 931 2657 xum.
947 2629 990 2656 12.

1037 2320 1069 2346 ιι.
1093 2319 1115 2348 Ο
1135 2328 1178 2348 res
1194 2328 1278 2348 novas
1296 2325 1377 2355 atque
1401 2321 1567 2355 inopinatas!
1587 2321 1672 2356 Ligno
1694 2327 1787 2349 exteu.

999 2367 1082 2398 ditur,
1100 2367 1145 2401 qui
1161 2368 1243 2394 verbo
1254 2367 1351 2394 coelum
1365 2368 1530 2400 tetenderat;
1544 2368 1657 2395 vinculis
1672 2368 1788 2395 circum-

998 2413 1089 2444 datur,
1115 2413 1160 2446 qui
1184 2421 1258 2440 mare
1285 2415 1375 2441 arenis
1400 2414 1575 2448 alligaverat;
1592 2414 1652 2441 felle
1670 2418 1785 2449 potatur,

999 2459 1043 2493 qui
1060 2459 1146 2486 mellis
1164 2458 1252 2487 fontes
1272 2460 1359 2487 fuerat
1380 2460 1504 2496 largitus;
1531 2461 1616 2495 spinis
1631 2466 1785 2492 coronatur,

998 2507 1043 2542 qui
1072 2511 1172 2534 terram
1204 2507 1316 2535 ﬂoribus
1350 2512 1544 2541 coronavcrat;
1572 2507 1677 2535 calamo
1707 2512 1787 2541 caput

999 2553 1168 2584 verberatur,
1186 2553 1231 2587 qui
1253 2553 1397 2588 [Egyptum
1421 2554 1484 2580 olim
1512 2553 1603 2580 decent
1623 2551 1707 2586 plagis
1725 2559 1784 2586 pcr—

1030 2628 1050 2646 "
1062 2630 1143 2657 Zach.
1160 2638 1209 2663 xu,
1227 2630 1269 2658 10.

995 2691 1135 2718 matissimt
1152 2691 1250 2725 Ingenii
1269 2696 1484 2718 monumentum.
1506 2689 1611 2715 Paulini
1627 2689 1784 2725 rversionem

995 2731 1023 2752 ut
1038 2727 1093 2767 suis
1104 2724 1225 2754 numeris
1245 2726 1407 2758 absolutam,
1424 2726 1467 2752 vix
1483 2733 1536 2752 uno
1554 2724 1660 2752 autalio
1671 2726 1785 2758 nmvulo,

994 2766 1165 2788 rcttnllimus.

1030 2796 1085 2832 (85)
1107 2796 1256 2831 ’Er‘jé/tao’e.
1271 2795 1320 2823 Ms.
1332 2795 1467 2831 ὲξεμέσει.

1309 2631 1331 2647 ⁸³
1345 2631 1442 2662 lsa.tx.
1457 2631 1486 2658 2.
