1904 3054
123 98 154 126 91
615 97 644 123 S.
664 93 884 122 AMPlllLOtlllll
903 92 1095 120 lCONIENSlS
1115 91 1269 120 EPlSCOPl
1711 93 1747 122 92

124 160 268 187 cusscrat,
299 159 432 190 caputque
457 153 606 181 Pharaonis
637 153 716 180 umlis
747 157 908 187 operm-rat;

972 165 973 172 η
995 149 1118 182 πατάξας
1138 149 1187 185 τὴν
1206 151 1343 183 Αἴγυπτον
1369 151 1429 182 ταῖς
1452 150 1516 177 δέκα
1539 151 1672 187 πληγαῖς,
1700 154 1747 181 καὶ

124 202 284 237 eunspuitur
299 201 357 234 ejus
370 201 469 233 vultus,
485 207 565 235 quem
579 199 718 226 cherubim
735 199 833 226 intueri
855 206 906 224 non

127 249 270 275 sustinent.
297 247 385 281 Atque
401 247 458 273 lucc
479 246 540 273 talia
563 253 623 272 cum
644 249 792 280 pateretur,
816 252 864 278 pro
881 251 910 270 se

127 294 348 328 crucifigentibus
386 292 617 326 comprecabatur,
661 291 752 318 dicens
780 299 786 316 :
820 289 909 322 Pater,

127 341 227 366 dimitts
242 339 312 370 illis;
328 347 377 365 non
393 339 460 364 enim
475 338 559 364 sciunt
575 337 638 372 quid
651 337 752 370 faciunt
768 336 801 364 ⁸³.
828 335 910 362 Boni—

128 391 182 412 tate
201 385 329 412 malitiam
345 384 437 410 vincit.
457 383 642 410 Defensionem
658 382 775 410 instituit
788 381 912 409 Christus

127 438 175 464 pro
203 430 304 457 Christi
331 430 494 462 homicidis,
521 428 634 455 salutem
669 435 762 454 eorum
792 427 912 453 studiose

128 482 249 511 captans.
268 477 347 503 Diluit
363 477 476 509 crimen,
492 475 669 510 ignorantiam
695 479 830 501 causatus.
854 473 911 499 Non

130 523 227 551 acerbe
253 523 315 555 fert,
352 522 468 549 vesaniae
498 521 615 556 ipsorum
647 520 790 547 ludibrium
816 518 910 545 factus.

131 568 238 595 Tolerat
266 567 461 600 temulentiam,
489 573 592 600 suaque
616 566 641 592 in
669 572 752 599 genus
766 564 912 590 humanum

129 613 318 647 propensione,
331 612 439 639 eosdem
454 611 486 638 ad
502 609 711 644 rcsipisceudum
736 612 823 634 vocat.
844 606 913 640 Quid

129 659 266 693 pluribus?
275 658 351 686 Nullo
362 666 376 686 e
391 657 510 685 bonitate
525 657 608 691 ipsius
621 655 710 682 fructu
724 658 860 689 percepto,
871 660 913 680 se-

131 706 221 740 pulcro
231 705 378 736 includunt,
388 700 467 738 quem
477 703 548 729 nulla
561 709 649 729 rerum
661 701 783 727 universa
789 707 846 726 rum
856 705 915 733 qua;

129 752 274 782 exsistunt,
287 750 314 776 in
328 757 355 776 se
365 749 503 776 continere
514 751 603 782 queat.
614 739 913 782 Signacula‘appoutml,

133 803 253 824 nostram
274 795 459 823 liberationem
479 794 713 821 custodientes:et
730 790 913 819 resurrectio-

131 851 191 872 nem
213 847 360 870 metuentes
379 842 412 869 ad
430 841 582 876 sepulcrum
599 839 696 866 milites
722 838 847 865 custodes
859 841 915 863 sta-

131 894 222 916 tuunt.
250 889 316 922 Quis
342 895 459 922 unquam
482 887 550 913 vidit
575 891 708 912 mortuum
733 881 917 910 custoditum?

133 937 186 963 Aut
204 935 306 969 potius,
331 934 391 968 quis
414 933 479 959 vidit
502 937 636 959 mortuum
661 930 730 957 bello
749 928 918 964 impetilum?

132 981 194 1015 quis
211 980 313 1007 audivit
333 980 395 1006 vitm
417 979 518 1005 exitum
539 977 654 1010 cuipiam
674 975 823 1006 inductum,
836 979 862 1001 et
882 973 917 1000 ti-

133 1035 209 1054 more
234 1030 361 1053 auctores
385 1024 565 1051 aﬂitienlcm?
589 1023 649 1057 quis
676 1030 728 1048 non
753 1021 786 1047 de
810 1020 918 1047 inimico

132 1071 262 1098 sollicitus
278 1077 338 1097 esse
356 1069 446 1099 desiit.
459 1073 600 1103 postquam
618 1067 735 1093 animam
756 1065 838 1099 ipsius
853 1065 918 1091 abs-

135 1118 221 1146 tulit?
244 1118 306 1152 quis
324 1124 377 1144 non
412 1116 581 1143 inimicitiam
605 1114 737 1144 dissolvit,
762 1118 849 1140 morte
874 1112 920 1138 ad-

138 1164 250 1191 versarii
277 1162 414 1190 satiatus?
437 1161 506 1193 Quid
528 1167 606 1194 quem
624 1161 657 1186 de
674 1158 761 1186 medio
778 1157 919 1189 sustulisti,

135 1209 223 1236 adhuc
244 1209 349 1239 horres,
366 1206 476 1234 Judzee?
490 1205 556 1240 quid
571 1205 668 1232 metuis
682 1211 763 1238 quem
779 1202 924 1234 occidisti?

135 1254 199 1289 quid
226 1253 356 1280 formidas
370 1261 385 1280 e
399 1252 466 1279 vivis
493 1251 646 1286 egressum?
670 1251 733 1285 quid
756 1250 833 1277 times
856 1256 921 1276 ene-

136 1299 227 1327 ctum?
251 1299 315 1334 quid
330 1303 358 1326 te
375 1298 524 1326 discruciat
537 1304 616 1332 quem
630 1296 809 1323 crucifixisti?
830 1295 922 1323 Caedes

137 1347 193 1381 ipsa
207 1346 253 1373 tibi
270 1345 443 1374 securitatem
458 1344 601 1378 promittit.
624 1343 697 1369 Bono
712 1343 801 1369 animo
811 1346 879 1369 esto.
893 1340 922 1368 Si

137 1392 224 1419 nudus
239 1391 330 1423 homo,
348 1391 393 1424 qui
409 1395 530 1416 mortuus
544 1394 595 1421 est,
615 1396 667 1416 non
682 1388 775 1423 utique
792 1388 925 1422 resurgit;

137 1437 159 1463 si
185 1436 271 1463 nudus
295 1440 386 1466 homo,
408 1439 479 1461 recte
493 1434 519 1460 iu
538 1440 645 1460 crucem
668 1433 762 1467 egisti;
789 1431 810 1459 si
836 1431 922 1458 nudus

139 1481 228 1513 homo,
251 1488 304 1508 non
325 1487 418 1507 verum
440 1483 523 1506 restat
542 1478 612 1512 quod
636 1478 704 1507 dixit
719 1488 724 1505 ε
739 1477 837 1504 Soluite
861 1483 924 1503 tent-

137 1526 209 1560 plum
230 1527 290 1558 hoc,
307 1529 330 1552 et
347 1525 374 1552 in
395 1525 477 1551 tribus
501 1524 591 1550 diebus
613 1523 731 1550 excitabo
754 1523 820 1549 illud
834 1521 868 1550 “.
894 1521 922 1548 Si

139 1573 226 1599 nudus
239 1572 330 1604 homo,
346 1575 433 1598 morte
444 1570 599 1602 detinetur;
613 1569 635 1596 si
652 1569 739 1595 nudus
756 1567 847 1599 homo,
860 1567 924 1602 quid

140 1617 294 1651 sepulcrum
318 1616 483 1651 consiguas?
504 1615 636 1649 Exspecta
659 1614 729 1641 diem
754 1614 874 1644 tertium,
898 1617 925 1639 et

144 1661 247 1689 videbis
265 1661 376 1688 insania:
391 1666 442 1687 tua:
462 1660 682 1687 confutationcm.
708 1659 804 1686 Desine
825 1657 925 1685 frustra

141 1707 274 1738 laborare,
291 1711 317 1733 et
332 1705 434 1732 videbis
450 1712 538 1732 rerum
559 1709 694 1731 eventum.
715 1703 812 1730 Desine
832 1707 924 1730 contra

142 1752 283 1779 veritatem
302 1750 401 1778 furere.
422 1750 519 1777 Desine
545 1750 598 1777 Deo
621 1749 718 1777 bellum
735 1748 842 1780 inferre,
858 1748 927 1774 infe-

143 1804 259 1832 rensque
280 1801 306 1823 te
325 1797 412 1831 ipsum
431 1795 585 1823 vulnerare.
604 1795 702 1822 Desine
721 1795 805 1822 solem
817 1793 928 1827 justitiac

144 1843 250 1877 injuriis
267 1842 385 1874 afﬁcere,
401 1841 562 1869 existimans
585 1845 610 1867 te
635 1832 693 1873 ejus
716 1840 803 1866 radios
827 1840 929 1866 exstin-

142 1895 237 1924 guere.
253 1888 362 1920 Desine,
377 1888 505 1922 inquam;
525 1893 576 1913 nec
596 1885 696 1913 fontem
712 1885 773 1911 vita:
790 1884 929 1912 obstruere

145 1934 303 1962 contendas.
321 1932 418 1960 Desine
432 1931 572 1967 prmfectos
589 1931 712 1966 fatigare.
732 1930 829 1957 Desine
844 1930 930 1957 decu-

144 1980 230 2008 stodia
249 1979 329 2007 verba
351 1978 448 2005 facere.
477 1978 573 2006 Desine
599 1976 768 2004 mendacium
795 1976 842 2002 tibi
856 1983 930 2003 com<

144 2025 278 2056 mercari,
298 2029 326 2051 et
344 2028 463 2050 armatos
483 2030 666 2051 commovere.
687 2022 724 2050 Ne
739 2022 840 2049 frustra
861 2022 930 2049 nita-

146 2071 183 2098 ris
204 2078 237 2097 ne
262 2069 294 2096 ad
318 2069 483 2103 impietatem
507 2069 657 2103 impensam
682 2068 822 2100 facias.ne
838 2072 931 2094 contra

148 2117 230 2143 Deum
247 2116 293 2142 tibi
314 2115 455 2142 victoriam
485 2114 580 2149 fingas.
608 2113 647 2141 Ne
675 2113 817 2144 militibus,
834 2119 863 2140 ut
879 2113 930 2140 alia

145 2169 194 2196 pro
216 2161 277 2187 aliis
303 2160 430 2192 referant,
453 2159 606 2186 mercedem
635 2159 747 2186 tribuas.
770 2157 809 2186 Ne
826 2159 930 2186 turbam

147 2209 180 2236 ad
196 2209 348 2244 sepulcrum
367 2207 500 2235 excubare
520 2206 614 2234 facias.
642 2206 682 2233 Ne
697 2207 723 2234 in
737 2207 820 2234 armis
835 2207 888 2234 tuis
899 2207 931 2234 li-

148 2255 253 2282 duciatn
272 2253 384 2281 habeas.
406 2253 496 2280 Armis
515 2252 678 2280 resurrectio
694 2260 746 2280 non
762 2253 931 2287 prohibetur,

148 2309 201 2329 non
225 2300 373 2336 impeditur
396 2298 552 2334 signaculis,
568 2306 621 2325 non
636 2303 778 2326 coercetur
789 2298 931 2331 militibus,

149 2354 201 2374 non
227 2345 374 2380 surripitur
399 2344 532 2378 pecuniis,
558 2344 605 2371 sed
634 2344 685 2371 lidc
707 2343 856 2371 obtiuetur.
873 2344 931 2371 Non

149 2391 239 2418 vidisti
265 2390 398 2418 Lazarum
422 2396 509 2423 nuper
533 2394 645 2416 mortem
674 2389 761 2415 instar
778 2389 865 2416 somni
885 2396 933 2416 cx-

149 2436 318 2466 cutientem?
335 2435 391 2462 Non
407 2435 496 2462 vidisti
513 2434 649 2468 quomodo
671 2441 732 2461 cum
755 2434 844 2461 fasciis
868 2434 933 2469 ipsis

150 2483 334 2519 gradiebatur,
345 2488 451 2513 vocemI
470 2479 535 2507 Veni
548 2480 620 2514 {oras
634 2479 668 2513 ⁸⁵,
680 2479 759 2506 simul
773 2479 934 2506 audivisset?

152 2529 208 2556 Non
226 2528 315 2556 vidisti
332 2526 468 2562 quomodo
482 2530 604 2552 mortuus
619 2524 740 2552 vocantis
754 2524 860 2559 jussum
876 2523 933 2551 fue-

153 2575 314 2607 ritsecutus,
334 2573 501 2600 vinculorum
518 2579 586 2598 nexu
607 2571 718 2598 minime
743 2571 828 2605 ipsum
856 2570 932 2597 cohi-

153 2621 253 2648 bente?
279 2620 337 2647 Non
363 2618 453 2646 vidisti
476 2617 611 2653 quomodo
634 2620 723 2644 morte
744 2615 800 2651 jam
818 2615 934 2644 solutum

187 2711 210 2726 ⁸³
223 2710 286 2738 Luc.
298 2718 377 2744 mu,
392 2711 436 2739 54.

191 2799 245 2833 084)
259 2798 337 2825 Furle
352 2797 483 2832 dvayqrﬁ.

484 2709 507 2727 ιδ
521 2708 599 2736 Joan.
614 2717 645 2742 ιι,
659 2710 715 2738 ·19.
735 2710 759 2728 ιε
777 2708 855 2737 Joau.
871 2715 909 2740 χι,
925 2707 969 2735 45.

961 196 1010 231 τὴν
1042 195 1161 231 κεφαλὴν
1190 195 1236 222 τοῦ
1268 195 1367 231 Φαραὼ
1397 196 1520 230 καλύψας
1555 198 1611 229 τοῖς
1642 196 1746 226 ὕδασιν.

968 242 1133 278 Ἐμπτύεται
1145 242 1175 268 τὸ
1193 242 1338 277 πρόσωπον
1351 241 1365 268 ὃ
1382 241 1444 268 ἰδεῖν
1460 242 1490 267 ού
1503 241 1580 278 φέρει
1595 242 1630 269 τὰ
1645 243 1747 278 Χερου-

962 288 1020 323 ὃίμ.
1035 288 1126 316 Ταῦτα
1140 288 1168 314 δὲ
1182 288 1303 322 πάσχων,
1318 288 1385 323 ὑπὲρ
1405 287 1459 314 τῶν
1472 288 1658 322 σταυρούντων
1665 297 1748 324 προσ-

961 334 1071 369 ηύχετο,
1095 333 1199 367 λέγων’
1226 333 1335 367 Πάτερ,
1360 332 1434 368 ἄφες
1448 332 1559 366 αὐτοῖς,
1575 334 1611 360 οὐ
1631 333 1686 368 γὰρ
1704 334 1748 360 οι-

962 378 1033 405 δασι
1060 379 1089 404 τι
1109 377 1261 404 ποιοῦσίν.
1293 377 1453 413 Ἀγαθὸτητι
1475 377 1525 412 τὴν
1547 378 1647 404 κακίαν
1673 379 1746 414 νικᾷ.

969 425 1154 458 ’Λπολογεῖται
1169 423 1238 459 ὑπὲρ
1258 422 1312 450 τῶν
1326 423 1533 458 χριστοκτόνων,
1551 423 1591 455 είς
1612 423 1748 459 σωτηρίαν

964 472 1062 503 αὐτοὺς
1086 470 1244 505 σαγινεύων.
1263 470 1328 496 Λύει
1351 470 1381 496 τὸ
1401 470 1527 505 ἔγκλημα
1539 490 1546 502 ,
1568 470 1618 505 τὴν
1638 470 1748 504 ἄγνοιαν

964 516 1134 551 αἰτιώμενος.
1161 516 1198 542 Οὐ
1222 515 1379 550 χαλεπαίνει
1400 516 1449 550 τῆς
1471 516 1582 542 ἐκείνων
1605 516 1749 552 παροινίας

964 562 1104 597 γινόμενος
1126 561 1261 596 παίγνιον.
1280 562 1393 596 Δέχεται
1412 562 1462 597 τὴν
1485 561 1580 598 μέθην,
1593 562 1640 589 καὶ
1653 562 1749 596 φιλαν-

967 608 1073 644 θρωπίᾳ
1105 609 1182 635 καλεῖ
1206 608 1273 644 πρὸς
1298 608 1452 644 μετάνοιαν.
1481 609 1513 634 Τί
1535 609 1575 635 δεῖ
1603 609 1692 643 λέγειν
1714 609 1750 635 τὰ

968 655 1051 682 πλείω
1064 665 1070 688 ;
1081 655 1163 682 Οὐδὲν
1173 656 1222 691 τῆς
1228 655 1396 691 ἀγαθότητος
1402 655 1587 690 ἀπωνάμενοι,
1598 654 1749 689 ὲγκλείουσι

964 701 1043 737 τάφῳ
1066 701 1096 728 δν
1119 702 1195 728 οὐδὲν
1217 701 1270 729 τῶν
1293 701 1377 728 ὅντων
1399 702 1500 737 χωρεῖ·
1530 702 1578 728 καὶ
1605 701 1749 738 σήμανθρα

966 747 1146 779 ἐπιτιθέασιν,
1166 747 1244 782 ἡμῶν
1266 747 1316 783 τὴν
1339 747 1476 782 σωτηρίαν
1491 747 1682 781 φυλάττοντες·
1703 748 1752 775 καὶ

969 793 1084 825 δεδιότες
1107 793 1156 829 τὴν
1177 793 1334 825 ἀνάστασιν,
1361 793 1529 830 στρατιώτας
1555 793 1676 829 φύλακας
1705 795 1752 828 ἐφ-

969 837 1064 864 ιστῶσι
1081 838 1120 873 τῷ
1141 839 1272 874 μνήματι.
1300 838 1348 870 Τίς
1377 836 1430 865 εἶδε
1455 838 1551 873 νεκρὸν
1585 838 1752 874 φυλαττόμε-

968 892 1028 916 vav;
1049 885 1148 919 μᾶλλον
1219 884 1260 916 τίς
1282 882 1334 911 εῐδε
1351 884 1446 920 νεκρὸν
1470 884 1687 920 πολεμούμενον;
1711 884 1752 916 τίς

967 930 1067 965 ἤκουσε
1099 930 1226 965 τελευτὴν
1258 930 1498 966 ἀμφιδαλλομένην
1523 930 1590 966 (84),
1618 930 1665 957 καὶ
1695 930 1754 963 δέος

968 977 1135 1011 ἐμποιοῦσαν
1157 978 1214 1008 τοῖς
1236 977 1451 1012 ὲργασαμένοιςς
1475 977 1517 1008 τίς
1541 977 1591 1003 οὐκ
1615 977 1754 1003 ἐπαύσατο

969 1023 1036 1058 πρὸς
1061 1022 1157 1058 ἐχθρὸν
1182 1023 1231 1058 τὴν
1246 1023 1334 1058 ψυχὴν
1351 1023 1548 1059 ἀφειλάμενοςς
1575 1024 1617 1055 τίς
1643 1024 1673 1050 οὺ
1690 1032 1755 1050 κατ-

969 1067 1064 1094 έλυσεν
1078 1067 1178 1103 ἔχθραν
1186 1068 1330 1103 ἀρκεσθεὶς
1349 1068 1456 1103 θανάτῳ
1469 1068 1516 1095 τοῦ
1535 1068 1698 1104 δυσμενοῦς;
1721 1070 1755 1097 TE

969 1113 998 1139 ὂν
1011 1113 1150 1149 ἀνήλωσας
1168 1113 1298 1149 δειλειᾷς,
1313 1110 1336 1140 ὦ
1359 1114 1485 1147 Ἰουδαῖε;
1506 1114 1533 1141 τί
1549 1115 1617 1150 φοὸῇ
1639 1115 1668 1141 ὃν
1700 1116 1754 1142 ἀπ-

970 1159 1108 1191 έκτεινας;
1128 1159 1240 1193 τρέμεις
1249 1159 1294 1186 τὸν
1318 1159 1503 1194 μεταστάντα;
1525 1159 1551 1186 τί
1570 1159 1690 1191 δέδοικας
1709 1159 1754 1186 τὸν

970 1205 1161 1241 ἀναιρεθέντα;
1175 1205 1202 1231 τί
1214 1205 1242 1231 ὃν
1256 1206 1432 1241 ὲσταύρωσας
1442 1206 1578 1241 ὰγωνιᾷς;
1596 1206 1688 1241 Ἔχεις
1701 1206 1758 1232 timo

970 1250 1020 1286 τῆς
1035 1251 1141 1284 σφαγῆς
1157 1251 1316 1285 ἀσφάλειαν.
1337 1251 1449 1287 Θάρρει.
1472 1251 1503 1278 Εἰ
1519 1251 1595 1286 qna;
1614 1252 1759 1287 ἄνθρωπος’

971 1295 986 1321 ὁ
1009 1295 1157 1330 τεθνηκὼς,
1182 1297 1231 1322 οὐκ
1253 1297 1410 1323 ἀνίσταται-
1440 1298 1464 1323 εί
1491 1297 1568 1331 ψιλὸς
1593 1297 1754 1332 ἄνθρωπος,

973 1341 1063 1373 καλῶς
1081 1341 1185 1377 ἔπηξας
1198 1342 1243 1368 τὸν
1258 1342 1374 1378 σταυρόν
1384 1350 1392 1358 ·
1415 1343 1438 1369 εἰ
1452 1342 1528 1377 ψιλὸς
1540 1342 1692 1378 ἄνθρωπος,
1706 1343 1757 1368 οὐκ

972 1387 1108 1422 ἀληθεύει,
1123 1388 1241 1414 Λύσατε
1255 1388 1309 1414 τὸν
1323 1387 1399 1415 ναὸν
1413 1389 1532 1421 τοῦτον,
1548 1389 1645 1422 είπὼν,
1662 1389 1711 1416 καὶ
1723 1389 1758 1415 ἐν

973 1433 1198 1467 τρισὶν-ἡμέραις
1220 1434 1310 1468 ἐγερῶ
1326 1435 1429 1461 αὐτόν.
1448 1435 1480 1461 Εἰ
1501 1435 1578 1469 ψιλὸς
1599 1435 1756 1470 ἄνθρωπος,

974 1478 1012 1512 τῷ
1033 1477 1139 1512 θανάτῳ
1167 1478 1327 1513 κατέχεται*
1352 1480 1377 1505 εἰ
1392 1479 1468 1513 ψιλὸς
1491 1479 1648 1515 ἄνθρωπος,
1665 1479 1691 1505 τί
1713 1480 1758 1506 τὸν

973 1523 1057 1557 τάφον
1073 1523 1250 1559 σφραγίζεις,
1277 1525 1391 1560 ἁνόητε;
1412 1525 1572 1561 Περίμεινον
1594 1525 1642 1561 τὴν
1664 1525 1759 1562 τρίτην

975 1569 1092 1605 ἡμέραν,
1108 1571 1154 1596 καὶ
1169 1570 1228 1604 ὕψει
1253 1570 1302 1605 τῆς
1323 1570 1436 1597 σεαυτοῦ
1458 1572 1557 1606 μανίας
1575 1571 1621 1598 τὸν
1637 1571 1756 1606 ἔλεγχον.

975 1615 1083 1642 Παῦσαι
1096 1615 1356 1652 περιεργαζόμενος,
1371 1617 1416 1643 καὶ
1429 1616 1513 1653 θεάσῃ
1525 1617 1578 1644 τῶν
1592 1617 1760 1653 πραγμάτων

975 1661 1024 1696 τὴν
1033 1660 1154 1688 ἔκϐασιν.
1168 1661 1274 1689 Παῦσαι
1284 1661 1386 1688 λύττων
1399 1662 1470 1689 κατὰ
1481 1663 1529 1697 τῆς
1542 1662 1678 1698 ἀληθείας.
1691 1662 1763 1689 Παῦ-

977 1714 1023 1732 σαι
1038 1706 1097 1742 Θεῷ
1113 1706 1250 1742 πολεμῶν,
1266 1707 1313 1734 καὶ
1334 1707 1373 1743 τῷ
1388 1707 1515 1742 πολεμεῖν
1535 1708 1762 1743 κατατιτρώσκων

978 1751 1086 1778 σαυτόν.
1105 1751 1211 1778 Παῦσαι
1224 1752 1268 1778 τδν
1281 1752 1356 1787 ἥλιον
1384 1753 1433 1788 τῆς
1447 1752 1620 1788 δικαιοσύνης
1634 1752 1761 1788 ὑϐρίζων,

977 1798 1024 1824 καὶ
1039 1797 1156 1832 νομίζων
1171 1797 1220 1829 τὰς
1239 1798 1351 1829 ἀκτῖνας
1368 1798 1471 1824 ἐκείνου
1486 1798 1634 1825 σϐεννύειν.
1656 1798 1762 1825 Παῦσαι

977 1843 1026 1877 τὴν
1041 1840 1131 1879 πηᾶιὴν
1145 1843 1194 1878 τῆς
1209 1843 1281 1878 ζωῆς
1296 1844 1455 1879 προσχῶσαι
1467 1844 1638 1879 φιλονεικῶν.
1655 1844 1763 1871 Παῦσαι

979 1889 1106 1924 ἄρχουσιν
1128 1889 1255 1924 ἐνοχλῶν,
1273 1890 1320 1916 καὶ
1344 1891 1408 1925 περὶ
1430 1891 1550 1926 φρουρᾶς
1564 1890 1762 1925 διαλεγόμενος.

979 1934 1084 1960 Παῦσαι
1099 1934 1130 1959 τὸ
1145 1934 1240 1968 ψεῦδος
1256 1934 1423 1969 ὠνούμενος,
1441 1935 1489 1961 καὶ
1512 1935 1575 1966 τοὺς
1593 1935 1704 1967 ὁπλίτας
1723 1943 1765 1962 κισ

982 1978 1045 2004 νῶν.
1061 1979 1107 2013 Μὴ
1131 1978 1223 2014 κάμῃς
1247 1978 1363 2013 ἀνόνητα
1375 1987 1382 1993 ·
1402 1978 1439 2014 μὴ
1455 1980 1494 2009 είς
1512 1978 1639 2005 ἀσέϐειαν
1661 1978 1765 2006 ἀναλώ-

981 2033 1030 2060 σῃς
1045 2025 1079 2052 τὰ
1096 2025 1139 2057 σὰ,
1159 2026 1207 2052 καὶ
1224 2025 1294 2052 κατὰ
1309 2025 1376 2052 Θεοῦ
1392 2025 1526 2060 φαντάζου
1545 2026 1594 2060 τὴν
1614 2025 1702 2060 νίκην.
1718 2025 1764 2060 Μὴ

981 2069 1033 2104 δῷς
1054 2070 1151 2105 μισθὸν
1170 2070 1348 2105 στρατιώταις
1370 2070 1451 2106 ἕτερα
1475 2070 1531 2097 ἀνθ’
1555 2071 1654 2106 ἐτέρων
1669 2071 1763 2097 εἰπεῖν.

982 2115 1027 2152 Μὴ
1041 2115 1244 2152 παρακοιμίσῃς
1261 2115 1306 2142 τον
1327 2116 1404 2152 ὄχλον
1426 2117 1465 2152 τῷ
1489 2117 1610 2152 μνήματι
1638 2117 1683 2152 Μὴ
1700 2116 1766 2152 Bap-

947 2172 968 2199 Β
984 2161 1069 2196 ρήσῃς
1086 2162 1141 2193 τοῖς
1160 2161 1263 2193 ὅπλοις.
1277 2161 1390 2193 Ὅπλοις
1405 2162 1552 2193 ἀνάστασις
1568 2163 1598 2188 οὺ
1616 2161 1748 2188 κωλύεται
1759 2170 1765 2176 ·

980 2207 1030 2235 οὐκ
1044 2205 1219 2241 ὲμποδίζεται
1233 2207 1293 2238 ταῖς
1308 2207 1464 2242 σφραγίσιν,
1480 2207 1530 2234 οὐκ
1543 2206 1664 2243 εἴργεται
1684 2215 1767 2242 στραι-

979 2252 1107 2284 τιὼταις,
1128 2252 1158 2278 οὐ
1173 2252 1320 2279 κλέπτεται
1340 2254 1488 2289 χρήμασιν,
1508 2253 1575 2281 ἀλλὰ
1595 2254 1694 2280 πίστει.
1720 2253 1766 2289 Μὴ

980 2298 1029 2324 οὐκ
1053 2296 1122 2329 εἶδες
1145 2297 1191 2324 τὸν
1213 2298 1338 2334 Λάζαρον
1363 2298 1444 2325 πάλιν
1469 2299 1595 2334 καθάπερ
1617 2299 1699 2326 ὕπνον
1723 2299 1766 2326 τὸν

981 2343 1096 2370 θάνατον
1111 2343 1345 2378 ἀποσεισάμενον;
1363 2342 1440 2376 Εἶδες
1459 2344 1518 2376 πῶς
1539 2346 1586 2372 σὺν
1610 2346 1705 2377 αὑταῖς
1721 2355 1755 2380 κη

987 2389 1058 2424 ρίαις
1071 2389 1190 2421 ἐϐάδιζε,
1215 2389 1246 2415 τὸ
1261 2390 1353 2423 Δεῦρο
1379 2391 1518 2423 ἀκούσαςς
1536 2389 1611 2423 Εἶδες
1628 2391 1685 2423 πῶς
1707 2392 1766 2425 ἡκο-

985 2436 1100 2472 λούθησε
1114 2436 1152 2472 τῷ
1167 2437 1356 2472 προστάγματι
1370 2438 1384 2463 ὀ
1396 2438 1502 2473 νεκρὸς,
1517 2438 1564 2464 καὶ
1577 2439 1590 2465 ὁ
1605 2438 1704 2473 δεσμὸς
1721 2438 1772 2464 οὐκ

968 2481 1134 2521 ,ἐκώλυσεπ
1154 2480 1231 2514 Εἶδες
1245 2482 1303 2514 πῶς
1319 2482 1440 2518 ἥρμοσεν
1457 2484 1474 2518 ἡ
1492 2483 1568 2518 φωνὴ
1589 2483 1626 2518 τῷ
1647 2483 1693 2511 τὸν
1714 2483 1766 2509 δια-

982 2527 1098 2554 λυθέντα
1122 2527 1247 2563 θανάτῳ;
1279 2528 1308 2554 '0
1335 2529 1427 2555 ἐκεῖνα
1449 2528 1591 2564 δυνηθεὶς,
1618 2528 1665 2555 καὶ
1685 2527 1772 2555 ταῦτα

983 2572 1144 2608 δυνήσεται·
1172 2574 1186 2599 ὀ
1201 2572 1246 2600 τὸν
1270 2573 1363 2600 δοῦλον
1384 2574 1559 2610 ἀναστήσας,
1577 2573 1658 2605 αὐτὸς
1682 2571 1772 2607 πολλῷ

985 2617 1084 2652 μᾶλλον
1103 2617 1249 2654 ἐγείρεται.
1271 2618 1300 2645 ’0
1314 2619 1484 2654 ζωογονήσας
1496 2619 1541 2646 τὸν
1556 2618 1706 2655 σεσηπότα,
1720 2617 1769 2646 οὒκ
