1904 3054
185 118 223 147 93
824 119 994 147 EPlSTOLA
1013 120 1198 153 SYNODICA.
1780 121 1816 151 94

187 178 264 207 ἐάσει
285 179 382 215 νεκρὸν
401 179 508 206 ἑαυτόν,
543 179 623 206 ’Λλλά
645 179 700 216 γὰρ
728 179 745 215 ή
766 180 900 215 τυφλότης
924 180 978 208 τῶν

1034 189 1083 208 vox
1109 179 1291 209 restauravit?
1317 180 1367 214 Qui
1389 180 1434 208 illa
1462 180 1557 216 potuit,
1577 184 1605 208 et
1628 181 1687 208 hazc
1704 181 1814 216 poterit.

194 225 328 252 Ἰουδαίων
343 225 427 261 πολλὴ
442 244 450 258 ,
464 226 511 254 καὶ
525 225 616 261 ὁρῶσα
630 225 665 252 τὰ
684 225 811 261 Θαύματα
824 246 831 259 ,
846 227 894 261 οὐχ
915 227 978 263 ὁρᾷ.

187 271 378 306 ὀφθαλμοὺς
409 272 534 306 ἔχουσι,
559 271 610 298 καὶ
631 271 668 298 οὐ
695 271 888 304 βλέπουσιν·
919 269 980 305 (Eia

187 317 306 352 ἔχουσι,
332 318 382 345 καί
407 318 463 344 οὐκ
486 317 663 346 ἁκούουσιν.
700 317 732 344 '0
754 318 826 351 Θεὸς
848 318 903 354 γὰρ
926 319 980 346 τοῦ

187 361 295 395 αἰῶνος
323 362 430 389 τούτου
455 362 613 396 ἐτύφλωσε
638 362 692 395 τὰς
718 362 843 396 καρδίας
868 363 978 397 αὐτῶν,

188 408 263 442 πρὸς
273 409 305 435 τὸ
315 408 359 443 μὴ
366 407 551 443 acutam-daal
566 407 669 440 αὐτοῖς
679 407 712 434 τὸ
725 408 910 443 Etim-refle
925 407 981 443 τῆς

188 455 396 488 δικαιοσύνης.
423 454 493 480 Ἀλλ’
511 454 633 485 ἐκείνους
653 454 701 489 μὲν
717 453 787 486 τέως
804 454 930 490 ἐάσωμεν
946 456 980 490 τῇ

188 501 321 537 ἀπιστίᾳ·
338 502 419 536 ἡμεῖς
434 501 463 528 δὲ
480 501 605 536 λέγωμεν
620 500 690 536 μετὰ
708 501 762 529 τῶν
783 501 847 537 περὶ
864 501 982 537 Μαριὰμ

188 546 238 582 τὴν
263 548 371 582 πιστὴν,
397 546 468 574 κατὰ
490 547 609 574 διάνοιαν
630 546 848 579 ἀναπλάττοντες
874 547 981 579 ἑαυτοῖς

188 593 236 619 τοῦ
261 593 388 628 Σωτῆρος
407 593 454 620 τὸν
472 593 575 628 τάφον
598 591 690 629 Ἦραν
703 593 749 619 τὸν
765 592 867 628 Κύριον
888 592 980 628 ὴμῶν,

189 638 238 664 καὶ
252 638 301 665 οὐκ
322 638 433 674 οίδαμεν
456 639 483 665 τί
506 639 636 674 ἐποίησαν
660 638 751 665 αὐτόν.
776 638 853 673 Δι’)τῷ
872 640 888 674 ὴ
906 638 978 671 δόξα,

190 684 240 711 σὺν
255 683 293 719 τῷ
309 685 436 721 ἀχράντῳ
453 685 549 721 “arpi,
566 685 614 712 καὶ
629 684 668 720 τῷ
683 684 753 719 ἁγίῳ
767 684 918 720 Πνεύματι,
931 684 980 712 νῦν

188 733 235 760 καὶ
251 733 304 766 ἀεὶ,
321 734 368 760 καὶ
384 734 423 765 είς
435 734 499 766 τοὺς
511 733 612 766 αἰῶνας
625 733 679 760 τῶν
693 733 811 760 αἰώνων.
830 733 929 768 Ἀμήν.

1031 227 1081 261 Qui
1098 235 1206 255 servum
1229 226 1382 259 suscitavit,
1407 227 1463 262 ipse
1489 227 1572 255 multo
1594 227 1680 261 magis
1701 227 1817 255 suscita-

1030 278 1083 301 tur.
1101 273 1151 307 Qui
1169 273 1195 300 in
1208 272 1292 300 vitam
1308 272 1426 300 restituit
1438 272 1492 307 jam
1507 271 1698 308 putrefactum.
1715 280 1817 308 nequa-

1029 327 1108 355 quam
1124 327 1153 348 se
1169 320 1255 354 ipsum
1281 323 1418 347 mortuum
1444 319 1525 346 sinet.
1549 318 1683 346 Creterum
1706 318 1815 346 Judaeo-

1029 374 1088 394 rum
1110 367 1217 394 caecitas
1240 366 1384 398 immensa,
1405 374 1465 401 quae
1487 366 1581 393 videns
1606 365 1746 397 miracula,
1766 367 1816 392 mi-

1029 413 1101 440 nime
1124 413 1215 440 videt:
1237 412 1335 440 Oculos
1360 413 1431 439 enim
1458 412 1565 445 habent,
1588 417 1611 439 et
1629 420 1680 439 mm
1708 413 1813 444 vident,

1030 466 1106 486 aures
1132 459 1236 490 habent,
1260 463 1285 486 et
1308 466 1361 486 non
1371 458 1482 486 audiunt
1499 459 1534 486 “.
1561 458 1629 486 Deus
1650 458 1722 486 enim
1738 457 1816 493 huius

1031 504 1120 532 lwculi
1139 504 1219 532 corda
1230 512 1322 532 eorum
1335 504 1485 539 ezcwcavil,
1503 509 1530 531 ut
1543 513 1595 532 non
1611 504 1746 532 illucescat
1761 505 1816 532 illis

1030 550 1201 586 Evangelium
1210 551 1323 586 justitia:
1337 552 1371 578 ⁵⁷.
1394 551 1446 579 Sed
1474 551 1588 580 miseros
1607 551 1666 580 illos
1689 553 1817 587 deinceps

1030 604 1085 624 sua:
1119 598 1303 625 incredulitati
1338 598 1546 634 relinquamus;
1581 606 1630 626 nos
1660 606 1725 626 vero
1755 607 1815 626 cum

1029 643 1100 671 ﬁdeli
1118 643 1213 676 Maria,
1237 644 1263 671 in
1280 645 1373 672 animo
1395 645 1474 672 nobis
1498 636 1651 673 Servatoris
1674 645 1757 673 nostri
1776 653 1818 672 se-

1030 689 1154 724 pulcrum
1185 689 1359 724 clﬁngentes.
1383 690 1529 718 dicamus:
1562 689 1696 718 Tulerunt
1727 690 1818 718 Domi-

1028 741 1092 760 num
1119 738 1252 767 nostrum,
1279 739 1307 762 et
1334 736 1470 763 nescimus
1494 735 1559 771 quid
1583 743 1615 763 eo
1642 735 1764 764 fecerunt
1778 736 1812 763 ⁸³.

191 782 241 816 lpsi
267 781 364 817 gloria,
392 790 453 810 cum
477 783 639 810 intemerato
665 782 757 815 Patre,
790 787 818 810 et
852 786 946 810 sancto
982 781 1096 818 Spiritu,
1125 791 1196 811 nunc
1224 788 1252 811 et
1283 791 1407 820 semper,
1433 790 1460 812 et
1476 785 1501 812 in
1527 784 1624 812 swcula
1648 784 1816 812 smculorum.

189 828 285 856 Amen.

225 907 247 923 “
259 907 331 934 Psal.
343 915 420 941 cxtu,
430 908 457 941 5,
496 907 517 924 ⁸⁷
532 908 552 935 ll
565 908 627 936 Cor.
642 916 681 938 Iv.
692 908 719 935 4.
759 907 781 924 ⁸⁸
793 907 871 936 Joan.
884 907 990 940 xx,15.

454 1051 816 1096 ΑΜΦΙΛΟΧΙΟΥ
852 1047 909 1083 (⁸⁵)
946 1053 1282 1099 ΕΠΙΣΚΟΠΟΥ
1318 1053 1554 1096 ΙΚΟΝΙΟΥ

822 1158 996 1186 ΕΠΙΣΤΟΛΗ
1009 1158 1196 1186 ΣΥΝΟΔΙΚΗ.

515 1318 764 1351 AMPEILOCHII
777 1320 949 1351 EPISCOPI
961 1321 1079 1352 ICONII
1093 1321 1275 1352 EPISTOLA
1293 1321 1486 1352 SYNODICA.

223 1523 278 1550 Καὶ
302 1523 367 1558 πρὶν
385 1523 549 1559 κομίζεσθαι
563 1525 598 1552 τὶ
623 1525 699 1562 παρὰ
719 1525 769 1561 τῆς
783 1526 892 1562 ἀγάπης
908 1527 978 1562 ὗμῶη

1074 1527 1225 1562 Antequam
1245 1527 1341 1554 litterae
1356 1533 1370 1552 a
1385 1525 1518 1553 charitate
1533 1528 1621 1552 vestra
1637 1525 1725 1553 missae
1741 1525 1832 1554 αἴγει’--

187 1569 350 1605 γράμματα,
377 1570 570 1606 περιήγγειλεν
584 1572 624 1603 εἰς
647 1572 720 1607 ἡμᾶς
736 1573 751 1607 ἡ
767 1573 846 1608 φήμη
859 1593 866 1605 ,
883 1573 930 1600 καὶ
949 1573 980 1599 τὺ

175 1614 239 1650 ’τῆς
259 1615 376 1647 πίστεως
390 1616 467 1651 ὑμῶν
485 1616 646 1652 ἀκραιφνὲς,
661 1617 708 1643 καὶ
729 1618 796 1653 πρὸς
813 1619 876 1650 τοὺς
892 1619 982 1646 κινδύ-

189 1669 251 1692 νους
262 1661 496 1697 παρατεταμένον,
510 1662 556 1688 καὶ
571 1662 639 1698 πρὸς
652 1662 685 1689 τὰ
698 1663 849 1699 παθήματα
864 1664 899 1690 τὰ
912 1664 981 1700 ὑπὲρ

188 1707 307 1742 Χριστοῦ
323 1709 496 1744 καρτερικὸν,
514 1709 561 1736 καὶ
577 1710 626 1745 τῆς
643 1711 682 1741 εἰς
699 1709 765 1736 Θεὸν
783 1710 896 1745 ἀγάπης
913 1710 979 1745 (86),

189 1754 237 1780 καὶ
260 1754 291 1780 τὸ
317 1755 365 1790 τῆς
395 1755 546 1790 μελλούσης
573 1755 680 1788 ἐλπίδος
707 1755 736 1782 ἐν
766 1755 830 1790 ὑμῖν
860 1755 980 1790 βέϐαιον.

133 1804 139 1805 '
196 1801 273 1827 Ἐπεὶ
294 1801 323 1827 δὲ
347 1801 394 1828 καὶ
420 1803 475 1833 τοῖς
497 1801 642 1837 γράμμασι
662 1801 712 1836 τῆς
741 1801 883 1833 εὐλαϐείας
904 1800 981 1836 ὑμῶν

190 1847 418 1882 ὲντετυχήκαμεν,
441 1847 548 1882 εἴδομεν
570 1847 654 1878 ὅντως
680 1847 844 1882 Ἐκκλησίας
863 1848 982 1873 ἀποστο-

190 1892 269 1928 λικῆς
286 1893 459 1929 χαρακτῆρα,
478 1894 524 1920 καὶ
542 1893 679 1929 ποιμένων
700 1893 810 1927 ἀγαθῶν
824 1892 915 1928 ζῆλον,
936 1894 985 1920 καὶ

191 1939 310 1974 σπουδὴν
335 1938 431 1966 ἄοκνον
455 1939 593 1974 ἀληθινοῖς
614 1939 788 1975 Χριστιανοῖς
812 1939 982 1975 πρέπουσαν.

191 1985 228 2012 Τὸ
242 1985 295 2021 γὰρ
313 1986 381 2020 μήτε
403 1986 453 2020 τῆς
467 1985 528 2012 ὁδοῦ
555 1985 643 2021 μῆκος
662 1984 877 2019 ὺπολογίσασθαι
890 2005 896 2017 ,
915 1986 984 2020 μήτε

190 2031 395 2066 διεσπασμένως
411 2031 460 2062 τὰς
481 2030 594 2062 πεύσεις
610 2032 807 2066 προσαγαγεῖν,
823 2030 892 2056 ἀλλὰ
908 2031 982 2065 κοινῇ

190 2077 236 2104 διὰ
254 2077 307 2103 τῶν
324 2077 496 2113 γραμμάτων
512 2077 677 2113 ποιήσασθαι
694 2077 744 2112 τὴν
761 2076 906 2112 ἐρώτησιν,
924 2076 985 2103 λίαν

191 2124 266 2158 ἡμᾶς
282 2123 424 2155 εὐέλπιδας
444 2123 603 2158 πεποίηκεν,
631 2124 672 2149 ὃτι
693 2122 846 2158 συμφώνως
865 2121 986 2149 ἐπιστεί-

192 2169 289 2200 λαντες
302 2190 309 2202 ,
328 2169 481 2204 συμφώνως
501 2170 548 2196 καὶ
566 2170 617 2201 τὰς
643 2169 804 2204 ἀποκρίσεις
828 2169 892 2205 παρ’
907 2168 985 2204 ἡμῶν

1037 1579 1143 1608 rentur,
1165 1574 1293 1609 frequens
1318 1573 1388 1600 fama
1408 1573 1441 1600 ad
1459 1580 1507 1599 nos
1521 1573 1686 1607 perduxerat
1701 1578 1820 1600 vestram

1037 1619 1066 1648 in
1087 1619 1139 1647 ﬁde
1165 1619 1362 1651 sinceritatem,
1386 1622 1413 1645 et
1436 1618 1469 1646 ad
1493 1617 1610 1651 pericula
1630 1617 1821 1650 constantiam,

1041 1673 1090 1693 nec
1106 1673 1157 1693 non
1175 1666 1208 1693 ad
1227 1664 1382 1699 patiendum
1408 1672 1457 1700 pro
1483 1664 1595 1692 Christo
1622 1664 1821 1695 fortitudinem,

1033 1711 1180 1738 charitatis’
1197 1711 1222 1738 in
1248 1711 1330 1738 Deum
1351 1711 1485 1742 ardorem,
1510 1710 1625 1744 denique
1642 1717 1705 1745 erga
1730 1710 1821 1736 futura

1034 1757 1090 1791 spei
1113 1757 1281 1794 linuitatem.
1309 1756 1455 1791 Postquam
1480 1760 1569 1783 autem
1594 1755 1697 1782 litteras
1717 1761 1823 1789 quoque

1036 1802 1145 1836 pietatis
1170 1807 1266 1829 vestrae
1291 1802 1457 1837 accepimus,
1477 1801 1636 1837 agnovimus
1653 1808 1681 1827 re
1699 1808 1760 1828 vera
1774 1800 1823 1827 Ec-

1034 1847 1124 1875 clesia:
1138 1847 1295 1883 apostolicae,
1311 1848 1509 1879 characterem,
1530 1846 1663 1873 bonorum
1682 1851 1822 1880 pastonim

1035 1893 1131 1926 zelum,
1154 1898 1180 1920 et
1197 1893 1341 1928 impigrum
1361 1893 1478 1919 studium
1500 1891 1569 1926 quod
1592 1899 1671 1918 veros
1694 1890 1824 1918 Christia-

1036 1947 1085 1966 nos
1100 1939 1205 1966 deceat.
1222 1938 1290 1965 Nam
1309 1939 1379 1973 quod
1395 1946 1445 1965 ncc
1463 1938 1514 1965 vim
1533 1937 1728 1972 longitudinem
1745 1945 1824 1972 repti-

1036 1983 1170 2016 taveritis,
1189 1990 1239 2010 nec
1258 1982 1405 2018 separatim
1422 1982 1574 2010 detuleritis
1589 1982 1761 2016 qumstiones,
1776 1983 1822 2009 sed

1036 2029 1217 2057 communiter
1243 2037 1291 2064 per
1315 2029 1418 2056 litteras
1445 2028 1691 2062 iulerrogavcritis,
1721 2028 1746 2055 id
1774 2035 1824 2055 uos

1037 2075 1107 2102 bona
1127 2082 1176 2110 spe
1187 2074 1310 2110 replevit,
1327 2074 1447 2101 luturum
1464 2077 1492 2099 ut
1507 2073 1553 2108 qui
1568 2081 1618 2100 ttua
1635 2080 1699 2100 voce
1718 2073 1822 2107 scripsi-

1037 2121 1096 2153 stis,
1129 2120 1248 2147 unanimi
1275 2121 1356 2147 etiam
1381 2126 1518 2147 consensu
1546 2120 1747 2154 responsionem
1775 2127 1824 2146 no-

1036 2171 1120 2193 stram
1142 2166 1202 2193 sitis
1218 2166 1352 2200 recepturi
1366 2173 1374 2198 ;
1392 2173 1425 2192 ac
1439 2164 1512 2192 velut
1526 2164 1664 2192 exordium
1678 2163 1824 2199 perfectio-

191 2215 304 2248 δέξασθε
321 2215 375 2251 (87)
385 2224 392 2231 ·
406 2216 454 2242 καὶ
468 2213 523 2242 οἷόν
541 2223 568 2241 τι
590 2215 732 2249 προοίμιον
747 2214 797 2249 τῆς
813 2214 978 2249 τελειοτέρας

1039 2212 1078 2239 ris
1107 2211 1270 2243 concordiae,
1298 2217 1416 2238 vestram
1439 2211 1465 2237 in
1489 2210 1590 2237 litteris
1618 2211 1824 2238 consensionem

192 2260 318 2296 ὁμονοίας
333 2261 381 2296 τὴν
399 2262 427 2288 ὲν
441 2263 497 2292 τοῖς
517 2262 678 2297 γράμμασιν
692 2260 768 2296 ὑμῶν
788 2261 913 2296 ὁμόνοιαν
928 2260 984 2287 ἐδε-

193 2306 308 2342 ξάμεθα.
327 2308 382 2334 Καὶ
399 2307 432 2334 δι’
447 2307 529 2342 εὐχῆς
545 2307 594 2342 μὲν
609 2305 643 2342 ἦν
661 2308 737 2342 ἡμῖν.
756 2307 802 2333 καὶ
818 2306 863 2333 τὸν
876 2306 983 2342 θαυμα-

195 2352 326 2380 σιώτατον
340 2353 387 2380 καὶ
404 2352 473 2388 μετὰ
495 2353 586 2388 πάσης
599 2353 690 2384 αἰδοῦς
704 2352 904 2388 ὀνομαζόμενον
923 2352 984 2379 ἐπί-

194 2406 294 2425 σκοπον
311 2398 459 2431 Βασίλειον,
476 2398 523 2425 καὶ
537 2398 657 2434 παρόντα
675 2397 802 2431 δέξασθαι
817 2399 850 2433 τῇ
870 2397 983 2432 συνόδῳ,

194 2445 240 2471 καὶ
266 2444 405 2477 κοινωνὸν,
427 2444 526 2480 μᾶλλον
548 2444 577 2471 δὲ
603 2443 717 2479 ἔξαρχον
740 2443 794 2470 τῶν
819 2443 888 2478 πρὸς
911 2443 984 2478 ὑμᾶς

194 2491 368 2526 γραμμάτων
384 2490 440 2526 (88)
464 2491 546 2526 ἔχειν.
574 2490 652 2517 Ἐπεὶ
667 2490 695 2516 δὲ
717 2491 820 2516 ἐκεῖνον
843 2489 984 2526 ἀρρωστία

196 2537 322 2572 σώματος
335 2537 552 2573 ὑπερϐάλλουσα,
566 2535 634 2571 πρὸς
647 2536 696 2572 τὴν
706 2536 797 2570 ἄφιξιν
809 2535 983 2568 διεκώλυσεν,

195 2582 302 2614 τελείας
317 2583 368 2618 μέν
383 2584 457 2610 ἐστιν
473 2583 584 2618 ἀγάπης
606 2581 693 2617 ὑμῶν,
712 2582 782 2617 μήτε
802 2581 836 2608 τὰ
850 2581 898 2617 τῆς
917 2581 984 2617 ἠμε-

233 2678 288 2713 (85)
318 2677 523 2712 Ἀμφιλοχίαν.
557 2676 600 2705 AI.
642 2675 808 2713 Ἀμφιλοχίῳ
828 2674 981 2713 βασίλειος.

197 2710 314 2747 Insignis
328 2710 378 2738 ista
391 2710 504 2746 epistola
520 2720 571 2739 non
590 2710 681 2746 potest
695 2710 756 2738 esse
773 2711 883 2747 Basilii,
898 2715 927 2737 ut
941 2710 981 2737 le-

199 2748 273 2783 genti
300 2747 417 2783 patebit;
500 2752 542 2774 est.
558 2748 687 2782 synodica
703 2746 896 2783 Amphilochii,
916 2753 980 2779 qua,

199 2781 260 2810 ineo
270 2782 500 2818 quidemjudicio,
523 2781 666 2816 respondet.
686 2781 820 2817 synodicae
837 2781 979 2814 episcopo-

202 2826 261 2844 rum
276 2817 387 2844 alterius
400 2817 553 2844 orovincizn.
575 2817 619 2844 nui
633 2817 705 2844 circa
727 2816 874 2843 Macedonii
889 2816 977 2842 lucre-

202 2826 261 2845 rum
276 2824 387 2845 alterius
400 2824 553 2851 provmcun,
575 2825 619 2851 qtll
633 2825 705 2844 Cll'Ctl
727 2824 874 2843 nlaceuouu
889 2824 977 2842 lucre-

201 2853 252 2882 sim
267 2854 299 2882 dc
316 2852 416 2888 Spiritu
429 2857 520 2880 sancto
537 2852 701 2881 ﬂuctuabant
721 2856 747 2880 ct
772 2850 977 2882 dissentiebant.

1037 2257 1219 2292 suscepimus.
1245 2257 1278 2284 Et
1300 2257 1458 2290 optabamus
1470 2256 1591 2290 quidem,
1609 2255 1725 2282 maxime
1740 2255 1825 2282 admi-

1037 2305 1150 2332 randum
1177 2302 1307 2337 omnique
1318 2309 1378 2329 cum
1397 2301 1546 2328 reverentia
1561 2301 1753 2328 nominandum
1769 2300 1826 2335 epi-

1038 2356 1148 2384 scopum
1170 2347 1312 2380 Basilium,
1343 2352 1503 2382 prmseutcm
1527 2346 1653 2381 excipere
1681 2346 1707 2374 in
1732 2351 1825 2373 nostra

1039 2396 1151 2432 synodo,
1169 2399 1196 2423 et
1211 2395 1334 2426 socium;
1350 2402 1397 2422 seu
1413 2394 1502 2425 potius
1520 2394 1669 2429 principem
1684 2393 1785 2421 habere
1798 2401 1824 2419 Ill

1040 2442 1137 2470 dandis
1150 2443 1183 2469 ad
1199 2449 1247 2470 vos
1263 2441 1370 2469 litteris.
1386 2441 1485 2469 Verum
1502 2441 1566 2476 quia
1582 2441 1672 2476 gravis
1685 2448 1745 2467 eum
1758 2447 1827 2466 mor-

1036 2489 1087 2516 hus
1111 2488 1235 2522 detinuit,
1268 2494 1302 2514 ne
1325 2487 1475 2520 adveniret,
1504 2491 1601 2514 vestra:
1628 2490 1670 2513 est
1694 2485 1820 2520 perlecta:

1037 2534 1200 2567 dilectionis,
1229 2537 1329 2561 nostrae
1353 2533 1549 2561 mediocritatis
1566 2531 1706 2566 epistolam
1721 2539 1825 2566 nequa-

1037 2588 1117 2616 quam
1132 2580 1283 2615 despicere.
1297 2579 1390 2615 Nequc
1400 2587 1465 2607 vero
1477 2583 1600 2607 sanctam
1607 2582 1723 2606 vestram
1735 2576 1826 2604 Eccle-

1034 2673 1163 2702 Doctrina
1178 2679 1268 2702 autem
1284 2679 1338 2702 tota
1367 2677 1410 2700 est
1425 2670 1660 2707 Amphilochium,
1676 2670 1824 2703 Basiliana,

1032 2709 1209 2741 Gregoriaua.

1067 2745 1124 2779 (86)
1137 2745 1248 2772 Videtur
1262 2745 1356 2772 deesse
1371 2742 1482 2779 aliquid.

1065 2781 1122 2815 (87)
1143 2781 1285 2815 Δέξασθε.
1301 2779 1343 2806 Al.
1363 2778 1482 2811 δέξεσθε.

1067 2812 1122 2852 (88)
1140 2812 1332 2851 Γρὶιμμάτων.
1351 2815 1392 2841 ΑΙ.
1408 2812 1588 2849 πραγμάτων.
