1904 3054
91 128 127 157 95
573 121 601 148 S.
624 118 846 147 AMi’lilLOCllll
867 115 1060 145 lCONIENSlS
1080 112 1235 141 l‘lPlSCOl‘l
1682 109 1720 138 96

92 187 159 214 siam
173 185 242 219 passi
257 191 350 211 sumus
363 181 443 210 etiam
462 181 533 207 illius
551 187 616 206 voce
632 187 743 210 carere;
767 178 814 205 scd
830 177 877 204 ha-

947 175 1012 211 έρας
1035 174 1204 210 βραχύτητος
1227 171 1350 207 παριδεῖν
1370 171 1530 206 γράμματα.
1558 169 1595 197 Οὐ
1614 169 1664 204 μέν
1677 178 1721 197 τοι

94 232 190 259 bentes
214 230 311 256 librum
335 228 435 261 ipsius,
461 232 542 259 quem
567 225 599 251 de
625 225 675 251 hoc
704 223 877 258 peculiariter

94 281 254 311 argumento
271 274 432 303 elaboravit,
454 272 541 306 ipsum
567 270 668 305 pariter
690 269 830 296 nobiscum
853 268 879 295 in

92 321 195 356 seripto
209 320 361 354 loquentem
378 317 543 344 obtinemus.

131 454 271 487 Quodnam
292 452 373 486 igitur
393 456 434 478 est
451 451 484 478 ad
498 449 738 483 interrogationem
765 454 879 482 respon-

95 498 172 526 sum?
191 498 319 524 Sanclum
343 495 486 523 concilium
504 495 675 522 Nicanorum
695 493 816 525 Patrum,
834 499 882 527 pro

95 552 158 572 vere
182 544 315 572 catholico
335 547 362 569 et
386 542 534 577 apostolico
558 541 674 568 concilio
700 539 882 574 agnouimus,

95 589 230 623 iidemque
251 595 322 619 eam,
351 594 410 622 qua:
435 592 499 613 tunc
522 585 650 616 temporis
668 585 790 619 exposita
804 583 854 610 fuit
868 590 882 610 a

96 634 221 662 Patribns
249 639 390 660 servamus
417 632 567 664 immotam,
596 636 678 665 atque
696 635 725 657 ut
746 630 772 657 in
789 636 884 664 perpe—

96 686 170 708 tuum
202 684 310 706 maneat
340 678 496 706 inconvulsa
523 682 692 712 exoptamus.
720 677 805 704 Porro
832 675 884 703 fuit

96 731 159 753 tunc
176 725 302 752 Patribus
318 724 513 756 necessarium,
527 731 657 751 enarrare
671 723 755 750 fusius
771 723 803 750 de
819 722 885 750 Uni-

96 771 178 806 geniti
205 771 346 806 dogmate;
371 770 590 805 quandoquidem
620 769 677 796 Arii
701 769 826 797 hatresim
852 775 884 796 ea

98 822 262 852 tempestate
283 825 378 845 recens
396 822 519 845 exortam
537 816 698 844 exscindere
718 817 882 846 nitebantur,

930 221 979 257 τὴν
1000 220 1080 255 ἁγίαν
1100 219 1176 255 ὑμῶν
1203 217 1366 253 Ἐκκλησίαν
1383 217 1495 252 ἄμοιρον
1520 216 1631 250 καὶτῆς
1648 215 1724 242 ἐκεί-

931 276 978 294 νου
1009 266 1101 301 φωνῆς
1123 265 1310 301 περιεὶδομεν·
1334 263 1392 289 ἀλλ’
1415 263 1522 298 ἔχοντες
1550 261 1632 289 αὑτοῦ
1658 261 1721 296 σύγ-

933 321 1050 349 γραμμα
1076 311 1140 346 περὶ
1155 310 1258 346 ταύτης
1274 308 1329 344 (89)
1358 308 1447 340 ὶδικῶς
1470 306 1545 342 αὐτῷ
1561 307 1610 342 τῆς
1625 306 1724 333 ὑποθέ-

933 367 1002 389 σεως
1029 356 1228 391 πεποιημένον,
1256 355 1382 382 κάκεῖνον
1407 354 1452 380 διὰ
1483 352 1531 379 τοῦ
1559 353 1724 388 γράμματος

932 404 1030 440 ἔχομεν
1047 404 1112 438 ἡμῖν
1131 411 1161 428 συ
1166 401 1383 437 μφθεγγόμενον.

968 450 1015 481 Τίς
1030 445 1076 476 οὖν
1089 449 1105 484 ἡ
1123 448 1190 484 πρὸς
1205 448 1253 483 τὴν
1268 446 1364 473 πεῦσιν
1385 446 1547 481 ἀπόκρισις;
1569 444 1625 480 Τὴν
1643 445 1723 479 ἁγίαν

934 495 1042 522 σύνοδον
1058 494 1112 521 τῶν
1123 493 1253 529 Πατέρων
1269 492 1323 519 τῶν
1338 493 1368 519 ὲν
1385 492 1498 527 Νικαίᾳ,
1514 491 1623 518 σύνοδον
1637 490 1723 521 ὅντως

933 541 1081 576 καθολικὴν
1096 540 1143 566 καὶ
1161 538 1343 573 ἀποστολικὴν
1367 536 1545 573 γνωρίζομεν,
1562 537 1609 563 καὶ
1631 537 1723 563 πίστιν

933 587 981 623 τὴν
997 585 1153 614 ὲκτεθεῖςαν
1169 584 1221 611 ὑπὸ
1232 584 1287 611 τῶν
1302 584 1433 619 Πατέρων
1447 582 1606 618 τηνικαῦτα,
1623 581 1723 616 φυλάτ-

933 642 1014 668 τομεν
1030 632 1156 667 ἀκίνητον
1168 630 1241 667 (90),
1268 630 1316 657 καὶ
1340 629 1409 666 πρὸς
1425 629 1456 656 τὺ
1480 629 1604 664 διηνεκὲς
1633 628 1722 654 ἀσπά-

935 687 1033 713 ρακτον
1049 677 1137 713 μένειν
1153 675 1267 711 εὔχομαι
1281 675 1347 711 (9|).
1364 675 1462 709 Γέγονε
1478 674 1507 701 δὲ
1520 674 1580 700 τότε
1592 675 1648 705 τοῖς
1668 674 1724 700 Πα-

933 725 1029 760 τράσιν
1045 722 1265 757 ἀναγκαιότερον,
1279 719 1445 756 πλατύτερον
1459 719 1644 755 ἐξηγήσασθαι
1660 719 1725 754 περὶ
1747 750 1755 753 η

934 771 983 806 τῆς
1001 770 1080 805 δόξης
1091 770 1138 795 τοῦ
1155 767 1323 802 Μονογενοῦς
1333 775 1339 781 ·
1359 767 1453 802 ἐπειδὴ
1469 766 1530 793 τότε
1545 766 1642 793 νεωστὶ
1659 774 1726 800 (puo-

938 817 1022 852 μένην
1040 816 1090 852 τὴν
1106 815 1211 851 αἵρεσιν
1229 813 1276 840 τοῦ
1305 814 1411 849 Ἀρείου
1442 813 1485 839 διὰ
1506 812 1624 847 σπουδῆς
1647 812 1725 848 ἔσχον

97 862 264 897 pritnaillius
282 863 384 890 semina
406 862 497 890 statim
523 861 664 894 abolendo,
687 866 831 896 antequam
849 861 882 887 ad

943 862 1062 896 ἐκκόψαι,
1076 861 1111 888 τὰ
1125 861 1221 896 πρῶτα
1232 860 1316 896 αὐτῆς
1329 859 1556 895 προαναιροῦντες
1568 858 1725 894 σπέρματα,

98 915 230 934 summam
248 909 421 942 asperitatem
437 907 592 941 perveniret
609 907 686 941 spina
702 916 709 933 :
724 914 840 940 cumque
851 913 883 933 eo

98 957 218 986 tempore
235 953 267 980 de
281 953 429 988 quaestione
445 953 517 980 circa
533 952 663 987 Spiritum
677 957 799 979 sanctum
813 957 884 979 tace-

97 1003 186 1030 retur,
217 998 277 1025 ideo
303 997 370 1025 nihil
394 998 508 1033 amplius
533 998 706 1025 addiderunt.
729 997 827 1025 Verum
853 997 885 1024 iis

96 1043 141 1078 qui
164 1044 310 1077 prudenter
325 1043 447 1078 legerint,
464 1044 600 1071 sufﬁciens
615 1043 749 1070 videbitur
762 1043 883 1070 doctrina

97 1089 129 1115 de
141 1088 253 1123 Spiritu,
272 1096 331 1122 quae
343 1096 372 1115 ea
389 1089 414 1115 in
447 1088 499 1115 ﬁde
528 1089 692 1116 continetur.
726 1088 885 1116 Docnerunt

97 1136 179 1167 enim,
205 1135 274 1162 sicut
297 1135 370 1161 credi
397 1135 475 1162 debet
503 1135 528 1161 in
558 1130 706 1161 Patreinct
717 1135 828 1168 Filium,
848 1135 885 1162 ita

97 1180 179 1208 etiam
207 1180 372 1207 credendum
401 1187 461 1206 esse
493 1180 517 1206 in
549 1179 678 1214 Spiritum
702 1187 710 1206 ε
734 1188 782 1207 nec
805 1180 884 1207 aliam

98 1225 254 1260 qna-npiam
279 1225 438 1253 inducentes
453 1226 478 1252 in
495 1226 585 1253 divina
605 1227 738 1260 beataqne
751 1225 886 1254 Trinitate

100 1276 242 1304 naturam;
261 1279 349 1306 neque
364 1272 509 1306 quidquam
525 1273 557 1299 dc
572 1272 705 1299 Trinitatc
722 1278 884 1304 resecantes,

102 1318 128 1345 in
145 1317 187 1344 illa
213 1317 274 1344 ﬁdei
297 1317 475 1352 expositiOnc.
498 1317 544 1345 sed
562 1318 624 1353 quia
647 1325 733 1352 nuper
748 1318 884 1347 Ecciesias

81 1367 246 1389 .concutere
269 1369 411 1397 aggressus
439 1362 563 1394 Satanas,
592 1363 702 1389 immisit
725 1363 885 1397 quibusdam

103 1408 298 1436 dubitationem
323 1409 355 1436 de
384 1408 497 1444 Spiritu,
526 1417 637 1436 necesse
665 1414 705 1437 est
726 1414 754 1436 ut
772 1410 804 1436 ad
825 1409 884 1436 ﬁdei

101 1453 200 1481 fontem
213 1461 407 1487 recurramus;
432 1463 448 1482 c
464 1462 518 1489 quo
540 1462 600 1482 cum
619 1454 715 1482 Nicaea:
731 1455 887 1490 congregati

100 1498 196 1526 Patres
212 1499 292 1526 etiam
309 1500 476 1532 hausissent,
495 1500 556 1528 ﬁdei
572 1501 779 1535 expositionem,
793 1501 885 1528 confe-

100 1550 207 1572 cerunt.
223 1545 352 1578 Qumnam
380 1554 444 1580 ergo
467 1551 510 1574 est
531 1553 631 1574 nostra:
656 1547 716 1574 ﬁdei
739 1547 887 1582 perfectio?

103 1589 208 1618 Domini
239 1590 358 1623 traditio,
381 1598 473 1626 quam,
488 1596 630 1626 postquam
657 1593 851 1619 resurrexisset
871 1600 885 1619 a

103 1638 226 1671 mortuis,
250 1638 387 1665 mandavit
410 1639 512 1666 sanctis
544 1639 600 1666 suis
620 1639 768 1674 discipulis,
793 1639 887 1674 praeci-

103 1683 196 1717 piens:
211 1681 323 1715 Eumer,
336 1684 424 1710 docete
437 1692 524 1711 omnes
545 1690 644 1719 gentes,
669 1686 829 1720 baptizanles
845 1694 887 1712 eos

103 1729 129 1755 in
144 1729 248 1756 nomine
261 1729 363 1762 Putris,
381 1734 405 1756 et
422 1728 498 1763 Filii,
516 1735 539 1757 ει
552 1730 667 1765 Spiritus
681 1732 765 1758 sancti
779 1731 888 1759 ".Con-

103 1778 159 1801 stat
174 1775 313 1808 accepisse
328 1782 376 1802 nos
392 1776 559 1808 mandatam,
576 1784 629 1804 non
644 1777 730 1804 solum
744 1778 794 1805 hoc
808 1778 888 1804 modo

107 1819 278 1854 baptizandi,
297 1828 390 1847 verum
407 1821 486 1848 etiam
503 1822 560 1856 pari
581 1823 659 1849 modo
676 1823 797 1850 docendi.
816 1823 889 1850 Adeo

104 1870 134 1892 ut
152 1873 199 1900 per
213 1866 263 1893 hoc
278 1871 452 1900 prmceptum,
481 1871 535 1893 tum
555 1866 666 1894 Sabellii
694 1867 890 1895 intercludatur

105 1911 225 1943 morbus,
243 1919 291 1945 per
308 1916 362 1939 tres
382 1911 541 1946 hypostases
564 1920 630 1947 pure
654 1913 732 1940 nobis
756 1913 887 1947 traditas;

104 1959 161 1982 tum
186 1955 376 1983 Anomoeorum
393 1956 611 1992 Arianorumqne
630 1962 658 1985 et
684 1957 890 1986 Pneumatoma-

105 2001 216 2028 chorum
229 2001 388 2028 obturentur
408 2010 474 2035 ora;
493 2002 577 2029 tribus
590 2003 697 2036 quidem
719 2005 842 2038 personis
859 2012 890 2031 ac

105 2047 297 2081 hypostasibus
315 2047 469 2081 declaratis,
490 2056 542 2075 una
557 2057 621 2076 vero
636 2054 734 2075 natura
748 2053 774 2076 et
789 2050 890 2077 divini-

107 2098 162 2120 Iule
181 2093 315 2120 confessa.
341 2093 521 2126 Quamobrem
547 2099 654 2128 oportet
677 2102 709 2122 eo
736 2103 784 2122 nos
811 2096 890 2123 modo

105 2138 255 2174 baptizare,
273 2145 326 2172 quo
343 2138 431 2165 edocti
445 2146 548 2171 sumus,
562 2145 645 2173 atque
658 2147 690 2167 eo
703 2141 824 2173 credere,
837 2149 889 2175 quo

935 909 1000 944 πρὶν
1024 908 1122 939 τελέως
1139 906 1355 942 ἐκτραχυνθῆναι
1381 905 1428 941 τὴν
1456 905 1586 932 ἄκανθαν.
1611 906 1726 940 Σεσιγη-

937 953 1017 989 μένου
1029 953 1057 980 δὲ
1074 952 1227 988 τηνικαῦτα
1240 951 1286 978 τοῦ
1301 951 1374 978 κατὰ
1387 951 1417 978 τὸ
1432 950 1544 988 Πνεῦμα
1560 949 1725 986 ζητήματος,

935 1002 978 1028 διὰ
1002 1000 1080 1027 τοῦτο
1103 1000 1269 1034 πλατύτερον
1293 999 1341 1034 μὲν
1363 998 1438 1024 οὐδὲν
1463 998 1648 1034 προσέθεσαν·
1670 999 1728 1028 τοὶς

937 1047 1029 1082 μέντοι
1048 1055 1080 1081 γε
1106 1045 1225 1076 συνετῶς
1250 1042 1491 1078 ἀναγινώσκουσιν,
1514 1043 1655 1078 αὐτάρκης
1681 1042 1728 1069 καὶ

935 1094 951 1128 ἡ
969 1093 1032 1128 περὶ
1049 1091 1094 1118 τοῦ
1117 1091 1276 1126 Πνεύματος
1290 1091 1318 1116 ὲν
1335 1089 1427 1126 ἐκείνῃ
1440 1091 1472 1124 τῇ
1496 1089 1586 1115 πίστει
1601 1089 1729 1115 διδασκα-

936 1138 991 1164 λία.
1019 1137 1126 1172 ’Ὠσπερ
1144 1136 1199 1172 (92)
1228 1137 1267 1167 εἰς
1292 1135 1401 1171 Πατέρα
1424 1136 1469 1161 καὶ
1490 1135 1554 1161 Υἰὸν
1580 1134 1727 1165 πιστεύειν,

936 1184 1006 1211 οὕτω
1031 1184 1077 1210 καὶ
1102 1183 1141 1215 εἰς
1163 1183 1193 1209 τὸ
1224 1182 1335 1217 Πνεῦμα
1364 1181 1501 1216 πιστεύειν
1527 1181 1725 1216 ἐδογμάτισαν·

938 1231 1006 1266 μήτε
1021 1230 1117 1265 ἑτέραν
1142 1228 1203 1256 τινὰ
1222 1228 1303 1263 ψύσιν
1327 1227 1519 1261 ἐπεισάγοντες
1540 1228 1573 1262 τῇ
1597 1226 1658 1262 θείᾳ
1681 1225 1728 1253 καὶ

939 1275 1061 1310 μακαρία
1077 1274 1171 1309 Τριάδι
1185 1283 1192 1289 ·
1210 1274 1279 1309 μήτε
1293 1282 1319 1299 τι
1334 1272 1388 1300 τῶν
1413 1273 1444 1298 ἐκ
1458 1273 1507 1307 τῆς
1525 1272 1640 1307 Τριάδος
1659 1272 1728 1298 ἀπο-

936 1321 1089 1355 τέμνοντες,
1110 1321 1151 1351 εἰς
1174 1320 1223 1354 τὴν
1249 1320 1297 1354 τῆς
1325 1319 1442 1350 πίστεως
1466 1318 1583 1344 ἔκθεσιν.
1610 1317 1686 1344 Ἐπεὶ
1700 1317 1729 1344 δὲ

938 1367 1093 1402 πρόσφατον
1118 1367 1132 1392 ὁ
1157 1366 1279 1396 Σατανᾶς
1297 1364 1467 1391 διασαλεύειν
1493 1364 1542 1396 τὰς
1564 1364 1728 1398 Ἐκκλησίας

938 1412 1096 1448 ἐπιχειρῶν,
1112 1411 1222 1439 ἐνέϐαλέ
1240 1419 1295 1437 τισι
1318 1410 1382 1445 περὶ
1399 1410 1446 1436 τοῦ
1461 1410 1620 1445 Πνεύματος
1636 1410 1729 1436 διστα-

937 1458 1024 1493 γμὸν,
1053 1459 1201 1492 ἀναγκαῖον
1227 1457 1273 1483 ἐπὶ
1302 1456 1352 1491 τὴν
1378 1456 1469 1492 πηγὴν
1493 1456 1652 1491 ἀνατρέχειν
1679 1455 1730 1490 τῆς

939 1503 1067 1535 πίστεως,
1084 1503 1112 1536 ιξ
1130 1500 1164 1538 ἦς
1183 1503 1231 1529 καὶ
1255 1503 1278 1528 οἱ
1295 1501 1364 1528 κατὰ
1382 1502 1500 1528 Νίκαιαν
1523 1502 1645 1537 Πατέρες
1664 1501 1730 1528 ἅνα-

938 1549 1096 1585 ρυσάιμενοι,
1115 1549 1164 1584 τὴν
1180 1548 1286 1574 ἔκθεσιν
1307 1548 1356 1583 τῆς
1381 1547 1500 1579 πίστεως
1517 1547 1658 1582 ἐποίησαν,
1683 1546 1730 1578 Τίς

937 1595 982 1622 οὖν
995 1595 1074 1631 ἡμῶν
1090 1596 1106 1630 ἡ
1122 1595 1172 1630 τῆς
1189 1594 1307 1625 πίστεως
1328 1593 1481 1629 τελειότης;
1514 1593 1546 1619 Ἠ
1562 1593 1608 1620 τοῦ
1625 1593 1730 1629 Κυρίου

940 1641 1101 1677 παράδοσις,
1123 1641 1155 1676 ἢν
1177 1640 1246 1675 μετὰ
1267 1640 1315 1675 τὴν
1338 1641 1369 1666 ὲκ
1391 1639 1495 1676 νεκρῶν
1511 1639 1657 1666 ἀνάστασιν
1675 1640 1731 1670 τοῖς

939 1687 1028 1720 ἁγίοις
1040 1686 1123 1713 αὑτοῦ
1143 1686 1278 1722 μαθηταῖς
1292 1685 1453 1717 ἐνετείλατο,
1479 1685 1635 1721 προστάξας
1646 1693 1654 1700 ·
1672 1686 1729 1711 Πο-

934 1733 1093 1767 ρευθέντες
1110 1733 1318 1768 μαθητεύσατε
1336 1731 1390 1768 (95)
1407 1731 1504 1758 πάντα
1518 1731 1554 1758 τὰ
1572 1731 1656 1765 ἔθνη,
1675 1731 1731 1763 ,βα-

939 1779 1090 1812 πτίζοντες
1097 1779 1207 1812 αὐτοὺς
1216 1780 1259 1811 εὶς
1267 1778 1299 1806 τὸ
1308 1779 1401 1814 ὄνομα
1415 1778 1468 1806 τοῦ
1477 1779 1603 1812 Πατρός,
1619 1781 1668 1804 καὶ
1679 1777 1732 1804 τοῦ

944 1827 1022 1859 Υἱοῦ,
1037 1826 1086 1853 καὶ.
1102 1825 1155 1853 τοῦ
1175 1826 1262 1861 ἁγίου
1274 1826 1455 1860 Πνεύματος,
1469 1825 1552 1859 Δῆλον
1569 1825 1610 1851 ὅτι
1624 1824 1672 1860 τὴν
1688 1825 1732 1850 ὲν-

939 1872 1020 1908 τολὴν
1036 1871 1204 1910 ἐδεξάμεθα,
1227 1872 1258 1898 οὺ
1278 1864 1357 1907 μόνον
1373 1872 1413 1903 εἰς
1427 1871 1458 1897 τὸ
1473 1871 1614 1906 βαπτίζειν
1628 1870 1730 1904 οὕτως,

940 1919 1008 1946 ἀλλὰ
1028 1918 1074 1945 καὶ
1098 1919 1137 1950 εἰς
1152 1918 1182 1944 τὺ
1206 1918 1369 1954 μαθητεύειν
1388 1917 1484 1949 οὕτως.
1507 1917 1549 1949 Ὠς
1570 1917 1613 1943 διὰ
1631 1916 1733 1952 ταύτης

940 1965 988 2000 τῆς
1013 1964 1138 2000 ἐντολῆς,
1157 1964 1203 1991 καὶ
1225 1963 1274 1999 τὴν
1297 1963 1440 1990 Σαϐελλίου
1460 1963 1536 1989 νόσον
1552 1962 1732 1997 ἀποκλεισθῆ-

941 2021 994 2044 ναι,
1011 2011 1065 2038 τῶν
1080 2011 1167 2046 τριῶν
1180 2011 1354 2037 ὑποστάσεων
1369 2009 1495 2045 καθαρῶς
1504 2010 1570 2045 ἡμῖν
1579 2008 1734 2044 παραδοθει-

942 2058 995 2084 σῶν
1005 2066 1012 2074 ·
1026 2058 1072 2085 καὶ
1085 2057 1139 2084 τῶν
1159 2057 1305 2092 ’Λνομοίων
1319 2056 1374 2092 (94)
1390 2056 1438 2082 καὶ
1450 2055 1503 2082 τῶν
1523 2055 1670 2091 Ἀρειανῶν
1687 2055 1734 2082 καὶ

939 2103 993 2130 τῶν
1002 2102 1243 2138 [Ινευματομάχων
1252 2102 1426 2138 ἐμφραγῆναι
1434 2101 1489 2136 (95)
1498 2101 1532 2128 τὰ
1543 2101 1672 2137 στόματα·
1681 2101 1734 2127 τῶν

941 2147 1094 2184 προσώπων
1114 2149 1161 2175 καὶ
1175 2149 1229 2174 τῶν
1247 2148 1423 2175 ὑποστάσεων
1444 2147 1528 2181 τριῶν
1548 2148 1732 2184 δηλουμένων,

107 2184 206 2211 ﬁuitnus
219 2184 361 2218 baptizati,
375 2191 408 2212 eo
424 2189 512 2212 autem
531 2185 693 2218 gloriﬁcare,
710 2193 762 2220 quo
774 2187 886 2213 credidi-

943 2195 992 2230 τῆς
1008 2193 1036 2220 δὲ
1053 2193 1160 2228 φύσεως
1172 2194 1219 2220 καὶ
1230 2194 1279 2229 τῆς
1293 2193 1418 2229 θεότητος
1433 2195 1498 2228 μιᾶς
1509 2193 1733 2229 ὁμολογηθείσης.

107 2238 176 2257 mus.
201 2230 290 2257 Multis
307 2230 440 2265 siquidem
468 2235 557 2258 mente
580 2230 718 2264 volutatis,
737 2237 764 2259 et
787 2232 813 2259 in
833 2239 891 2259 om-

107 2285 155 2304 nes
173 2283 262 2312 partes
277 2278 487 2312 cogitationibus
504 2273 639 2310 conversi,
659 2279 726 2306 nihil
747 2287 891 2314 possumus

107 2322 223 2349 medium
249 2323 392 2350 advertere
422 2323 581 2351 Creatorem
600 2324 670 2351 inter
686 2329 713 2351 et
726 2330 890 2352 creaturam.

108 2368 239 2401 Quocirca
254 2368 302 2395 sia
316 2368 457 2396 divinitate
473 2369 601 2403 Spiritum
618 2370 828 2404 scjunxerimns,
843 2379 893 2399 nc-

106 2415 228 2442 ccssario
242 2414 316 2441 illum
329 2422 390 2442 cum
407 2415 541 2442 creaturis
559 2416 688 2444 debemus
703 2425 892 2444 annnmcrare.

108 2462 183 2496 Quod
203 2461 226 2489 si
247 2461 305 2488 ausi
325 2460 456 2489 fuerimus
478 2467 632 2489 creaturam
657 2463 758 2497 dicere,
774 2464 819 2498 qui
838 2464 896 2491 ﬁeri

142 2541 165 2557 δ’
177 2541 269 2569 Matth.
283 2550 378 2574 xxvtn,
394 2542 436 2569 i9.

148 2621 202 2655 (89)
218 2621 244 2648 ΙιΙ
258 2626 309 2653 est,
326 2621 357 2647 de
365 2620 466 2655 Spiritu
479 2627 578 2649 snnclo.

145 2657 200 2691 (90)
212 2655 252 2682 Al.
272 2657 333 2683 add.
344 2665 373 2683 τε
389 2656 435 2691 καὶ
446 2656 601 2684 ἀσάλευτον.

147 2690 202 2728 (9i)
215 2691 358 2728 Εὕχομαι.
366 2690 454 2728 Χῖοι-ιω
466 2693 612 2728 εὐχόμεθα.

157 2726 201 2762 92)
215 2727 256 2753 Al.
278 2727 325 2752 ins.
339 2726 403 2761 γάρ.

157 2761 201 2796 93)
215 2762 412 2795 Πορευθέντες
424 2763 641 2795 μαθητεύσατε.
659 2764 694 2790 ita
710 2765 784 2791 multi
799 2765 894 2793 Matt/1.

111 2803 208 2828 XXVIII,
229 2797 270 2823 ιιι.
283 2797 334 2823 Alii
361 2797 494 2829 inserunt,
509 2797 566 2830 οὖν,
585 2800 640 2828 alii,
654 2799 711 2831 νῦν,
730 2805 758 2825 ut
778 2801 896 2827 Hilarius

112 2831 189 2860 initio
217 2832 277 2859 libri
305 2840 323 2859 ιι
350 2831 385 2859 De
413 2831 550 2866 Trinitate,
573 2839 600 2860 ct
620 2835 652 2862 ad
679 2834 749 2862 Ι¹διιΙ.
773 2843 834 2867 uv,
867 2835 892 2862 7.

949 2241 1067 2276 Ἀνάγκη
1082 2240 1174 2266 τοίνυν
1187 2240 1273 2272 οὕτως
1289 2241 1362 2275 ἡμᾶς
1374 2239 1526 2275 βαπτίζειν,
1546 2240 1583 2272 ὡς
1597 2241 1735 2276 ἐδιδάχθη-

945 2295 1004 2322 μεν·
1029 2286 1075 2312 καὶ
1101 2286 1172 2313 οὕτω
1204 2287 1354 2318 πιστεύειν,
1379 2286 1417 2318 ὡς
1442 2287 1662 2322 ἐϐαπτίσθημεν,
1690 2288 1735 2314 καὶ

944 2332 1016 2359 οὕτω
1027 2332 1159 2365 δοξάζειν,
1176 2332 1214 2363 ὡς
1226 2332 1438 2367 ἐπιστεύσαμεν.
1452 2333 1541 2359 Πολλὰ
1553 2333 1609 2368 γὰρ
1625 2335 1657 2369 τῇ
1672 2333 1730 2360 δια-

945 2378 1005 2413 νοίᾳ
1021 2377 1252 2413 περισκοποῦντες
1262 2397 1268 2409 ,
1284 2379 1331 2404 καὶ
1345 2378 1483 2413 πανταχοῦ
1503 2379 1668 2413 στραφέντες
1680 2382 1734 2412 τοῖς

948 2423 1099 2458 λογισμοῖς,
1125 2423 1200 2450 οὐδὲν
1224 2424 1368 2458 ἐπινοῆσαι
1395 2423 1533 2458 δυνάμεθα
1561 2423 1664 2458 μεταξὺ
1688 2424 1734 2451 τοῦ

949 2470 1065 2497 Κτίστου
1082 2470 1127 2497 καὶ
1138 2470 1193 2504 τῆς
1212 2470 1340 2502 κτίσεως·
1364 2469 1434 2497 ὥστε
1449 2471 1473 2496 εἰ
1496 2470 1544 2505 τῆς
1562 2470 1687 2506 θεότητος
1706 2471 1735 2497 τὸ

954 2627 1053 2654 Euntes
1062 2636 1129 2655 mmc
1141 2629 1239 2655 docete.

984 2663 1041 2697 (9-4)
1063 2664 1234 2697 ’Aroyolw‘.
1256 2663 1414 2690 Ennomiani
1436 2663 1471 2689 ita
1493 2664 1571 2698 vulgo
1591 2663 1654 2692 dicti
1674 2669 1734 2692 sunt

948 2703 1057 2731 propter
1071 2699 1102 2724 τὸ
1112 2699 1248 2733 ἀνόμοιον,
1261 2702 1288 2724 et
1304 2698 1556 2733 ’Λνομοιουσιασταί
1574 2699 1680 2731 Basilio,
1701 2700 1734 2726 ob

947 2733 1142 2768 ἁνομοιούσιον,
1151 2734 1200 2765 vel,
1208 2739 1235 2759 ut
1244 2733 1362 2766 loquitur
1371 2735 1499 2765 Severus,
1513 2734 1733 2764 Anonawousiam.

948 2768 974 2794 id
990 2773 1027 2793 est
1033 2787 1041 2799 ,
1054 2767 1206 2794 dissimilem
1218 2768 1400 2796 substantiam.

983 2803 1039 2838 (95)
1059 2802 1271 2836 Ἐμρραγ-ῆιτιι.
1290 2803 1332 2831 Al.
1349 2803 1550 2838 ἀποφραγῆναι.
