1904 3054
108 77 141 104 99
581 69 610 96 S.
630 68 852 96 AMPHILOCIIH
873 68 1064 96 lCONIENSIS
1084 67 1235 95 EPISCOPI

1674 67 1723 95 100

108 138 166 157 cum
184 129 244 162 fecit
265 127 336 155 Deus
348 127 371 143 ⁸³
389 135 397 153 :
418 124 577 158 subiunxit,
592 123 670 150 "unc
683 123 775 150 Jesum
789 143 797 156 ,
813 132 889 158 quem

953 123 1034 150 ιὺτὸν
1050 123 1197 157 ἐποίησεν
1219 124 1235 150 ό
1257 123 1346 155 Θεὸς,
1371 123 1512 158 ἐπήγαγε·
1541 123 1650 150 Τοῦτον
1671 123 1725 150 τὸν

108 183 152 201 vos
167 173 345 207 cruci/ixiuis,
364 172 430 198 hunc
444 170 513 197 Deus
528 170 664 196 suscitavit
681 177 713 195 ea;
731 170 841 195 mortuis
853 168 890 198 “.

109 219 213 246 Mortua
227 223 315 245 autent
335 221 396 249 est,
424 224 475 243 non
496 215 642 247 divinitas,
660 215 706 242 sed
724 214 815 242 homo.
840 213 891 246 Qui

110 273 176 291 vero
192 265 278 299 ipsum
297 263 455 293 suscitavit.
478 261 594 289 Verbum
617 265 673 292 est.
689 260 735 288 Dei
749 261 852 293 virtus;
871 262 893 288 is

109 312 155 346 qui
171 312 235 338 dixit
252 311 277 338 in
296 310 459 345 Evangelia:
485 308 582 336 Solvite
601 310 724 342 templum
740 309 806 340 hoc,
828 313 851 335 et
863 308 890 334 in

110 356 194 382 tribus
210 356 300 382 diebus
314 355 431 382 excitabo
446 355 511 380 illud
526 354 560 381 ”.
579 353 670 387 Quare
689 361 749 380 cum
771 353 869 380 dicitur
883 362 890 380 :

109 400 144 427 Et
159 401 299 428 Dominum
312 409 369 428 eum
384 405 406 427 et
417 400 550 427 Christum
561 400 623 431 fecit
640 399 707 426 Deus
718 420 725 432 ,
743 401 788 434 qui
807 406 893 427 morte

109 446 221 474 affectus
235 452 287 478 est,
302 452 328 474 et
340 454 354 473 a
375 446 489 472 mortuis
503 447 652 473 resurrexit
665 454 672 479 ;
690 453 799 473 carnem
814 446 890 479 dicit,

109 497 136 519 et
156 501 207 520 non
222 494 391 520 divinitatem
409 492 481 519 Filii.

897 592 934 621 Il.

947 169 1068 203 Ἰησοῦν
1078 188 1085 200 ,
1101 169 1137 196 ὃν
1155 169 1239 204 ὑμεῖς
1251 168 1460 202 ἑσναῳώοητε
1470 189 1477 201 ,
1498 169 1605 195 τοῦτον
1620 171 1636 195 ὀ
1654 169 1725 202 Θεὸς

940 214 1061 253 ἤγειρεν
1084 215 1118 241 ἐκ
1132 214 1257 248 νεκρῶν.
1280 214 1433 249 Ἐνεκρώθη
1448 214 1494 246 δὲ,
1514 215 1563 250 οὐχ
1581 216 1597 249 ἡ
1615 214 1724 250 θεότης,

941 260 998 287 ἀλλ’
1017 261 1031 286 ὁ
1045 260 1200 296 ἄνθρωπος.
1221 261 1276 286 Καὶ
1289 261 1303 286 6
1318 260 1428 295 ἐγείρμς
1447 261 1527 287 αὑτὸν
1538 281 1544 293 ,
1561 261 1635 287 ἐστὶν
1649 261 1663 287 ὁ
1675 261 1725 286 Λό-

943 315 1005 340 γος,
1030 307 1046 341 ὴ
1063 306 1178 342 δύναμις
1191 306 1237 333 τοῦ
1260 306 1327 332 Θεοῦ
1339 326 1346 338 ,
1366 307 1380 332 6
1396 306 1480 332 εἰπὼν
1495 307 1523 332 ὲν
1541 306 1579 341 τῷ
1602 306 1725 340 Εὐαγγε-

942 353 1007 388 λίῳ·
1025 354 1145 380 Λύσατε
1158 353 1212 380 τὸν
1227 353 1303 380 ναὸν
1317 352 1433 384 τοῦτον,
1449 352 1498 380 καὶ
1514 352 1548 378 ἐν
1555 352 1725 388 τρισὶνήμέ-

939 407 1006 432 pm;-
1020 393 1109 433 ἐγερῶ
1121 399 1224 426 αὐτόν.
1241 399 1323 425 Ὥστε
1338 399 1385 426 ἐὰν
1400 398 1528 434 λέγηται,
1549 398 1604 424 Καὶ
1618 398 1726 431 Κύριον

943 444 1037 470 αὑτὸν
1051 444 1099 471 καὶ
1122 444 1251 478 Χριστὸν
1264 444 1409 478 ἐποίησεν
1422 445 1438 471 d
1460 444 1546 476 Θεὸς,
1563 442 1608 469 τὸν
1624 450 1726 477 νεκρων

945 488 1036 522 θέντα,
1053 489 1100 516 καὶ
1115 491 1147 516 ὲκ
1163 490 1268 524 νεκρῶν
1282 489 1450 521 ἀναστάντα,
1468 488 1517 524 τὴν
1533 488 1623 522 σάρκα
1636 487 1725 521 λέγει,

946 535 993 562 καί
1007 536 1036 562 οὺ
1052 535 1100 572 τὴν
1118 535 1232 571 θεότητα
1246 535 1292 562 τοῦ
1308 534 1382 563 Υίοῦ.

672 641 748 675 Apud
764 641 881 668 eumdem
901 642 1095 676 Tlteodoritum,
1113 643 1178 669 ibid.

211 688 335 722 Ejusdem
350 695 382 714 ex
395 687 511 714 oratione
525 688 655 715 adversus
669 688 796 715 Arianos.

147 734 184 760 Ac
196 741 228 760 ne
241 734 318 767 longa
332 738 393 759 utar
408 733 532 760 oratione
543 752 552 765 ,
567 734 698 767 pauciste
712 740 787 767 rogo,
801 733 891 760 hatre-

113 780 172 806 tice.
185 779 235 812 Qui
246 786 279 805 ex
292 778 346 805 Deo
357 783 398 805 est
412 784 475 805 ante
488 779 584 805 smeula
599 778 716 813 genitus,
729 786 824 812 passus
840 784 894 811 est,

112 834 145 852 an
162 826 207 860 qui
223 833 255 852 ex
271 826 352 852 David
365 825 390 851 in
407 825 560 851 novissimis
577 825 742 859 temporibus
761 830 838 851 natus
852 829 893 852 esl

112 869 208 896 .Iesus?
234 870 262 896 Si
291 877 353 904 ergo
378 870 505 896 divinitas
528 877 605 904 passa
625 875 677 903 est,
696 870 892 904 blasphemiam

112 916 202 942 dixisti
219 924 226 942 :
241 916 281 943 sin
300 916 379 942 homo
393 935 401 948 ,
427 920 455 941 ut
475 915 574 942 veritas
599 917 679 943 habet
724 923 772 943 cur
793 916 894 943 homini

113 962 263 995 passionem
279 970 332 988 non
351 961 486 988 ascribis?

1009 690 1064 717 Τοῦ
1083 690 1186 722 αὑτοῦ,
1202 690 1235 716 ἐκ
1251 689 1304 716 τοῦ
1319 688 1390 716 κατὰ
1409 687 1553 723 ’Λρειανῶν
1567 687 1669 722 λόγου.

982 735 1037 761 Καὶ
1053 735 1095 761 ἵνα
1113 735 1149 770 μὴ
1165 734 1269 770 μακρὸν
1283 735 1351 769 (98¹)
1367 733 1500 760 ἀποτείνω
1514 732 1652 766 τὸνλόγον,
1666 741 1728 758 συν-

946 781 1038 816 τόμως
1051 780 1146 816 ἐρωτῶ
1161 789 1206 813 σε,
1224 779 1358 815 αἱρετικέ.
1379 779 1408 805 '0
1421 780 1453 805 ὲκ
1465 777 1513 804 τοῦ
1529 777 1596 804 Θεοῦ
1611 778 1662 813 πρὸ
1673 777 1727 803 τῶν

946 825 1053 852 αἰώνων
1072 826 1213 860 γεννηθεὶς
1227 825 1338 856 ἔπαθεν,
1354 824 1370 860 ἢ
1381 825 1395 851 6
1409 825 1442 850 ὲκ
1453 823 1501 850 τοῦ
1514 823 1596 850 Δαϐὶδ
1608 822 1728 850 ὲνὺστὲ-

949 880 1004 907 ροις
1027 873 1131 907 καιροῖς
1156 872 1260 907 τεχθεὶς
1288 871 1408 907 Ἰησοῦςς
1434 871 1467 897 ΕΙ.
1492 870 1542 906 μὲν
1564 868 1610 896 οὖν
1634 869 1728 903 θεότης

947 918 1061 949 ἔπαθεν,
1079 916 1158 949 εἶπας
1173 918 1203 944 τὸ
1219 918 1388 953 βλάσφημον·
1410 918 1435 943 ει
1449 917 1478 943 δὲ
1492 917 1506 942 6
1520 916 1677 952 ἄνθρωπος,
1691 915 1729 946 ὡς

948 961 1003 996 ἔχει
1019 963 1036 997 ἡ
1051 962 1179 997 ἀλήθεια,
1199 962 1272 994 τίνος
1286 960 1333 988 οὖν
1350 961 1443 988 ἕνεκεν
1460 961 1497 997 μὴ
1513 961 1678 996 προσάπτεις
1691 959 1731 995 τῷ

947 1007 1083 1043 ἀνθρώπῳ
1095 1008 1125 1034 τὺ
1139 1007 1225 1039 πάθος
1236 1015 1244 1040 ;

892 1064 944 1094 ΙΙΙ.

112 1114 187 1148 Apud
203 1113 333 1149 Cyrillum
351 1114 425 1141 Alex.
451 1113 496 1140 lib.
515 1112 552 1140 De
567 1117 642 1149 recta
656 1113 719 1144 ﬁde.
738 1113 804 1146 Opp.
819 1118 882 1140 tom.
897 1113 927 1143 V.
945 1119 1013 1147 part.
1029 1115 1063 1145 ll,
1087 1115 1133 1141 sub
1150 1115 1197 1147 lin.
1214 1123 1274 1149 pag.
1291 1114 1325 1142 50
1356 1119 1378 1140 et
1404 1113 1498 1140 concil.
1523 1099 1619 1146 Eplter.
1637 1116 1704 1144 part.
1721 1109 1730 1135 1

690 1154 754 1175 tom.
775 1149 820 1180 ill,
834 1148 980 1177 Concilior.
995 1158 1021 1182 p.
1040 1158 1075 1176 nt.
1092 1150 1153 1176 683.

113 1193 287 1228 Amphilocltii
303 1193 416 1226 episcopi
436 1193 522 1221 Iconii
535 1201 568 1220 ea:
584 1193 651 1220 libro
665 1193 702 1220 De
719 1194 895 1227 generatione

305 1228 410 1255 Domini
425 1229 574 1256 secundum
586 1235 707 1256 carnem.

148 1274 256 1301 Veritas
273 1273 382 1309 cognita
404 1278 464 1307 est,
479 1274 564 1308 gratia
579 1274 663 1306 venit,
688 1274 743 1301 vita
759 1279 895 1309 apparuit,

114 1321 160 1348 Dei
185 1319 313 1352 Verbum,
344 1318 445 1354 Deique
467 1318 551 1346 Filius
568 1325 678 1354 propter
700 1327 749 1347 nos
768 1320 896 1347 incarna—

115 1370 158 1392 tus
174 1370 234 1398 est,
250 1372 302 1399 quo
322 1364 449 1392 nimirum
471 1364 600 1392 mortales
616 1365 649 1392 ad
667 1365 750 1392 vitam
768 1370 896 1393 aeternam

955 1195 1148 1230 'Aumlozlov
1157 1195 1325 1222 ἐπισκόπου
1345 1195 1480 1225 Ἰκονίου,
1495 1193 1528 1220 ἐκ
1541 1192 1594 1220 τοῦ
1607 1190 1674 1227 Περὶ
1684 1192 1730 1227 τῆς

1166 1230 1236 1257 κατὰ
1254 1230 1341 1266 σάρκα
1358 1230 1521 1264 γεννήσεως.

991 1276 1024 1303 Ἥ
1051 1276 1166 1311 ἀλήθεια
1184 1275 1324 1310 ἐγνώσθη,
1340 1276 1356 1310 ἡ
1371 1275 1451 1310 χάρις
1475 1273 1541 1310 ἦλθε
1552 1293 1565 1314 ,ν
1575 1273 1622 1300 καὶ
1639 1273 1655 1308 ἡ
1676 1271 1732 1307 ζωὴ

950 1322 1036 1357 ἐφάνη
1046 1329 1054 1338 ·
1071 1323 1085 1348 6
1099 1322 1146 1349 τοῦ
1165 1321 1232 1348 Θεοῦ
1248 1321 1311 1353 Υἱὸς
1330 1321 1379 1354 ὢν,
1393 1322 1408 1347 6
1422 1321 1454 1347 ὲκ
1471 1320 1538 1347 Θεοῦ
1554 1320 1649 1354 Λόγος,
1665 1319 1732 1354 σὰρξ

952 1368 1061 1402 ἐγένετο
1074 1368 1108 1394 δι’
1125 1367 1210 1403 ἡμᾶς,
1227 1366 1271 1394 ἵνα
1285 1366 1397 1402 θνητοὺς
1411 1367 1450 1398 είς
1464 1365 1534 1401 ζωὴν
1551 1365 1657 1392 αἰώνιον
1670 1365 1733 1391 ἀνα-

115 1414 254 1436 revocaret
264 1412 291 1436 et
307 1416 322 1435 a
337 1409 452 1436 mortuis
464 1409 606 1437 excitaret.
628 1408 822 1436 Uuiversorum
839 1409 897 1443 opi-

953 1414 1049 1449 στήσῃ,
1064 1413 1111 1440 καὶ
1125 1414 1158 1440 ὲκ
1171 1412 1226 1439 τῶν
1241 1412 1345 1446 νεκρῶν
1362 1411 1490 1448 ἀνεγείρῃ
1500 1419 1507 1426 ·
1521 1412 1534 1438 6
1551 1411 1665 1446 ποιητὴς
1679 1410 1733 1436 τῶν

115 1454 172 1487 fex,
185 1454 231 1489 qui
244 1458 306 1482 ante
316 1462 423 1482 omnem
435 1459 590 1482 creaturam
604 1460 657 1482 tam
672 1455 805 1482 visibilem
818 1462 897 1489 quant

115 1500 290 1533 invisibilcm,
308 1500 359 1528 soli
371 1499 444 1528 Patri
460 1505 488 1529 et
504 1499 619 1536 Spirilui
639 1505 734 1528 sancto
749 1501 898 1528 coexsiste-

115 1547 162 1573 hat
188 1546 368 1580 immortalis;
398 1554 463 1575 ecce
489 1547 511 1574 is
534 1551 610 1574 extra
640 1546 723 1574 ullum
746 1551 898 1582 peccatum,

117 1589 252 1625 uitamque
264 1591 412 1626 cujuspiam
425 1591 542 1619 hominis
557 1596 604 1619 aut
617 1592 667 1619 viri
685 1599 806 1627 operam,
820 1591 898 1619 hodie

116 1634 194 1662 nobis
209 1642 241 1661 ex
258 1634 368 1670 Virgine
381 1636 514 1663 nascitur.

951 1458 1030 1490 ὅλων,
1043 1458 1057 1484 6
1071 1457 1125 1492 πρὸ
1138 1457 1229 1492 πάσης
1245 1455 1359 1488 κτίσεως
1374 1455 1478 1491 ὁρατῶν
1494 1464 1524 1482 τε
1538 1454 1584 1482 καὶ
1598 1455 1732 1490 ἀοράτων,

953 1503 1027 1538 μόνῳ
1051 1501 1140 1538 Πατρὶ
1160 1502 1206 1528 καὶ
1223 1501 1361 1536 Πνεύματι
1384 1501 1563 1536 συνυπάρχων
1589 1500 1732 1531 ἀθάνατος,

952 1549 1071 1583 σήμερον
1089 1547 1143 1574 ἰδοὺ
1159 1549 1191 1574 ὲκ
1204 1547 1341 1582 Παρθένου
1357 1546 1534 1581 γεννώμενος,
1551 1546 1634 1582 χωρὶς
1644 1546 1732 1581 πάσης

951 1593 1098 1629 ἁμαρτίας,
1118 1593 1181 1620 ἄνευ
1200 1591 1354 1627 ἀνθρώπου,
1372 1592 1431 1626 ἦτοι
1446 1591 1552 1627 ἀνδρός.

414 1693 457 1720 Ex
475 1694 585 1722 concilio
604 1694 733 1730 Epltesino
746 1700 818 1730 part.
834 1695 867 1728 ll,
882 1698 934 1722 act.
949 1693 975 1726 1,
989 1698 1051 1720 tom.
1068 1691 1100 1719 lll
1115 1691 1262 1720 Concilior.
1279 1699 1340 1726 pag.
1357 1691 1432 1721 1061’s

407 1749 472 1777 ltcm
485 1758 517 1777 ex
541 1752 652 1779 concilio
671 1752 794 1780 Chalced.
809 1757 879 1787 part.
894 1750 928 1786 ll,
945 1755 997 1778 act.
1011 1749 1032 1783 Ι,
1051 1753 1116 1777 tom.
1129 1748 1164 1776 Ν
1178 1748 1283 1776 Concil.
1299 1757 1360 1784 pag.
1372 1747 1451 1776 1115.

296 1804 470 1839 Amphilochit'
489 1807 602 1842 episcopi
620 1807 716 1835 Iconii.

151 1849 284 1883 Quoniam
297 1851 367 1878 enim
387 1851 456 1878 idem
470 1852 524 1879 Rex
545 1857 573 1880 et
587 1852 656 1880 Deus
669 1857 722 1886 est,
741 1857 769 1880 et
782 1857 898 1881 mortem

116 1896 151 1923 ob
167 1896 300 1930 passionis
317 1896 544 1930 dispensationem
565 1898 694 1933 gustavit,
712 1907 824 1926 munera
842 1907 901 1934 my-

117 1942 261 1969 steriorum
288 1947 351 1970 sunt
373 1943 627 1972 indicia.'0ﬂ'erunt
650 1945 720 1980 magi
742 1952 836 1972 aurum
855 1953 901 1973 eo-

116 1993 278 2023 guoscentes
301 1988 388 2023 ipsum
411 1997 471 2017 esse
486 1997 597 2025 regem;
614 1990 734 2018 oﬂerunt
755 1990 833 2023 thus,
853 1998 901 2018 no-

117 2034 260 2061 runtenim
272 2041 302 2061 se
313 2034 367 2062 Deo
380 2034 495 2069 offerre;
510 2035 781 2072 olferuntmyrrham,
793 2041 902 2071 propler

118 2083 230 2107 mortem
246 2079 273 2107 in
290 2080 419 2115 mysterio
432 2080 575 2114 passionis.

1081 1805 1271 1841 Ἀμφιλοχίου
1286 1805 1454 1832 ἐπισκόπου
1476 1803 1612 1831 Ἰκονίου.

993 1852 1102 1886 Ἐπειδὴ
1111 1851 1167 1886 γὰρ
1177 1851 1192 1876 6
1201 1851 1281 1882 αὐτὸς
1294 1850 1421 1886 βασιλεὺς
1434 1850 1481 1877 καὶ
1491 1850 1567 1882 Θεὸς,
1578 1849 1625 1876 καὶ
1635 1848 1736 1885 νεκρὼ-

953 1907 1022 1929 σεως
1036 1897 1080 1924 διὰ
1095 1897 1145 1932 τὴν
1158 1897 1205 1924 τοῦ
1220 1897 1322 1928 πάθους
1337 1897 1492 1931 οἰκονομίαν
1506 1896 1684 1932 γευσάμενος.
1701 1896 1733 1922 τὰ

952 1943 1026 1980 δῶρα
1036 1943 1090 1970 τῶν
1105 1943 1263 1979 μυστηρίων
1273 1943 1346 1969 ἐστὶν
1361 1943 1519 1978 αἰνίγματα.
1531 1942 1734 1977 Προσφέρουσιν

953 1990 978 2016 οἱ
1003 1990 1084 2024 μάγοι
1097 1989 1219 2025 χρυσίον,
1235 1988 1413 2024 γνωρίζοντες
1427 1987 1508 2015 αὐτὸν
1525 1985 1595 2014 εἶναι
1614 1987 1734 2022 βασιλέα.

954 2035 1144 2071 Προσφέρουσι
1159 2034 1282 2061 λίϐανον
1299 2034 1358 2069 Θεῷ
1371 2034 1425 2069 γὰρ
1441 2033 1514 2060 ἴσασι
1526 2033 1734 2069 προσφέροντες.

955 2081 1142 2116 Προσφέρουσι
1158 2081 1290 2116 σμύρναν,
1307 2080 1352 2107 διὰ
1365 2081 1413 2116 τὴν
1430 2081 1458 2107 ἐν
1472 2079 1512 2116 τῷ
1530 2080 1670 2116 μυστηρίῳ
1689 2079 1735 2106 τοῦ

954 2128 1056 2159 πάθους
1070 2127 1212 2164 νέκρωσιν.

533 2176 574 2204 Ex
587 2177 681 2205 toncil.
701 2178 824 2206 Chalced.
838 2184 906 2214 part.
925 2179 956 2212 ll,
971 2186 1022 2209 act.
1043 2181 1057 2208 1
1081 2186 1142 2208 ιοηι.
1156 2180 1202 2213 1V,
1217 2189 1243 2216 ρ.
1262 2181 1341 2208 1145.

396 2222 464 2248 Item
481 2230 514 2249 ea:
524 2223 622 2251 eodem.

151 2266 208 2294 Nisi
230 2267 302 2294 enim
325 2266 371 2295 ille
394 2271 474 2294 natus
499 2267 594 2295 fuisset
613 2269 760 2303 secundum
783 2276 904 2303 carnem,

125 2320 179 2340 non
199 2313 380 2340 renascereris
396 2317 423 2340 tu
439 2313 624 2348 spiritualiter.
648 2314 704 2341 Nisi
725 2314 768 2342 ille
783 2315 905 2350 dignatus

118 2359 214 2386 fuisset
225 2359 339 2385 fortnam
355 2358 428 2385 servi
443 2359 601 2393 suscipere,
621 2366 789 2396 nequaquam
806 2366 833 2388 lu
847 2361 904 2397 glo-

118 2405 186 2431 riam
197 2405 349 2439 adoptionis
364 2404 484 2432 lucratus
499 2413 582 2432 esses.
601 2404 746 2440 Propterea
760 2407 832 2434 enim
847 2413 904 2435 coe-

117 2450 193 2478 lestis
214 2450 242 2477 iu
267 2455 365 2478 terram
388 2451 538 2478 descendit.
564 2455 593 2478 ut
613 2455 640 2478 tu
655 2451 698 2486 qui
717 2451 743 2478 in
767 2456 838 2479 terra
853 2461 882 2480 es
895 2475 902 2487 ,

153 2524 176 2540 "
190 2523 249 2551 Act.
265 2531 284 2551 ll
297 2543 304 2556 ,
321 2522 367 2550 ‘26.
404 2522 428 2538 “
448 2522 511 2550 ibid.
527 2522 573 2551 32.
612 2523 635 2539 ⁸⁸
649 2522 725 2550 Joan.
739 2530 769 2555 It,
795 2523 838 2551 19.

154 2590 222 2626 (98‘)
236 2590 291 2626 Kal
309 2591 360 2617 ἵνα
376 2590 419 2625 μὴ
434 2598 523 2624 paup.
546 2589 730 2626 Recitathunc
751 2589 837 2626 laeum
851 2589 901 2617 Fa-

119 2624 221 2652 cuudus
235 2624 433 2653 ilermiaueusis
445 2626 491 2652 lib.
503 2632 548 2660 δι,
560 2632 618 2659 cap.
634 2625 660 2656 5,
677 2632 736 2660 pag.
752 2624 813 2655 761,
827 2631 903 2651 eum-

120 2668 172 2693 que
186 2661 221 2686 ita
237 2660 366 2687 redditum
382 2660 482 2687 refert:
499 2659 532 2686 Et
546 2664 572 2686 ut
587 2668 639 2686 non
649 2659 753 2693 loirgum
764 2660 902 2686 extendam

120 2702 273 2724 sermonem.
289 2695 396 2722 breviter
413 2699 437 2721 te
453 2695 565 2729 requiro.
582 2694 633 2727 Qui
657 2700 734 2720 natur
752 2699 788 2720 est
805 2702 837 2720 ea:
850 2694 902 2721 Deo

121 2734 181 2755 ante
196 2729 302 2761 uetula,
318 2737 409 2763 prmus
426 2736 473 2761 est,
488 2738 522 2757 an
536 2730 580 2764 qui
595 2738 626 2764 ea;
652 2729 736 2756 David
756 2729 783 2755 in
793 2729 903 2764 Aultimia

122 2764 278 2798 temporibus
292 2757 428 2799 pigneratus
443 2757 479 2792 es:
499 2757 596 2792 Jes'us?
610 2763 638 2791 Si
660 2764 762 2795 quidem
781 2757 903 2791 divinitas

1198 2226 1318 2261 Ὁμοίως
1331 2226 1384 2253 τοῦ
1397 2226 1500 2253 αὑτοῦ,

991 2270 1022 2296 El
1038 2270 1075 2305 μὴ
1089 2270 1142 2306 γὰρ
1159 2271 1262 2302 ἐκεῖνος
1275 2270 1406 2305 ἐγεννήθη
1423 2269 1571 2305 σαρκικῶς,
1587 2270 1637 2296 οὐκ
1652 2270 1684 2297 ἂν
1704 2270 1735 2297 σὺ

955 2316 1137 2353 ἀνεγεννήθης
1148 2317 1350 2353 πνευματικῶς.
1364 2318 1395 2344 Ei
1406 2318 1433 2344 δὲ
1445 2317 1482 2353 μὴ
1496 2319 1598 2350 ἐκεῖνος
1610 2318 1737 2353 ἠνέσχετο

953 2363 1004 2398 τῆς
1023 2363 1069 2390 τοῦ
1085 2363 1177 2390 δούλου
1203 2363 1329 2399 μορφῆς,
1349 2363 1399 2390 οὐκ
1415 2363 1447 2390 ἂν
1465 2363 1497 2389 σὺ
1522 2363 1571 2399 τὴν
1589 2364 1666 2397 δόξαν
1688 2363 1749 2399 τῆς

954 2409 1090 2440 υἱοθεσίας
1108 2409 1265 2444 ὲκέρδανας.
1281 2409 1330 2436 Διὰ
1351 2409 1429 2436 τοῦτο
1448 2409 1502 2445 γὰρ
1526 2409 1572 2436 ἐπὶ
1592 2410 1643 2444 τῆς
1660 2409 1710 2444 γῆς
1723 2411 1737 2436 6

955 2455 1130 2490 ἐπουράνιος,
1147 2455 1190 2482 ἵνα
1204 2455 1235 2482 σὺ
1252 2455 1266 2481 6
1282 2455 1328 2481 ἐπὶ
1345 2455 1396 2490 γῆς
1415 2456 1455 2487 εἰς
1474 2455 1586 2491 οὐρανὸν
1606 2455 1734 2491 ἀναχθῇς.

951 2598 1029 2625 passa
1041 2595 1089 2621 est.
1103 2590 1194 2617 dixisti
1209 2591 1396 2625 blasphemiam
1411 2598 1425 2617 ε.
1439 2591 1461 2618 si
1475 2596 1560 2618 autem
1574 2592 1660 2623 homo,
1671 2593 1736 2619 sicut

951 2625 1047 2652 ueritas
1059 2625 1145 2656 habet.
1157 2634 1238 2659 quare
1254 2634 1304 2652 non
1321 2627 1438 2660 applicas
1459 2626 1557 2653 homini
1578 2627 1736 2659 passionem,

952 2665 996 2686 aut
1008 2659 1119 2686 humilia
1136 2668 1185 2686 non
1202 2661 1305 2687 consuls
1322 2659 1419 2687 verba?
1438 2662 1499 2688 Hmc
1518 2660 1669 2688 Facundus.
1687 2662 1737 2689 Po—

953 2699 1050 2731 strema
1077 2696 1167 2722 omisit
1184 2695 1372 2724 Theodoritus.
1400 2696 1502 2724 Videsis
1529 2703 1589 2731 quas
1614 2695 1683 2724 infra
1705 2699 1737 2726 ad

953 2728 1059 2764 Fragm.
1074 2738 1100 2758 ιι
1117 2731 1289 2759 adnotantur.
