1904 3054
180 69 227 97 101
751 68 957 97 SENTENTIAZ
978 70 1021 97 ET
1041 69 1235 106 EXCERPTA.

1753 71 1804 99 Illi

178 127 228 154 Διὰ
240 126 319 154 τοῦτο
329 126 446 163 Χριστὸς
454 126 550 154 ἑαυτὸν
561 125 706 159 ἐκένωσεν,
719 127 763 153 ἴνα
775 127 856 163 ἡμεῖς
866 127 966 159 πάντες

1022 127 1045 155 in
1063 126 1162 154 celum
1175 126 1324 153 extollaris.
1345 125 1408 153 Ideo
1423 124 1546 152 Christus
1567 128 1738 159 semetipsum
1754 134 1803 155 ex-

178 175 211 200 ἐκ
223 172 270 200 τοῦ
286 172 469 208 πληρώματος
483 174 565 200 αὐτου
577 172 715 208 λάϐωμεν.
737 173 857 199 Ἑκείνου
874 172 967 200 θανόν-

178 226 224 248 τος
247 216 344 251 γέγονέ
368 225 410 243 σοι
430 216 577 243 ἀθανασία.
606 217 642 243 Τὸ
657 216 704 243 τοῦ
724 217 859 244 Δεσπότω
882 217 967 249 πάθος

177 262 274 297 γέγονε
298 261 346 289 τοῦ
370 261 464 289 δούλου
492 262 604 298 ὖψωμα.
624 262 661 289 Σὺ
682 262 712 289 δὲ
737 262 787 298 τὴν
806 262 966 298 εὐεργεσίαν

177 308 327 344 λαμϐάνεις
345 307 520 344 βλασφημίας
534 307 651 343 ἑφόδιον.

1021 173 1148 204 inanivit,
1168 176 1197 199 ut
1213 179 1262 199 nos
1271 179 1365 198 omnes
1375 172 1408 198 de
1423 171 1588 206 plenitudine
1601 170 1658 204 eius
1671 173 1805 208 accipcrr-

1019 226 1090 245 mus.
1107 218 1180 245 Illius
1195 225 1268 245 mors
1285 217 1355 244 facta
1373 221 1414 244 est
1432 217 1478 244 tibi
1499 217 1697 248 immortalitas,
1717 218 1805 252 passio

1019 263 1124 291 Domini
1139 263 1209 290 facta
1227 267 1270 290 est
1286 270 1365 290 servo
1382 262 1520 290 exaltatio.
1541 262 1581 290 Tu
1596 269 1687 291 autem
1702 264 1804 292 beneﬁ-

1019 309 1090 336 cium
1104 309 1189 337 vertis
1198 309 1224 336 in
1237 309 1416 336 occasionem
1428 308 1615 343 blasphemiae.

966 364 1018 395 IV.

720 413 760 441 Ex
772 413 918 441 Elementis
929 414 1087 442 Damauem‘
1106 413 1278 449 Rupefucald.

179 461 236 490 Τοῦ
245 461 394 498 μακαρίου
410 461 604 498 Ἀμφιλοχίαν
629 461 666 498 ἐζ
675 461 739 498 τοῦ,
748 463 796 498 sic
807 461 851 495 τὸ,
863 461 964 498 Κύριος

360 496 451 524 ἐκτισέ
467 503 517 532 με·
534 496 624 531 ἀρχὴ,
643 497 672 523 '0
687 496 707 523 δ’
725 497 812 531 λόγος.

213 541 250 568 Τὸ
265 542 378 577 ἄχρονον
399 542 541 569 ἁκτιστον·
554 541 586 568 τὸ
602 542 630 568 δὲ
645 542 772 568 ἁκτιστον
786 543 918 577 ἄναρχονθ
935 541 966 568 τδ

177 589 206 615 δὲ
219 588 336 624 ἄναρχον
356 588 441 615 ἀΐδιον
452 597 458 603 ·
475 588 559 620 ἀΐδιος
571 588 599 615 δὲ
622 587 700 624 μόνος
714 589 728 614 ὁ
741 588 817 620 Θεός.
835 588 889 614 Kal
901 587 966 622 μεθ’

177 635 278 669 ἔτερα·
296 632 332 661 Ὠ
346 633 432 670 Τριὰς
447 634 503 670 (99)
519 634 586 668 ἁγία
604 635 632 660 ἐν
653 633 694 660 ἐνὶ
711 634 823 669 ὀνόματι
840 633 968 670 ἀριθμου-

180 679 258 715 μένηθ
278 679 309 706 οὐ
329 679 384 715 γὰρ
403 679 511 714 λέγεται
534 678 618 714 μονὰς
639 679 686 705 καὶ
703 678 782 712 δυὰς,
799 679 859 705 οὐδὲ
883 679 966 715 μονὰς

178 725 226 752 καὶ
250 724 351 760 μονάς·
369 724 437 752 ἁλλὰ
461 724 547 760 Τριὰς
569 724 598 751 ἐν
619 724 738 756 Μονὰδι,
758 724 805 752 καὶ
825 725 917 756 Μονὰς
937 726 965 752 ὲν

1016 461 1090 489 Beati
1111 461 1305 495 Ampliilachii,
1328 470 1360 489 ex
1378 467 1492 490 tractatu
1519 464 1545 491 in
1569 464 1650 496 illud,
1677 465 1805 495 Dominus

1127 497 1230 523 creavit
1244 505 1286 524 me
1302 497 1335 524 ".
1347 497 1442 530 Incipit
1458 505 1467 524 :
1483 499 1585 532 Quarta
1594 501 1672 526 ratio.

1051 541 1128 575 Quod
1143 542 1201 569 sine
1221 546 1342 576 tempore
1364 549 1391 570 et
1405 544 1438 570 ab
1452 549 1552 571 :etcruo
1569 549 1630 577 est,
1650 545 1802 572 iucrealum

1017 592 1076 620 est;
1092 588 1162 622 quod
1176 592 1265 615 autem
1279 593 1320 616 est
1334 589 1494 623 increatum,
1509 591 1590 617 etiam
1603 595 1645 617 est
1657 595 1802 623 a-ternum;

1018 632 1089 660 Deus
1105 638 1196 660 autem
1207 634 1280 661 solus
1294 639 1413 662 aeternus
1427 640 1480 663 est.
1498 636 1533 662 Et
1550 640 1607 669 post
1619 636 1674 662 alia
1689 644 1698 663 :
1712 636 1733 663 0
1748 636 1806 663 Tri-

1018 679 1089 707 nitas
1106 679 1132 706 in
1150 686 1204 706 uno
1227 680 1362 707 accensita
1384 682 1502 708 nomine.
1527 680 1594 708 Nam
1619 690 1671 708 non
1696 682 1804 714 dicitur,

1018 725 1110 753 unitas
1123 725 1298 759 etbiuarius;
1316 734 1402 761 neque
1415 727 1504 754 unitas
1519 732 1545 754 et
1558 728 1661 761 unitas;
1681 730 1726 755 sed
1743 727 1804 755 Tri—

179 769 274 806 Τριάδι
285 778 293 786 ·
308 769 453 805 μονοειδῶς
466 769 504 806 (1)
522 769 699 805 μονωνύμως.
716 767 764 801 Εἷς
777 769 853 802 Θεὸς,
870 770 966 806 Πατὴρ

1022 771 1090 799 nitas
1102 771 1130 798 in
1150 770 1278 805 Unitate;
1296 777 1323 799 et
1342 772 1437 800 Uuitas
1454 773 1481 800 in
1499 773 1649 806 Trinitate;
1664 774 1805 800 uniformi-

179 815 208 843 ὲν
224 815 293 852 Υἱῷ,
307 816 372 848 Tib:
387 816 417 843 ἐν
429 816 517 852 Πατρὶ
529 816 577 843 σὺν
588 816 658 852 ἁγίῳ
668 816 862 852 Πνεύματιβ).
871 816 965 852 Ἡμεῖς

178 860 289 896 οἴδαμεν
302 861 424 897 Πατέρα,
435 861 557 898 Πατέρα·
570 862 645 895 Υἱδν,
658 861 733 889 Υἱόν·
750 862 827 896 ἅγιον
840 862 962 898 Πνεῦμα,

178 906 256 941 ἅγιον
273 906 401 943 Πνεῦμα·
422 907 523 942 Τριὰδα
546 907 668 943 ἐνότητι·
684 907 733 943 μία
748 907 803 943 γάρ
818 909 890 934 ἐστιν
908 908 965 935 ἑνό-

178 961 229 988 της
246 951 363 988 Πατρός,
387 952 435 979 καὶ
452 952 533 986 Υίοῦ,
556 952 604 979 καὶ
617 952 697 986 ἁγίου
721 953 895 988 Πνεύματος·
915 953 964 988 μία

178 998 269 1032 οὐσία,
286 999 335 1034 μία
353 999 492 1035 κυριότης,
515 998 543 1026 ἓν
557 998 680 1035 θέλημα·
698 999 750 1035 μία.
760 999 918 1034 Ἐκκλησία,
935 999 965 1027 ἓν

179 1044 334 1080 βάπτισμα,
351 1043 399 1080 μία
414 1044 518 1076 πίστις.

1017 821 1068 850 ter,
1085 824 1141 844 uno
1156 817 1276 844 nomine.
1296 817 1372 845 Unus
1384 818 1453 846 Deus
1465 839 1472 852 ,
1491 819 1573 846 Pater
1589 820 1616 846 in
1630 819 1709 852 Filio,
1722 820 1805 848 Filius

1017 862 1044 890 in
1063 861 1145 890 Patre
1161 870 1222 890 cum
1241 867 1335 891 sancto
1351 863 1464 899 Spirilu.
1478 863 1585 892 Scimus
1596 865 1645 900 ipsi
1658 885 1666 898 ,
1681 865 1801 899 Patrem,

1016 907 1143 940 Patrem;
1164 907 1274 942 Filium,
1290 907 1405 941 Filium;
1419 909 1548 943 Spiritum
1565 915 1699 942 sanctum,
1718 908 1806 945 Spiri-

1017 956 1073 980 tum
1097 959 1218 980 sanctum
1236 963 1244 981 :
1262 954 1420 981 Trinitatem
1441 955 1554 982 unitate.
1580 955 1638 983 Una
1661 956 1733 983 enim
1761 961 1803 983 est

1018 998 1107 1026 unitas
1119 998 1207 1026 Patris
1222 1003 1250 1026 et
1273 998 1333 1025 Filii
1351 1003 1377 1027 et
1398 998 1516 1034 Spiritus
1537 1000 1644 1033 sancti,
1665 1007 1717 1026 una
1739 1001 1803 1027 sub-

1018 1045 1132 1077 stantia,
1146 1052 1198 1072 una
1211 1044 1369 1078 dominatio,
1384 1052 1438 1072 una
1455 1045 1588 1075 voluntas.
1603 1054 1654 1073 una
1673 1046 1802 1076 Ecclesia.

1016 1096 1098 1116 unum
1118 1088 1262 1123 baptisma,
1276 1096 1330 1116 una
1348 1088 1426 1117 ﬁdes.

613 1146 657 1174 Ea:
670 1147 757 1176 sacris
771 1146 911 1176 Parallelis
926 1145 1092 1179 Damasceni,
1107 1149 1170 1172 tant.
1185 1144 1217 1177 lI,
1231 1153 1292 1181 pag.
1304 1144 1367 1172 299.

485 1207 541 1234 Τοῦ
557 1206 661 1234 αὐτοῦ.

174 1252 177 1263 '
214 1251 272 1279 Μία
283 1252 347 1286 δόξα
361 1251 468 1288 Πατρὸς
482 1253 528 1279 καὶ
542 1251 606 1279 Υἱοῦ
628 1252 676 1279 καὶ
696 1252 774 1287 ἁγίου
792 1253 963 1288 Πνεύματος.

183 1295 244 1330 Τὴν
259 1295 354 1328 δόξαν
369 1296 424 1331 γάρ
437 1304 513 1331 μου,
538 1297 635 1332 φησὶν,
652 1296 741 1331 ἑτέρῳ
757 1297 794 1324 οὐ
810 1297 904 1324 δώσω.
928 1298 966 1324 Οὺ

179 1341 236 1377 γάρ
253 1342 311 1368 ἐστι
325 1342 451 1378 δεύτερος
465 1341 530 1374 Θεὸς
544 1344 558 1369 ὁ
572 1342 645 1375 Υἱὸς,
658 1342 726 1369 ἀλλὰ
742 1343 829 1377 Λόγος
847 1344 894 1370 τοῦ
908 1344 967 1376 ἐνὸς

180 1388 228 1415 καὶ
245 1388 326 1423 μόνου
347 1388 432 1421 Θεοῦ,
451 1389 660 1424 θεολογούμενος
678 1390 708 1416 ὲν
732 1391 838 1426 Πατρὶ,
859 1390 897 1422 ὡς
919 1390 967 1417 καὶ

180 1433 274 1470 Πατὴρ
284 1434 314 1461 ὲν
328 1433 385 1469 Υίῷ
395 1434 569 1469 θεολογεῖται.
582 1434 681 1467 Καθὼς
694 1435 740 1462 καὶ
757 1436 870 1467 Ἡσαΐας
881 1435 965 1470 λέγει,

180 1477 311 1513 Θεολογῶν
320 1479 382 1505 Υίὸν
393 1479 440 1505 σὺν
451 1479 537 1515 Πατρί
547 1487 553 1494 ·
566 1479 823 1514 Προσκυνὴσουσι
843 1487 905 1513 σοι,
917 1480 966 1507 καὶ

179 1524 215 1551 ἐν
241 1525 292 1552 σοι
316 1525 546 1559 προσεύξονταιο
572 1526 617 1552 ὅτι
644 1526 680 1553 ἐν
705 1526 755 1552 σοι
779 1527 795 1553 ὀ
820 1527 891 1560 Θεὸς
913 1526 967 1554 τοῦ

187 1570 324 1605 Ἰσραὴλ,
341 1571 453 1605 Σωτήρ.
472 1572 735 1606 Λίσχυνθήσονται
755 1572 805 1599 καὶ
819 1572 965 1607 ἐντραπή-

180 1623 286 1643 σονται
299 1617 410 1651 πάντες
423 1618 447 1644 οἱ
465 1618 647 1652 ἀντικείμενοι
667 1617 754 1653 αὐτῷ,
767 1620 791 1645 oi
812 1618 849 1654 μὴ
870 1618 965 1654 ὁμολο-

180 1661 292 1695 γοῦντες
307 1662 396 1698 αὐτῷ,
414 1662 460 1689 καὶ
474 1662 504 1689 τὸ
525 1662 637 1699 Πνεῦμα
652 1663 734 1690 αὑτοῦ
745 1683 752 1695 ,
766 1663 816 1698 τῆς
831 1663 915 1698 αὐτῆς
927 1663 966 1699 τῷ

179 1707 237 1743 Υἱῷ
252 1708 356 1742 οὐσίας,
370 1709 416 1735 καὶ
432 1708 500 1744 πλὴν
515 1709 596 1736 αὑτοῦ
613 1709 674 1745 [μὴ]
689 1708 757 1737 εἶναι
770 1710 846 1737 Θεόν.

215 1754 272 1781 Οὐκ
287 1754 361 1781 ἔστιν
376 1754 462 1781 οὕτω⁴
479 1755 516 1790 μὴ
535 1755 657 1789 γένοιτοῑ
673 1756 729 1782 Οὐκ
747 1755 804 1782 ἔστι
819 1755 934 1791 γεννητὴ
947 1755 964 1790 ἡ

180 1801 280 1836 Τριὰς,
309 1800 366 1827 ἀλλ’
383 1801 481 1833 ἀΐδιος·
498 1801 545 1827 καὶ
569 1801 617 1836 μία
637 1801 730 1836 Θεότης
743 1802 772 1827 ὲν
792 1801 900 1836 Τριάδι,
918 1802 965 1828 καὶ

182 1846 230 1881 μία
244 1846 306 1878 δόξα
320 1846 370 1881 τῆς
386 1847 467 1880 ἁγίας
488 1846 613 1882 Τριάδος,
631 1847 686 1872 Καὶ
708 1846 810 1881 σχίζειν
825 1846 910 1881 αὐτὴν
925 1847 964 1878 εἰς

180 1891 323 1927 διαφόρους
340 1891 435 1926 φύσεις
451 1890 585 1925 το).μᾶτε;
602 1892 683 1926 Μόνῳ
697 1891 756 1926 Θεῷ
775 1891 903 1927 ἁρμόττει
922 1891 966 1918 λέ-

180 1945 238 1971 γειν
258 1937 288 1963 τὸ
307 1937 390 1973 ἐμόν.
411 1936 500 1963 Αὑτοῦ
524 1936 578 1971 γὰρ
600 1936 681 1972 μόνου
702 1936 785 1968 ὅντως
807 1936 898 1972 κτῆμα
931 1936 965 1963 τὰ

180 1980 278 2009 πάντα.

1348 1202 1482 1237 Ejusdem.

1057 1249 1115 1277 Una
1131 1253 1174 1277 est
1194 1248 1277 1284 gloria
1291 1248 1380 1276 Patris
1397 1253 1425 1276 et
1443 1249 1505 1276 Filii
1523 1253 1549 1277 et
1570 1248 1688 1284 Spiritus
1708 1249 1806 1277 sancti.

1019 1294 1138 1322 Gloriam
1153 1295 1224 1322 enim
1240 1303 1334 1328 meum,
1349 1294 1452 1330 inquit,
1464 1295 1540 1322 alteri
1557 1303 1608 1322 non
1622 1295 1689 1322 dabo
1697 1295 1731 1321 ⁵⁷.
1749 1294 1806 1323 Non

1020 1341 1091 1368 enim
1107 1340 1240 1368 secundus
1257 1340 1326 1367 Deus
1344 1345 1386 1368 est
1404 1340 1507 1374 Filius,
1525 1340 1572 1368 sed
1594 1340 1710 1368 Verbum
1725 1342 1806 1369 unius

1019 1391 1047 1413 et
1061 1385 1146 1413 solius
1168 1386 1231 1419 Dei,
1256 1385 1302 1420 qui
1324 1386 1350 1412 in
1370 1385 1450 1413 Patre
1467 1386 1538 1413 Deus
1558 1393 1618 1413 esse
1633 1386 1805 1421 praedicatur,

1017 1432 1245 1468 quemadmodum
1262 1436 1290 1459 et
1308 1431 1389 1459 Pater
1400 1432 1426 1459 in
1439 1432 1518 1460 Filio.
1533 1432 1612 1460 Velut
1627 1433 1708 1460 etiam
1722 1433 1806 1461 Isaias

1017 1479 1055 1506 ait
1071 1499 1078 1511 ,
1094 1478 1158 1506 dum
1173 1477 1269 1505 Filium
1285 1485 1337 1504 una
1357 1486 1417 1505 cum
1434 1477 1514 1505 Patre
1528 1479 1687 1512 proﬁtetur:
1704 1479 1806 1507 Adam-

1017 1525 1078 1551 bunt
1092 1529 1126 1556 te,
1144 1529 1167 1551 et
1181 1525 1208 1550 in
1221 1529 1245 1551 te
1258 1525 1369 1551 orabunt
1382 1531 1391 1551 .'
1408 1524 1531 1558 quoniam
1545 1524 1571 1551 in
1589 1528 1613 1552 te
1627 1524 1696 1552 Deus
1709 1524 1805 1556 Israel,

1016 1569 1149 1598 Salvator.
1169 1569 1371 1605 Confundentur
1389 1574 1413 1597 et
1433 1570 1580 1597 erubescent
1601 1578 1689 1598 omne:
1705 1571 1739 1602 ⁸⁸,
1759 1571 1804 1604 qui

1016 1617 1067 1650 ipsi
1087 1617 1278 1648 adversantur,
1297 1623 1347 1644 nec
1363 1617 1449 1650 ipsum
1467 1617 1640 1650 conﬁtentur,
1656 1625 1704 1644 uec
1719 1616 1805 1652 Spiri-

1021 1667 1076 1690 tum
1092 1663 1175 1697 ipsius
1185 1661 1303 1696 ejusdem
1319 1670 1349 1690 ac
1362 1662 1446 1690 Filius
1461 1663 1586 1690 essentia:
1598 1670 1675 1697 esse,
1693 1671 1725 1690 ac
1738 1671 1806 1698 prae-

1021 1712 1061 1734 ter
1073 1715 1144 1739 eum,
1162 1707 1244 1734 alium
1258 1707 1341 1734 Deum
1355 1714 1423 1736 esse.

1054 1753 1228 1788 Nequaquam
1241 1753 1276 1780 ita
1290 1758 1332 1781 est
1347 1760 1355 1780 :
1371 1753 1455 1781 absit!
1470 1753 1526 1781 Non
1541 1757 1583 1781 est
1597 1757 1736 1788 procreata
1750 1753 1807 1780 Triv

1019 1800 1101 1832 nitas,
1117 1800 1162 1827 sed
1175 1799 1339 1834 sempiterna
1351 1808 1357 1832 ;
1371 1804 1398 1827 et
1410 1807 1461 1826 una
1475 1804 1515 1827 est
1529 1799 1554 1826 in
1569 1798 1701 1826 Trinitate
1714 1799 1802 1826 deitas

1018 1850 1045 1873 et
1059 1854 1110 1873 una
1133 1850 1234 1873 sanctae
1247 1844 1389 1873 Trinitatis
1409 1846 1503 1880 gloria.
1523 1845 1556 1871 Et
1573 1852 1621 1872 vos
1635 1852 1668 1872 eo
1685 1845 1806 1872 audacia:

1018 1891 1194 1925 prorumpitis
1204 1911 1211 1923 ,
1230 1896 1260 1918 ut
1275 1899 1333 1919 eam
1348 1891 1374 1918 in
1390 1891 1512 1918 diversas
1526 1890 1784 1918 naturas‘scindatis
1794 1890 1807 1917 ?

1020 1937 1071 1965 Uni
1082 1937 1137 1964 Deo
1151 1945 1235 1964 meum
1249 1937 1340 1964 dicere
1354 1936 1496 1969 convenit;
1511 1944 1572 1964 nam
1590 1935 1647 1970 ipse
1661 1935 1733 1964 solus
1747 1943 1807 1963 om-

1019 1983 1063 2010 nia
1078 1989 1140 2009 vere
1151 1981 1280 2016 possidet.

735 2089 777 2118 Ea;
790 2090 938 2118 Elementis
951 2090 1112 2117 Damasceni
1132 2088 1261 2124 Rupefuc.

358 2149 412 2177 Τοῦ
428 2150 519 2177 αὑτοῦ
538 2151 578 2182 είς
596 2150 641 2177 τὸν
663 2151 787 2177 Ἡσαΐαν.

220 2196 249 2223 ’0
276 2195 324 2222 ἐπὶ
339 2195 459 2223 πάντων
470 2196 540 2228 Θεὸς
559 2196 608 2223 οὐκ
627 2197 738 2229 ἀπαξιοῖ
755 2195 913 2222 διακύπτειν
933 2195 965 2222 ἐκ

179 2242 224 2268 τοῦ
244 2242 375 2278 ούρανοῦ·
403 2242 465 2268 οὐδὲ
485 2243 512 2268 αἱ
532 2242 718 2277 λειτουργικαὶ
742 2241 887 2277 δυνάμεις,
913 2241 964 2277 τὴν

179 2288 318 2315 διακονίαν
344 2289 413 2324 ὑπὲρ
431 2288 590 2323 εὐεργεσίας
608 2287 662 2314 τῶν
678 2286 828 2323 ἀνθρώπων
851 2286 966 2323 ἀρνοῦν-

180 2341 234 2360 τοι.

213 2420 323 2448 "Prov.
342 2420 458 2454 vm,22.
495 2420 518 2436 ⁸⁷
535 2419 586 2447 Isa.
606 2428 671 2454 xui,
683 2420 709 2447 8.
748 2419 771 2436 ⁸⁸
783 2420 836 2448 Isa.
852 2418 970 2451 xu,”-

1054 2417 1077 2432 ”
1091 2416 1170 2444 Rom.
1185 2424 1227 2449 Ix,
1247 2415 1273 2443 5.

214 2508 269 2542 (99)
288 2506 322 2534 Ὦ
341 2507 437 2542 Τριὰς,
452 2517 480 2535 κ.
499 2517 524 2535 τ.
538 2507 562 2535 λ.
580 2507 714 2534 Ilzrcitem
729 2513 834 2535 exstant
845 2509 870 2535 in
887 2508 966 2535 editis

178 2545 259 2570 sacris
278 2542 418 2570 Parallelis
442 2543 651 2574 Damascenicis,
679 2547 744 2570 tom.
767 2543 796 2575 II,
820 2551 880 2577 pag.
901 2543 963 2576 299,

180 2579 223 2604 ubi
246 2579 334 2605 minus
353 2584 425 2605 recte
447 2579 618 2605 doctissimus
644 2578 731 2604 editor
753 2578 846 2604 scribit
868 2579 963 2605 eadem

180 2612 230 2647 legi
249 2613 318 2646 apud
336 2612 511 2648 Epiplianium
533 2613 658 2648 Anco_rat.
671 2611 698 2648 νς
711 2620 748 2648 γι.
770 2612 902 2648 Craterum
921 2613 964 2639 hic

179 2645 249 2683 apud
263 2645 436 2675 Datnas'cfila
452 2648 561 2682 legimus
578 2655 584 2673 :
601 2645 635 2673 Ὦ
649 2645 738 2683 mea;
753 2646 965 2683 ἁγίαῗὰριθμου-

179 2682 260 2717 μένη,
274 2683 358 2718 Τριὰς
372 2683 399 2709 ὲν
412 2682 451 2709 ἑν).
467 2681 585 2718 ὀνόματί
597 2681 795 2717 ἀριθμουμένη.
811 2682 832 2709 ο
849 2681 964 2709 Trinitas

177 2725 268 2744 sancta
287 2717 345 2752 qua:
372 2718 540 2750 numeraris;
565 2717 678 2744 Trinitas
707 2726 759 2744 uno
790 2718 893 2744 nomine
916 2725 966 2744 nu-

179 2759 286 2778 meram.

214 2788 251 2822 (l)
272 2789 345 2815 Mor.
362 2786 390 2814 In
406 2787 478 2815 edito
495 2787 616 2815 Damasc.
638 2787 713 2816 Iocus
735 2787 774 2816 sic
800 2787 965 2823 interpungi-

1261 2147 1390 2182 Ejusdem
1405 2147 1432 2174 in
1450 2147 1555 2174 Isaiam.

1055 2193 1105 2227 Qui
1123 2198 1161 2221 est
1177 2201 1254 2228 super
1278 2193 1365 2220 omnia
1382 2193 1455 2220 Deus
1471 2193 1505 2224 ",
1520 2200 1572 2219 non
1594 2191 1753 2227 dedignatur
1772 2193 1805 2219 de

1019 2241 1088 2268 coelo
1105 2241 1130 2267 in
1155 2245 1252 2266 terram
1270 2240 1407 2274 aspicere;
1434 2245 1520 2273 neque
1547 2239 1660 2266 virtutes
1681 2238 1733 2266 illa!
1754 2239 1803 2265 ad-

1020 2286 1223 2314 tuiuistratoriac
1247 2285 1406 2320 obsequium
1423 2290 1523 2320 negant
1540 2284 1574 2318 ⁸ο,
1588 2285 1621 2312 ad
1641 2284 1805 2313 beneﬁcium

1019 2331 1170 2359 hominum.

1309 2416 1331 2432 ιο
1344 2415 1424 2443 Ilebr.
1442 2423 1450 2443 ι
1463 2436 1471 2449 ,
1492 2417 1533 2444 II.

1017 2509 1062 2533 tur
1074 2514 1081 2532 :
1100 2503 1242 2541 μονοειδῷς
1255 2502 1421 2541 μονωνύμως
1432 2500 1473 2535 είς
1485 2504 1561 2536 Θεός.
1575 2504 1644 2541 Παίς.
1657 2504 1731 2537 Quod
1748 2512 1805 2530 ma-

1035 2542 1058 2568 is
1072 2539 1167 2574 placet.
1187 2539 1272 2566 Aliter
1299 2545 1387 2566 tamen
1415 2539 1558 2573 interpres,
1589 2540 1635 2574 qui
1660 2544 1687 2566 et
1714 2547 1803 2566 \otem

1030 2577 1086 2602 )ens
1099 2575 1200 2602 omisil.

1052 2610 1091 2645 (Ξ)
1110 2609 1172 2636 Σὺν
1185 2608 1258 2644 ἁγίῳ
1275 2609 1434 2645 Πνεύματζι.
1454 2607 1501 2634 Hic
1513 2608 1612 2645 desinit
1625 2607 1803 2645 fragmentum

1017 2644 1086 2680 apud
1094 2645 1228 2680 Dantasc.,
1244 2644 1516 2680 alitulqtiestlbjicittir
1528 2644 1599 2680 quod
1608 2644 1804 2680 ejusdemAiu-

1018 2678 1145 2715 piiilocliii
1159 2687 1271 2715 esselex
1292 2678 1467 2715 Rupel'ucald.
1484 2678 1645 2715 exemplaris
1657 2679 1805 2715 inscriptio-

1020 2712 1063 2748 ne.
1080 2719 1156 2750 putat
1172 2714 1206 2741 cl.
1223 2713 1414 2750 Lequieu.»_$ic
1426 2719 1515 2750 autem
1533 2713 1626 2750 incipit
1641 2722 1647 2740 :
1667 2712 1802 2745 Μίαδόξα.

1018 2759 1045 2777 κ.
1059 2747 1086 2777 τί
1098 2750 1135 2781 λ.,
1152 2754 1181 2775 ut
1196 2753 1335 2782 propterea
1353 2748 1416 2774 illud
1439 2748 1516 2775 alteri
1538 2747 1735 2776 Combelisiauo
1755 2749 1802 2775 ad-

1019 2785 1133 2814 dendum
1144 2783 1367 2812 existimavimt‘s.
