1904 3054
127 107 178 136 HI

608 103 638 132 S.
660 95 881 131 AMPIIlLOCIlIl
902 101 1093 130 ICONIENSIS
1112 101 1268 130 EPISCOPI

1702 101 1757 130 H2

535 192 538 195 .
916 164 980 193 XIV
987 187 993 192 .

491 214 566 248 Apud
591 213 748 241 Facundum
766 212 991 244 Ilermimtensem,
1007 212 1053 240 lib.
1075 220 1111 244 χι,
1133 220 1191 246 cap.
1205 212 1231 243 5,
1245 219 1305 245 pag.
1320 210 1381 237 76!.

162 262 192 291 in
203 262 321 298 quodam
343 261 483 293 Sermone,
502 261 539 287 ait
554 259 709 292 Facundus,
722 259 799 294 cujus
817 259 917 293 princi-
934 268 952 293 Α
971 258 1039 285 Deus
1054 262 1092 285 est
1108 259 1251 284 secundum
1272 265 1389 284 carnem.
1412 257 1471 292 Ipse
1488 257 1557 284 enim
1580 264 1637 284 eam
1653 258 1756 292 {ormn-

126 311 200 347 pium
221 312 277 342 est,
297 307 380 342 Aﬁ'er,
407 306 485 333 hodie
509 305 566 341 (10)
591 305 729 333 eertatit'os
753 305 913 339 attingamus

127 355 277 387 sermones;
298 353 411 387 loqttens
423 351 456 379 de
467 358 499 378 eo
517 350 588 386 quod
608 350 709 378 dictum
721 354 780 383 est,
796 349 913 376 Ascendo

127 402 162 428 ad
191 399 297 426 Patrem
324 400 409 426 ineunt
437 402 462 424 et
490 397 597 424 Patrem
627 401 757 427 vestrum,
784 401 808 422 et
830 395 914 422 Deum

126 454 211 473 meum
232 451 254 473 et
276 444 359 471 Deum
383 443 543 475 vestrum",
563 442 716 469 Communis
739 446 793 475 est,
816 442 912 476 inquit,

128 491 223 522 Pater;
240 490 322 517 Pater
335 489 417 523 ipsius
429 487 535 523 quidem
552 490 658 521 propter
673 489 796 512 naturam
807 505 815 518 ,
827 489 916 511 noster

126 544 213 566 autem
233 543 338 573 propter
352 537 477 572 gratiam.
495 533 676 562 Communiter
691 536 780 560 autem
803 537 827 559 et
842 531 912 558 Deus

126 585 226 612 dicitur
242 583 299 620 (il)
314 593 320 610 :
338 583 383 610 sed
399 585 487 609 noster
505 579 610 616 quidem
630 579 701 606 Deus
720 583 777 611 est,
800 578 862 613 quia
881 585 914 605 ex

127 639 178 657 non
198 629 362 658 exstantibus
388 636 435 655 nos
463 631 491 653 ut
516 633 630 653 essemus
652 624 715 659 fecit
729 632 737 651 :
752 624 809 658 ejus
824 628 912 651 autem

967 304 1002 330 vit
1016 303 1044 330 in
1066 302 1180 338 Virgine,
1196 304 1252 337 ipse
1265 311 1322 330 eam
1339 303 1414 330 unxit
1425 303 1451 330 in
1464 302 1584 330 Iordane
1596 324 1602 335 ,
1624 304 1680 337 ipse
1696 312 1751 330 eum

967 349 1139 383 pmdicavit,
1164 350 1218 383 ipse
1242 357 1299 376 eam
1326 349 1484 384 gloriﬁcavit
1499 349 1526 376 in
1543 349 1682 382 Passione,
1700 350 1754 384 ipse

967 403 1023 422 eam
1051 395 1186 422 suscitavit
1213 404 1229 422 α
1258 396 1388 428 mortuis,
1415 395 1443 422 in
1470 395 1537 422 nube
1559 403 1640 422 vacua
1660 396 1751 426 evexit,

967 441 1075 468 dextera
1102 441 1162 468 sede
1192 441 1298 476 dignam
1327 441 1438 475 faciens.
1467 439 1533 467 Htec
1563 441 1633 468 enim
1663 441 1751 467 omnia

967 487 1011 521 qui
1042 487 1158 513 ascendit
1189 487 1223 513 ad
1256 486 1362 513 Patrem
1388 493 1492 513 sunteas
1513 485 1607 519 liabet,
1633 494 1685 512 non
1708 486 1755 520 qni

966 537 1003 559 est
1025 532 1054 558 in
1075 532 1166 558 Patre.
1194 531 1226 558 Et
1247 532 1274 558 in
1292 533 1340 558 Itoc
1361 531 1418 558 loco
1441 535 1591 564 accusetur,
1607 531 1677 566 quod
1703 539 1754 558 non

966 585 1024 604 eum
1050 578 1095 612 qui
1121 582 1159 604 est
1188 578 1215 604 in
1246 577 1348 610 Patre,
1387 577 1451 603 dicit
1480 585 1537 604 esse
1567 577 1611 612 qui
1637 576 1754 604 ascendit

967 625 1002 652 ad
1019 625 1137 653 Patrem.

921 678 989 712 XV.

634 730 678 758 Ea;
691 730 842 759 collectione
861 730 1017 759 Barlahami
1043 741 1098 768 reg.
1115 734 1173 762 cod.
1193 743 1243 761 ms.

223 781 263 808 Ad
281 778 417 808 Seleucum
438 777 547 812 Traiani
562 777 683 811 prtctort's
700 781 827 811 nepotem.

161 861 250 890 Credo
264 860 292 888 in
312 867 394 887 unum
410 856 493 885 Deum
504 877 512 890 ,
535 857 561 885 iu
575 856 662 884 tribus
677 854 802 891 personis
821 855 914 890 cogni-

127 913 184 935 tum
205 917 212 935 :
232 906 420 934 universorum
453 911 562 931 causam
590 906 617 930 et
637 901 760 937 opificem
786 911 793 929 :
813 901 915 936 ingeni-

127 956 183 980 tum
201 961 207 979 :
223 948 524 985 incomprehensibilem
547 957 554 975 :
572 946 734 975 invisibllem
756 955 764 974 :
786 953 916 981 superan-

126 997 339 1032 l‘emcogilalum
359 1005 366 1023 :
387 993 651 1028 incircumscriptum
671 1001 677 1020 :
697 992 912 1020 immutabilem:

125 1043 310 1072 iuvariabilem
323 1052 330 1070 :
343 1041 534 1074 immortalem,
547 1039 666 1075 passioni
679 1046 733 1067 non
747 1039 912 1067 obnoxium:

125 1089 286 1125 principium
304 1094 388 1115 unum
405 1086 507 1121 absque
529 1084 678 1120 principio;
699 1092 732 1112 ac
744 1091 794 1112 nec
815 1084 841 1111 in
863 1084 914 1110 alio

126 1141 261 1170 quoquam
274 1132 408 1169 passionis
427 1131 613 1166 susceptivum
633 1130 693 1158 dico
709 1139 715 1157 :
731 1134 772 1158 est
784 1129 854 1157 enim
869 1137 916 1156 ua-

125 1187 188 1210 tura
204 1182 294 1209 divina
308 1187 420 1216 prorsus
435 1187 449 1206 a
465 1178 592 1214 passione
615 1177 754 1205 immunis.
776 1176 863 1205 Unum
878 1177 916 1204 si-

126 1228 234 1264 quidem
251 1227 335 1254 Dcum
355 1226 434 1259 dico,
454 1225 500 1260 qui
518 1229 559 1252 est
577 1231 639 1252 vere
655 1224 744 1257 Deus,
770 1224 914 1259 gentilismi

127 1276 191 1303 deos
208 1273 305 1301 multos
329 1272 442 1308 fugiens.
462 1271 539 1305 Quod
563 1278 626 1298 vero
649 1278 718 1299 unus
738 1275 916 1306 cognoscatur

127 1322 153 1348 in
169 1321 255 1347 tribus
269 1319 404 1354 personis,
419 1317 551 1346 Judaismi
568 1323 610 1345 est
621 1317 738 1345 eversio.
754 1316 821 1344 Nam
835 1317 916 1345 Pater

127 1370 154 1396 2n
176 1368 244 1395 Filio
259 1372 316 1400 est;
341 1371 368 1393 et
386 1365 470 1393 Filius
490 1364 518 1391 in
538 1364 617 1391 Patre
633 1373 639 1391 :
656 1362 787 1398 Spiritum
808 1363 872 1391 item
887 1363 915 1390 in

127 1415 195 1442 Filio
225 1419 252 1442 et
279 1413 360 1440 Patre
389 1411 530 1440 confiteor.
554 1410 639 1438 Porro
664 1409 756 1438 Jesum
778 1409 914 1437 Christum

1024 778 1102 814 Πρὸς
1117 779 1266 806 Σέλευκον
1284 779 1337 806 τὸν
1349 778 1476 814 Euromus
1495 772 1635 813 Τραϊανοῦ
1649 772 1702 804 to?)

1251 815 1467 849 στρατηλάτου.

1002 858 1125 885 Πιστεύω
1140 859 1179 891 εις
1190 858 1238 886 ἕνα
1250 859 1317 886 Θεὸν
1333 860 1361 886 ἐν
1373 859 1445 895 τρισὶ⁴
1458 858 1658 894 γνωριζόμενον
1672 865 1755 894 προσο

967 902 1065 935 ώποις·
1082 904 1168 931 αἴτιον
1188 904 1236 931 καὶ
1251 904 1415 940 δημιουργὸν
1433 904 1487 931 τῶν
1503 904 1640 935 ἁπάντων,
1657 903 1757 938 ἀγένη-

965 960 1021 984 τον,
1041 951 1243 988 ἀκατάληπτον,
1257 951 1380 986 ἀόρατον,
1399 950 1585 986 ἀνεπινόητον,
1602 949 1755 984 ἀπερίγρα-

966 1005 1025 1032 φον,
1037 997 1180 1033 ἄτρεπτον,
1195 997 1382 1029 ἀναλλοίωτον,
1395 995 1538 1029 etiamm,
1550 995 1643 1030 ἀπαθῆ
1657 1003 1665 1009 ε
1691 995 1756 1030 μίαν

966 1044 1053 1079 ἀρχὴν
1063 1044 1194 1079 ἄναρχον·
1210 1043 1271 1071 οὕτε
1288 1044 1317 1070 ἐν
1330 1043 1414 1080 ἑτέρῳ
1428 1043 1482 1070 τινὶ
1499 1042 1603 1074 πάθους
1626 1040 1696 1068 εἶναι
1712 1041 1756 1068 δε-

966 1090 1061 1124 κτικὴν
1073 1089 1143 1124 φημι
1155 1098 1161 1104 ·
1176 1089 1263 1125 πάντη
1280 1089 1333 1125 γὰρ
1343 1088 1450 1123 ἀπαθὴς
1465 1089 1590 1123 τυγχάνει
1603 1089 1620 1124 ἡ
1631 1088 1690 1114 Θεία
1703 1087 1756 1122 φύ-

967 1142 1018 1166 σις.
1034 1135 1166 1171 Ἕναγὰρ
1174 1135 1239 1162 Θεὸν
1252 1135 1333 1170 λέγω,
1350 1135 1394 1162 τὸν
1406 1135 1489 1166 ὅντως
1503 1135 1568 1161 ὄντα
1580 1134 1646 1161 Θεὸν
1656 1155 1663 1167 ,
1679 1134 1757 1160 πολυ-

967 1181 1041 1208 Θεῖαν
1062 1181 1223 1218 ὲλληνισμοῦ
1245 1182 1362 1217 φεύγων.
1385 1182 1428 1208 Ἐν
1448 1182 1520 1217 τρισὶ
1547 1181 1575 1208 δὲ
1600 1180 1757 1217 προσώποις

966 1227 1147 1264 γνωρίζεσθαι
1167 1229 1211 1255 τὸν
1233 1229 1291 1261 ἕνα,
1314 1227 1480 1264 Ἰουδαϊσμοῦ
1503 1227 1576 1253 ἐστιν
1603 1226 1754 1261 ἀνατροπὴ.

966 1274 1061 1310 Πατὴρ
1077 1275 1132 1311 γὰρ
1143 1276 1171 1301 ὲν
1186 1274 1253 1310 Υἱῷ,
1274 1275 1321 1301 καὶ
1338 1275 1400 1306 Υἱὸς
1417 1275 1444 1300 ὲν
1461 1273 1559 1309 Πατρὶ,
1578 1273 1625 1299 καὶ
1643 1272 1755 1307 Πνεῦμα

965 1322 995 1347 ὲν
1023 1321 1080 1356 Υἱῷ
1100 1321 1147 1348 καὶ
1172 1321 1259 1356 Πατρὶ
1281 1320 1414 1356 ὁμολογῶ.
1434 1319 1583 1355 Προσκυνῶ
1604 1319 1633 1346 δὲ
1653 1318 1755 1354 Ἰησοῦν

965 1367 1092 1403 Χριστὸν,
1112 1367 1244 1394 συναῖδιον
1257 1367 1297 1402 τῷ
1311 1366 1399 1401 Πατρὶ
1416 1365 1488 1393 κατὰ
1498 1365 1547 1401 τὴν
1562 1365 1691 1400 θεότητα·
1708 1365 1757 1391 οὐκ

965 1413 1069 1445 οὐσίας,
1088 1413 1137 1448 οὐχ
1161 1413 1304 1449 ὑπάρξεως
1323 1413 1433 1448 τρόπον,
1450 1412 1572 1447 νεότερον
1586 1411 1632 1437 τοῦ
1649 1410 1756 1446 Πατρὸς

128 1462 220 1494 adoro,
234 1459 308 1487 Patri
323 1457 470 1486 secundum
488 1454 654 1484 divinitatem
667 1461 848 1488 coaeternum;
866 1463 914 1484 nec

969 1459 1037 1486 κατὰ
1049 1459 1098 1494 τὴν
1110 1459 1235 1494 θεότητα.
1259 1459 1393 1491 Ὡσαύτως
1419 1459 1447 1485 δὲ
1469 1459 1516 1485 καὶ
1541 1457 1572 1484 τὸ
1596 1457 1708 1492 Πνεῦμα
1727 1456 1758 1483 τὸ

127 1506 302 1538 substantia,
323 1512 372 1533 nec
388 1503 553 1532 exsistentias
576 1503 655 1530 modo
671 1502 807 1537 jttuiorem
825 1502 916 1535 Patre,

127 1553 197 1580 quod
217 1552 315 1579 attinet
340 1551 373 1577 ad
398 1550 537 1577 deitatem.
555 1548 686 1576 Similiter
706 1553 770 1575 Vero
788 1552 815 1575 et
832 1547 918 1582 Spiri-

125 1606 184 1629 tum
202 1603 336 1625 sanctum.
361 1595 493 1631 Equidem
510 1590 609 1620 Filium
628 1593 748 1628 genitum
775 1593 835 1620 dico
859 1593 918 1620 sine

124 1649 249 1679 tempore
268 1647 294 1670 et
311 1641 461 1677 principio,
490 1647 596 1674 semper
617 1639 689 1666 Patri
707 1646 758 1674 qua
780 1639 850 1667 Deus
865 1643 915 1672 est,

127 1689 346 1718 cocxsismntcut.
372 1687 416 1725 ¹Λι
428 1686 560 1722 Spiritum
576 1690 699 1713 sanctum
715 1692 747 1712 ex
763 1685 818 1712 Deo
831 1690 859 1712 et
871 1684 918 1711 Pa-

129 1741 170 1762 tre
193 1740 323 1762 mtcruum
338 1734 526 1768 procedentem
541 1733 633 1761 credo.
660 1731 714 1759 Nec
726 1732 843 1766 Spiritus
859 1738 919 1766 pro-

127 1782 290 1813 cesdouem,
311 1780 514 1815 generationem
531 1779 590 1806 dico
605 1789 611 1806 :
630 1786 679 1806 nec
693 1778 753 1805 Filii
769 1777 918 1813 generatio-

128 1835 189 1855 nem
202 1848 209 1861 ,
226 1826 426 1862 processionem
444 1826 515 1853 dico.
534 1825 600 1852 Cum
620 1832 701 1859 porro
714 1824 798 1851 series
817 1823 918 1850 oratio-

129 1875 170 1901 nis
198 1872 389 1909 postulaverit,
413 1871 473 1898 dico
497 1879 580 1898 ttntttn
608 1871 708 1902 Deum,
735 1877 788 1897 non
816 1876 917 1904 negans

129 1917 302 1955 ltypostascs,
327 1918 374 1947 sed
398 1918 442 1945 Dei
469 1918 578 1945 nomine
592 1916 747 1952 signiﬁcans
759 1916 917 1944 substantia:

128 1965 361 1992 communitatem.
383 1963 450 1992 Cum
477 1968 567 1991 autent
593 1963 653 1990 dico
676 1962 916 1994 consubstantiale,

129 2019 181 2038 non
198 2012 276 2038 tutius
287 2018 419 2045 personae,
441 2011 487 2037 sed
505 2010 586 2036 tritum
603 2009 664 2036 dico
678 2009 900 2037 consubstantiali
911 2024 917 2029 -

129 2062 226 2090 tatem;
241 2057 330 2084 Patris
344 2056 483 2088 nimirum,
496 2055 554 2082 Filii
573 2060 599 2082 et
614 2056 699 2082 sancti
710 2055 827 2090 Spiritus
842 2065 847 2082 :
865 2063 915 2082 una

127 2103 199 2130 enim
214 2109 327 2137 persona
343 2109 394 2129 non
415 2101 513 2128 dicitttr
531 2101 582 2128 sibi
597 2100 850 2132 cousubstantialis;
868 2101 914 2128 sed

128 2149 220 2182 Pater,
234 2144 319 2176 Filius
335 2152 363 2175 et
379 2145 508 2182 Spiritus.
523 2147 656 2174 Caeterum
672 2146 810 2174 distinctio
832 2154 914 2181 penes

127 2201 258 2229 personas
274 2193 431 2225 attenditur,
456 2201 509 2220 non
532 2200 615 2228 penes
635 2192 824 2219 substantiam.
852 2192 913 2221 llaec

126 2240 211 2272 enim,
227 2239 317 2272 Pater,
333 2239 419 2267 Filius
432 2243 459 2266 et
476 2239 592 2273 Spiritus
603 2243 722 2270 sanctus,
737 2239 843 2265 nomina
853 2244 916 2266 sunt

126 2286 197 2312 nmdi
219 2285 384 2312 exsisteutiac
411 2293 458 2311 seu
478 2284 660 2317 Itabitudinis,
676 2291 728 2311 non
756 2284 915 2312 substantia:

126 2331 260 2358 absolute.
277 2331 353 2363 Quod
377 2330 458 2365 igitur
473 2334 515 2357 est
534 2329 621 2357 Patris
644 2329 793 2357 declarabit
817 2338 912 2357 nomen

127 2377 213 2409 Dens,-
233 2377 303 2411 quod
327 2384 391 2404 vero
410 2371 450 2404 est
466 2376 591 2410 alicujus,
606 2383 702 2403 nomen
731 2376 818 2403 Pater.
848 2376 914 2404 Esse

127 2430 207 2455 porro
220 2422 331 2457 alicujus
355 2422 400 2449 Dei
414 2442 420 2452 ,
433 2421 506 2449 Deus
521 2428 559 2449 est
573 2427 582 2448 ':
603 2422 674 2456 quod
688 2429 751 2449 vero
767 2422 810 2449 ltic
827 2422 911 2449 alicu-

127 2477 167 2503 ius
190 2471 240 2503 sit,
262 2469 348 2496 Filius
363 2479 369 2496 :
385 2469 510 2496 similiter
534 2468 616 2496 etiam
645 2468 762 2504 Spiritus
787 2473 908 2496 sanctus.

126 2519 245 2549 Quorum
258 2523 347 2545 autem
363 2521 404 2545 est
415 2516 485 2543 idem
495 2522 565 2547 esse,
580 2515 674 2542 lmrum
691 2523 743 2542 ttna
758 2515 907 2543 substantia

126 2565 196 2598 quod
210 2570 329 2592 mearum
349 2569 390 2591 est
407 2562 517 2589 virium.

162 2654 182 2666 κτ
198 2653 275 2680 Juan.
294 2661 340 2685 xx,
355 2650 395 2678 t'i.

162 2733 217 2764 (tu)
238 2729 310 2767 A/fer
333 2732 419 2758 hodie.
439 2730 518 2767 Φέρε,
540 2733 668 2766 σήμερον.
685 2735 737 2757 etc.
754 2731 916 2767 vertendum

126 2768 224 2796 fuerat,
241 2766 304 2801 Age,
325 2775 378 2793 non
404 2766 486 2801 Alfrr.
501 2767 553 2793 Sed
583 2767 731 2800 ('ttjttsmodi
762 2766 916 2792 Cra-cntum

127 2803 294 2828 \crsiunibus
312 2803 348 2828 ttti
363 2802 448 2828 soleat
465 2801 618 2830 Facttudtts,
633 2801 687 2834 jam
708 2801 807 2826 monui.
834 2801 917 2834 llnjns

125 2845 207 2871 porro
240 2836 470 2869 Ampltlnclnanw
500 2837 632 2863 orationis
657 2836 818 2863 mentionem
848 2837 916 2871 apud

929 2520 978 2542 est.
1001 2516 1031 2542 Et
1053 2517 1109 2544 lucc
1150 2518 1280 2546 hactenus
1300 2519 1332 2546 de
1356 2518 1579 2546 cunsubstantiali

968 1505 1054 1539 ἅγιον.
1069 1505 1121 1532 Τὸν
1136 1505 1185 1540 μὲν
1200 1505 1254 1541 γὰρ
1265 1505 1328 1531 Υἱὸν
1342 1505 1413 1540 φημὶ
1424 1504 1621 1539 γεγεννημένον
1636 1503 1758 1538 ἁχρόνως

968 1553 1015 1578 καὶ
1033 1551 1167 1587 ἁνάρχως,
1187 1552 1392 1587 συνυπάρχοντα
1404 1552 1448 1578 ἀεὶ
1459 1551 1498 1586 τῷ
1517 1551 1604 1586 Πατρὶ
1626 1552 1695 1577 κατὰ
1708 1550 1758 1584 τὴν

968 1597 1092 1634 θεότητα.
1109 1598 1145 1625 Τὸ
1169 1598 1197 1624 δὲ
1217 1598 1329 1633 Πνεῦμα
1347 1597 1378 1624 τὸ
1396 1597 1473 1632 Ξιγιον
1489 1597 1706 1633 ἐκπορευόμενον
1727 1597 1758 1622 ἐκ

967 1643 1014 1670 τοῦ
1028 1643 1095 1670 Θεοῦ
1110 1644 1157 1671 καὶ
1167 1644 1273 1679 Πατρὸς
1285 1643 1376 1676 ἀῖδίως
1391 1642 1521 1670 πιστεύω.
1537 1643 1592 1670 Καὶ
1612 1642 1661 1677 τὴν
1675 1643 1757 1669 ἐκπό-

970 1699 1060 1726 ρευσιν
1089 1690 1136 1717 τοῦ
1155 1690 1325 1725 Πνεύματος,
1341 1689 1371 1716 οὑ
1395 1689 1467 1725 φημὶ
1481 1689 1620 1724 γέννησιν.
1636 1689 1690 1716 Καὶ
1709 1688 1759 1724 τὴν

967 1737 1094 1772 γέννησιν
1108 1735 1154 1762 τοῦ
1170 1736 1244 1768 Υξοῦ,
1256 1736 1286 1762 οὐ
1300 1736 1372 1770 λέγω
1385 1735 1557 1772 ὲκπόρευσιν.
1571 1735 1655 1761 Ὅταν
1667 1734 1695 1761 δὲ
1705 1734 1759 1760 τῶν

967 1782 1120 1818 λεγομένων
1131 1783 1148 1817 ὴ
1163 1781 1308 1808 ἀκολουθία
1322 1782 1473 1817 ἀπαιτήσῃ,
1484 1781 1535 1807 ἕνα
1550 1780 1616 1806 Θεὸν
1629 1780 1712 1814 λέγω,
1728 1781 1758 1806 οὐ

967 1827 1016 1859 τὰς
1031 1827 1194 1859 ὑποστάσεις
1206 1826 1386 1863 ἀρνούμενος·
1408 1826 1476 1853 ἀλλὰ
1494 1826 1533 1861 τῷ
1549 1825 1596 1852 τοῦ
1611 1825 1679 1852 Θεοῦ
1698 1826 1758 1852 ὀνό-

970 1881 1045 1908 ματι,
1072 1872 1103 1899 τὸ
1126 1873 1214 1899 κοινὸν
1236 1873 1285 1906 τῆς
1301 1871 1396 1903 οὐσίας
1412 1871 1563 1906 σημαίνων.
1583 1871 1666 1897 Ὅταν
1683 1870 1711 1896 δὲ
1729 1869 1759 1897 τὸ

946 1924 951 1929 ‘
968 1919 1108 1954 ὁμοούσιον
1132 1919 1214 1954 λέγω,
1228 1920 1278 1954 οὐχ
1297 1919 1356 1950 ἐνὸς
1382 1917 1528 1953 προσώπου
1552 1917 1757 1953 ὁμοουσιότητα,

968 1965 1036 1992 ἀλλὰ
1052 1965 1145 2000 τριῶν,
1159 1965 1228 2000 φημί
1240 1973 1246 1980 -
1263 1964 1379 2000 Πατρὸς,
1397 1963 1461 1990 Tim?
1477 1963 1523 1990 καὶ
1537 1963 1614 1997 ἁγίου
1631 1962 1757 1998 Πνεύμα‹

968 2021 1021 2043 τος·
1035 2011 1064 2038 ἓν
1080 2012 1134 2047 γὰρ
1147 2012 1291 2047 πρόσωπον
1307 2011 1447 2046 ὀμοούσιον
1469 2010 1558 2045 ἑαυτῷ
1580 2011 1610 2036 οὐ
1634 2009 1758 2044 λέγεται⁸

968 2056 1036 2083 ἀλλὰ
1068 2057 1170 2092 Πατὴρ,
1193 2056 1253 2088 Υἱὸς
1281 2057 1327 2083 καὶ
1349 2055 1470 2091 Πνεῦμα.
1495 2055 1526 2081 'H
1552 2055 1579 2081 δὲ
1599 2054 1716 2090 διαφορὰ
1730 2055 1759 2081 ὲν

969 2102 1132 2137 προσώποις,
1153 2103 1201 2129 οὐκ
1231 2103 1261 2129 ὲν
1284 2104 1316 2137 τῇ
1333 2102 1425 2138 οὐσῖςν
1443 2101 1472 2127 τὺ
1487 2101 1551 2137 γὰρ,
1571 2102 1676 2137 Πατὴρ,
1699 2101 1759 2132 Υἱὸς

966 2149 1013 2175 καὶ
1035 2148 1146 2184 Πνεῦμα
1166 2148 1195 2175 τὸ
1211 2148 1298 2182 ἅγιον,
1318 2148 1418 2183 τρόπου
1441 2147 1583 2183 ὑπάρξεως
1598 2148 1680 2183 ἧτουν
1699 2147 1761 2182 σχέ-

967 2203 1036 2227 σεως
1054 2195 1182 2230 ὀνόματα,
1196 2194 1252 2222 ἀλλ’
1269 2195 1319 2221 οὐκ
1329 2195 1422 2226 οὐσίας
1437 2193 1542 2225 ἁπλῶς.
1560 2193 1690 2229 Δηλώσει,
1704 2194 1718 2220 ὁ
1730 2193 1759 2219 τὸ

963 2239 1009 2267 οὖν
1030 2238 1098 2267 εἶναι
1123 2241 1170 2267 τοῦ
1188 2241 1304 2276 Πατρὸς,
1330 2241 1369 2272 τὸ,
1392 2241 1473 2273 Θεός.
1491 2240 1528 2267 Τὸ
1543 2240 1570 2266 δὲ
1586 2239 1658 2271 τινὸς
1678 2237 1756 2269 εἶναι,

963 2287 1008 2316 τὸ,
1036 2286 1062 2312 '0
1078 2285 1196 2321 Πατήρ·
1214 2288 1260 2313 καὶ
1279 2287 1310 2312 τὸ
1326 2286 1353 2312 δὲ
1373 2287 1449 2318 τινὸς
1469 2285 1537 2312 εἶναι
1553 2286 1600 2312 τοῦ
1624 2285 1701 2318 Θεοῦ,
1717 2285 1758 2316 τὸ,

965 2332 1044 2364 Θεός.
1064 2332 1117 2359 Τοῦ
1133 2332 1160 2359 δὲ
1173 2333 1243 2365 τινὸς
1258 2331 1326 2360 εἶναι
1344 2333 1400 2365 τοῦ,
1420 2333 1495 2366 Υἱός.
1514 2332 1650 2364 Ὡσαύτως
1668 2333 1715 2358 καὶ
1729 2332 1758 2358 τὸ

964 2378 1075 2413 Πνεῦμα
1097 2379 1127 2405 τὸ
1144 2379 1229 2413 ἅγιον.
1245 2375 1294 2405 Ὧν
1315 2379 1343 2406 δὲ
1360 2379 1390 2406 τὸ
1404 2377 1471 2406 εἶναι
1491 2379 1599 2411 ταυτὸν,
1616 2378 1718 2405 τούτων
1741 2379 1758 2413 ή

963 2424 1042 2450 οὐσία
1064 2424 1123 2459 μία.
1143 2424 1236 2451 Ταῦτα
1255 2425 1303 2460 μὲν
1323 2425 1387 2461 περὶ
1410 2425 1459 2460 τῆς
1478 2425 1620 2460 ὀμοουσῐου
1644 2425 1758 2460 Τριάὀος

964 2470 1034 2496 κατὰ
1046 2471 1095 2505 τὴν
1109 2472 1177 2507 ἐμὴν
1188 2471 1301 2507 δύναμιν
1313 2471 1448 2507 εἰρείσοω.
1496 2479 1500 2481 λ

1612 2518 1746 2546 Trinitate

971 2730 1036 2757 alios
1048 2734 1155 2756 exstare
1173 2737 1225 2756 non
1245 2730 1364 2756 memini.
1387 2730 1517 2756 SIRMUND.

1006 2766 1061 2799 (ii)
1085 2765 1153 2791 Dens
1179 2766 1284 2791 dicitur.
1314 2765 1403 2791 (Iudex
1435 2765 1531 2791 \‘etnu.
1553 2772 1584 2791 ex
1614 2763 1757 2790 roilat'IOte

971 2800 1162 2827 Blautliiniana
1186 2799 1278 2826 \“cuct.
1298 2801 1362 2826 edit.
1384 2800 1451 2837 licus
1469 2800 1624 2832 bennam.
