  <div class='ocr_page' id='page_1' title='image "/cluster/home/n/w/nwhite01/storage/ocr_20150623/39/njp.32101010943528/073.png"; bbox 0 0 1904 3054; ppageno 0'>
   <div class='ocr_carea' id='block_1_1' title="bbox 142 73 194 102">
    <p class='ocr_par' dir='ltr' id='par_1_1' title="bbox 142 73 194 102">
     <span class='ocr_line' id='line_1_1' title="bbox 142 73 194 102; baseline -0.019 0"><span class='ocrx_word' id='word_1_1' title='bbox 142 73 194 102; x_wconf 76' lang='grc'><strong>155</strong></span> 
     </span>
    </p>
   </div>
   <div class='ocr_carea' id='block_1_2' title="bbox 731 63 1180 93">
    <p class='ocr_par' dir='ltr' id='par_1_2' title="bbox 731 63 1180 93">
     <span class='ocr_line' id='line_1_2' title="bbox 731 63 1180 93; baseline -0.004 -1"><span class='ocrx_word' id='word_1_2' title='bbox 731 65 881 93; x_wconf 77' lang='lat' dir='ltr'><strong>DIDYMUS</strong></span> <span class='ocrx_word' id='word_1_3' title='bbox 901 63 1180 92; x_wconf 71' lang='lat' dir='ltr'><strong>ALEXANDIIINUS.</strong></span> 
     </span>
    </p>
   </div>
   <div class='ocr_carea' id='block_1_3' title="bbox 1714 63 1765 92">
    <p class='ocr_par' dir='ltr' id='par_1_3' title="bbox 1714 63 1765 92">
     <span class='ocr_line' id='line_1_3' title="bbox 1714 63 1765 92; baseline -0.02 -1"><span class='ocrx_word' id='word_1_4' title='bbox 1714 63 1765 92; x_wconf 72' lang='grc'><strong>156</strong></span> 
     </span>
    </p>
   </div>
   <div class='ocr_carea' id='block_1_4' title="bbox 141 122 1766 162">
    <p class='ocr_par' dir='ltr' id='par_1_4' title="bbox 141 122 1766 162">
     <span class='ocr_line' id='line_1_4' title="bbox 141 122 1766 162; baseline -0.007 -2"><span class='ocrx_word' id='word_1_5' title='bbox 141 134 238 160; x_wconf 75' lang='lat' dir='ltr'><strong>suisse.</strong></span> <span class='ocrx_word' id='word_1_6' title='bbox 253 132 280 159; x_wconf 89' lang='lat' dir='ltr'><strong>Itt</strong></span> <span class='ocrx_word' id='word_1_7' title='bbox 299 130 434 158; x_wconf 81' lang='lat' dir='ltr'><strong>auitnatlv.</strong></span> <span class='ocrx_word' id='word_1_8' title='bbox 449 137 464 155; x_wconf 71' lang='grc' dir='ltr'>ι’</span> <span class='ocrx_word' id='word_1_9' title='bbox 481 128 581 162; x_wconf 74' lang='lat' dir='ltr'><strong>reliqua</strong></span> <span class='ocrx_word' id='word_1_10' title='bbox 602 127 706 162; x_wconf 78' lang='lat' dir='ltr'><strong>Didymi</strong></span> <span class='ocrx_word' id='word_1_11' title='bbox 722 126 799 153; x_wconf 81' lang='lat' dir='ltr'><strong>Alex.</strong></span> <span class='ocrx_word' id='word_1_12' title='bbox 816 127 926 160; x_wconf 80' lang='lat' dir='ltr'><strong>scripta,</strong></span> <span class='ocrx_word' id='word_1_13' title='bbox 943 129 963 155; x_wconf 77' lang='grc' dir='ltr'>Α</span> <span class='ocrx_word' id='word_1_14' title='bbox 978 129 1082 160; x_wconf 81' lang='lat' dir='ltr'><strong>dymus,</strong></span> <span class='ocrx_word' id='word_1_15' title='bbox 1098 124 1173 159; x_wconf 82' lang='lat' dir='ltr'><strong>cujus</strong></span> <span class='ocrx_word' id='word_1_16' title='bbox 1189 124 1314 150; x_wconf 86' lang='lat' dir='ltr'><strong>amicitiis</strong></span> <span class='ocrx_word' id='word_1_17' title='bbox 1329 131 1412 156; x_wconf 80' lang='lat' dir='ltr'><strong>nuper</strong></span> <span class='ocrx_word' id='word_1_18' title='bbox 1427 123 1467 150; x_wconf 84' lang='lat' dir='ltr'><strong>usi</strong></span> <span class='ocrx_word' id='word_1_19' title='bbox 1481 130 1582 154; x_wconf 78' lang='lat' dir='ltr'><strong>sumus,</strong></span> <span class='ocrx_word' id='word_1_20' title='bbox 1605 122 1637 148; x_wconf 87' lang='lat' dir='ltr'><strong>ab</strong></span> <span class='ocrx_word' id='word_1_21' title='bbox 1656 130 1683 148; x_wconf 88' lang='lat' dir='ltr'><strong>ec</strong></span> <span class='ocrx_word' id='word_1_22' title='bbox 1707 122 1766 148; x_wconf 86' lang='lat' dir='ltr'><strong>luco</strong></span> 
     </span>
    </p>
   </div>
   <div class='ocr_carea' id='block_1_5' title="bbox 140 171 927 214">
    <p class='ocr_par' dir='ltr' id='par_1_5' title="bbox 140 171 927 214">
     <span class='ocr_line' id='line_1_5' title="bbox 140 171 927 214; baseline -0.011 -9"><span class='ocrx_word' id='word_1_23' title='bbox 140 179 240 214; x_wconf 78' lang='lat' dir='ltr'><strong>partim</strong></span> <span class='ocrx_word' id='word_1_24' title='bbox 261 177 344 207; x_wconf 81' lang='lat' dir='ltr'><strong>edita,</strong></span> <span class='ocrx_word' id='word_1_25' title='bbox 361 176 457 209; x_wconf 97' lang='lat' dir='ltr'><strong>partim</strong></span> <span class='ocrx_word' id='word_1_26' title='bbox 483 175 581 200; x_wconf 77' lang='lat' dir='ltr'><strong>inedita</strong></span> <span class='ocrx_word' id='word_1_27' title='bbox 604 173 693 200; x_wconf 88' lang='lat' dir='ltr'><strong>adhuc</strong></span> <span class='ocrx_word' id='word_1_28' title='bbox 713 172 867 206; x_wconf 86' lang='lat' dir='ltr'><strong>perlustrat.</strong></span> <span class='ocrx_word' id='word_1_29' title='bbox 901 171 927 197; x_wconf 92' lang='lat' dir='ltr'><strong>In</strong></span> 
     </span>
    </p>
   </div>
   <div class='ocr_carea' id='block_1_6' title="bbox 145 217 927 254">
    <p class='ocr_par' dir='ltr' id='par_1_6' title="bbox 145 217 927 254">
     <span class='ocr_line' id='line_1_6' title="bbox 145 217 927 254; baseline -0.012 -3"><span class='ocrx_word' id='word_1_30' title='bbox 145 225 328 251; x_wconf 69' lang='lat' dir='ltr'><strong>additamenta</strong></span> <span class='ocrx_word' id='word_1_31' title='bbox 353 221 496 254; x_wconf 76' lang='lat' dir='ltr'><strong>respondet</strong></span> <span class='ocrx_word' id='word_1_32' title='bbox 529 226 662 252; x_wconf 84' lang='lat' dir='ltr'><strong>anonymo</strong></span> <span class='ocrx_word' id='word_1_33' title='bbox 692 218 797 244; x_wconf 86' lang='lat' dir='ltr'><strong>cuidam</strong></span> <span class='ocrx_word' id='word_1_34' title='bbox 828 217 927 243; x_wconf 78' lang='lat' dir='ltr'><strong>Roma-</strong></span> 
     </span>
    </p>
   </div>
   <div class='ocr_carea' id='block_1_7' title="bbox 142 263 928 302">
    <p class='ocr_par' dir='ltr' id='par_1_7' title="bbox 142 263 928 302">
     <span class='ocr_line' id='line_1_7' title="bbox 142 263 928 302; baseline -0.011 -6"><span class='ocrx_word' id='word_1_35' title='bbox 142 270 230 301; x_wconf 81' lang='lat' dir='ltr'><strong>nensi,</strong></span> <span class='ocrx_word' id='word_1_36' title='bbox 246 269 290 302; x_wconf 88' lang='lat' dir='ltr'><strong>qui</strong></span> <span class='ocrx_word' id='word_1_37' title='bbox 307 269 332 294; x_wconf 88' lang='lat' dir='ltr'><strong>in</strong></span> <span class='ocrx_word' id='word_1_38' title='bbox 350 277 355 294; x_wconf 89' lang='lat'><strong>:</strong></span> <span class='ocrx_word' id='word_1_39' title='bbox 370 266 479 294; x_wconf 74' lang='lat' dir='ltr'><strong>(ittzette</strong></span> <span class='ocrx_word' id='word_1_40' title='bbox 500 264 628 291; x_wconf 82' lang='lat' dir='ltr'><strong>littéraire</strong></span> <span class='ocrx_word' id='word_1_41' title='bbox 651 263 682 290; x_wconf 81' lang='lat' dir='ltr'><strong>de</strong></span> <span class='ocrx_word' id='word_1_42' title='bbox 699 263 834 295; x_wconf 71' lang='lat' dir='ltr'><strong>l‘lfurope,</strong></span> <span class='ocrx_word' id='word_1_43' title='bbox 864 269 928 288; x_wconf 90' lang='lat' dir='ltr'><strong>ann.</strong></span> 
     </span>
    </p>
   </div>
   <div class='ocr_carea' id='block_1_8' title="bbox 142 306 928 345">
    <p class='ocr_par' dir='ltr' id='par_1_8' title="bbox 142 306 928 345">
     <span class='ocr_line' id='line_1_8' title="bbox 142 306 928 345; baseline -0.011 -3"><span class='ocrx_word' id='word_1_44' title='bbox 142 315 222 345; x_wconf 69' lang='grc'>1764,</span> <span class='ocrx_word' id='word_1_45' title='bbox 237 314 362 341; x_wconf 78' lang='lat' dir='ltr'><strong>evincere</strong></span> <span class='ocrx_word' id='word_1_46' title='bbox 386 311 498 341; x_wconf 76' lang='lat' dir='ltr'><strong>stutluit,</strong></span> <span class='ocrx_word' id='word_1_47' title='bbox 526 310 624 336; x_wconf 86' lang='lat' dir='ltr'><strong>librum</strong></span> <span class='ocrx_word' id='word_1_48' title='bbox 645 309 724 335; x_wconf 86' lang='lat' dir='ltr'><strong>istum</strong></span> <span class='ocrx_word' id='word_1_49' title='bbox 747 308 816 334; x_wconf 87' lang='lat' dir='ltr'><strong>haud</strong></span> <span class='ocrx_word' id='word_1_50' title='bbox 839 306 928 342; x_wconf 77' lang='lat' dir='ltr'><strong>proie—</strong></span> 
     </span>
    </p>
   </div>
   <div class='ocr_carea' id='block_1_9' title="bbox 142 352 928 392">
    <p class='ocr_par' dir='ltr' id='par_1_9' title="bbox 142 352 928 392">
     <span class='ocr_line' id='line_1_9' title="bbox 142 352 928 392; baseline -0.01 -7"><span class='ocrx_word' id='word_1_51' title='bbox 142 366 214 385; x_wconf 75' lang='lat' dir='ltr'><strong>ctum</strong></span> <span class='ocrx_word' id='word_1_52' title='bbox 228 366 286 385; x_wconf 84' lang='lat' dir='ltr'><strong>esse</strong></span> <span class='ocrx_word' id='word_1_53' title='bbox 300 367 314 384; x_wconf 87' lang='lat' dir='ltr'><strong>a</strong></span> <span class='ocrx_word' id='word_1_54' title='bbox 329 357 440 392; x_wconf 59' lang='lat' dir='ltr'><strong>Dalytno</strong></span> <span class='ocrx_word' id='word_1_55' title='bbox 458 357 546 383; x_wconf 62' lang='lat' dir='ltr'><strong>(hero.</strong></span> <span class='ocrx_word' id='word_1_56' title='bbox 559 355 637 381; x_wconf 46' lang='lat' dir='ltr'><strong>(Ionii.</strong></span> <span class='ocrx_word' id='word_1_57' title='bbox 656 354 747 387; x_wconf 68' lang='lat' dir='ltr'><strong>longas</strong></span> <span class='ocrx_word' id='word_1_58' title='bbox 758 360 887 380; x_wconf 73' lang='lat' dir='ltr'><strong>censuras</strong></span> <span class='ocrx_word' id='word_1_59' title='bbox 903 352 928 378; x_wconf 91' lang='lat' dir='ltr'><strong>in</strong></span> 
     </span>
    </p>
   </div>
   <div class='ocr_carea' id='block_1_10' title="bbox 144 397 929 434">
    <p class='ocr_par' dir='ltr' id='par_1_10' title="bbox 144 397 929 434">
     <span class='ocr_line' id='line_1_10' title="bbox 144 397 929 434; baseline -0.009 -5"><span class='ocrx_word' id='word_1_60' title='bbox 144 403 223 429; x_wconf 75' lang='lat' dir='ltr'><strong>Novis</strong></span> <span class='ocrx_word' id='word_1_61' title='bbox 236 407 287 428; x_wconf 72' lang='lat' dir='ltr'><strong>act.</strong></span> <span class='ocrx_word' id='word_1_62' title='bbox 303 402 441 432; x_wconf 85' lang='lat' dir='ltr'><strong>eruditor.,</strong></span> <span class='ocrx_word' id='word_1_63' title='bbox 460 400 533 434; x_wconf 84' lang='lat' dir='ltr'><strong>Lips.</strong></span> <span class='ocrx_word' id='word_1_64' title='bbox 552 407 623 426; x_wconf 84' lang='lat' dir='ltr'><strong>tuen.</strong></span> <span class='ocrx_word' id='word_1_65' title='bbox 639 398 700 425; x_wconf 81' lang='lat' dir='ltr'><strong>Jun.</strong></span> <span class='ocrx_word' id='word_1_66' title='bbox 717 398 862 432; x_wconf 69' lang='lat' dir='ltr'><strong>I708,pag.</strong></span> <span class='ocrx_word' id='word_1_67' title='bbox 878 397 929 423; x_wconf 61' lang='lat'><strong>“258</strong></span> 
     </span>
    </p>
   </div>
   <div class='ocr_carea' id='block_1_11' title="bbox 143 443 928 481">
    <p class='ocr_par' dir='ltr' id='par_1_11' title="bbox 143 443 928 481">
     <span class='ocr_line' id='line_1_11' title="bbox 143 443 928 481; baseline -0.006 -7"><span class='ocrx_word' id='word_1_68' title='bbox 143 457 216 479; x_wconf 51' lang='lat' dir='ltr'><strong>satis,</strong></span> <span class='ocrx_word' id='word_1_69' title='bbox 229 454 254 473; x_wconf 72' lang='lat' dir='ltr'><strong>et</strong></span> <span class='ocrx_word' id='word_1_70' title='bbox 271 446 458 481; x_wconf 63' lang='lat' dir='ltr'><strong>(St-lirtreklt.)</strong></span> <span class='ocrx_word' id='word_1_71' title='bbox 481 447 505 472; x_wconf 87' lang='lat' dir='ltr'><strong>in</strong></span> <span class='ocrx_word' id='word_1_72' title='bbox 521 445 596 471; x_wconf 73' lang='lat' dir='ltr'><strong>Nora</strong></span> <span class='ocrx_word' id='word_1_73' title='bbox 613 444 674 470; x_wconf 86' lang='lat' dir='ltr'><strong>bibl.</strong></span> <span class='ocrx_word' id='word_1_74' title='bbox 690 444 780 476; x_wconf 72' lang='lat' dir='ltr'><strong>theol.,</strong></span> <span class='ocrx_word' id='word_1_75' title='bbox 797 449 859 470; x_wconf 87' lang='lat' dir='ltr'><strong>totn.</strong></span> <span class='ocrx_word' id='word_1_76' title='bbox 877 443 928 474; x_wconf 76' lang='lat' dir='ltr'><strong>VII.</strong></span> 
     </span>
    </p>
   </div>
   <div class='ocr_carea' id='block_1_12' title="bbox 144 488 928 527">
    <p class='ocr_par' dir='ltr' id='par_1_12' title="bbox 144 488 928 527">
     <span class='ocr_line' id='line_1_12' title="bbox 144 488 928 527; baseline -0.001 -10"><span class='ocrx_word' id='word_1_77' title='bbox 144 495 214 527; x_wconf 58' lang='lat' dir='ltr'><strong>Lips.</strong></span> <span class='ocrx_word' id='word_1_78' title='bbox 227 492 302 524; x_wconf 86' lang='grc'>1766,</span> <span class='ocrx_word' id='word_1_79' title='bbox 317 494 344 524; x_wconf 88' lang='grc'><strong>8,</strong></span> <span class='ocrx_word' id='word_1_80' title='bbox 357 497 425 526; x_wconf 88' lang='lat' dir='ltr'><strong>part.</strong></span> <span class='ocrx_word' id='word_1_81' title='bbox 440 499 475 523; x_wconf 75' lang='grc' dir='ltr'><strong>ιν,</strong></span> <span class='ocrx_word' id='word_1_82' title='bbox 487 499 511 524; x_wconf 89' lang='lat' dir='ltr'><strong>p.</strong></span> <span class='ocrx_word' id='word_1_83' title='bbox 527 490 660 521; x_wconf 62' lang='lat' dir='ltr'><strong>EOS-SI“);</strong></span> <span class='ocrx_word' id='word_1_84' title='bbox 676 494 756 522; x_wconf 82' lang='lat' dir='ltr'><strong>atque</strong></span> <span class='ocrx_word' id='word_1_85' title='bbox 772 488 928 517; x_wconf 75' lang='lat' dir='ltr'><strong>Scltrtetklt-</strong></span> 
     </span>
    </p>
   </div>
   <div class='ocr_carea' id='block_1_13' title="bbox 142 533 931 570">
    <p class='ocr_par' dir='ltr' id='par_1_13' title="bbox 142 533 931 570">
     <span class='ocr_line' id='line_1_13' title="bbox 142 533 931 570; baseline -0.01 -4"><span class='ocrx_word' id='word_1_86' title='bbox 142 549 169 566; x_wconf 86' lang='grc' dir='ltr'><strong>ιιι</strong></span> <span class='ocrx_word' id='word_1_87' title='bbox 191 539 261 565; x_wconf 68' lang='lat' dir='ltr'><strong>“lsi.</strong></span> <span class='ocrx_word' id='word_1_88' title='bbox 276 539 340 564; x_wconf 77' lang='lat' dir='ltr'><strong>eccl.</strong></span> <span class='ocrx_word' id='word_1_89' title='bbox 355 537 466 567; x_wconf 79' lang='lat' dir='ltr'><strong>Clttisl.,</strong></span> <span class='ocrx_word' id='word_1_90' title='bbox 487 535 538 567; x_wconf 71' lang='lat' dir='ltr'><strong>VII,</strong></span> <span class='ocrx_word' id='word_1_91' title='bbox 552 544 578 570; x_wconf 89' lang='lat' dir='ltr'><strong>p.</strong></span> <span class='ocrx_word' id='word_1_92' title='bbox 595 535 640 562; x_wconf 82' lang='lat'><strong>85.</strong></span> <span class='ocrx_word' id='word_1_93' title='bbox 652 534 792 561; x_wconf 82' lang='lat' dir='ltr'><strong>—Lucem</strong></span> <span class='ocrx_word' id='word_1_94' title='bbox 808 533 931 559; x_wconf 67' lang='lat' dir='ltr'><strong>Viderunt</strong></span> 
     </span>
    </p>
   </div>
   <div class='ocr_carea' id='block_1_14' title="bbox 147 578 932 618">
    <p class='ocr_par' dir='ltr' id='par_1_14' title="bbox 147 578 932 618">
     <span class='ocr_line' id='line_1_14' title="bbox 147 578 932 618; baseline -0.005 -9"><span class='ocrx_word' id='word_1_95' title='bbox 147 584 250 618; x_wconf 80' lang='lat' dir='ltr'><em>Didymi</em></span> <span class='ocrx_word' id='word_1_96' title='bbox 275 583 336 608; x_wconf 81' lang='lat' dir='ltr'><em>libri</em></span> <span class='ocrx_word' id='word_1_97' title='bbox 362 588 414 608; x_wconf 82' lang='lat' dir='ltr'><strong>tres</strong></span> <span class='ocrx_word' id='word_1_98' title='bbox 438 582 470 607; x_wconf 88' lang='lat' dir='ltr'><strong>de</strong></span> <span class='ocrx_word' id='word_1_99' title='bbox 500 580 637 611; x_wconf 79' lang='lat' dir='ltr'><strong>Trinitate,</strong></span> <span class='ocrx_word' id='word_1_100' title='bbox 671 588 684 605; x_wconf 85' lang='lat' dir='ltr'><strong>a</strong></span> <span class='ocrx_word' id='word_1_101' title='bbox 714 579 791 606; x_wconf 82' lang='lat' dir='ltr'><strong>Joan.</strong></span> <span class='ocrx_word' id='word_1_102' title='bbox 823 578 932 613; x_wconf 81' lang='lat' dir='ltr'><strong>Aloysio</strong></span> 
     </span>
    </p>
   </div>
   <div class='ocr_carea' id='block_1_15' title="bbox 145 623 930 663">
    <p class='ocr_par' dir='ltr' id='par_1_15' title="bbox 145 623 930 663">
     <span class='ocr_line' id='line_1_15' title="bbox 145 623 930 663; baseline -0.006 -8"><span class='ocrx_word' id='word_1_103' title='bbox 145 629 311 663; x_wconf 66' lang='lat' dir='ltr'><strong>hliugarello,</strong></span> <span class='ocrx_word' id='word_1_104' title='bbox 327 627 374 653; x_wconf 78' lang='lat' dir='ltr'><strong>Gr.</strong></span> <span class='ocrx_word' id='word_1_105' title='bbox 388 632 413 652; x_wconf 84' lang='lat' dir='ltr'><strong>et</strong></span> <span class='ocrx_word' id='word_1_106' title='bbox 430 626 489 652; x_wconf 79' lang='lat' dir='ltr'><strong>Lat.</strong></span> <span class='ocrx_word' id='word_1_107' title='bbox 506 626 620 655; x_wconf 84' lang='lat' dir='ltr'><strong>Bonon.,</strong></span> <span class='ocrx_word' id='word_1_108' title='bbox 640 625 720 655; x_wconf 76' lang='lat' dir='ltr'><strong>I709,</strong></span> <span class='ocrx_word' id='word_1_109' title='bbox 733 624 778 650; x_wconf 84' lang='lat' dir='ltr'><strong>iol.</strong></span> <span class='ocrx_word' id='word_1_110' title='bbox 803 623 833 650; x_wconf 69' lang='grc' dir='ltr'>Υ.</span> <span class='ocrx_word' id='word_1_111' title='bbox 846 623 930 650; x_wconf 84' lang='lat' dir='ltr'><strong>Mauri</strong></span> 
     </span>
    </p>
   </div>
   <div class='ocr_carea' id='block_1_16' title="bbox 145 669 931 706">
    <p class='ocr_par' dir='ltr' id='par_1_16' title="bbox 145 669 931 706">
     <span class='ocr_line' id='line_1_16' title="bbox 145 669 931 706; baseline -0.006 -8"><span class='ocrx_word' id='word_1_112' title='bbox 145 674 209 699; x_wconf 80' lang='lat' dir='ltr'><strong>Batti</strong></span> <span class='ocrx_word' id='word_1_113' title='bbox 230 672 302 706; x_wconf 68' lang='lat' dir='ltr'><strong>Dugli</strong></span> <span class='ocrx_word' id='word_1_114' title='bbox 329 672 415 698; x_wconf 84' lang='lat' dir='ltr'><strong>autori</strong></span> <span class='ocrx_word' id='word_1_115' title='bbox 433 671 547 701; x_wconf 78' lang='lat' dir='ltr'><strong>classici,</strong></span> <span class='ocrx_word' id='word_1_116' title='bbox 571 669 676 696; x_wconf 78' lang='lat' dir='ltr'><strong>Bibliot.</strong></span> <span class='ocrx_word' id='word_1_117' title='bbox 704 669 836 703; x_wconf 84' lang='lat' dir='ltr'><strong>portatile,</strong></span> <span class='ocrx_word' id='word_1_118' title='bbox 866 673 931 701; x_wconf 86' lang='lat' dir='ltr'><strong>etc.,</strong></span> 
     </span>
    </p>
   </div>
   <div class='ocr_carea' id='block_1_17' title="bbox 144 715 805 758">
    <p class='ocr_par' dir='ltr' id='par_1_17' title="bbox 144 715 805 758">
     <span class='ocr_line' id='line_1_17' title="bbox 144 715 805 758; baseline -0.005 -14"><span class='ocrx_word' id='word_1_119' title='bbox 144 723 214 752; x_wconf 90' lang='lat' dir='ltr'><strong>part.</strong></span> <span class='ocrx_word' id='word_1_120' title='bbox 233 725 252 748; x_wconf 88' lang='grc' dir='ltr'>ι,</span> <span class='ocrx_word' id='word_1_121' title='bbox 269 717 455 754; x_wconf 73' lang='lat' dir='ltr'><strong>Vettel._1795,</strong></span> <span class='ocrx_word' id='word_1_122' title='bbox 472 723 530 750; x_wconf 80' lang='lat' dir='ltr'><strong>pag.</strong></span> <span class='ocrx_word' id='word_1_123' title='bbox 545 715 608 742; x_wconf 74' lang='grc'>287.</span> <span class='ocrx_word' id='word_1_124' title='bbox 622 715 705 742; x_wconf 71' lang='grc' dir='ltr'>ΙΙΛιιι..</span> <span class='ocrx_word' id='word_1_125' title='bbox 800 747 805 758; x_wconf 51' lang='grc'><strong>1</strong></span> 
     </span>
    </p>
   </div>
   <div class='ocr_carea' id='block_1_18' title="bbox 250 759 825 790">
    <p class='ocr_par' dir='ltr' id='par_1_18' title="bbox 250 759 825 790">
     <span class='ocr_line' id='line_1_18' title="bbox 250 759 825 790; baseline -0.005 -1"><span class='ocrx_word' id='word_1_126' title='bbox 250 762 330 790; x_wconf 76' lang='lat' dir='ltr'><strong>SCIII</strong></span> <span class='ocrx_word' id='word_1_127' title='bbox 338 762 402 788; x_wconf 78' lang='grc' dir='ltr'><strong>ΡΤΛ</strong></span> <span class='ocrx_word' id='word_1_128' title='bbox 440 761 476 788; x_wconf 86' lang='lat' dir='ltr'><strong>Dl</strong></span> <span class='ocrx_word' id='word_1_129' title='bbox 483 761 575 788; x_wconf 74' lang='grc' dir='ltr'><em>υϊΜΙ</em></span> <span class='ocrx_word' id='word_1_130' title='bbox 604 759 812 787; x_wconf 72' lang='lat' dir='ltr'><strong>DIL&#39;I’ERDITA</strong></span> <span class='ocrx_word' id='word_1_131' title='bbox 819 779 825 786; x_wconf 90' lang='lat'><strong>.</strong></span> 
     </span>
    </p>
   </div>
   <div class='ocr_carea' id='block_1_19' title="bbox 981 167 1767 203">
    <p class='ocr_par' dir='ltr' id='par_1_19' title="bbox 981 167 1767 203">
     <span class='ocr_line' id='line_1_19' title="bbox 981 167 1767 203; baseline -0.005 -6"><span class='ocrx_word' id='word_1_132' title='bbox 981 172 1022 197; x_wconf 89' lang='lat' dir='ltr'><strong>ubi</strong></span> <span class='ocrx_word' id='word_1_133' title='bbox 1037 171 1164 203; x_wconf 78' lang='lat' dir='ltr'><strong>scriptum</strong></span> <span class='ocrx_word' id='word_1_134' title='bbox 1185 175 1222 196; x_wconf 82' lang='lat' dir='ltr'><strong>est</strong></span> <span class='ocrx_word' id='word_1_135' title='bbox 1240 170 1348 203; x_wconf 69' lang='lat' dir='ltr'><strong>(XXXIX,</strong></span> <span class='ocrx_word' id='word_1_136' title='bbox 1371 169 1414 203; x_wconf 76' lang='grc'><strong>15)</strong></span> <span class='ocrx_word' id='word_1_137' title='bbox 1432 178 1437 194; x_wconf 90' lang='lat'>:</span> <span class='ocrx_word' id='word_1_138' title='bbox 1456 167 1650 198; x_wconf 83' lang='lat' dir='ltr'><strong>Consolamiui,</strong></span> <span class='ocrx_word' id='word_1_139' title='bbox 1668 174 1767 193; x_wconf 61' lang='lat' dir='ltr'><strong>conso—</strong></span> 
     </span>
    </p>
   </div>
   <div class='ocr_carea' id='block_1_20' title="bbox 982 213 1767 250">
    <p class='ocr_par' dir='ltr' id='par_1_20' title="bbox 982 213 1767 250">
     <span class='ocr_line' id='line_1_20' title="bbox 982 213 1767 250; baseline -0.004 -9"><span class='ocrx_word' id='word_1_140' title='bbox 982 216 1074 242; x_wconf 76' lang='grc' dir='ltr'>Ιςιιιιίιιί</span> <span class='ocrx_word' id='word_1_141' title='bbox 1092 216 1218 250; x_wconf 87' lang='lat' dir='ltr'><strong>populum</strong></span> <span class='ocrx_word' id='word_1_142' title='bbox 1231 223 1331 246; x_wconf 87' lang='lat' dir='ltr'><strong>meum,</strong></span> <span class='ocrx_word' id='word_1_143' title='bbox 1342 213 1510 245; x_wconf 79' lang='lat' dir='ltr'><strong>sacerdotes,</strong></span> <span class='ocrx_word' id='word_1_144' title='bbox 1523 213 1660 247; x_wconf 75' lang='lat' dir='ltr'><strong>loquimini</strong></span> <span class='ocrx_word' id='word_1_145' title='bbox 1677 214 1709 239; x_wconf 83' lang='lat' dir='ltr'><strong>ad</strong></span> <span class='ocrx_word' id='word_1_146' title='bbox 1722 220 1767 239; x_wconf 85' lang='lat' dir='ltr'><strong>cor</strong></span> 
     </span>
    </p>
   </div>
   <div class='ocr_carea' id='block_1_21' title="bbox 979 259 1768 295">
    <p class='ocr_par' dir='ltr' id='par_1_21' title="bbox 979 259 1768 295">
     <span class='ocr_line' id='line_1_21' title="bbox 979 259 1768 295; baseline -0.005 -7"><span class='ocrx_word' id='word_1_147' title='bbox 979 261 1138 293; x_wconf 74' lang='lat' dir='ltr'><strong>Jerusalem,</strong></span> <span class='ocrx_word' id='word_1_148' title='bbox 1158 268 1238 295; x_wconf 77' lang='lat' dir='ltr'><strong>usque</strong></span> <span class='ocrx_word' id='word_1_149' title='bbox 1251 260 1285 286; x_wconf 87' lang='lat' dir='ltr'><strong>ad</strong></span> <span class='ocrx_word' id='word_1_150' title='bbox 1303 260 1382 294; x_wconf 80' lang='lat' dir='ltr'><strong>linem</strong></span> <span class='ocrx_word' id='word_1_151' title='bbox 1401 259 1553 289; x_wconf 67' lang='lat' dir='ltr'><strong>voluminis,</strong></span> <span class='ocrx_word' id='word_1_152' title='bbox 1570 259 1656 285; x_wconf 78' lang='lat' dir='ltr'><strong>decem</strong></span> <span class='ocrx_word' id='word_1_153' title='bbox 1671 263 1695 284; x_wconf 88' lang='lat' dir='ltr'><strong>et</strong></span> <span class='ocrx_word' id='word_1_154' title='bbox 1712 263 1768 284; x_wconf 87' lang='lat' dir='ltr'><strong>octo</strong></span> 
     </span>
    </p>
   </div>
   <div class='ocr_carea' id='block_1_22' title="bbox 980 302 1768 339">
    <p class='ocr_par' dir='ltr' id='par_1_22' title="bbox 980 302 1768 339">
     <span class='ocr_line' id='line_1_22' title="bbox 980 302 1768 339; baseline -0.008 -6"><span class='ocrx_word' id='word_1_155' title='bbox 980 307 1060 333; x_wconf 78' lang='lat' dir='ltr'><strong>edidit</strong></span> <span class='ocrx_word' id='word_1_156' title='bbox 1079 312 1172 333; x_wconf 76' lang='lat' dir='ltr'><strong>tomos.</strong></span> <span class='ocrx_word' id='word_1_157' title='bbox 1190 305 1309 332; x_wconf 82' lang='lat' dir='ltr'><strong>Meminit</strong></span> <span class='ocrx_word' id='word_1_158' title='bbox 1322 310 1349 332; x_wconf 86' lang='lat' dir='ltr'><strong>et</strong></span> <span class='ocrx_word' id='word_1_159' title='bbox 1371 305 1459 339; x_wconf 83' lang='lat' dir='ltr'><strong>capite</strong></span> <span class='ocrx_word' id='word_1_160' title='bbox 1476 304 1526 331; x_wconf 85' lang='lat' dir='ltr'><strong>I09</strong></span> <span class='ocrx_word' id='word_1_161' title='bbox 1543 303 1662 338; x_wconf 84' lang='lat' dir='ltr'><strong>Catalogi</strong></span> <span class='ocrx_word' id='word_1_162' title='bbox 1679 308 1707 330; x_wconf 87' lang='lat' dir='ltr'><strong>et</strong></span> <span class='ocrx_word' id='word_1_163' title='bbox 1722 302 1768 328; x_wconf 69' lang='grc' dir='ltr'><strong>Νι.</strong></span> 
     </span>
    </p>
   </div>
   <div class='ocr_carea' id='block_1_23' title="bbox 981 349 1769 387">
    <p class='ocr_par' dir='ltr' id='par_1_23' title="bbox 981 349 1769 387">
     <span class='ocr_line' id='line_1_23' title="bbox 981 349 1769 387; baseline -0.005 -8"><span class='ocrx_word' id='word_1_164' title='bbox 981 353 1113 387; x_wconf 68' lang='lat' dir='ltr'><strong>cvpltorus</strong></span> <span class='ocrx_word' id='word_1_165' title='bbox 1135 360 1172 383; x_wconf 58' lang='grc' dir='ltr'>ιχ,</span> <span class='ocrx_word' id='word_1_166' title='bbox 1196 352 1239 378; x_wconf 86' lang='grc'><strong>17.</strong></span> <span class='ocrx_word' id='word_1_167' title='bbox 1264 351 1335 378; x_wconf 83' lang='lat' dir='ltr'><strong>Citat</strong></span> <span class='ocrx_word' id='word_1_168' title='bbox 1353 351 1535 377; x_wconf 76' lang='lat' dir='ltr'><strong>Damascenns</strong></span> <span class='ocrx_word' id='word_1_169' title='bbox 1559 349 1679 383; x_wconf 81' lang='lat' dir='ltr'><strong>pluribus</strong></span> <span class='ocrx_word' id='word_1_170' title='bbox 1704 350 1769 376; x_wconf 79' lang='lat' dir='ltr'><strong>locis</strong></span> 
     </span>
    </p>
   </div>
   <div class='ocr_carea' id='block_1_24' title="bbox 982 395 1670 431">
    <p class='ocr_par' dir='ltr' id='par_1_24' title="bbox 982 395 1670 431">
     <span class='ocr_line' id='line_1_24' title="bbox 982 395 1670 431; baseline -0.003 -8"><span class='ocrx_word' id='word_1_171' title='bbox 982 397 1058 424; x_wconf 79' lang='lat' dir='ltr'><strong>Sacr.</strong></span> <span class='ocrx_word' id='word_1_172' title='bbox 1076 396 1200 430; x_wconf 74' lang='lat' dir='ltr'><strong>parallel.</strong></span> <span class='ocrx_word' id='word_1_173' title='bbox 1213 404 1275 431; x_wconf 77' lang='lat' dir='ltr'><strong>pag.</strong></span> <span class='ocrx_word' id='word_1_174' title='bbox 1292 397 1355 426; x_wconf 75' lang='grc'>507,</span> <span class='ocrx_word' id='word_1_175' title='bbox 1371 396 1434 428; x_wconf 83' lang='grc'>511,</span> <span class='ocrx_word' id='word_1_176' title='bbox 1448 395 1510 427; x_wconf 79' lang='grc'>677,</span> <span class='ocrx_word' id='word_1_177' title='bbox 1527 395 1588 424; x_wconf 68' lang='grc'>721.</span> <span class='ocrx_word' id='word_1_178' title='bbox 1608 395 1670 422; x_wconf 81' lang='grc'>781.</span> 
     </span>
    </p>
   </div>
   <div class='ocr_carea' id='block_1_25' title="bbox 1018 439 1768 471">
    <p class='ocr_par' dir='ltr' id='par_1_25' title="bbox 1018 439 1768 471">
     <span class='ocr_line' id='line_1_25' title="bbox 1018 439 1768 471; baseline -0.004 -2"><span class='ocrx_word' id='word_1_179' title='bbox 1018 443 1050 469; x_wconf 90' lang='lat' dir='ltr'><strong>In</strong></span> <span class='ocrx_word' id='word_1_180' title='bbox 1076 441 1218 468; x_wconf 83' lang='lat' dir='ltr'><strong>Jeremiam</strong></span> <span class='ocrx_word' id='word_1_181' title='bbox 1245 441 1313 468; x_wconf 83' lang='lat' dir='ltr'><strong>citat</strong></span> <span class='ocrx_word' id='word_1_182' title='bbox 1341 446 1435 468; x_wconf 82' lang='lat' dir='ltr'><strong>catena</strong></span> <span class='ocrx_word' id='word_1_183' title='bbox 1455 440 1625 468; x_wconf 80' lang='lat' dir='ltr'><strong>Gltisleriaua</strong></span> <span class='ocrx_word' id='word_1_184' title='bbox 1655 447 1720 466; x_wconf 90' lang='lat' dir='ltr'><strong>tom.</strong></span> <span class='ocrx_word' id='word_1_185' title='bbox 1749 439 1768 471; x_wconf 94' lang='lat' dir='ltr'><strong>I,</strong></span> 
     </span>
    </p>
   </div>
   <div class='ocr_carea' id='block_1_26' title="bbox 982 485 1484 522">
    <p class='ocr_par' dir='ltr' id='par_1_26' title="bbox 982 485 1484 522">
     <span class='ocr_line' id='line_1_26' title="bbox 982 485 1484 522; baseline -0.002 -9"><span class='ocrx_word' id='word_1_186' title='bbox 982 495 1043 522; x_wconf 78' lang='lat' dir='ltr'><strong>pag.</strong></span> <span class='ocrx_word' id='word_1_187' title='bbox 1059 487 1109 519; x_wconf 80' lang='lat'><strong>59;</strong></span> <span class='ocrx_word' id='word_1_188' title='bbox 1134 492 1198 513; x_wconf 89' lang='lat' dir='ltr'><strong>tom.</strong></span> <span class='ocrx_word' id='word_1_189' title='bbox 1215 486 1247 518; x_wconf 89' lang='lat' dir='ltr'><strong>ll,</strong></span> <span class='ocrx_word' id='word_1_190' title='bbox 1263 494 1324 521; x_wconf 70' lang='lat' dir='ltr'><strong>pag.</strong></span> <span class='ocrx_word' id='word_1_191' title='bbox 1339 486 1400 518; x_wconf 78' lang='grc'>70-1,</span> <span class='ocrx_word' id='word_1_192' title='bbox 1421 485 1484 512; x_wconf 79' lang='grc'>755.</span> 
     </span>
    </p>
   </div>
   <div class='ocr_carea' id='block_1_27' title="bbox 1018 531 1767 566">
    <p class='ocr_par' dir='ltr' id='par_1_27' title="bbox 1018 531 1767 566">
     <span class='ocr_line' id='line_1_27' title="bbox 1018 531 1767 566; baseline 0.001 -8"><span class='ocrx_word' id='word_1_193' title='bbox 1018 532 1050 558; x_wconf 84' lang='lat' dir='ltr'><strong>In</strong></span> <span class='ocrx_word' id='word_1_194' title='bbox 1066 531 1159 558; x_wconf 76' lang='lat' dir='ltr'><strong>Oscam</strong></span> <span class='ocrx_word' id='word_1_195' title='bbox 1175 532 1236 558; x_wconf 84' lang='lat' dir='ltr'><strong>libri</strong></span> <span class='ocrx_word' id='word_1_196' title='bbox 1253 531 1312 565; x_wconf 85' lang='grc' dir='ltr'><em>ΙΙΙ,</em></span> <span class='ocrx_word' id='word_1_197' title='bbox 1328 531 1362 557; x_wconf 89' lang='lat' dir='ltr'><strong>ad</strong></span> <span class='ocrx_word' id='word_1_198' title='bbox 1378 531 1568 566; x_wconf 87' lang='lat' dir='ltr'><strong>Ilicronymttm</strong></span> <span class='ocrx_word' id='word_1_199' title='bbox 1581 531 1683 565; x_wconf 78' lang='lat' dir='ltr'><strong>scripti.</strong></span> <span class='ocrx_word' id='word_1_200' title='bbox 1700 537 1767 559; x_wconf 68' lang='lat' dir='ltr'><strong>teste</strong></span> 
     </span>
    </p>
   </div>
   <div class='ocr_carea' id='block_1_28' title="bbox 983 575 1766 612">
    <p class='ocr_par' dir='ltr' id='par_1_28' title="bbox 983 575 1766 612">
     <span class='ocr_line' id='line_1_28' title="bbox 983 575 1766 612; baseline -0.003 -8"><span class='ocrx_word' id='word_1_201' title='bbox 983 577 1040 612; x_wconf 87' lang='lat' dir='ltr'><strong>ipso</strong></span> <span class='ocrx_word' id='word_1_202' title='bbox 1061 577 1222 612; x_wconf 83' lang='lat' dir='ltr'><strong>llicronymo</strong></span> <span class='ocrx_word' id='word_1_203' title='bbox 1241 583 1300 610; x_wconf 89' lang='lat' dir='ltr'><strong>cap.</strong></span> <span class='ocrx_word' id='word_1_204' title='bbox 1317 576 1367 603; x_wconf 74' lang='grc'><strong>109</strong></span> <span class='ocrx_word' id='word_1_205' title='bbox 1385 575 1421 602; x_wconf 87' lang='lat' dir='ltr'><strong>De</strong></span> <span class='ocrx_word' id='word_1_206' title='bbox 1436 575 1464 602; x_wconf 91' lang='lat' dir='ltr'><strong>S.</strong></span> <span class='ocrx_word' id='word_1_207' title='bbox 1482 575 1515 602; x_wconf 82' lang='lat' dir='ltr'><strong>E.</strong></span> <span class='ocrx_word' id='word_1_208' title='bbox 1535 580 1561 603; x_wconf 88' lang='lat' dir='ltr'><strong>et</strong></span> <span class='ocrx_word' id='word_1_209' title='bbox 1578 577 1703 610; x_wconf 77' lang='lat' dir='ltr'><strong>Apologia</strong></span> <span class='ocrx_word' id='word_1_210' title='bbox 1725 577 1766 606; x_wconf 71' lang='grc' dir='ltr'><strong>ιΙ-</strong></span> 
     </span>
    </p>
   </div>
   <div class='ocr_carea' id='block_1_29' title="bbox 982 620 1768 656">
    <p class='ocr_par' dir='ltr' id='par_1_29' title="bbox 982 620 1768 656">
     <span class='ocr_line' id='line_1_29' title="bbox 982 620 1768 656; baseline -0.001 -8"><span class='ocrx_word' id='word_1_211' title='bbox 982 623 1046 649; x_wconf 85' lang='lat' dir='ltr'><strong>tima</strong></span> <span class='ocrx_word' id='word_1_212' title='bbox 1059 623 1084 648; x_wconf 91' lang='lat' dir='ltr'><strong>in</strong></span> <span class='ocrx_word' id='word_1_213' title='bbox 1096 621 1184 656; x_wconf 79' lang='lat' dir='ltr'><strong>Ruﬁn.</strong></span> <span class='ocrx_word' id='word_1_214' title='bbox 1212 629 1239 656; x_wconf 87' lang='lat' dir='ltr'><strong>p.</strong></span> <span class='ocrx_word' id='word_1_215' title='bbox 1257 621 1317 653; x_wconf 67' lang='grc'>164,</span> <span class='ocrx_word' id='word_1_216' title='bbox 1338 626 1366 648; x_wconf 85' lang='lat' dir='ltr'><strong>et</strong></span> <span class='ocrx_word' id='word_1_217' title='bbox 1387 620 1504 648; x_wconf 74' lang='grc' dir='ltr'>Ριιοωιιι.</span> <span class='ocrx_word' id='word_1_218' title='bbox 1524 621 1551 648; x_wconf 86' lang='lat' dir='ltr'><strong>in</strong></span> <span class='ocrx_word' id='word_1_219' title='bbox 1570 622 1663 648; x_wconf 74' lang='lat' dir='ltr'><strong>()seam</strong></span> <span class='ocrx_word' id='word_1_220' title='bbox 1679 627 1702 648; x_wconf 90' lang='lat' dir='ltr'><strong>et</strong></span> <span class='ocrx_word' id='word_1_221' title='bbox 1715 621 1768 648; x_wconf 81' lang='grc' dir='ltr'><strong>Ζη-</strong></span> 
     </span>
    </p>
   </div>
   <div class='ocr_carea' id='block_1_30' title="bbox 983 665 1767 701">
    <p class='ocr_par' dir='ltr' id='par_1_30' title="bbox 983 665 1767 701">
     <span class='ocr_line' id='line_1_30' title="bbox 983 665 1767 701; baseline -0.001 -6"><span class='ocrx_word' id='word_1_222' title='bbox 983 668 1111 695; x_wconf 73' lang='grc' dir='ltr'><strong>οΙιαινῙιιιη.</strong></span> <span class='ocrx_word' id='word_1_223' title='bbox 1134 668 1206 696; x_wconf 82' lang='lat' dir='ltr'><strong>Citat</strong></span> <span class='ocrx_word' id='word_1_224' title='bbox 1220 667 1403 694; x_wconf 82' lang='lat' dir='ltr'><strong>Damascenus</strong></span> <span class='ocrx_word' id='word_1_225' title='bbox 1420 667 1446 693; x_wconf 92' lang='lat' dir='ltr'><strong>iu</strong></span> <span class='ocrx_word' id='word_1_226' title='bbox 1465 665 1616 698; x_wconf 81' lang='lat' dir='ltr'><strong>Parallelis,</strong></span> <span class='ocrx_word' id='word_1_227' title='bbox 1634 675 1693 701; x_wconf 75' lang='lat' dir='ltr'><strong>pag.</strong></span> <span class='ocrx_word' id='word_1_228' title='bbox 1707 666 1767 694; x_wconf 87' lang='grc'>778.</span> 
     </span>
    </p>
   </div>
   <div class='ocr_carea' id='block_1_31' title="bbox 984 711 1770 747">
    <p class='ocr_par' dir='ltr' id='par_1_31' title="bbox 984 711 1770 747">
     <span class='ocr_line' id='line_1_31' title="bbox 984 711 1770 747; baseline 0 -7"><span class='ocrx_word' id='word_1_229' title='bbox 984 713 1139 747; x_wconf 92' lang='lat' dir='ltr'><strong>Ilieronymi</strong></span> <span class='ocrx_word' id='word_1_230' title='bbox 1162 713 1242 739; x_wconf 82' lang='lat' dir='ltr'><strong>verba</strong></span> <span class='ocrx_word' id='word_1_231' title='bbox 1260 719 1292 739; x_wconf 81' lang='lat' dir='ltr'><strong>ex</strong></span> <span class='ocrx_word' id='word_1_232' title='bbox 1314 711 1450 738; x_wconf 76' lang='lat' dir='ltr'><strong>Protendo</strong></span> <span class='ocrx_word' id='word_1_233' title='bbox 1468 712 1494 738; x_wconf 89' lang='lat' dir='ltr'><strong>in</strong></span> <span class='ocrx_word' id='word_1_234' title='bbox 1519 711 1614 738; x_wconf 84' lang='lat' dir='ltr'><strong>Oseam</strong></span> <span class='ocrx_word' id='word_1_235' title='bbox 1635 712 1770 740; x_wconf 75' lang='lat' dir='ltr'><strong>ascribere</strong></span> 
     </span>
    </p>
   </div>
   <div class='ocr_carea' id='block_1_32' title="bbox 984 757 1769 793">
    <p class='ocr_par' dir='ltr' id='par_1_32' title="bbox 984 757 1769 793">
     <span class='ocr_line' id='line_1_32' title="bbox 984 757 1769 793; baseline -0.001 -8"><span class='ocrx_word' id='word_1_236' title='bbox 984 759 1088 793; x_wconf 79' lang='lat' dir='ltr'><strong>placet:</strong></span> <span class='ocrx_word' id='word_1_237' title='bbox 1104 758 1170 784; x_wconf 83' lang='lat' dir='ltr'><strong>Ante</strong></span> <span class='ocrx_word' id='word_1_238' title='bbox 1185 765 1267 784; x_wconf 83' lang='lat' dir='ltr'><strong>annos</strong></span> <span class='ocrx_word' id='word_1_239' title='bbox 1283 757 1387 784; x_wconf 82' lang='lat' dir='ltr'><strong>circiter</strong></span> <span class='ocrx_word' id='word_1_240' title='bbox 1402 757 1492 791; x_wconf 80' lang='lat' dir='ltr'><strong>viginti</strong></span> <span class='ocrx_word' id='word_1_241' title='bbox 1507 757 1572 784; x_wconf 82' lang='lat' dir='ltr'><strong>duas</strong></span> <span class='ocrx_word' id='word_1_242' title='bbox 1584 778 1591 790; x_wconf 88' lang='lat'><strong>,</strong></span> <span class='ocrx_word' id='word_1_243' title='bbox 1614 764 1672 784; x_wconf 77' lang='lat' dir='ltr'><strong>cum</strong></span> <span class='ocrx_word' id='word_1_244' title='bbox 1688 766 1769 784; x_wconf 75' lang='lat' dir='ltr'><strong>essent</strong></span> 
     </span>
    </p>
   </div>
   <div class='ocr_carea' id='block_1_33' title="bbox 179 797 934 844">
    <p class='ocr_par' dir='ltr' id='par_1_33' title="bbox 181 806 930 844">
     <span class='ocr_line' id='line_1_33' title="bbox 181 806 930 844; baseline 0 -10"><span class='ocrx_word' id='word_1_245' title='bbox 181 809 347 844; x_wconf 71' lang='grc' dir='ltr'><strong>Συγγραφέςι</strong></span> <span class='ocrx_word' id='word_1_246' title='bbox 361 813 385 834; x_wconf 88' lang='lat' dir='ltr'><strong>et</strong></span> <span class='ocrx_word' id='word_1_247' title='bbox 405 815 543 834; x_wconf 87' lang='lat' dir='ltr'><strong>sacrorum</strong></span> <span class='ocrx_word' id='word_1_248' title='bbox 556 808 737 842; x_wconf 80' lang='lat' dir='ltr'><strong>cxpositoretn</strong></span> <span class='ocrx_word' id='word_1_249' title='bbox 754 806 930 841; x_wconf 80' lang='lat' dir='ltr'><strong>scriptorum.</strong></span> 
     </span>
    </p>
   </div>
   <div class='ocr_carea' id='block_1_34' title="bbox 992 797 1768 844">
    <p class='ocr_par' dir='ltr' id='par_1_34' title="bbox 992 802 1768 837">
     <span class='ocr_line' id='line_1_34' title="bbox 992 802 1768 837; baseline 0 -8"><span class='ocrx_word' id='word_1_250' title='bbox 992 803 1161 834; x_wconf 67' lang='lat' dir='ltr'><strong>tlexamlria’,</strong></span> <span class='ocrx_word' id='word_1_251' title='bbox 1177 803 1228 830; x_wconf 79' lang='lat' dir='ltr'><strong>vidi</strong></span> <span class='ocrx_word' id='word_1_252' title='bbox 1243 802 1386 837; x_wconf 87' lang='lat' dir='ltr'><strong>Didymum</strong></span> <span class='ocrx_word' id='word_1_253' title='bbox 1398 807 1420 828; x_wconf 86' lang='lat' dir='ltr'><strong>et</strong></span> <span class='ocrx_word' id='word_1_254' title='bbox 1433 810 1490 829; x_wconf 85' lang='lat' dir='ltr'><strong>eum</strong></span> <span class='ocrx_word' id='word_1_255' title='bbox 1506 802 1653 837; x_wconf 77' lang='lat' dir='ltr'><strong>frequenter</strong></span> <span class='ocrx_word' id='word_1_256' title='bbox 1667 803 1768 835; x_wconf 73' lang='lat' dir='ltr'><strong>audiri,</strong></span> 
     </span>
    </p>
   </div>
   <div class='ocr_carea' id='block_1_35' title="bbox 147 852 932 888">
    <p class='ocr_par' dir='ltr' id='par_1_35' title="bbox 147 852 932 888">
     <span class='ocr_line' id='line_1_35' title="bbox 147 852 932 888; baseline -0.001 -9"><span class='ocrx_word' id='word_1_257' title='bbox 147 855 191 887; x_wconf 86' lang='lat' dir='ltr'><strong>qui</strong></span> <span class='ocrx_word' id='word_1_258' title='bbox 211 855 307 882; x_wconf 87' lang='lat' dir='ltr'><strong>multos</strong></span> <span class='ocrx_word' id='word_1_259' title='bbox 327 854 356 881; x_wconf 88' lang='lat' dir='ltr'><strong>S.</strong></span> <span class='ocrx_word' id='word_1_260' title='bbox 373 853 516 888; x_wconf 69' lang='lat' dir='ltr'><strong>Scriptum</strong></span> <span class='ocrx_word' id='word_1_261' title='bbox 533 853 616 880; x_wconf 86' lang='lat' dir='ltr'><strong>libros</strong></span> <span class='ocrx_word' id='word_1_262' title='bbox 635 853 819 887; x_wconf 79' lang='lat' dir='ltr'><strong>cxplicaverit,</strong></span> <span class='ocrx_word' id='word_1_263' title='bbox 843 852 932 879; x_wconf 81' lang='lat' dir='ltr'><strong>laudat</strong></span> 
     </span>
    </p>
   </div>
   <div class='ocr_carea' id='block_1_36' title="bbox 148 897 931 934">
    <p class='ocr_par' dir='ltr' id='par_1_36' title="bbox 148 897 931 934">
     <span class='ocr_line' id='line_1_36' title="bbox 148 897 931 934; baseline -0.003 -8"><span class='ocrx_word' id='word_1_264' title='bbox 148 900 280 926; x_wconf 81' lang='lat' dir='ltr'><strong>Palladius</strong></span> <span class='ocrx_word' id='word_1_265' title='bbox 295 901 319 926; x_wconf 94' lang='lat' dir='ltr'><strong>in</strong></span> <span class='ocrx_word' id='word_1_266' title='bbox 335 899 463 926; x_wconf 82' lang='lat' dir='ltr'><strong>Lausiaca</strong></span> <span class='ocrx_word' id='word_1_267' title='bbox 478 900 487 933; x_wconf 94' lang='lat'>(</span> <span class='ocrx_word' id='word_1_268' title='bbox 502 907 562 934; x_wconf 74' lang='lat' dir='ltr'><strong>pag.</strong></span> <span class='ocrx_word' id='word_1_269' title='bbox 582 899 615 926; x_wconf 87' lang='grc'><strong>15</strong></span> <span class='ocrx_word' id='word_1_270' title='bbox 626 899 692 926; x_wconf 87' lang='lat' dir='ltr'><strong>edit.</strong></span> <span class='ocrx_word' id='word_1_271' title='bbox 709 899 818 926; x_wconf 83' lang='lat' dir='ltr'><strong>Meursii</strong></span> <span class='ocrx_word' id='word_1_272' title='bbox 830 899 850 933; x_wconf 88' lang='lat'><strong>),</strong></span> <span class='ocrx_word' id='word_1_273' title='bbox 864 904 890 925; x_wconf 87' lang='lat' dir='ltr'><strong>et</strong></span> <span class='ocrx_word' id='word_1_274' title='bbox 906 897 931 924; x_wconf 92' lang='lat' dir='ltr'><strong>iu</strong></span> 
     </span>
    </p>
   </div>
   <div class='ocr_carea' id='block_1_37' title="bbox 152 943 932 979">
    <p class='ocr_par' dir='ltr' id='par_1_37' title="bbox 152 943 932 979">
     <span class='ocr_line' id='line_1_37' title="bbox 152 943 932 979; baseline 0 -9"><span class='ocrx_word' id='word_1_275' title='bbox 152 944 219 970; x_wconf 76' lang='lat' dir='ltr'><strong>Vitis</strong></span> <span class='ocrx_word' id='word_1_276' title='bbox 235 943 344 970; x_wconf 79' lang='lat' dir='ltr'><strong>Patrum</strong></span> <span class='ocrx_word' id='word_1_277' title='bbox 361 945 505 977; x_wconf 76' lang='lat' dir='ltr'><strong>llosweidi,</strong></span> <span class='ocrx_word' id='word_1_278' title='bbox 527 951 588 979; x_wconf 78' lang='lat' dir='ltr'><strong>pag.</strong></span> <span class='ocrx_word' id='word_1_279' title='bbox 603 944 665 971; x_wconf 75' lang='grc' dir='ltr'>7ὕ1.</span> <span class='ocrx_word' id='word_1_280' title='bbox 683 944 751 977; x_wconf 86' lang='lat' dir='ltr'><strong>Quin</strong></span> <span class='ocrx_word' id='word_1_281' title='bbox 768 944 793 970; x_wconf 91' lang='lat' dir='ltr'><strong>in</strong></span> <span class='ocrx_word' id='word_1_282' title='bbox 811 944 932 970; x_wconf 85' lang='lat' dir='ltr'><strong>lleracli-</strong></span> 
     </span>
    </p>
   </div>
   <div class='ocr_carea' id='block_1_38' title="bbox 147 988 934 1024">
    <p class='ocr_par' dir='ltr' id='par_1_38' title="bbox 147 988 934 1024">
     <span class='ocr_line' id='line_1_38' title="bbox 147 988 934 1024; baseline 0 -8"><span class='ocrx_word' id='word_1_283' title='bbox 147 991 189 1018; x_wconf 82' lang='lat' dir='ltr'><strong>dis</strong></span> <span class='ocrx_word' id='word_1_284' title='bbox 206 989 334 1016; x_wconf 82' lang='lat' dir='ltr'><strong>Paratliso</strong></span> <span class='ocrx_word' id='word_1_285' title='bbox 352 989 399 1021; x_wconf 92' lang='lat' dir='ltr'><strong>(in</strong></span> <span class='ocrx_word' id='word_1_286' title='bbox 418 990 512 1016; x_wconf 85' lang='lat' dir='ltr'><strong>iisdem</strong></span> <span class='ocrx_word' id='word_1_287' title='bbox 531 989 608 1020; x_wconf 74' lang='lat' dir='ltr'><strong>Vitis,</strong></span> <span class='ocrx_word' id='word_1_288' title='bbox 624 997 683 1024; x_wconf 80' lang='lat' dir='ltr'><strong>pag.</strong></span> <span class='ocrx_word' id='word_1_289' title='bbox 708 989 778 1019; x_wconf 80' lang='lat' dir='ltr'><strong>7l0)</strong></span> <span class='ocrx_word' id='word_1_290' title='bbox 799 989 870 1024; x_wconf 80' lang='lat' dir='ltr'><strong>legas</strong></span> <span class='ocrx_word' id='word_1_291' title='bbox 883 988 934 1016; x_wconf 86' lang='lat' dir='ltr'><strong>Te-</strong></span> 
     </span>
    </p>
   </div>
   <div class='ocr_carea' id='block_1_39' title="bbox 147 1034 933 1070">
    <p class='ocr_par' dir='ltr' id='par_1_39' title="bbox 147 1034 933 1070">
     <span class='ocr_line' id='line_1_39' title="bbox 147 1034 933 1070; baseline -0.003 -8"><span class='ocrx_word' id='word_1_292' title='bbox 147 1041 309 1063; x_wconf 80' lang='lat' dir='ltr'><strong>stamentum</strong></span> <span class='ocrx_word' id='word_1_293' title='bbox 328 1034 410 1062; x_wconf 76' lang='lat' dir='ltr'><strong>Vetus</strong></span> <span class='ocrx_word' id='word_1_294' title='bbox 430 1042 461 1062; x_wconf 90' lang='lat' dir='ltr'><strong>ac</strong></span> <span class='ocrx_word' id='word_1_295' title='bbox 479 1035 580 1062; x_wconf 74' lang='lat' dir='ltr'><strong>Novum</strong></span> <span class='ocrx_word' id='word_1_296' title='bbox 595 1035 628 1061; x_wconf 87' lang='lat' dir='ltr'><strong>ad</strong></span> <span class='ocrx_word' id='word_1_297' title='bbox 642 1035 752 1061; x_wconf 82' lang='lat' dir='ltr'><strong>verbum</strong></span> <span class='ocrx_word' id='word_1_298' title='bbox 772 1034 933 1070; x_wconf 82' lang='lat' dir='ltr'><strong>interpreta-</strong></span> 
     </span>
    </p>
   </div>
   <div class='ocr_carea' id='block_1_40' title="bbox 149 1079 930 1111">
    <p class='ocr_par' dir='ltr' id='par_1_40' title="bbox 149 1079 930 1111">
     <span class='ocr_line' id='line_1_40' title="bbox 149 1079 930 1111; baseline -0.005 -3"><span class='ocrx_word' id='word_1_299' title='bbox 149 1087 203 1108; x_wconf 87' lang='lat' dir='ltr'><strong>tmn</strong></span> <span class='ocrx_word' id='word_1_300' title='bbox 219 1088 289 1111; x_wconf 81' lang='lat' dir='ltr'><strong>esse,</strong></span> <span class='ocrx_word' id='word_1_301' title='bbox 307 1086 395 1107; x_wconf 80' lang='lat' dir='ltr'><strong>sectas</strong></span> <span class='ocrx_word' id='word_1_302' title='bbox 412 1085 500 1107; x_wconf 87' lang='lat' dir='ltr'><strong>autent</strong></span> <span class='ocrx_word' id='word_1_303' title='bbox 519 1087 612 1106; x_wconf 77' lang='lat' dir='ltr'><strong>omnes</strong></span> <span class='ocrx_word' id='word_1_304' title='bbox 629 1086 681 1105; x_wconf 90' lang='lat' dir='ltr'><strong>tam</strong></span> <span class='ocrx_word' id='word_1_305' title='bbox 696 1079 830 1105; x_wconf 89' lang='lat' dir='ltr'><strong>subtiliter</strong></span> <span class='ocrx_word' id='word_1_306' title='bbox 846 1079 930 1105; x_wconf 85' lang='lat' dir='ltr'><strong>tinni-</strong></span> 
     </span>
    </p>
   </div>
   <div class='ocr_carea' id='block_1_41' title="bbox 150 1123 934 1160">
    <p class='ocr_par' dir='ltr' id='par_1_41' title="bbox 150 1123 934 1160">
     <span class='ocr_line' id='line_1_41' title="bbox 150 1123 934 1160; baseline -0.003 -8"><span class='ocrx_word' id='word_1_307' title='bbox 150 1132 254 1160; x_wconf 87' lang='lat' dir='ltr'><strong>tcrqnc,</strong></span> <span class='ocrx_word' id='word_1_308' title='bbox 275 1126 394 1160; x_wconf 71' lang='lat' dir='ltr'><strong>exposita</strong></span> <span class='ocrx_word' id='word_1_309' title='bbox 413 1131 493 1158; x_wconf 79' lang='lat' dir='ltr'><strong>super</strong></span> <span class='ocrx_word' id='word_1_310' title='bbox 509 1124 580 1158; x_wconf 87' lang='lat' dir='ltr'><strong>ipsas</strong></span> <span class='ocrx_word' id='word_1_311' title='bbox 594 1124 699 1150; x_wconf 79' lang='lat' dir='ltr'><strong>ratione</strong></span> <span class='ocrx_word' id='word_1_312' title='bbox 716 1123 890 1154; x_wconf 80' lang='lat' dir='ltr'><strong>disseruisse,</strong></span> <span class='ocrx_word' id='word_1_313' title='bbox 906 1128 934 1150; x_wconf 88' lang='lat' dir='ltr'><strong>nt</strong></span> 
     </span>
    </p>
   </div>
   <div class='ocr_carea' id='block_1_42' title="bbox 148 1164 931 1203">
    <p class='ocr_par' dir='ltr' id='par_1_42' title="bbox 148 1164 931 1203">
     <span class='ocr_line' id='line_1_42' title="bbox 148 1164 931 1203; baseline -0.005 -5"><span class='ocrx_word' id='word_1_314' title='bbox 148 1171 269 1198; x_wconf 82' lang='grc' dir='ltr'>οιιιιιῐιιιιι</span> <span class='ocrx_word' id='word_1_315' title='bbox 294 1171 434 1197; x_wconf 83' lang='lat' dir='ltr'><strong>scientiam</strong></span> <span class='ocrx_word' id='word_1_316' title='bbox 455 1175 575 1196; x_wconf 81' lang='lat' dir='ltr'><strong>veterum</strong></span> <span class='ocrx_word' id='word_1_317' title='bbox 594 1169 773 1203; x_wconf 88' lang='lat' dir='ltr'><strong>pcritiamquc</strong></span> <span class='ocrx_word' id='word_1_318' title='bbox 792 1164 931 1196; x_wconf 79' lang='lat' dir='ltr'><strong>transiret.</strong></span> 
     </span>
    </p>
   </div>
   <div class='ocr_carea' id='block_1_43' title="bbox 151 1214 932 1250">
    <p class='ocr_par' dir='ltr' id='par_1_43' title="bbox 151 1214 932 1250">
     <span class='ocr_line' id='line_1_43' title="bbox 151 1214 932 1250; baseline -0.003 -7"><span class='ocrx_word' id='word_1_319' title='bbox 151 1217 236 1250; x_wconf 80' lang='lat' dir='ltr'><strong>Hujus</strong></span> <span class='ocrx_word' id='word_1_320' title='bbox 252 1216 379 1250; x_wconf 83' lang='lat' dir='ltr'><strong>aliquanti</strong></span> <span class='ocrx_word' id='word_1_321' title='bbox 403 1215 488 1247; x_wconf 80' lang='lat' dir='ltr'><strong>dicta,</strong></span> <span class='ocrx_word' id='word_1_322' title='bbox 516 1215 601 1249; x_wconf 85' lang='lat' dir='ltr'><strong>inquit</strong></span> <span class='ocrx_word' id='word_1_323' title='bbox 616 1214 729 1241; x_wconf 69' lang='lat' dir='ltr'><strong>Ilulinns</strong></span> <span class='ocrx_word' id='word_1_324' title='bbox 746 1214 791 1240; x_wconf 90' lang='lat' dir='ltr'><strong>lib.</strong></span> <span class='ocrx_word' id='word_1_325' title='bbox 816 1223 842 1241; x_wconf 68' lang='grc' dir='ltr'><strong>ιι</strong></span> <span class='ocrx_word' id='word_1_326' title='bbox 861 1214 932 1242; x_wconf 79' lang='lat' dir='ltr'><strong>Hist.</strong></span> 
     </span>
    </p>
   </div>
   <div class='ocr_carea' id='block_1_44' title="bbox 138 1258 934 1294">
    <p class='ocr_par' dir='ltr' id='par_1_44' title="bbox 138 1258 934 1294">
     <span class='ocr_line' id='line_1_44' title="bbox 138 1258 934 1294; baseline -0.003 -6"><span class='ocrx_word' id='word_1_327' title='bbox 138 1262 251 1291; x_wconf 78' lang='lat' dir='ltr'><strong>&#39;eccles.,</strong></span> <span class='ocrx_word' id='word_1_328' title='bbox 268 1267 327 1294; x_wconf 88' lang='lat' dir='ltr'><strong>cap.</strong></span> <span class='ocrx_word' id='word_1_329' title='bbox 346 1260 373 1291; x_wconf 83' lang='grc'><strong>7¹</strong></span> <span class='ocrx_word' id='word_1_330' title='bbox 392 1258 432 1286; x_wconf 66' lang='lat' dir='ltr'><strong>uel</strong></span> <span class='ocrx_word' id='word_1_331' title='bbox 449 1259 619 1286; x_wconf 85' lang='lat' dir='ltr'><strong>communiter</strong></span> <span class='ocrx_word' id='word_1_332' title='bbox 635 1260 768 1293; x_wconf 70' lang='lat' dir='ltr'><strong>disputata</strong></span> <span class='ocrx_word' id='word_1_333' title='bbox 785 1259 823 1286; x_wconf 82' lang='lat' dir='ltr'><strong>vel</strong></span> <span class='ocrx_word' id='word_1_334' title='bbox 840 1268 934 1293; x_wconf 87' lang='lat' dir='ltr'><strong>propo-</strong></span> 
     </span>
    </p>
   </div>
   <div class='ocr_carea' id='block_1_45' title="bbox 150 1304 934 1339">
    <p class='ocr_par' dir='ltr' id='par_1_45' title="bbox 150 1304 934 1339">
     <span class='ocr_line' id='line_1_45' title="bbox 150 1304 934 1339; baseline 0 -7"><span class='ocrx_word' id='word_1_335' title='bbox 150 1306 268 1332; x_wconf 86' lang='lat' dir='ltr'><strong>nentibas</strong></span> <span class='ocrx_word' id='word_1_336' title='bbox 297 1312 437 1339; x_wconf 75' lang='lat' dir='ltr'><strong>responsa,</strong></span> <span class='ocrx_word' id='word_1_337' title='bbox 466 1304 590 1330; x_wconf 79' lang='lat' dir='ltr'><strong>adhibitis</strong></span> <span class='ocrx_word' id='word_1_338' title='bbox 615 1305 727 1331; x_wconf 83' lang='lat' dir='ltr'><strong>notariis</strong></span> <span class='ocrx_word' id='word_1_339' title='bbox 754 1305 934 1339; x_wconf 75' lang='lat' dir='ltr'><strong>descripsere,</strong></span> 
     </span>
    </p>
   </div>
   <div class='ocr_carea' id='block_1_46' title="bbox 149 1349 934 1387">
    <p class='ocr_par' dir='ltr' id='par_1_46' title="bbox 149 1349 934 1387">
     <span class='ocr_line' id='line_1_46' title="bbox 149 1349 934 1387; baseline 0 -9"><span class='ocrx_word' id='word_1_340' title='bbox 149 1360 208 1387; x_wconf 74' lang='lat' dir='ltr'><strong>qua:</strong></span> <span class='ocrx_word' id='word_1_341' title='bbox 230 1352 307 1378; x_wconf 87' lang='lat' dir='ltr'><strong>etiant</strong></span> <span class='ocrx_word' id='word_1_342' title='bbox 326 1358 393 1376; x_wconf 88' lang='lat' dir='ltr'><strong>nunc</strong></span> <span class='ocrx_word' id='word_1_343' title='bbox 416 1350 444 1376; x_wconf 88' lang='lat' dir='ltr'><strong>in</strong></span> <span class='ocrx_word' id='word_1_344' title='bbox 472 1358 567 1384; x_wconf 85' lang='lat' dir='ltr'><strong>magna</strong></span> <span class='ocrx_word' id='word_1_345' title='bbox 595 1349 771 1377; x_wconf 82' lang='lat' dir='ltr'><strong>admiratione</strong></span> <span class='ocrx_word' id='word_1_346' title='bbox 796 1350 934 1378; x_wconf 85' lang='lat' dir='ltr'><strong>habentur.</strong></span> 
     </span>
    </p>
   </div>
   <div class='ocr_carea' id='block_1_47' title="bbox 151 1396 936 1432">
    <p class='ocr_par' dir='ltr' id='par_1_47' title="bbox 151 1396 936 1432">
     <span class='ocr_line' id='line_1_47' title="bbox 151 1396 936 1432; baseline -0.001 -8"><span class='ocrx_word' id='word_1_347' title='bbox 151 1397 208 1424; x_wconf 79' lang='lat' dir='ltr'><strong>Nos</strong></span> <span class='ocrx_word' id='word_1_348' title='bbox 226 1403 322 1428; x_wconf 87' lang='lat' dir='ltr'><strong>tatuen,</strong></span> <span class='ocrx_word' id='word_1_349' title='bbox 341 1397 422 1430; x_wconf 82' lang='lat' dir='ltr'><strong>quiet</strong></span> <span class='ocrx_word' id='word_1_350' title='bbox 441 1397 502 1423; x_wconf 76' lang='lat' dir='ltr'><strong>view</strong></span> <span class='ocrx_word' id='word_1_351' title='bbox 524 1396 592 1422; x_wconf 81' lang='lat' dir='ltr'><strong>cacis</strong></span> <span class='ocrx_word' id='word_1_352' title='bbox 616 1396 672 1430; x_wconf 84' lang='lat' dir='ltr'><strong>ejns</strong></span> <span class='ocrx_word' id='word_1_353' title='bbox 694 1404 726 1423; x_wconf 75' lang='lat' dir='ltr'><strong>e2;</strong></span> <span class='ocrx_word' id='word_1_354' title='bbox 750 1402 824 1430; x_wconf 83' lang='lat' dir='ltr'><strong>parte</strong></span> <span class='ocrx_word' id='word_1_355' title='bbox 848 1397 936 1432; x_wconf 90' lang='lat' dir='ltr'><strong>aliqua</strong></span> 
     </span>
    </p>
   </div>
   <div class='ocr_carea' id='block_1_48' title="bbox 150 1441 935 1477">
    <p class='ocr_par' dir='ltr' id='par_1_48' title="bbox 150 1441 935 1477">
     <span class='ocr_line' id='line_1_48' title="bbox 150 1441 935 1477; baseline 0 -9"><span class='ocrx_word' id='word_1_356' title='bbox 150 1442 247 1477; x_wconf 76' lang='lat' dir='ltr'><strong>fuimus</strong></span> <span class='ocrx_word' id='word_1_357' title='bbox 263 1441 412 1472; x_wconf 68' lang='lat' dir='ltr'><strong>auditores.</strong></span> <span class='ocrx_word' id='word_1_358' title='bbox 426 1445 449 1468; x_wconf 84' lang='lat' dir='ltr'><strong>et</strong></span> <span class='ocrx_word' id='word_1_359' title='bbox 469 1449 511 1473; x_wconf 81' lang='lat' dir='ltr'><strong>ea,</strong></span> <span class='ocrx_word' id='word_1_360' title='bbox 527 1448 585 1475; x_wconf 75' lang='lat' dir='ltr'><strong>qua:</strong></span> <span class='ocrx_word' id='word_1_361' title='bbox 600 1449 615 1467; x_wconf 90' lang='lat' dir='ltr'><strong>a</strong></span> <span class='ocrx_word' id='word_1_362' title='bbox 638 1441 770 1469; x_wconf 85' lang='lat' dir='ltr'><strong>nonnullis</strong></span> <span class='ocrx_word' id='word_1_363' title='bbox 792 1442 892 1468; x_wconf 83' lang='lat' dir='ltr'><strong>dicente</strong></span> <span class='ocrx_word' id='word_1_364' title='bbox 905 1449 935 1468; x_wconf 87' lang='lat' dir='ltr'><strong>eo</strong></span> 
     </span>
    </p>
   </div>
   <div class='ocr_carea' id='block_1_49' title="bbox 150 1486 936 1522">
    <p class='ocr_par' dir='ltr' id='par_1_49' title="bbox 150 1486 936 1522">
     <span class='ocr_line' id='line_1_49' title="bbox 150 1486 936 1522; baseline -0.001 -7"><span class='ocrx_word' id='word_1_365' title='bbox 150 1488 278 1522; x_wconf 78' lang='lat' dir='ltr'><strong>descripta</strong></span> <span class='ocrx_word' id='word_1_366' title='bbox 289 1507 296 1519; x_wconf 85' lang='lat'><strong>,</strong></span> <span class='ocrx_word' id='word_1_367' title='bbox 319 1487 446 1521; x_wconf 77' lang='lat' dir='ltr'><strong>legimus;</strong></span> <span class='ocrx_word' id='word_1_368' title='bbox 461 1486 536 1520; x_wconf 87' lang='lat' dir='ltr'><strong>longe</strong></span> <span class='ocrx_word' id='word_1_369' title='bbox 551 1486 678 1520; x_wconf 75' lang='lat' dir='ltr'><strong>majorem</strong></span> <span class='ocrx_word' id='word_1_370' title='bbox 694 1487 806 1521; x_wconf 83' lang='lat' dir='ltr'><strong>gratiam</strong></span> <span class='ocrx_word' id='word_1_371' title='bbox 828 1491 851 1513; x_wconf 76' lang='lat' dir='ltr'><strong>et</strong></span> <span class='ocrx_word' id='word_1_372' title='bbox 868 1487 936 1514; x_wconf 82' lang='lat' dir='ltr'><strong>dit-i-</strong></span> 
     </span>
    </p>
   </div>
   <div class='ocr_carea' id='block_1_50' title="bbox 151 1531 935 1568">
    <p class='ocr_par' dir='ltr' id='par_1_50' title="bbox 151 1531 935 1568">
     <span class='ocr_line' id='line_1_50' title="bbox 151 1531 935 1568; baseline -0.003 -8"><span class='ocrx_word' id='word_1_373' title='bbox 151 1543 214 1561; x_wconf 88' lang='lat' dir='ltr'><strong>num</strong></span> <span class='ocrx_word' id='word_1_374' title='bbox 238 1534 323 1560; x_wconf 85' lang='lat' dir='ltr'><strong>nescio</strong></span> <span class='ocrx_word' id='word_1_375' title='bbox 338 1533 416 1568; x_wconf 76' lang='lat' dir='ltr'><strong>quid,</strong></span> <span class='ocrx_word' id='word_1_376' title='bbox 433 1540 463 1559; x_wconf 85' lang='lat' dir='ltr'><strong>ac</strong></span> <span class='ocrx_word' id='word_1_377' title='bbox 477 1540 556 1566; x_wconf 88' lang='lat' dir='ltr'><strong>supra</strong></span> <span class='ocrx_word' id='word_1_378' title='bbox 571 1531 712 1558; x_wconf 85' lang='lat' dir='ltr'><strong>humanam</strong></span> <span class='ocrx_word' id='word_1_379' title='bbox 725 1540 812 1558; x_wconf 80' lang='lat' dir='ltr'><strong>vocem</strong></span> <span class='ocrx_word' id='word_1_380' title='bbox 826 1539 935 1565; x_wconf 80' lang='lat' dir='ltr'><strong>sonans,</strong></span> 
     </span>
    </p>
   </div>
   <div class='ocr_carea' id='block_1_51' title="bbox 152 1578 936 1613">
    <p class='ocr_par' dir='ltr' id='par_1_51' title="bbox 152 1578 936 1613">
     <span class='ocr_line' id='line_1_51' title="bbox 152 1578 936 1613; baseline 0.001 -9"><span class='ocrx_word' id='word_1_381' title='bbox 152 1580 178 1605; x_wconf 87' lang='lat' dir='ltr'><strong>in</strong></span> <span class='ocrx_word' id='word_1_382' title='bbox 194 1579 246 1605; x_wconf 85' lang='lat' dir='ltr'><strong>illis</strong></span> <span class='ocrx_word' id='word_1_383' title='bbox 262 1579 344 1613; x_wconf 86' lang='lat' dir='ltr'><strong>magis</strong></span> <span class='ocrx_word' id='word_1_384' title='bbox 359 1578 530 1610; x_wconf 70' lang='lat' dir='ltr'><strong>sermonibus,</strong></span> <span class='ocrx_word' id='word_1_385' title='bbox 547 1578 590 1612; x_wconf 82' lang='lat' dir='ltr'><strong>qui</strong></span> <span class='ocrx_word' id='word_1_386' title='bbox 612 1578 643 1604; x_wconf 88' lang='lat' dir='ltr'><strong>de</strong></span> <span class='ocrx_word' id='word_1_387' title='bbox 658 1585 702 1604; x_wconf 82' lang='lat' dir='ltr'><strong>ore</strong></span> <span class='ocrx_word' id='word_1_388' title='bbox 719 1578 799 1612; x_wconf 86' lang='lat' dir='ltr'><strong>ipsius</strong></span> <span class='ocrx_word' id='word_1_389' title='bbox 819 1578 936 1612; x_wconf 84' lang='lat' dir='ltr'><strong>profere-</strong></span> 
     </span>
    </p>
   </div>
   <div class='ocr_carea' id='block_1_52' title="bbox 153 1623 452 1658">
    <p class='ocr_par' dir='ltr' id='par_1_52' title="bbox 153 1623 452 1658">
     <span class='ocr_line' id='line_1_52' title="bbox 153 1623 452 1658; baseline -0.003 -8"><span class='ocrx_word' id='word_1_390' title='bbox 153 1624 258 1656; x_wconf 78' lang='lat' dir='ltr'><strong>bantur,</strong></span> <span class='ocrx_word' id='word_1_391' title='bbox 274 1623 452 1658; x_wconf 84' lang='lat' dir='ltr'><strong>cognouimus.</strong></span> 
     </span>
    </p>
   </div>
   <div class='ocr_carea' id='block_1_53' title="bbox 187 1668 937 1701">
    <p class='ocr_par' dir='ltr' id='par_1_53' title="bbox 187 1668 937 1701">
     <span class='ocr_line' id='line_1_53' title="bbox 187 1668 937 1701; baseline 0.003 -6"><span class='ocrx_word' id='word_1_392' title='bbox 187 1669 238 1701; x_wconf 86' lang='grc' dir='ltr'><strong>Εὶς</strong></span> <span class='ocrx_word' id='word_1_393' title='bbox 251 1669 303 1695; x_wconf 80' lang='grc' dir='ltr'><strong>τὸν</strong></span> <span class='ocrx_word' id='word_1_394' title='bbox 315 1668 380 1696; x_wconf 84' lang='grc' dir='ltr'><strong>Λὼτ</strong></span> <span class='ocrx_word' id='word_1_395' title='bbox 394 1669 442 1695; x_wconf 78' lang='grc' dir='ltr'><strong>καὶ</strong></span> <span class='ocrx_word' id='word_1_396' title='bbox 458 1669 511 1696; x_wconf 84' lang='grc' dir='ltr'><strong>τὸν</strong></span> <span class='ocrx_word' id='word_1_397' title='bbox 520 1668 619 1696; x_wconf 83' lang='grc' dir='ltr'>Δαϐίδ.</span> <span class='ocrx_word' id='word_1_398' title='bbox 639 1669 710 1696; x_wconf 85' lang='lat' dir='ltr'><strong>Citat</strong></span> <span class='ocrx_word' id='word_1_399' title='bbox 734 1668 812 1696; x_wconf 81' lang='lat' dir='ltr'><strong>Joan.</strong></span> <span class='ocrx_word' id='word_1_400' title='bbox 839 1669 937 1697; x_wconf 85' lang='lat' dir='ltr'><strong>Dama-</strong></span> 
     </span>
    </p>
   </div>
   <div class='ocr_carea' id='block_1_54' title="bbox 154 1715 885 1751">
    <p class='ocr_par' dir='ltr' id='par_1_54' title="bbox 154 1715 885 1751">
     <span class='ocr_line' id='line_1_54' title="bbox 154 1715 885 1751; baseline 0 -7"><span class='ocrx_word' id='word_1_401' title='bbox 154 1723 249 1744; x_wconf 83' lang='lat' dir='ltr'><strong>scenus</strong></span> <span class='ocrx_word' id='word_1_402' title='bbox 259 1717 283 1742; x_wconf 93' lang='lat' dir='ltr'><strong>in</strong></span> <span class='ocrx_word' id='word_1_403' title='bbox 299 1716 388 1743; x_wconf 82' lang='lat' dir='ltr'><strong>Sacris</strong></span> <span class='ocrx_word' id='word_1_404' title='bbox 404 1715 550 1749; x_wconf 83' lang='lat' dir='ltr'><strong>Parallelis,</strong></span> <span class='ocrx_word' id='word_1_405' title='bbox 565 1723 623 1751; x_wconf 76' lang='lat' dir='ltr'><strong>pag.</strong></span> <span class='ocrx_word' id='word_1_406' title='bbox 636 1716 770 1748; x_wconf 80' lang='lat' dir='ltr'><strong>789,tom.</strong></span> <span class='ocrx_word' id='word_1_407' title='bbox 786 1715 806 1743; x_wconf 94' lang='lat' dir='ltr'><strong>ll</strong></span> <span class='ocrx_word' id='word_1_408' title='bbox 818 1715 885 1751; x_wconf 90' lang='lat' dir='ltr'><strong>Opp.</strong></span> 
     </span>
    </p>
   </div>
   <div class='ocr_carea' id='block_1_55' title="bbox 190 1761 938 1796">
    <p class='ocr_par' dir='ltr' id='par_1_55' title="bbox 190 1761 938 1796">
     <span class='ocr_line' id='line_1_55' title="bbox 190 1761 938 1796; baseline 0.001 -8"><span class='ocrx_word' id='word_1_409' title='bbox 190 1762 222 1788; x_wconf 89' lang='lat' dir='ltr'><strong>In</strong></span> <span class='ocrx_word' id='word_1_410' title='bbox 237 1761 332 1788; x_wconf 84' lang='lat' dir='ltr'><strong>Jobum</strong></span> <span class='ocrx_word' id='word_1_411' title='bbox 356 1762 547 1790; x_wconf 81' lang='lat' dir='ltr'><strong>commentarii.</strong></span> <span class='ocrx_word' id='word_1_412' title='bbox 573 1761 681 1789; x_wconf 86' lang='lat' dir='ltr'><strong>Hieron.</strong></span> <span class='ocrx_word' id='word_1_413' title='bbox 704 1769 764 1796; x_wconf 87' lang='lat' dir='ltr'><strong>cap.</strong></span> <span class='ocrx_word' id='word_1_414' title='bbox 786 1762 837 1790; x_wconf 93' lang='grc'><strong>109</strong></span> <span class='ocrx_word' id='word_1_415' title='bbox 857 1761 938 1790; x_wconf 87' lang='lat' dir='ltr'><strong>Cata-</strong></span> 
     </span>
    </p>
   </div>
   <div class='ocr_carea' id='block_1_56' title="bbox 154 1805 939 1842">
    <p class='ocr_par' dir='ltr' id='par_1_56' title="bbox 154 1805 939 1842">
     <span class='ocr_line' id='line_1_56' title="bbox 154 1805 939 1842; baseline 0.001 -9"><span class='ocrx_word' id='word_1_416' title='bbox 154 1808 216 1842; x_wconf 85' lang='lat' dir='ltr'><strong>logi.</strong></span> <span class='ocrx_word' id='word_1_417' title='bbox 231 1807 391 1841; x_wconf 82' lang='lat' dir='ltr'><strong>Fragmenta</strong></span> <span class='ocrx_word' id='word_1_418' title='bbox 408 1806 520 1840; x_wconf 87' lang='lat' dir='ltr'><strong>plurima</strong></span> <span class='ocrx_word' id='word_1_419' title='bbox 539 1806 566 1833; x_wconf 96' lang='lat' dir='ltr'><strong>in</strong></span> <span class='ocrx_word' id='word_1_420' title='bbox 589 1810 683 1833; x_wconf 83' lang='lat' dir='ltr'><strong>catena</strong></span> <span class='ocrx_word' id='word_1_421' title='bbox 698 1805 807 1833; x_wconf 81' lang='lat' dir='ltr'><strong>Patrum</strong></span> <span class='ocrx_word' id='word_1_422' title='bbox 831 1805 939 1834; x_wconf 58' lang='lat' dir='ltr'><strong>Grato-</strong></span> 
     </span>
    </p>
   </div>
   <div class='ocr_carea' id='block_1_57' title="bbox 156 1852 466 1879">
    <p class='ocr_par' dir='ltr' id='par_1_57' title="bbox 156 1852 466 1879">
     <span class='ocr_line' id='line_1_57' title="bbox 156 1852 466 1879; baseline -0.003 0"><span class='ocrx_word' id='word_1_423' title='bbox 156 1861 214 1879; x_wconf 89' lang='lat' dir='ltr'><strong>rum</strong></span> <span class='ocrx_word' id='word_1_424' title='bbox 236 1853 268 1879; x_wconf 90' lang='lat' dir='ltr'><strong>ad</strong></span> <span class='ocrx_word' id='word_1_425' title='bbox 283 1852 341 1879; x_wconf 80' lang='lat' dir='ltr'><strong>Jobi</strong></span> <span class='ocrx_word' id='word_1_426' title='bbox 359 1852 466 1878; x_wconf 90' lang='lat' dir='ltr'><strong>librum.</strong></span> 
     </span>
    </p>
   </div>
   <div class='ocr_carea' id='block_1_58' title="bbox 190 1896 939 1932">
    <p class='ocr_par' dir='ltr' id='par_1_58' title="bbox 190 1896 939 1932">
     <span class='ocr_line' id='line_1_58' title="bbox 190 1896 939 1932; baseline 0.003 -9"><span class='ocrx_word' id='word_1_427' title='bbox 190 1898 285 1932; x_wconf 78' lang='grc' dir='ltr'><em>Λόγος</em></span> <span class='ocrx_word' id='word_1_428' title='bbox 299 1898 342 1930; x_wconf 83' lang='grc' dir='ltr'><strong>εἰς</strong></span> <span class='ocrx_word' id='word_1_429' title='bbox 365 1897 419 1924; x_wconf 76' lang='grc' dir='ltr'><strong>τὸν</strong></span> <span class='ocrx_word' id='word_1_430' title='bbox 449 1896 521 1924; x_wconf 78' lang='grc' dir='ltr'>Ἰὼϐ.</span> <span class='ocrx_word' id='word_1_431' title='bbox 548 1897 727 1925; x_wconf 82' lang='lat' dir='ltr'><strong>Damascenus</strong></span> <span class='ocrx_word' id='word_1_432' title='bbox 747 1898 773 1925; x_wconf 91' lang='lat' dir='ltr'><strong>in</strong></span> <span class='ocrx_word' id='word_1_433' title='bbox 802 1896 939 1930; x_wconf 88' lang='lat' dir='ltr'><strong>Parallel.,</strong></span> 
     </span>
    </p>
   </div>
   <div class='ocr_carea' id='block_1_59' title="bbox 156 1945 296 1978">
    <p class='ocr_par' dir='ltr' id='par_1_59' title="bbox 156 1945 296 1978">
     <span class='ocr_line' id='line_1_59' title="bbox 156 1945 296 1978; baseline 0.014 -9"><span class='ocrx_word' id='word_1_434' title='bbox 156 1952 215 1978; x_wconf 75' lang='lat' dir='ltr'><strong>pag.</strong></span> <span class='ocrx_word' id='word_1_435' title='bbox 235 1945 296 1971; x_wconf 81' lang='grc'>789.</span> 
     </span>
    </p>
   </div>
   <div class='ocr_carea' id='block_1_60' title="bbox 193 1988 942 2024">
    <p class='ocr_par' dir='ltr' id='par_1_60' title="bbox 193 1988 942 2024">
     <span class='ocr_line' id='line_1_60' title="bbox 193 1988 942 2024; baseline 0.003 -9"><span class='ocrx_word' id='word_1_436' title='bbox 193 1988 379 2015; x_wconf 83' lang='lat' dir='ltr'><strong>Cummcntarii</strong></span> <span class='ocrx_word' id='word_1_437' title='bbox 395 1989 421 2015; x_wconf 88' lang='lat' dir='ltr'><strong>in</strong></span> <span class='ocrx_word' id='word_1_438' title='bbox 439 1988 559 2016; x_wconf 83' lang='lat' dir='ltr'><strong>Psalmos</strong></span> <span class='ocrx_word' id='word_1_439' title='bbox 574 1997 671 2016; x_wconf 84' lang='lat' dir='ltr'><strong>omnes.</strong></span> <span class='ocrx_word' id='word_1_440' title='bbox 687 1989 796 2017; x_wconf 90' lang='lat' dir='ltr'><strong>llieron.</strong></span> <span class='ocrx_word' id='word_1_441' title='bbox 814 1997 873 2024; x_wconf 90' lang='lat' dir='ltr'><strong>cap.</strong></span> <span class='ocrx_word' id='word_1_442' title='bbox 891 1989 942 2017; x_wconf 87' lang='grc'><strong>109</strong></span> 
     </span>
    </p>
   </div>
   <div class='ocr_carea' id='block_1_61' title="bbox 156 2033 940 2068">
    <p class='ocr_par' dir='ltr' id='par_1_61' title="bbox 156 2033 940 2068">
     <span class='ocr_line' id='line_1_61' title="bbox 156 2033 940 2068; baseline 0.001 -8"><span class='ocrx_word' id='word_1_443' title='bbox 156 2033 287 2067; x_wconf 76' lang='lat' dir='ltr'><strong>Catalagi,</strong></span> <span class='ocrx_word' id='word_1_444' title='bbox 297 2038 323 2059; x_wconf 90' lang='lat' dir='ltr'><strong>et</strong></span> <span class='ocrx_word' id='word_1_445' title='bbox 331 2034 410 2068; x_wconf 84' lang='lat' dir='ltr'><strong>epist.</strong></span> <span class='ocrx_word' id='word_1_446' title='bbox 421 2033 454 2060; x_wconf 81' lang='lat'><strong>89</strong></span> <span class='ocrx_word' id='word_1_447' title='bbox 464 2034 495 2060; x_wconf 89' lang='lat' dir='ltr'><strong>ad</strong></span> <span class='ocrx_word' id='word_1_448' title='bbox 503 2034 658 2068; x_wconf 81' lang='lat' dir='ltr'><strong>Augttstin.;</strong></span> <span class='ocrx_word' id='word_1_449' title='bbox 676 2034 842 2068; x_wconf 77' lang='lat' dir='ltr'><strong>Niccpltorus</strong></span> <span class='ocrx_word' id='word_1_450' title='bbox 852 2042 889 2066; x_wconf 61' lang='grc' dir='ltr'>ιχ,</span> <span class='ocrx_word' id='word_1_451' title='bbox 898 2034 940 2061; x_wconf 92' lang='grc'><strong>17.</strong></span> 
     </span>
    </p>
   </div>
   <div class='ocr_carea' id='block_1_62' title="bbox 157 2078 943 2113">
    <p class='ocr_par' dir='ltr' id='par_1_62' title="bbox 157 2078 943 2113">
     <span class='ocr_line' id='line_1_62' title="bbox 157 2078 943 2113; baseline 0.004 -9"><span class='ocrx_word' id='word_1_452' title='bbox 157 2078 316 2113; x_wconf 77' lang='lat' dir='ltr'><strong>Fragmenta</strong></span> <span class='ocrx_word' id='word_1_453' title='bbox 340 2079 407 2105; x_wconf 86' lang='lat' dir='ltr'><strong>bene</strong></span> <span class='ocrx_word' id='word_1_454' title='bbox 431 2078 515 2105; x_wconf 84' lang='lat' dir='ltr'><strong>multa</strong></span> <span class='ocrx_word' id='word_1_455' title='bbox 533 2079 558 2104; x_wconf 92' lang='lat' dir='ltr'><strong>in</strong></span> <span class='ocrx_word' id='word_1_456' title='bbox 576 2084 670 2106; x_wconf 85' lang='lat' dir='ltr'><strong>catena</strong></span> <span class='ocrx_word' id='word_1_457' title='bbox 690 2079 722 2106; x_wconf 83' lang='lat' dir='ltr'><strong>ad</strong></span> <span class='ocrx_word' id='word_1_458' title='bbox 737 2079 857 2106; x_wconf 82' lang='lat' dir='ltr'><strong>Psaltnos</strong></span> <span class='ocrx_word' id='word_1_459' title='bbox 876 2079 943 2107; x_wconf 83' lang='lat' dir='ltr'><strong>Cor-</strong></span> 
     </span>
    </p>
   </div>
   <div class='ocr_carea' id='block_1_63' title="bbox 157 2124 779 2156">
    <p class='ocr_par' dir='ltr' id='par_1_63' title="bbox 157 2124 779 2156">
     <span class='ocr_line' id='line_1_63' title="bbox 157 2124 779 2156; baseline 0 -5"><span class='ocrx_word' id='word_1_460' title='bbox 157 2125 282 2156; x_wconf 78' lang='lat' dir='ltr'><strong>tlcriaua;</strong></span> <span class='ocrx_word' id='word_1_461' title='bbox 296 2128 322 2151; x_wconf 89' lang='lat' dir='ltr'><strong>et</strong></span> <span class='ocrx_word' id='word_1_462' title='bbox 339 2125 364 2150; x_wconf 90' lang='lat' dir='ltr'><strong>in</strong></span> <span class='ocrx_word' id='word_1_463' title='bbox 378 2124 456 2151; x_wconf 86' lang='lat' dir='ltr'><strong>codd.</strong></span> <span class='ocrx_word' id='word_1_464' title='bbox 471 2129 589 2152; x_wconf 80' lang='lat' dir='ltr'><strong>catenar.</strong></span> <span class='ocrx_word' id='word_1_465' title='bbox 603 2125 628 2151; x_wconf 91' lang='lat' dir='ltr'><strong>in</strong></span> <span class='ocrx_word' id='word_1_466' title='bbox 651 2125 779 2151; x_wconf 81' lang='lat' dir='ltr'><strong>Psalmos.</strong></span> 
     </span>
    </p>
   </div>
   <div class='ocr_carea' id='block_1_64' title="bbox 194 2166 938 2203">
    <p class='ocr_par' dir='ltr' id='par_1_64' title="bbox 194 2166 938 2203">
     <span class='ocr_line' id='line_1_64' title="bbox 194 2166 938 2203; baseline 0.003 -9"><span class='ocrx_word' id='word_1_467' title='bbox 194 2168 225 2194; x_wconf 91' lang='lat' dir='ltr'><strong>In</strong></span> <span class='ocrx_word' id='word_1_468' title='bbox 243 2166 393 2196; x_wconf 78' lang='lat' dir='ltr'><strong>Proverbia.</strong></span> <span class='ocrx_word' id='word_1_469' title='bbox 410 2169 587 2196; x_wconf 67' lang='lat' dir='ltr'><strong>Cassiodorus</strong></span> <span class='ocrx_word' id='word_1_470' title='bbox 600 2177 660 2203; x_wconf 86' lang='lat' dir='ltr'><strong>cap.</strong></span> <span class='ocrx_word' id='word_1_471' title='bbox 676 2169 692 2195; x_wconf 80' lang='grc'><strong>5</strong></span> <span class='ocrx_word' id='word_1_472' title='bbox 712 2169 833 2196; x_wconf 76' lang='lat' dir='ltr'><strong>Institut.</strong></span> <span class='ocrx_word' id='word_1_473' title='bbox 859 2170 938 2197; x_wconf 76' lang='lat' dir='ltr'><strong>divin.</strong></span> 
     </span>
    </p>
   </div>
   <div class='ocr_carea' id='block_1_65' title="bbox 158 2214 940 2249">
    <p class='ocr_par' dir='ltr' id='par_1_65' title="bbox 158 2214 940 2249">
     <span class='ocr_line' id='line_1_65' title="bbox 158 2214 940 2249; baseline 0.001 -9"><span class='ocrx_word' id='word_1_474' title='bbox 158 2214 211 2246; x_wconf 85' lang='lat' dir='ltr'><strong>lit.,</strong></span> <span class='ocrx_word' id='word_1_475' title='bbox 228 2215 255 2240; x_wconf 90' lang='lat' dir='ltr'><strong>in</strong></span> <span class='ocrx_word' id='word_1_476' title='bbox 281 2222 330 2248; x_wconf 84' lang='lat' dir='ltr'><strong>quo</strong></span> <span class='ocrx_word' id='word_1_477' title='bbox 349 2214 416 2240; x_wconf 85' lang='lat' dir='ltr'><strong>libro</strong></span> <span class='ocrx_word' id='word_1_478' title='bbox 441 2214 581 2249; x_wconf 82' lang='lat' dir='ltr'><strong>Didymum</strong></span> <span class='ocrx_word' id='word_1_479' title='bbox 602 2215 772 2248; x_wconf 72' lang='lat' dir='ltr'><strong>expositorem</strong></span> <span class='ocrx_word' id='word_1_480' title='bbox 797 2216 825 2241; x_wconf 81' lang='lat' dir='ltr'><strong>in</strong></span> <span class='ocrx_word' id='word_1_481' title='bbox 839 2214 940 2241; x_wconf 77' lang='lat' dir='ltr'><strong>-Gra&#39;cu</strong></span> 
     </span>
    </p>
   </div>
   <div class='ocr_carea' id='block_1_66' title="bbox 158 2260 941 2294">
    <p class='ocr_par' dir='ltr' id='par_1_66' title="bbox 158 2260 941 2294">
     <span class='ocr_line' id='line_1_66' title="bbox 158 2260 941 2294; baseline 0.003 -9"><span class='ocrx_word' id='word_1_482' title='bbox 158 2260 246 2294; x_wconf 82' lang='lat' dir='ltr'><strong>lingua</strong></span> <span class='ocrx_word' id='word_1_483' title='bbox 263 2261 403 2294; x_wconf 81' lang='lat' dir='ltr'><strong>reperimus</strong></span> <span class='ocrx_word' id='word_1_484' title='bbox 415 2280 422 2292; x_wconf 86' lang='lat'><strong>,</strong></span> <span class='ocrx_word' id='word_1_485' title='bbox 447 2261 490 2294; x_wconf 87' lang='lat' dir='ltr'><strong>qui</strong></span> <span class='ocrx_word' id='word_1_486' title='bbox 505 2260 536 2286; x_wconf 91' lang='lat' dir='ltr'><strong>ab</strong></span> <span class='ocrx_word' id='word_1_487' title='bbox 551 2260 635 2287; x_wconf 84' lang='lat' dir='ltr'><strong>antica</strong></span> <span class='ocrx_word' id='word_1_488' title='bbox 654 2266 741 2287; x_wconf 77' lang='lat' dir='ltr'><strong>nostro</strong></span> <span class='ocrx_word' id='word_1_489' title='bbox 757 2261 811 2287; x_wconf 77' lang='lat' dir='ltr'><strong>viro</strong></span> <span class='ocrx_word' id='word_1_490' title='bbox 824 2262 941 2288; x_wconf 83' lang='lat' dir='ltr'><strong>disertis-</strong></span> 
     </span>
    </p>
   </div>
   <div class='ocr_carea' id='block_1_67' title="bbox 158 2305 939 2341">
    <p class='ocr_par' dir='ltr' id='par_1_67' title="bbox 158 2305 939 2341">
     <span class='ocr_line' id='line_1_67' title="bbox 158 2305 939 2341; baseline 0.003 -9"><span class='ocrx_word' id='word_1_491' title='bbox 158 2305 224 2332; x_wconf 77' lang='lat' dir='ltr'><strong>simo</strong></span> <span class='ocrx_word' id='word_1_492' title='bbox 241 2305 387 2340; x_wconf 76' lang='lat' dir='ltr'><strong>Epiphanio</strong></span> <span class='ocrx_word' id='word_1_493' title='bbox 402 2307 428 2332; x_wconf 87' lang='lat' dir='ltr'><strong>in</strong></span> <span class='ocrx_word' id='word_1_494' title='bbox 441 2305 563 2333; x_wconf 88' lang='lat' dir='ltr'><strong>Latinum</strong></span> <span class='ocrx_word' id='word_1_495' title='bbox 575 2315 717 2333; x_wconf 82' lang='lat' dir='ltr'><strong>sermonem</strong></span> <span class='ocrx_word' id='word_1_496' title='bbox 735 2306 939 2341; x_wconf 75' lang='lat' dir='ltr'><strong>diligentissime,</strong></span> 
     </span>
    </p>
   </div>
   <div class='ocr_carea' id='block_1_68' title="bbox 160 2351 941 2385">
    <p class='ocr_par' dir='ltr' id='par_1_68' title="bbox 160 2351 941 2385">
     <span class='ocr_line' id='line_1_68' title="bbox 160 2351 941 2385; baseline 0.004 -8"><span class='ocrx_word' id='word_1_497' title='bbox 160 2351 272 2378; x_wconf 88' lang='lat' dir='ltr'><strong>Domino</strong></span> <span class='ocrx_word' id='word_1_498' title='bbox 283 2351 403 2385; x_wconf 81' lang='lat' dir='ltr'><strong>jurante.</strong></span> <span class='ocrx_word' id='word_1_499' title='bbox 416 2352 559 2379; x_wconf 78' lang='lat' dir='ltr'><strong>translatus</strong></span> <span class='ocrx_word' id='word_1_500' title='bbox 570 2357 615 2379; x_wconf 80' lang='lat' dir='ltr'><strong>est.</strong></span> <span class='ocrx_word' id='word_1_501' title='bbox 629 2352 667 2379; x_wconf 82' lang='lat' dir='ltr'><strong>Ex</strong></span> <span class='ocrx_word' id='word_1_502' title='bbox 684 2353 734 2385; x_wconf 81' lang='lat' dir='ltr'><strong>hoc</strong></span> <span class='ocrx_word' id='word_1_503' title='bbox 749 2354 941 2380; x_wconf 88' lang='lat' dir='ltr'><strong>commentario</strong></span> 
     </span>
    </p>
   </div>
   <div class='ocr_carea' id='block_1_69' title="bbox 160 2397 940 2432">
    <p class='ocr_par' dir='ltr' id='par_1_69' title="bbox 160 2397 940 2432">
     <span class='ocr_line' id='line_1_69' title="bbox 160 2397 940 2432; baseline 0.004 -10"><span class='ocrx_word' id='word_1_504' title='bbox 160 2397 309 2430; x_wconf 75' lang='lat' dir='ltr'><strong>fragmenta</strong></span> <span class='ocrx_word' id='word_1_505' title='bbox 337 2399 362 2423; x_wconf 92' lang='lat' dir='ltr'><strong>in</strong></span> <span class='ocrx_word' id='word_1_506' title='bbox 379 2403 472 2424; x_wconf 83' lang='lat' dir='ltr'><strong>catena</strong></span> <span class='ocrx_word' id='word_1_507' title='bbox 496 2397 604 2424; x_wconf 77' lang='lat' dir='ltr'><strong>Patrum</strong></span> <span class='ocrx_word' id='word_1_508' title='bbox 626 2398 658 2423; x_wconf 89' lang='lat' dir='ltr'><strong>ad</strong></span> <span class='ocrx_word' id='word_1_509' title='bbox 679 2397 837 2430; x_wconf 77' lang='lat' dir='ltr'><strong>Proverbia,</strong></span> <span class='ocrx_word' id='word_1_510' title='bbox 861 2407 940 2432; x_wconf 81' lang='lat' dir='ltr'><strong>quam</strong></span> 
     </span>
    </p>
   </div>
   <div class='ocr_carea' id='block_1_70' title="bbox 160 2442 942 2476">
    <p class='ocr_par' dir='ltr' id='par_1_70' title="bbox 160 2442 942 2476">
     <span class='ocr_line' id='line_1_70' title="bbox 160 2442 942 2476; baseline 0.004 -8"><span class='ocrx_word' id='word_1_511' title='bbox 160 2442 254 2469; x_wconf 85' lang='lat' dir='ltr'><strong>Latine</strong></span> <span class='ocrx_word' id='word_1_512' title='bbox 266 2442 423 2470; x_wconf 75' lang='lat' dir='ltr'><strong>Theodorus</strong></span> <span class='ocrx_word' id='word_1_513' title='bbox 441 2443 566 2470; x_wconf 75' lang='lat' dir='ltr'><strong>Peltatzus</strong></span> <span class='ocrx_word' id='word_1_514' title='bbox 581 2443 674 2476; x_wconf 80' lang='lat' dir='ltr'><strong>edidit,</strong></span> <span class='ocrx_word' id='word_1_515' title='bbox 690 2449 717 2470; x_wconf 91' lang='lat' dir='ltr'><strong>et</strong></span> <span class='ocrx_word' id='word_1_516' title='bbox 731 2443 756 2470; x_wconf 95' lang='lat' dir='ltr'><strong>in</strong></span> <span class='ocrx_word' id='word_1_517' title='bbox 771 2449 866 2471; x_wconf 86' lang='lat' dir='ltr'><strong>catena</strong></span> <span class='ocrx_word' id='word_1_518' title='bbox 877 2445 942 2471; x_wconf 75' lang='lat' dir='ltr'><strong>(Jor-</strong></span> 
     </span>
    </p>
   </div>
   <div class='ocr_carea' id='block_1_71' title="bbox 158 2488 528 2520">
    <p class='ocr_par' dir='ltr' id='par_1_71' title="bbox 158 2488 528 2520">
     <span class='ocr_line' id='line_1_71' title="bbox 158 2488 528 2520; baseline 0.003 -5"><span class='ocrx_word' id='word_1_519' title='bbox 158 2489 266 2515; x_wconf 82' lang='lat' dir='ltr'><strong>deriana</strong></span> <span class='ocrx_word' id='word_1_520' title='bbox 285 2490 315 2514; x_wconf 83' lang='lat' dir='ltr'><strong>ad</strong></span> <span class='ocrx_word' id='word_1_521' title='bbox 329 2488 407 2516; x_wconf 71' lang='lat' dir='ltr'><strong>Luca:</strong></span> <span class='ocrx_word' id='word_1_522' title='bbox 421 2497 483 2520; x_wconf 80' lang='lat' dir='ltr'><strong>vnt,</strong></span> 
     </span>
    </p>
   </div>
   <div class='ocr_carea' id='block_1_72' title="bbox 196 2532 943 2568">
    <p class='ocr_par' dir='ltr' id='par_1_72' title="bbox 196 2532 943 2568">
     <span class='ocr_line' id='line_1_72' title="bbox 196 2532 943 2568; baseline 0.003 -9"><span class='ocrx_word' id='word_1_523' title='bbox 196 2533 228 2559; x_wconf 89' lang='lat' dir='ltr'><strong>In</strong></span> <span class='ocrx_word' id='word_1_524' title='bbox 246 2532 441 2561; x_wconf 74' lang='lat' dir='ltr'><strong>Ecclesiastem.</strong></span> <span class='ocrx_word' id='word_1_525' title='bbox 454 2533 532 2562; x_wconf 78' lang='lat' dir='ltr'><strong>Joan.</strong></span> <span class='ocrx_word' id='word_1_526' title='bbox 556 2534 738 2562; x_wconf 82' lang='lat' dir='ltr'><strong>Damasecnus</strong></span> <span class='ocrx_word' id='word_1_527' title='bbox 751 2535 776 2562; x_wconf 91' lang='lat' dir='ltr'><strong>iu</strong></span> <span class='ocrx_word' id='word_1_528' title='bbox 792 2534 880 2561; x_wconf 81' lang='lat' dir='ltr'><strong>Sacris</strong></span> <span class='ocrx_word' id='word_1_529' title='bbox 896 2543 943 2568; x_wconf 86' lang='lat' dir='ltr'><strong>pa-</strong></span> 
     </span>
    </p>
   </div>
   <div class='ocr_carea' id='block_1_73' title="bbox 158 2579 421 2614">
    <p class='ocr_par' dir='ltr' id='par_1_73' title="bbox 158 2579 421 2614">
     <span class='ocr_line' id='line_1_73' title="bbox 158 2579 421 2614; baseline 0.008 -10"><span class='ocrx_word' id='word_1_530' title='bbox 158 2579 267 2609; x_wconf 74' lang='lat' dir='ltr'><strong>rallelis.</strong></span> <span class='ocrx_word' id='word_1_531' title='bbox 283 2587 341 2614; x_wconf 67' lang='lat' dir='ltr'><strong>pag.</strong></span> <span class='ocrx_word' id='word_1_532' title='bbox 358 2579 421 2606; x_wconf 79' lang='lat'><strong>685.</strong></span> 
     </span>
    </p>
   </div>
   <div class='ocr_carea' id='block_1_74' title="bbox 194 2624 942 2654">
    <p class='ocr_par' dir='ltr' id='par_1_74' title="bbox 194 2624 942 2654">
     <span class='ocr_line' id='line_1_74' title="bbox 194 2624 942 2654; baseline 0.003 -4"><span class='ocrx_word' id='word_1_533' title='bbox 194 2624 228 2650; x_wconf 87' lang='lat' dir='ltr'><strong>In</strong></span> <span class='ocrx_word' id='word_1_534' title='bbox 256 2625 395 2652; x_wconf 78' lang='lat' dir='ltr'><strong>Canticum</strong></span> <span class='ocrx_word' id='word_1_535' title='bbox 421 2626 546 2653; x_wconf 82' lang='lat' dir='ltr'><strong>canticor.</strong></span> <span class='ocrx_word' id='word_1_536' title='bbox 573 2627 671 2654; x_wconf 79' lang='lat' dir='ltr'><strong>Catena</strong></span> <span class='ocrx_word' id='word_1_537' title='bbox 695 2634 708 2652; x_wconf 87' lang='lat' dir='ltr'><strong>a</strong></span> <span class='ocrx_word' id='word_1_538' title='bbox 736 2625 852 2654; x_wconf 83' lang='lat' dir='ltr'><strong>Meursio</strong></span> <span class='ocrx_word' id='word_1_539' title='bbox 871 2626 942 2653; x_wconf 83' lang='lat' dir='ltr'><strong>edita</strong></span> 
     </span>
    </p>
   </div>
   <div class='ocr_carea' id='block_1_75' title="bbox 161 2671 278 2704">
    <p class='ocr_par' dir='ltr' id='par_1_75' title="bbox 161 2671 278 2704">
     <span class='ocr_line' id='line_1_75' title="bbox 161 2671 278 2704; baseline 0.009 -9"><span class='ocrx_word' id='word_1_540' title='bbox 161 2677 221 2704; x_wconf 64' lang='lat' dir='ltr'><strong>pag.</strong></span> <span class='ocrx_word' id='word_1_541' title='bbox 240 2671 278 2696; x_wconf 82' lang='lat' dir='ltr'><strong>l9.</strong></span> 
     </span>
    </p>
   </div>
   <div class='ocr_carea' id='block_1_76' title="bbox 197 2714 944 2750">
    <p class='ocr_par' dir='ltr' id='par_1_76' title="bbox 197 2714 944 2750">
     <span class='ocr_line' id='line_1_76' title="bbox 197 2714 944 2750; baseline 0.003 -11"><span class='ocrx_word' id='word_1_542' title='bbox 197 2714 228 2740; x_wconf 83' lang='lat' dir='ltr'><strong>In</strong></span> <span class='ocrx_word' id='word_1_543' title='bbox 249 2715 326 2741; x_wconf 70' lang='lat' dir='ltr'><strong>Isaia-</strong></span> <span class='ocrx_word' id='word_1_544' title='bbox 347 2722 474 2747; x_wconf 57' lang='lat' dir='ltr'><strong>postrema</strong></span> <span class='ocrx_word' id='word_1_545' title='bbox 491 2725 507 2742; x_wconf 77' lang='lat' dir='ltr'><em>ﬂ</em></span> <span class='ocrx_word' id='word_1_546' title='bbox 521 2716 720 2750; x_wconf 72' lang='lat' dir='ltr'><strong>quadragesimo</strong></span> <span class='ocrx_word' id='word_1_547' title='bbox 737 2724 817 2750; x_wconf 79' lang='lat' dir='ltr'><strong>usque</strong></span> <span class='ocrx_word' id='word_1_548' title='bbox 835 2716 922 2749; x_wconf 83' lang='lat' dir='ltr'><strong>capita</strong></span> <span class='ocrx_word' id='word_1_549' title='bbox 935 2733 944 2745; x_wconf 86' lang='lat'><strong>,</strong></span> 
     </span>
    </p>
   </div>
   <div class='ocr_carea' id='block_1_77' title="bbox 161 2759 943 2797">
    <p class='ocr_par' dir='ltr' id='par_1_77' title="bbox 161 2759 943 2797">
     <span class='ocr_line' id='line_1_77' title="bbox 161 2759 943 2797; baseline 0.001 -12"><span class='ocrx_word' id='word_1_550' title='bbox 161 2764 222 2787; x_wconf 68' lang='lat' dir='ltr'><strong>latnt</strong></span> <span class='ocrx_word' id='word_1_551' title='bbox 243 2759 355 2787; x_wconf 34' lang='lat' dir='ltr'><strong>.I‘I’Ill.</strong></span> <span class='ocrx_word' id='word_1_552' title='bbox 385 2761 560 2797; x_wconf 72' lang='lat' dir='ltr'><strong>Hieronymus</strong></span> <span class='ocrx_word' id='word_1_553' title='bbox 584 2760 695 2796; x_wconf 79' lang='lat' dir='ltr'><strong>Pt&#39;olugn</strong></span> <span class='ocrx_word' id='word_1_554' title='bbox 713 2761 737 2786; x_wconf 87' lang='lat' dir='ltr'><strong>in</strong></span> <span class='ocrx_word' id='word_1_555' title='bbox 758 2760 868 2786; x_wconf 61' lang='lat' dir='ltr'><strong>Isaiam.</strong></span> <span class='ocrx_word' id='word_1_556' title='bbox 893 2759 943 2786; x_wconf 80' lang='lat' dir='ltr'><strong>Di-</strong></span> 
     </span>
    </p>
   </div>
   <div class='ocr_carea' id='block_1_78' title="bbox 982 848 1768 882">
    <p class='ocr_par' dir='ltr' id='par_1_78' title="bbox 982 848 1768 882">
     <span class='ocr_line' id='line_1_78' title="bbox 982 848 1768 882; baseline -0.001 -6"><span class='ocrx_word' id='word_1_557' title='bbox 982 850 1066 876; x_wconf 86' lang='lat' dir='ltr'><strong>viram</strong></span> <span class='ocrx_word' id='word_1_558' title='bbox 1082 849 1122 875; x_wconf 79' lang='lat' dir='ltr'><strong>sui</strong></span> <span class='ocrx_word' id='word_1_559' title='bbox 1134 849 1257 882; x_wconf 78' lang='lat' dir='ltr'><strong>temporis</strong></span> <span class='ocrx_word' id='word_1_560' title='bbox 1267 848 1485 879; x_wconf 71' lang='lat' dir='ltr'><strong>eruditissimum,</strong></span> <span class='ocrx_word' id='word_1_561' title='bbox 1495 849 1632 882; x_wconf 78' lang='lat' dir='ltr'><strong>rogavique</strong></span> <span class='ocrx_word' id='word_1_562' title='bbox 1646 857 1715 879; x_wconf 86' lang='lat' dir='ltr'><strong>eum,</strong></span> <span class='ocrx_word' id='word_1_563' title='bbox 1729 854 1768 880; x_wconf 84' lang='lat' dir='ltr'><strong>ut.</strong></span> 
     </span>
    </p>
   </div>
   <div class='ocr_carea' id='block_1_79' title="bbox 982 893 1771 929">
    <p class='ocr_par' dir='ltr' id='par_1_79' title="bbox 982 893 1771 929">
     <span class='ocr_line' id='line_1_79' title="bbox 982 893 1771 929; baseline 0 -9"><span class='ocrx_word' id='word_1_564' title='bbox 982 895 1050 929; x_wconf 87' lang='lat' dir='ltr'><strong>quotl</strong></span> <span class='ocrx_word' id='word_1_565' title='bbox 1069 893 1193 929; x_wconf 76' lang='lat' dir='ltr'><strong>Origenes</strong></span> <span class='ocrx_word' id='word_1_566' title='bbox 1213 901 1264 920; x_wconf 87' lang='lat' dir='ltr'><strong>non</strong></span> <span class='ocrx_word' id='word_1_567' title='bbox 1278 894 1386 928; x_wconf 78' lang='lat' dir='ltr'><strong>fecerat,</strong></span> <span class='ocrx_word' id='word_1_568' title='bbox 1403 894 1457 928; x_wconf 76' lang='lat' dir='ltr'><strong>ipse</strong></span> <span class='ocrx_word' id='word_1_569' title='bbox 1470 894 1619 927; x_wconf 82' lang='lat' dir='ltr'><strong>compleret,</strong></span> <span class='ocrx_word' id='word_1_570' title='bbox 1636 899 1659 920; x_wconf 87' lang='lat' dir='ltr'><strong>et</strong></span> <span class='ocrx_word' id='word_1_571' title='bbox 1673 895 1771 920; x_wconf 77' lang='lat' dir='ltr'><strong>scribe-</strong></span> 
     </span>
    </p>
   </div>
   <div class='ocr_carea' id='block_1_80' title="bbox 983 939 1771 974">
    <p class='ocr_par' dir='ltr' id='par_1_80' title="bbox 983 939 1771 974">
     <span class='ocr_line' id='line_1_80' title="bbox 983 939 1771 974; baseline 0 -8"><span class='ocrx_word' id='word_1_572' title='bbox 983 945 1022 966; x_wconf 85' lang='lat' dir='ltr'><strong>ret</strong></span> <span class='ocrx_word' id='word_1_573' title='bbox 1049 941 1074 966; x_wconf 89' lang='lat' dir='ltr'><strong>in</strong></span> <span class='ocrx_word' id='word_1_574' title='bbox 1101 939 1167 966; x_wconf 80' lang='lat' dir='ltr'><strong>Osee</strong></span> <span class='ocrx_word' id='word_1_575' title='bbox 1186 939 1386 966; x_wconf 86' lang='lat' dir='ltr'><strong>commentarios</strong></span> <span class='ocrx_word' id='word_1_576' title='bbox 1405 948 1413 966; x_wconf 86' lang='lat'><strong>.&#39;</strong></span> <span class='ocrx_word' id='word_1_577' title='bbox 1430 940 1474 973; x_wconf 86' lang='lat' dir='ltr'><strong>qui</strong></span> <span class='ocrx_word' id='word_1_578' title='bbox 1501 945 1552 966; x_wconf 79' lang='lat' dir='ltr'><strong>tres</strong></span> <span class='ocrx_word' id='word_1_579' title='bbox 1571 939 1650 966; x_wconf 85' lang='lat' dir='ltr'><strong>libros</strong></span> <span class='ocrx_word' id='word_1_580' title='bbox 1672 948 1711 966; x_wconf 86' lang='lat' dir='ltr'><strong>me</strong></span> <span class='ocrx_word' id='word_1_581' title='bbox 1726 948 1771 974; x_wconf 79' lang='lat' dir='ltr'><strong>pc-</strong></span> 
     </span>
    </p>
   </div>
   <div class='ocr_carea' id='block_1_81' title="bbox 983 982 1622 1021">
    <p class='ocr_par' dir='ltr' id='par_1_81' title="bbox 983 982 1622 1021">
     <span class='ocr_line' id='line_1_81' title="bbox 983 982 1622 1021; baseline 0 -11"><span class='ocrx_word' id='word_1_582' title='bbox 983 989 1052 1021; x_wconf 35' lang='lat' dir='ltr'><strong>ten‘tc</strong></span> <span class='ocrx_word' id='word_1_583' title='bbox 1065 984 1186 1016; x_wconf 77' lang='lat' dir='ltr'><strong>dictavit,</strong></span> <span class='ocrx_word' id='word_1_584' title='bbox 1200 985 1314 1018; x_wconf 82' lang='lat' dir='ltr'><strong>quinque</strong></span> <span class='ocrx_word' id='word_1_585' title='bbox 1328 984 1395 1010; x_wconf 76' lang='lat' dir='ltr'><strong>alios</strong></span> <span class='ocrx_word' id='word_1_586' title='bbox 1412 984 1439 1010; x_wconf 90' lang='lat' dir='ltr'><strong>in</strong></span> <span class='ocrx_word' id='word_1_587' title='bbox 1452 982 1622 1010; x_wconf 78' lang='lat' dir='ltr'><strong>Zachariam.</strong></span> 
     </span>
    </p>
   </div>
   <div class='ocr_carea' id='block_1_82' title="bbox 1020 1028 1768 1064">
    <p class='ocr_par' dir='ltr' id='par_1_82' title="bbox 1020 1028 1768 1064">
     <span class='ocr_line' id='line_1_82' title="bbox 1020 1028 1768 1064; baseline 0 -8"><span class='ocrx_word' id='word_1_588' title='bbox 1020 1029 1053 1056; x_wconf 85' lang='lat' dir='ltr'><strong>In</strong></span> <span class='ocrx_word' id='word_1_589' title='bbox 1068 1029 1226 1056; x_wconf 85' lang='lat' dir='ltr'><strong>Zachariam</strong></span> <span class='ocrx_word' id='word_1_590' title='bbox 1237 1029 1299 1055; x_wconf 83' lang='lat' dir='ltr'><strong>libri</strong></span> <span class='ocrx_word' id='word_1_591' title='bbox 1319 1028 1349 1061; x_wconf 83' lang='lat' dir='ltr'><strong>V,</strong></span> <span class='ocrx_word' id='word_1_592' title='bbox 1364 1029 1527 1064; x_wconf 86' lang='lat' dir='ltr'><strong>llicronymo</strong></span> <span class='ocrx_word' id='word_1_593' title='bbox 1541 1034 1651 1063; x_wconf 79' lang='lat' dir='ltr'><strong>rogante</strong></span> <span class='ocrx_word' id='word_1_594' title='bbox 1665 1030 1768 1064; x_wconf 83' lang='lat' dir='ltr'><strong>scripti.</strong></span> 
     </span>
    </p>
   </div>
   <div class='ocr_carea' id='block_1_83' title="bbox 984 1075 1772 1109">
    <p class='ocr_par' dir='ltr' id='par_1_83' title="bbox 984 1075 1772 1109">
     <span class='ocr_line' id='line_1_83' title="bbox 984 1075 1772 1109; baseline -0.003 -6"><span class='ocrx_word' id='word_1_595' title='bbox 984 1076 1020 1103; x_wconf 86' lang='lat' dir='ltr'><strong>Id.</strong></span> <span class='ocrx_word' id='word_1_596' title='bbox 1033 1076 1168 1102; x_wconf 73' lang='lat' dir='ltr'><strong>Prommio</strong></span> <span class='ocrx_word' id='word_1_597' title='bbox 1182 1076 1208 1102; x_wconf 83' lang='lat' dir='ltr'><strong>in</strong></span> <span class='ocrx_word' id='word_1_598' title='bbox 1223 1075 1382 1102; x_wconf 86' lang='lat' dir='ltr'><strong>Zachariam</strong></span> <span class='ocrx_word' id='word_1_599' title='bbox 1396 1083 1404 1102; x_wconf 92' lang='lat'><strong><em>:</em></strong></span> <span class='ocrx_word' id='word_1_600' title='bbox 1420 1075 1547 1109; x_wconf 78' lang='lat' dir='ltr'><strong>Didymus</strong></span> <span class='ocrx_word' id='word_1_601' title='bbox 1560 1076 1672 1109; x_wconf 76' lang='lat' dir='ltr'><strong>quinque</strong></span> <span class='ocrx_word' id='word_1_602' title='bbox 1682 1076 1772 1108; x_wconf 70' lang='lat' dir='ltr'><strong>expla-</strong></span> 
     </span>
    </p>
   </div>
   <div class='ocr_carea' id='block_1_84' title="bbox 984 1120 1770 1155">
    <p class='ocr_par' dir='ltr' id='par_1_84' title="bbox 984 1120 1770 1155">
     <span class='ocr_line' id='line_1_84' title="bbox 984 1120 1770 1155; baseline -0.001 -7"><span class='ocrx_word' id='word_1_603' title='bbox 984 1122 1118 1148; x_wconf 87' lang='lat' dir='ltr'><strong>natiomtm</strong></span> <span class='ocrx_word' id='word_1_604' title='bbox 1134 1121 1214 1148; x_wconf 82' lang='lat' dir='ltr'><strong>libros</strong></span> <span class='ocrx_word' id='word_1_605' title='bbox 1230 1129 1270 1148; x_wconf 84' lang='lat' dir='ltr'><strong>me</strong></span> <span class='ocrx_word' id='word_1_606' title='bbox 1284 1125 1390 1155; x_wconf 84' lang='lat' dir='ltr'><strong>rogante</strong></span> <span class='ocrx_word' id='word_1_607' title='bbox 1409 1120 1532 1152; x_wconf 74' lang='lat' dir='ltr'><strong>dictavit,</strong></span> <span class='ocrx_word' id='word_1_608' title='bbox 1546 1129 1608 1154; x_wconf 80' lang='lat' dir='ltr'><strong>quos</strong></span> <span class='ocrx_word' id='word_1_609' title='bbox 1630 1129 1689 1147; x_wconf 87' lang='lat' dir='ltr'><strong>cunt</strong></span> <span class='ocrx_word' id='word_1_610' title='bbox 1710 1120 1770 1147; x_wconf 84' lang='lat' dir='ltr'><strong>aliis</strong></span> 
     </span>
    </p>
   </div>
   <div class='ocr_carea' id='block_1_85' title="bbox 985 1165 1770 1202">
    <p class='ocr_par' dir='ltr' id='par_1_85' title="bbox 985 1165 1770 1202">
     <span class='ocr_line' id='line_1_85' title="bbox 985 1165 1770 1202; baseline 0 -10"><span class='ocrx_word' id='word_1_611' title='bbox 985 1168 1066 1194; x_wconf 80' lang='lat' dir='ltr'><strong>tribus</strong></span> <span class='ocrx_word' id='word_1_612' title='bbox 1081 1167 1108 1193; x_wconf 84' lang='lat' dir='ltr'><strong>in</strong></span> <span class='ocrx_word' id='word_1_613' title='bbox 1124 1166 1188 1194; x_wconf 79' lang='lat' dir='ltr'><strong>Osee</strong></span> <span class='ocrx_word' id='word_1_614' title='bbox 1202 1172 1226 1194; x_wconf 82' lang='lat' dir='ltr'><strong>et</strong></span> <span class='ocrx_word' id='word_1_615' title='bbox 1241 1167 1304 1193; x_wconf 88' lang='lat' dir='ltr'><strong>milti</strong></span> <span class='ocrx_word' id='word_1_616' title='bbox 1317 1165 1538 1202; x_wconf 62' lang='lat' dir='ltr'><strong>:posszptbv&#39;qasv.</strong></span> <span class='ocrx_word' id='word_1_617' title='bbox 1552 1166 1603 1193; x_wconf 85' lang='lat' dir='ltr'><strong>Sed</strong></span> <span class='ocrx_word' id='word_1_618' title='bbox 1615 1172 1668 1193; x_wconf 89' lang='lat' dir='ltr'><strong>tota</strong></span> <span class='ocrx_word' id='word_1_619' title='bbox 1681 1175 1770 1193; x_wconf 83' lang='lat' dir='ltr'><strong>eorum</strong></span> 
     </span>
    </p>
   </div>
   <div class='ocr_carea' id='block_1_86' title="bbox 984 1213 1773 1248">
    <p class='ocr_par' dir='ltr' id='par_1_86' title="bbox 984 1213 1773 1248">
     <span class='ocr_line' id='line_1_86' title="bbox 984 1213 1773 1248; baseline -0.001 -9"><span class='ocrx_word' id='word_1_620' title='bbox 984 1213 1114 1248; x_wconf 75' lang='grc' dir='ltr'><strong>ἐξήγησις</strong></span> <span class='ocrx_word' id='word_1_621' title='bbox 1132 1213 1272 1248; x_wconf 86' lang='lat' dir='ltr'><strong>allegorica</strong></span> <span class='ocrx_word' id='word_1_622' title='bbox 1291 1213 1352 1247; x_wconf 72' lang='lat' dir='ltr'><strong>(ait,</strong></span> <span class='ocrx_word' id='word_1_623' title='bbox 1368 1218 1390 1239; x_wconf 78' lang='lat' dir='ltr'><strong>et</strong></span> <span class='ocrx_word' id='word_1_624' title='bbox 1410 1213 1526 1240; x_wconf 71' lang='lat' dir='ltr'><strong>historia:</strong></span> <span class='ocrx_word' id='word_1_625' title='bbox 1541 1213 1584 1239; x_wconf 66' lang='lat' dir='ltr'><strong>vis:</strong></span> <span class='ocrx_word' id='word_1_626' title='bbox 1606 1220 1689 1246; x_wconf 84' lang='lat' dir='ltr'><strong>pauca</strong></span> <span class='ocrx_word' id='word_1_627' title='bbox 1714 1213 1773 1239; x_wconf 74' lang='lat' dir='ltr'><strong>tesi-</strong></span> 
     </span>
    </p>
   </div>
   <div class='ocr_carea' id='block_1_87' title="bbox 985 1264 1087 1294">
    <p class='ocr_par' dir='ltr' id='par_1_87' title="bbox 985 1264 1087 1294">
     <span class='ocr_line' id='line_1_87' title="bbox 985 1264 1087 1294; baseline 0 -8"><span class='ocrx_word' id='word_1_628' title='bbox 985 1264 1087 1294; x_wconf 86' lang='lat' dir='ltr'><strong>gerant.</strong></span> 
     </span>
    </p>
   </div>
   <div class='ocr_carea' id='block_1_88' title="bbox 1021 1305 1773 1341">
    <p class='ocr_par' dir='ltr' id='par_1_88' title="bbox 1021 1305 1773 1341">
     <span class='ocr_line' id='line_1_88' title="bbox 1021 1305 1773 1341; baseline -0.003 -9"><span class='ocrx_word' id='word_1_629' title='bbox 1021 1306 1109 1332; x_wconf 85' lang='lat' dir='ltr'><strong>Etiam</strong></span> <span class='ocrx_word' id='word_1_630' title='bbox 1121 1306 1146 1332; x_wconf 91' lang='lat' dir='ltr'><strong>in</strong></span> <span class='ocrx_word' id='word_1_631' title='bbox 1158 1305 1295 1333; x_wconf 78' lang='lat' dir='ltr'><strong>illic/trram</strong></span> <span class='ocrx_word' id='word_1_632' title='bbox 1306 1305 1445 1340; x_wconf 84' lang='lat' dir='ltr'><strong>scripsisse</strong></span> <span class='ocrx_word' id='word_1_633' title='bbox 1458 1305 1599 1341; x_wconf 84' lang='lat' dir='ltr'><strong>Didymunt</strong></span> <span class='ocrx_word' id='word_1_634' title='bbox 1609 1309 1662 1332; x_wconf 86' lang='lat' dir='ltr'><strong>tres</strong></span> <span class='ocrx_word' id='word_1_635' title='bbox 1677 1305 1773 1340; x_wconf 88' lang='lat' dir='ltr'><strong>libros,</strong></span> 
     </span>
    </p>
   </div>
   <div class='ocr_carea' id='block_1_89' title="bbox 986 1350 1773 1388">
    <p class='ocr_par' dir='ltr' id='par_1_89' title="bbox 986 1350 1773 1388">
     <span class='ocr_line' id='line_1_89' title="bbox 986 1350 1773 1388; baseline -0.003 -10"><span class='ocrx_word' id='word_1_636' title='bbox 986 1356 1060 1378; x_wconf 86' lang='lat' dir='ltr'><strong>notat</strong></span> <span class='ocrx_word' id='word_1_637' title='bbox 1079 1351 1267 1379; x_wconf 85' lang='lat' dir='ltr'><strong>Tilletnontius</strong></span> <span class='ocrx_word' id='word_1_638' title='bbox 1284 1355 1350 1378; x_wconf 88' lang='lat' dir='ltr'><strong>tom.</strong></span> <span class='ocrx_word' id='word_1_639' title='bbox 1368 1351 1390 1378; x_wconf 83' lang='lat' dir='ltr'><strong>X</strong></span> <span class='ocrx_word' id='word_1_640' title='bbox 1408 1351 1531 1382; x_wconf 86' lang='lat' dir='ltr'><strong>Memor.,</strong></span> <span class='ocrx_word' id='word_1_641' title='bbox 1559 1359 1619 1386; x_wconf 75' lang='lat' dir='ltr'><strong>pag.</strong></span> <span class='ocrx_word' id='word_1_642' title='bbox 1636 1350 1707 1383; x_wconf 76' lang='lat'><strong>595;</strong></span> <span class='ocrx_word' id='word_1_643' title='bbox 1726 1350 1773 1388; x_wconf 86' lang='lat' dir='ltr'><strong>sed</strong></span> 
     </span>
    </p>
   </div>
   <div class='ocr_carea' id='block_1_90' title="bbox 987 1396 1774 1432">
    <p class='ocr_par' dir='ltr' id='par_1_90' title="bbox 987 1396 1774 1432">
     <span class='ocr_line' id='line_1_90' title="bbox 987 1396 1774 1432; baseline -0.003 -8"><span class='ocrx_word' id='word_1_644' title='bbox 987 1398 1091 1432; x_wconf 82' lang='lat' dir='ltr'><strong>decepit</strong></span> <span class='ocrx_word' id='word_1_645' title='bbox 1116 1405 1176 1425; x_wconf 85' lang='lat' dir='ltr'><strong>eum</strong></span> <span class='ocrx_word' id='word_1_646' title='bbox 1198 1403 1341 1432; x_wconf 86' lang='lat' dir='ltr'><strong>corruptus</strong></span> <span class='ocrx_word' id='word_1_647' title='bbox 1367 1397 1491 1424; x_wconf 71' lang='lat' dir='ltr'><strong>Promuii</strong></span> <span class='ocrx_word' id='word_1_648' title='bbox 1522 1396 1723 1431; x_wconf 84' lang='lat' dir='ltr'><strong>llieronymiani</strong></span> <span class='ocrx_word' id='word_1_649' title='bbox 1743 1397 1774 1422; x_wconf 86' lang='lat' dir='ltr'><strong>in</strong></span> 
     </span>
    </p>
   </div>
   <div class='ocr_carea' id='block_1_91' title="bbox 987 1442 1772 1478">
    <p class='ocr_par' dir='ltr' id='par_1_91' title="bbox 987 1442 1772 1478">
     <span class='ocr_line' id='line_1_91' title="bbox 987 1442 1772 1478; baseline -0.001 -8"><span class='ocrx_word' id='word_1_650' title='bbox 987 1444 1143 1471; x_wconf 77' lang='lat' dir='ltr'><strong>Zachariam</strong></span> <span class='ocrx_word' id='word_1_651' title='bbox 1167 1443 1240 1471; x_wconf 85' lang='lat' dir='ltr'><strong>locus</strong></span> <span class='ocrx_word' id='word_1_652' title='bbox 1259 1453 1265 1471; x_wconf 92' lang='lat'><strong>:</strong></span> <span class='ocrx_word' id='word_1_653' title='bbox 1288 1452 1352 1478; x_wconf 83' lang='lat' dir='ltr'><strong>quos</strong></span> <span class='ocrx_word' id='word_1_654' title='bbox 1369 1452 1428 1470; x_wconf 86' lang='lat' dir='ltr'><strong>cum</strong></span> <span class='ocrx_word' id='word_1_655' title='bbox 1446 1444 1529 1470; x_wconf 83' lang='lat' dir='ltr'><strong>tribus</strong></span> <span class='ocrx_word' id='word_1_656' title='bbox 1545 1443 1605 1470; x_wconf 84' lang='lat' dir='ltr'><strong>aliis</strong></span> <span class='ocrx_word' id='word_1_657' title='bbox 1623 1444 1650 1470; x_wconf 86' lang='lat' dir='ltr'><strong>in</strong></span> <span class='ocrx_word' id='word_1_658' title='bbox 1669 1442 1734 1471; x_wconf 81' lang='lat' dir='ltr'><strong>Osee</strong></span> <span class='ocrx_word' id='word_1_659' title='bbox 1747 1447 1772 1470; x_wconf 82' lang='lat' dir='ltr'><strong>et</strong></span> 
     </span>
    </p>
   </div>
   <div class='ocr_carea' id='block_1_92' title="bbox 988 1488 1773 1525">
    <p class='ocr_par' dir='ltr' id='par_1_92' title="bbox 988 1488 1773 1525">
     <span class='ocr_line' id='line_1_92' title="bbox 988 1488 1773 1525; baseline -0.001 -10"><span class='ocrx_word' id='word_1_660' title='bbox 988 1489 1100 1517; x_wconf 61' lang='lat' dir='ltr'><strong>Illic/tata</strong></span> <span class='ocrx_word' id='word_1_661' title='bbox 1117 1491 1337 1525; x_wconf 75' lang='grc' dir='ltr'><strong>προσεφώνησεν,</strong></span> <span class='ocrx_word' id='word_1_662' title='bbox 1356 1497 1414 1523; x_wconf 90' lang='lat' dir='ltr'><strong>pro,</strong></span> <span class='ocrx_word' id='word_1_663' title='bbox 1431 1494 1454 1516; x_wconf 84' lang='lat' dir='ltr'><strong>et</strong></span> <span class='ocrx_word' id='word_1_664' title='bbox 1472 1489 1535 1516; x_wconf 88' lang='lat' dir='ltr'><strong>mihi</strong></span> <span class='ocrx_word' id='word_1_665' title='bbox 1551 1488 1773 1524; x_wconf 74' lang='grc' dir='ltr'><strong>προσεφώνησεν,</strong></span> 
     </span>
    </p>
   </div>
   <div class='ocr_carea' id='block_1_93' title="bbox 988 1533 1634 1561">
    <p class='ocr_par' dir='ltr' id='par_1_93' title="bbox 988 1533 1634 1561">
     <span class='ocr_line' id='line_1_93' title="bbox 988 1533 1634 1561; baseline 0 -1"><span class='ocrx_word' id='word_1_666' title='bbox 988 1538 1016 1560; x_wconf 89' lang='grc' dir='ltr'><strong>ιιι</strong></span> <span class='ocrx_word' id='word_1_667' title='bbox 1031 1541 1045 1560; x_wconf 89' lang='lat' dir='ltr'><strong>e</strong></span> <span class='ocrx_word' id='word_1_668' title='bbox 1068 1541 1132 1561; x_wconf 84' lang='lat' dir='ltr'><strong>mss.</strong></span> <span class='ocrx_word' id='word_1_669' title='bbox 1148 1534 1207 1560; x_wconf 85' lang='lat' dir='ltr'><strong>cod.</strong></span> <span class='ocrx_word' id='word_1_670' title='bbox 1229 1538 1300 1560; x_wconf 83' lang='lat' dir='ltr'><strong>recte</strong></span> <span class='ocrx_word' id='word_1_671' title='bbox 1321 1533 1491 1560; x_wconf 71' lang='lat' dir='ltr'><strong>hlartianmns</strong></span> <span class='ocrx_word' id='word_1_672' title='bbox 1506 1533 1634 1561; x_wconf 81' lang='lat' dir='ltr'><strong>restituit.</strong></span> 
     </span>
    </p>
   </div>
   <div class='ocr_carea' id='block_1_94' title="bbox 1019 1578 1773 1619">
    <p class='ocr_par' dir='ltr' id='par_1_94' title="bbox 1019 1578 1773 1619">
     <span class='ocr_line' id='line_1_94' title="bbox 1019 1578 1773 1619; baseline 0.001 -13"><span class='ocrx_word' id='word_1_673' title='bbox 1019 1580 1050 1606; x_wconf 86' lang='lat' dir='ltr'><strong>In</strong></span> <span class='ocrx_word' id='word_1_674' title='bbox 1065 1579 1234 1613; x_wconf 76' lang='lat' dir='ltr'><strong>Erangelium</strong></span> <span class='ocrx_word' id='word_1_675' title='bbox 1250 1578 1379 1619; x_wconf 76' lang='lat' dir='ltr'><strong>.‘llattha&#39;i.</strong></span> <span class='ocrx_word' id='word_1_676' title='bbox 1393 1579 1511 1606; x_wconf 83' lang='lat' dir='ltr'><strong>Meminit</strong></span> <span class='ocrx_word' id='word_1_677' title='bbox 1527 1579 1637 1607; x_wconf 73' lang='lat' dir='ltr'><strong>Hieron.</strong></span> <span class='ocrx_word' id='word_1_678' title='bbox 1650 1587 1710 1615; x_wconf 87' lang='lat' dir='ltr'><strong>cap.</strong></span> <span class='ocrx_word' id='word_1_679' title='bbox 1723 1580 1773 1607; x_wconf 85' lang='lat' dir='ltr'><strong>I09</strong></span> 
     </span>
    </p>
   </div>
   <div class='ocr_carea' id='block_1_95' title="bbox 988 1623 1772 1659">
    <p class='ocr_par' dir='ltr' id='par_1_95' title="bbox 988 1623 1772 1659">
     <span class='ocr_line' id='line_1_95' title="bbox 988 1623 1772 1659; baseline 0.003 -9"><span class='ocrx_word' id='word_1_680' title='bbox 988 1623 1107 1657; x_wconf 82' lang='lat' dir='ltr'><strong>Catalogi</strong></span> <span class='ocrx_word' id='word_1_681' title='bbox 1118 1629 1145 1650; x_wconf 85' lang='lat' dir='ltr'><strong>et</strong></span> <span class='ocrx_word' id='word_1_682' title='bbox 1158 1624 1276 1650; x_wconf 67' lang='lat' dir='ltr'><strong>Protem.</strong></span> <span class='ocrx_word' id='word_1_683' title='bbox 1285 1624 1313 1650; x_wconf 89' lang='lat' dir='ltr'><strong>in</strong></span> <span class='ocrx_word' id='word_1_684' title='bbox 1326 1623 1479 1650; x_wconf 75' lang='lat' dir='ltr'><strong>Matt/neum</strong></span> <span class='ocrx_word' id='word_1_685' title='bbox 1490 1624 1670 1659; x_wconf 80' lang='lat' dir='ltr'><strong>;Nicephorus</strong></span> <span class='ocrx_word' id='word_1_686' title='bbox 1679 1633 1716 1656; x_wconf 80' lang='lat' dir='ltr'><strong>Ix,</strong></span> <span class='ocrx_word' id='word_1_687' title='bbox 1729 1625 1772 1653; x_wconf 86' lang='grc'><strong>17.</strong></span> 
     </span>
    </p>
   </div>
   <div class='ocr_carea' id='block_1_96' title="bbox 988 1663 1774 1704">
    <p class='ocr_par' dir='ltr' id='par_1_96' title="bbox 988 1663 1774 1704">
     <span class='ocr_line' id='line_1_96' title="bbox 988 1663 1774 1704; baseline 0.003 -8"><span class='ocrx_word' id='word_1_688' title='bbox 988 1669 1059 1696; x_wconf 85' lang='lat' dir='ltr'><strong>Citat</strong></span> <span class='ocrx_word' id='word_1_689' title='bbox 1085 1663 1265 1696; x_wconf 82' lang='lat' dir='ltr'><strong>Datnascenus</strong></span> <span class='ocrx_word' id='word_1_690' title='bbox 1294 1677 1354 1704; x_wconf 75' lang='lat' dir='ltr'><strong>pag.</strong></span> <span class='ocrx_word' id='word_1_691' title='bbox 1386 1669 1438 1696; x_wconf 83' lang='lat'><strong>676</strong></span> <span class='ocrx_word' id='word_1_692' title='bbox 1466 1669 1595 1697; x_wconf 78' lang='lat' dir='ltr'><strong>l’arallel.</strong></span> <span class='ocrx_word' id='word_1_693' title='bbox 1626 1670 1654 1698; x_wconf 90' lang='lat' dir='ltr'><strong>In</strong></span> <span class='ocrx_word' id='word_1_694' title='bbox 1680 1676 1774 1698; x_wconf 86' lang='lat' dir='ltr'><strong>eatena</strong></span> 
     </span>
    </p>
   </div>
   <div class='ocr_carea' id='block_1_97' title="bbox 989 1714 1773 1750">
    <p class='ocr_par' dir='ltr' id='par_1_97' title="bbox 989 1714 1773 1750">
     <span class='ocr_line' id='line_1_97' title="bbox 989 1714 1773 1750; baseline 0.003 -9"><span class='ocrx_word' id='word_1_695' title='bbox 989 1715 1059 1741; x_wconf 86' lang='lat' dir='ltr'><strong>edita</strong></span> <span class='ocrx_word' id='word_1_696' title='bbox 1073 1715 1104 1742; x_wconf 85' lang='lat' dir='ltr'><strong>ad</strong></span> <span class='ocrx_word' id='word_1_697' title='bbox 1120 1714 1286 1747; x_wconf 72' lang='lat' dir='ltr'><strong>Mattbznutn,</strong></span> <span class='ocrx_word' id='word_1_698' title='bbox 1305 1722 1450 1750; x_wconf 88' lang='lat' dir='ltr'><strong>nusquam,</strong></span> <span class='ocrx_word' id='word_1_699' title='bbox 1474 1715 1546 1750; x_wconf 86' lang='lat' dir='ltr'><strong>quod</strong></span> <span class='ocrx_word' id='word_1_700' title='bbox 1565 1715 1677 1743; x_wconf 86' lang='lat' dir='ltr'><strong>miratus</strong></span> <span class='ocrx_word' id='word_1_701' title='bbox 1702 1723 1773 1748; x_wconf 89' lang='lat' dir='ltr'><strong>sum,</strong></span> 
     </span>
    </p>
   </div>
   <div class='ocr_carea' id='block_1_98' title="bbox 991 1759 1353 1795">
    <p class='ocr_par' dir='ltr' id='par_1_98' title="bbox 991 1759 1353 1795">
     <span class='ocr_line' id='line_1_98' title="bbox 991 1759 1353 1795; baseline 0.003 -9"><span class='ocrx_word' id='word_1_702' title='bbox 991 1759 1096 1795; x_wconf 85' lang='lat' dir='ltr'><strong>Didymi</strong></span> <span class='ocrx_word' id='word_1_703' title='bbox 1111 1768 1207 1787; x_wconf 85' lang='lat' dir='ltr'><strong>nomen</strong></span> <span class='ocrx_word' id='word_1_704' title='bbox 1224 1761 1353 1788; x_wconf 89' lang='lat' dir='ltr'><strong>occurrit.</strong></span> 
     </span>
    </p>
   </div>
   <div class='ocr_carea' id='block_1_99' title="bbox 1024 1805 1774 1842">
    <p class='ocr_par' dir='ltr' id='par_1_99' title="bbox 1024 1805 1774 1842">
     <span class='ocr_line' id='line_1_99' title="bbox 1024 1805 1774 1842; baseline 0.001 -10"><span class='ocrx_word' id='word_1_705' title='bbox 1024 1805 1057 1832; x_wconf 87' lang='lat' dir='ltr'><strong>In</strong></span> <span class='ocrx_word' id='word_1_706' title='bbox 1073 1805 1242 1840; x_wconf 85' lang='lat' dir='ltr'><strong>anngelium</strong></span> <span class='ocrx_word' id='word_1_707' title='bbox 1262 1805 1386 1833; x_wconf 85' lang='lat' dir='ltr'><strong>Joannis.</strong></span> <span class='ocrx_word' id='word_1_708' title='bbox 1403 1805 1514 1834; x_wconf 86' lang='lat' dir='ltr'><strong>Ilieron.</strong></span> <span class='ocrx_word' id='word_1_709' title='bbox 1531 1813 1556 1834; x_wconf 84' lang='lat' dir='ltr'><strong>c.</strong></span> <span class='ocrx_word' id='word_1_710' title='bbox 1572 1806 1623 1834; x_wconf 88' lang='grc'>109</span> <span class='ocrx_word' id='word_1_711' title='bbox 1636 1806 1774 1842; x_wconf 78' lang='lat' dir='ltr'><strong>Catalogi;</strong></span> 
     </span>
    </p>
   </div>
   <div class='ocr_carea' id='block_1_100' title="bbox 991 1851 1774 1887">
    <p class='ocr_par' dir='ltr' id='par_1_100' title="bbox 991 1851 1774 1887">
     <span class='ocr_line' id='line_1_100' title="bbox 991 1851 1774 1887; baseline 0.001 -9"><span class='ocrx_word' id='word_1_712' title='bbox 991 1851 1157 1886; x_wconf 73' lang='lat' dir='ltr'><strong>Niceptiorus</strong></span> <span class='ocrx_word' id='word_1_713' title='bbox 1175 1859 1213 1884; x_wconf 81' lang='lat' dir='ltr'><strong>ix,</strong></span> <span class='ocrx_word' id='word_1_714' title='bbox 1230 1852 1272 1878; x_wconf 87' lang='grc'><strong>17.</strong></span> <span class='ocrx_word' id='word_1_715' title='bbox 1299 1851 1371 1879; x_wconf 84' lang='lat' dir='ltr'><strong>Citat</strong></span> <span class='ocrx_word' id='word_1_716' title='bbox 1388 1852 1569 1879; x_wconf 77' lang='lat' dir='ltr'><strong>Damascenus</strong></span> <span class='ocrx_word' id='word_1_717' title='bbox 1586 1859 1646 1887; x_wconf 83' lang='lat' dir='ltr'><strong>pag.</strong></span> <span class='ocrx_word' id='word_1_718' title='bbox 1665 1853 1726 1885; x_wconf 70' lang='grc'>754,</span> <span class='ocrx_word' id='word_1_719' title='bbox 1747 1857 1774 1879; x_wconf 89' lang='lat' dir='ltr'><strong>et</strong></span> 
     </span>
    </p>
   </div>
   <div class='ocr_carea' id='block_1_101' title="bbox 991 1897 1774 1932">
    <p class='ocr_par' dir='ltr' id='par_1_101' title="bbox 991 1897 1774 1932">
     <span class='ocr_line' id='line_1_101' title="bbox 991 1897 1774 1932; baseline 0 -7"><span class='ocrx_word' id='word_1_720' title='bbox 991 1898 1088 1932; x_wconf 75' lang='lat' dir='ltr'><strong>saepius</strong></span> <span class='ocrx_word' id='word_1_721' title='bbox 1105 1901 1198 1924; x_wconf 82' lang='lat' dir='ltr'><strong>auctor</strong></span> <span class='ocrx_word' id='word_1_722' title='bbox 1217 1902 1318 1925; x_wconf 55' lang='lat' dir='ltr'><strong>catena</strong></span> <span class='ocrx_word' id='word_1_723' title='bbox 1337 1897 1444 1924; x_wconf 83' lang='lat' dir='ltr'><strong>Patrum</strong></span> <span class='ocrx_word' id='word_1_724' title='bbox 1467 1897 1621 1925; x_wconf 81' lang='lat' dir='ltr'><strong>Graecorum</strong></span> <span class='ocrx_word' id='word_1_725' title='bbox 1645 1898 1723 1925; x_wconf 66' lang='lat' dir='ltr'><strong>editae</strong></span> <span class='ocrx_word' id='word_1_726' title='bbox 1747 1898 1774 1925; x_wconf 88' lang='lat' dir='ltr'><strong>in</strong></span> 
     </span>
    </p>
   </div>
   <div class='ocr_carea' id='block_1_102' title="bbox 991 1936 1130 1970">
    <p class='ocr_par' dir='ltr' id='par_1_102' title="bbox 991 1936 1130 1970">
     <span class='ocr_line' id='line_1_102' title="bbox 991 1936 1130 1970; baseline 0 -1"><span class='ocrx_word' id='word_1_727' title='bbox 991 1936 1130 1970; x_wconf 78' lang='lat' dir='ltr'><strong>Joannem.</strong></span> 
     </span>
    </p>
   </div>
   <div class='ocr_carea' id='block_1_103' title="bbox 1027 1987 1775 2024">
    <p class='ocr_par' dir='ltr' id='par_1_103' title="bbox 1027 1987 1775 2024">
     <span class='ocr_line' id='line_1_103' title="bbox 1027 1987 1775 2024; baseline 0.003 -10"><span class='ocrx_word' id='word_1_728' title='bbox 1027 1988 1082 2024; x_wconf 90' lang='lat' dir='ltr'><strong>[In</strong></span> <span class='ocrx_word' id='word_1_729' title='bbox 1109 1988 1173 2014; x_wconf 80' lang='lat' dir='ltr'><strong>Acta</strong></span> <span class='ocrx_word' id='word_1_730' title='bbox 1197 1988 1382 2022; x_wconf 86' lang='lat' dir='ltr'><strong>apostolorum.</strong></span> <span class='ocrx_word' id='word_1_731' title='bbox 1413 1987 1445 2014; x_wconf 89' lang='lat' dir='ltr'><strong>V.</strong></span> <span class='ocrx_word' id='word_1_732' title='bbox 1468 1987 1493 2015; x_wconf 86' lang='lat' dir='ltr'><strong>J.</strong></span> <span class='ocrx_word' id='word_1_733' title='bbox 1509 1988 1666 2022; x_wconf 84' lang='lat' dir='ltr'><strong>Christoplt.</strong></span> <span class='ocrx_word' id='word_1_734' title='bbox 1686 1988 1775 2016; x_wconf 85' lang='lat' dir='ltr'><strong>Wolﬁi</strong></span> 
     </span>
    </p>
   </div>
   <div class='ocr_carea' id='block_1_104' title="bbox 992 2033 1777 2070">
    <p class='ocr_par' dir='ltr' id='par_1_104' title="bbox 992 2033 1777 2070">
     <span class='ocr_line' id='line_1_104' title="bbox 992 2033 1777 2070; baseline 0.003 -10"><span class='ocrx_word' id='word_1_735' title='bbox 992 2034 1122 2062; x_wconf 79' lang='lat' dir='ltr'><strong>Anecdota</strong></span> <span class='ocrx_word' id='word_1_736' title='bbox 1136 2033 1195 2067; x_wconf 64' lang='lat' dir='ltr'><strong>Gn,</strong></span> <span class='ocrx_word' id='word_1_737' title='bbox 1216 2039 1281 2062; x_wconf 89' lang='lat' dir='ltr'><strong>tom.</strong></span> <span class='ocrx_word' id='word_1_738' title='bbox 1300 2033 1343 2067; x_wconf 81' lang='lat' dir='ltr'><strong>IV,</strong></span> <span class='ocrx_word' id='word_1_739' title='bbox 1361 2042 1422 2069; x_wconf 73' lang='lat' dir='ltr'><strong>pag.</strong></span> <span class='ocrx_word' id='word_1_740' title='bbox 1446 2035 1457 2061; x_wconf 84' lang='lat' dir='ltr'><strong>I</strong></span> <span class='ocrx_word' id='word_1_741' title='bbox 1479 2042 1551 2070; x_wconf 83' lang='lat' dir='ltr'><strong>sqq.,</strong></span> <span class='ocrx_word' id='word_1_742' title='bbox 1575 2035 1619 2062; x_wconf 90' lang='lat' dir='ltr'><strong>ubi</strong></span> <span class='ocrx_word' id='word_1_743' title='bbox 1638 2036 1709 2062; x_wconf 84' lang='lat' dir='ltr'><strong>inter</strong></span> <span class='ocrx_word' id='word_1_744' title='bbox 1729 2043 1777 2062; x_wconf 72' lang='lat' dir='ltr'><strong>ex-</strong></span> 
     </span>
    </p>
   </div>
   <div class='ocr_carea' id='block_1_105' title="bbox 993 2079 1774 2115">
    <p class='ocr_par' dir='ltr' id='par_1_105' title="bbox 993 2079 1774 2115">
     <span class='ocr_line' id='line_1_105' title="bbox 993 2079 1774 2115; baseline 0 -8"><span class='ocrx_word' id='word_1_745' title='bbox 993 2085 1083 2114; x_wconf 85' lang='lat' dir='ltr'><strong>cerpta</strong></span> <span class='ocrx_word' id='word_1_746' title='bbox 1097 2088 1128 2106; x_wconf 83' lang='lat' dir='ltr'><strong>ex</strong></span> <span class='ocrx_word' id='word_1_747' title='bbox 1146 2084 1240 2107; x_wconf 81' lang='lat' dir='ltr'><strong>catena</strong></span> <span class='ocrx_word' id='word_1_748' title='bbox 1255 2087 1304 2106; x_wconf 89' lang='lat' dir='ltr'><strong>ms.</strong></span> <span class='ocrx_word' id='word_1_749' title='bbox 1327 2080 1355 2106; x_wconf 87' lang='lat' dir='ltr'><strong>in</strong></span> <span class='ocrx_word' id='word_1_750' title='bbox 1378 2080 1443 2107; x_wconf 81' lang='lat' dir='ltr'><strong>Acta</strong></span> <span class='ocrx_word' id='word_1_751' title='bbox 1460 2085 1544 2114; x_wconf 80' lang='lat' dir='ltr'><strong>apost.</strong></span> <span class='ocrx_word' id='word_1_752' title='bbox 1559 2085 1582 2107; x_wconf 85' lang='lat' dir='ltr'><strong>et</strong></span> <span class='ocrx_word' id='word_1_753' title='bbox 1596 2079 1662 2115; x_wconf 81' lang='lat' dir='ltr'><strong>Epp.</strong></span> <span class='ocrx_word' id='word_1_754' title='bbox 1675 2081 1774 2108; x_wconf 86' lang='lat' dir='ltr'><strong>cathol.</strong></span> 
     </span>
    </p>
   </div>
   <div class='ocr_carea' id='block_1_106' title="bbox 959 2125 1776 2161">
    <p class='ocr_par' dir='ltr' id='par_1_106' title="bbox 959 2125 1776 2161">
     <span class='ocr_line' id='line_1_106' title="bbox 959 2125 1776 2161; baseline -0.001 -9"><span class='ocrx_word' id='word_1_755' title='bbox 959 2134 979 2161; x_wconf 89' lang='grc'><strong>[)</strong></span> <span class='ocrx_word' id='word_1_756' title='bbox 995 2125 1093 2152; x_wconf 89' lang='lat' dir='ltr'><strong>multas</strong></span> <span class='ocrx_word' id='word_1_757' title='bbox 1112 2125 1217 2160; x_wconf 89' lang='lat' dir='ltr'><strong>Didymi</strong></span> <span class='ocrx_word' id='word_1_758' title='bbox 1240 2125 1487 2160; x_wconf 78' lang='lat' dir='ltr'><strong>interpretationes,</strong></span> <span class='ocrx_word' id='word_1_759' title='bbox 1503 2133 1536 2152; x_wconf 76' lang='lat' dir='ltr'><strong>ex</strong></span> <span class='ocrx_word' id='word_1_760' title='bbox 1558 2125 1616 2160; x_wconf 81' lang='lat' dir='ltr'><strong>ejus</strong></span> <span class='ocrx_word' id='word_1_761' title='bbox 1629 2132 1776 2155; x_wconf 86' lang='lat' dir='ltr'><strong>comment.</strong></span> 
     </span>
    </p>
   </div>
   <div class='ocr_carea' id='block_1_107' title="bbox 992 2169 1777 2204">
    <p class='ocr_par' dir='ltr' id='par_1_107' title="bbox 992 2169 1777 2204">
     <span class='ocr_line' id='line_1_107' title="bbox 992 2169 1777 2204; baseline -0.001 -7"><span class='ocrx_word' id='word_1_762' title='bbox 992 2170 1020 2197; x_wconf 84' lang='lat' dir='ltr'><strong>in</strong></span> <span class='ocrx_word' id='word_1_763' title='bbox 1040 2170 1105 2197; x_wconf 77' lang='lat' dir='ltr'><strong>Acta</strong></span> <span class='ocrx_word' id='word_1_764' title='bbox 1120 2174 1202 2203; x_wconf 84' lang='lat' dir='ltr'><strong>apost.</strong></span> <span class='ocrx_word' id='word_1_765' title='bbox 1220 2174 1360 2204; x_wconf 86' lang='lat' dir='ltr'><strong>sumptas,</strong></span> <span class='ocrx_word' id='word_1_766' title='bbox 1376 2170 1423 2197; x_wconf 84' lang='lat' dir='ltr'><strong>Gr.</strong></span> <span class='ocrx_word' id='word_1_767' title='bbox 1445 2170 1544 2201; x_wconf 80' lang='lat' dir='ltr'><strong>attulit,</strong></span> <span class='ocrx_word' id='word_1_768' title='bbox 1566 2169 1663 2197; x_wconf 84' lang='lat' dir='ltr'><strong>Latine</strong></span> <span class='ocrx_word' id='word_1_769' title='bbox 1685 2171 1777 2203; x_wconf 75' lang='lat' dir='ltr'><strong>vertit,</strong></span> 
     </span>
    </p>
   </div>
   <div class='ocr_carea' id='block_1_108' title="bbox 991 2215 1776 2251">
    <p class='ocr_par' dir='ltr' id='par_1_108' title="bbox 991 2215 1776 2251">
     <span class='ocr_line' id='line_1_108' title="bbox 991 2215 1776 2251; baseline 0.003 -9"><span class='ocrx_word' id='word_1_770' title='bbox 991 2221 1018 2242; x_wconf 85' lang='lat' dir='ltr'><strong>et</strong></span> <span class='ocrx_word' id='word_1_771' title='bbox 1039 2216 1102 2243; x_wconf 82' lang='lat' dir='ltr'><strong>hinc</strong></span> <span class='ocrx_word' id='word_1_772' title='bbox 1120 2215 1182 2242; x_wconf 87' lang='lat' dir='ltr'><strong>inde</strong></span> <span class='ocrx_word' id='word_1_773' title='bbox 1201 2215 1341 2251; x_wconf 84' lang='lat' dir='ltr'><strong>explicuit.</strong></span> <span class='ocrx_word' id='word_1_774' title='bbox 1360 2230 1392 2235; x_wconf 90' lang='lat'><strong>———</strong></span> <span class='ocrx_word' id='word_1_775' title='bbox 1420 2215 1447 2242; x_wconf 95' lang='lat' dir='ltr'><strong>In</strong></span> <span class='ocrx_word' id='word_1_776' title='bbox 1474 2217 1534 2242; x_wconf 85' lang='lat' dir='ltr'><strong>cod.</strong></span> <span class='ocrx_word' id='word_1_777' title='bbox 1556 2215 1667 2244; x_wconf 87' lang='lat' dir='ltr'><strong>Coislin.</strong></span> <span class='ocrx_word' id='word_1_778' title='bbox 1691 2216 1776 2249; x_wconf 76' lang='lat' dir='ltr'><strong>XXV,</strong></span> 
     </span>
    </p>
   </div>
   <div class='ocr_carea' id='block_1_109' title="bbox 991 2261 1778 2296">
    <p class='ocr_par' dir='ltr' id='par_1_109' title="bbox 991 2261 1778 2296">
     <span class='ocr_line' id='line_1_109' title="bbox 991 2261 1778 2296; baseline 0.004 -10"><span class='ocrx_word' id='word_1_779' title='bbox 991 2262 1036 2296; x_wconf 88' lang='lat' dir='ltr'><strong>qui</strong></span> <span class='ocrx_word' id='word_1_780' title='bbox 1047 2261 1234 2296; x_wconf 86' lang='lat' dir='ltr'><strong>complectitur</strong></span> <span class='ocrx_word' id='word_1_781' title='bbox 1245 2261 1309 2287; x_wconf 76' lang='lat' dir='ltr'><strong>Acta</strong></span> <span class='ocrx_word' id='word_1_782' title='bbox 1323 2261 1503 2296; x_wconf 82' lang='lat' dir='ltr'><strong>apostolorum</strong></span> <span class='ocrx_word' id='word_1_783' title='bbox 1517 2265 1543 2288; x_wconf 88' lang='lat' dir='ltr'><strong>et</strong></span> <span class='ocrx_word' id='word_1_784' title='bbox 1555 2261 1620 2296; x_wconf 84' lang='lat' dir='ltr'><strong>Epp.</strong></span> <span class='ocrx_word' id='word_1_785' title='bbox 1632 2261 1778 2289; x_wconf 79' lang='lat' dir='ltr'><strong>catholicas</strong></span> 
     </span>
    </p>
   </div>
   <div class='ocr_carea' id='block_1_110' title="bbox 992 2306 1779 2342">
    <p class='ocr_par' dir='ltr' id='par_1_110' title="bbox 992 2306 1779 2342">
     <span class='ocr_line' id='line_1_110' title="bbox 992 2306 1779 2342; baseline 0.003 -10"><span class='ocrx_word' id='word_1_786' title='bbox 992 2314 1051 2332; x_wconf 90' lang='lat' dir='ltr'><strong>cutn</strong></span> <span class='ocrx_word' id='word_1_787' title='bbox 1069 2306 1269 2333; x_wconf 81' lang='lat' dir='ltr'><strong>commentariis</strong></span> <span class='ocrx_word' id='word_1_788' title='bbox 1286 2314 1318 2334; x_wconf 84' lang='lat' dir='ltr'><strong>ex</strong></span> <span class='ocrx_word' id='word_1_789' title='bbox 1336 2307 1543 2342; x_wconf 81' lang='lat' dir='ltr'><strong>Cltrysostomo,</strong></span> <span class='ocrx_word' id='word_1_790' title='bbox 1561 2306 1702 2334; x_wconf 82' lang='lat' dir='ltr'><strong>Atumonio</strong></span> <span class='ocrx_word' id='word_1_791' title='bbox 1717 2315 1779 2342; x_wconf 84' lang='lat' dir='ltr'><strong>pre-</strong></span> 
     </span>
    </p>
   </div>
   <div class='ocr_carea' id='block_1_111' title="bbox 992 2351 1780 2386">
    <p class='ocr_par' dir='ltr' id='par_1_111' title="bbox 992 2351 1780 2386">
     <span class='ocr_line' id='line_1_111' title="bbox 992 2351 1780 2386; baseline 0.001 -8"><span class='ocrx_word' id='word_1_792' title='bbox 992 2351 1112 2386; x_wconf 83' lang='lat' dir='ltr'><strong>sbytero,</strong></span> <span class='ocrx_word' id='word_1_793' title='bbox 1123 2351 1246 2386; x_wconf 85' lang='lat' dir='ltr'><strong>Didymo,</strong></span> <span class='ocrx_word' id='word_1_794' title='bbox 1257 2352 1370 2386; x_wconf 82' lang='lat' dir='ltr'><strong>altisque</strong></span> <span class='ocrx_word' id='word_1_795' title='bbox 1381 2351 1507 2379; x_wconf 80' lang='lat' dir='ltr'><strong>I’atribus</strong></span> <span class='ocrx_word' id='word_1_796' title='bbox 1520 2356 1546 2379; x_wconf 85' lang='lat' dir='ltr'><strong>el</strong></span> <span class='ocrx_word' id='word_1_797' title='bbox 1560 2352 1714 2379; x_wconf 85' lang='lat' dir='ltr'><strong>auctoribus</strong></span> <span class='ocrx_word' id='word_1_798' title='bbox 1723 2353 1780 2379; x_wconf 85' lang='lat' dir='ltr'><strong>col-</strong></span> 
     </span>
    </p>
   </div>
   <div class='ocr_carea' id='block_1_112' title="bbox 994 2397 1776 2434">
    <p class='ocr_par' dir='ltr' id='par_1_112' title="bbox 994 2397 1776 2434">
     <span class='ocr_line' id='line_1_112' title="bbox 994 2397 1776 2434; baseline 0.004 -12"><span class='ocrx_word' id='word_1_799' title='bbox 994 2397 1070 2424; x_wconf 71' lang='lat' dir='ltr'><strong>lectis</strong></span> <span class='ocrx_word' id='word_1_800' title='bbox 1086 2397 1151 2423; x_wconf 85' lang='lat' dir='ltr'><strong>etin</strong></span> <span class='ocrx_word' id='word_1_801' title='bbox 1165 2398 1286 2424; x_wconf 87' lang='lat' dir='ltr'><strong>ordinem</strong></span> <span class='ocrx_word' id='word_1_802' title='bbox 1304 2399 1415 2432; x_wconf 79' lang='lat' dir='ltr'><strong>digestis</strong></span> <span class='ocrx_word' id='word_1_803' title='bbox 1430 2398 1463 2425; x_wconf 89' lang='lat' dir='ltr'><strong>ab</strong></span> <span class='ocrx_word' id='word_1_804' title='bbox 1484 2399 1590 2425; x_wconf 83' lang='lat' dir='ltr'><strong>Andrea</strong></span> <span class='ocrx_word' id='word_1_805' title='bbox 1607 2399 1776 2434; x_wconf 84' lang='lat' dir='ltr'><strong>presbytero.</strong></span> 
     </span>
    </p>
   </div>
   <div class='ocr_carea' id='block_1_113' title="bbox 993 2440 1780 2479">
    <p class='ocr_par' dir='ltr' id='par_1_113' title="bbox 993 2440 1780 2479">
     <span class='ocr_line' id='line_1_113' title="bbox 993 2440 1780 2479; baseline 0.004 -12"><span class='ocrx_word' id='word_1_806' title='bbox 993 2440 1053 2470; x_wconf 70' lang='grc' dir='ltr'><strong>νεα.</strong></span> <span class='ocrx_word' id='word_1_807' title='bbox 1064 2442 1208 2470; x_wconf 83' lang='lat' dir='ltr'><strong>Montianc.</strong></span> <span class='ocrx_word' id='word_1_808' title='bbox 1222 2443 1291 2470; x_wconf 87' lang='lat' dir='ltr'><strong>Bibl.</strong></span> <span class='ocrx_word' id='word_1_809' title='bbox 1309 2443 1429 2476; x_wconf 70' lang='lat' dir='ltr'><strong>Coialln.,</strong></span> <span class='ocrx_word' id='word_1_810' title='bbox 1439 2452 1466 2479; x_wconf 92' lang='lat' dir='ltr'><strong>p.</strong></span> <span class='ocrx_word' id='word_1_811' title='bbox 1482 2443 1516 2470; x_wconf 82' lang='grc'>75</span> <span class='ocrx_word' id='word_1_812' title='bbox 1525 2451 1568 2479; x_wconf 82' lang='lat' dir='ltr'><strong>sq.</strong></span> <span class='ocrx_word' id='word_1_813' title='bbox 1582 2449 1608 2471; x_wconf 85' lang='lat' dir='ltr'><strong>et</strong></span> <span class='ocrx_word' id='word_1_814' title='bbox 1623 2452 1649 2478; x_wconf 90' lang='lat' dir='ltr'><strong>p.</strong></span> <span class='ocrx_word' id='word_1_815' title='bbox 1669 2444 1731 2475; x_wconf 77' lang='grc'>265,</span> <span class='ocrx_word' id='word_1_816' title='bbox 1746 2444 1780 2470; x_wconf 86' lang='lat' dir='ltr'><strong>dc</strong></span> 
     </span>
    </p>
   </div>
   <div class='ocr_carea' id='block_1_114' title="bbox 993 2489 1778 2524">
    <p class='ocr_par' dir='ltr' id='par_1_114' title="bbox 993 2489 1778 2524">
     <span class='ocr_line' id='line_1_114' title="bbox 993 2489 1778 2524; baseline 0.003 -10"><span class='ocrx_word' id='word_1_817' title='bbox 993 2490 1053 2516; x_wconf 88' lang='lat' dir='ltr'><strong>cod.</strong></span> <span class='ocrx_word' id='word_1_818' title='bbox 1075 2489 1150 2521; x_wconf 76' lang='lat' dir='ltr'><strong>CCII,</strong></span> <span class='ocrx_word' id='word_1_819' title='bbox 1165 2489 1210 2524; x_wconf 89' lang='lat' dir='ltr'><strong>qui</strong></span> <span class='ocrx_word' id='word_1_820' title='bbox 1228 2490 1348 2516; x_wconf 84' lang='lat' dir='ltr'><strong>continet</strong></span> <span class='ocrx_word' id='word_1_821' title='bbox 1364 2489 1431 2517; x_wconf 76' lang='lat' dir='ltr'><strong>Acta</strong></span> <span class='ocrx_word' id='word_1_822' title='bbox 1449 2491 1593 2524; x_wconf 86' lang='lat' dir='ltr'><strong>apostolor.</strong></span> <span class='ocrx_word' id='word_1_823' title='bbox 1617 2498 1678 2517; x_wconf 90' lang='lat' dir='ltr'><strong>cum</strong></span> <span class='ocrx_word' id='word_1_824' title='bbox 1691 2490 1778 2524; x_wconf 76' lang='lat' dir='ltr'><strong>Chry-</strong></span> 
     </span>
    </p>
   </div>
   <div class='ocr_carea' id='block_1_115' title="bbox 994 2535 1778 2570">
    <p class='ocr_par' dir='ltr' id='par_1_115' title="bbox 994 2535 1778 2570">
     <span class='ocr_line' id='line_1_115' title="bbox 994 2535 1778 2570; baseline 0.001 -10"><span class='ocrx_word' id='word_1_825' title='bbox 994 2535 1116 2567; x_wconf 82' lang='lat' dir='ltr'><strong>sostotui,</strong></span> <span class='ocrx_word' id='word_1_826' title='bbox 1133 2535 1237 2570; x_wconf 85' lang='lat' dir='ltr'><strong>Didymi</strong></span> <span class='ocrx_word' id='word_1_827' title='bbox 1252 2535 1419 2569; x_wconf 86' lang='lat' dir='ltr'><strong>aliorumque</strong></span> <span class='ocrx_word' id='word_1_828' title='bbox 1433 2537 1634 2563; x_wconf 84' lang='lat' dir='ltr'><strong>commentariis</strong></span> <span class='ocrx_word' id='word_1_829' title='bbox 1645 2557 1652 2568; x_wconf 89' lang='lat'><strong>,</strong></span> <span class='ocrx_word' id='word_1_830' title='bbox 1670 2542 1697 2563; x_wconf 88' lang='lat' dir='ltr'><strong>et</strong></span> <span class='ocrx_word' id='word_1_831' title='bbox 1718 2541 1778 2570; x_wconf 75' lang='lat' dir='ltr'><strong>pag.</strong></span> 
     </span>
    </p>
   </div>
   <div class='ocr_carea' id='block_1_116' title="bbox 993 2578 1781 2616">
    <p class='ocr_par' dir='ltr' id='par_1_116' title="bbox 993 2578 1781 2616">
     <span class='ocr_line' id='line_1_116' title="bbox 993 2578 1781 2616; baseline 0.005 -12"><span class='ocrx_word' id='word_1_832' title='bbox 993 2578 1057 2609; x_wconf 68' lang='grc'>261,</span> <span class='ocrx_word' id='word_1_833' title='bbox 1075 2579 1102 2605; x_wconf 92' lang='lat' dir='ltr'><strong>in</strong></span> <span class='ocrx_word' id='word_1_834' title='bbox 1122 2580 1180 2606; x_wconf 85' lang='lat' dir='ltr'><strong>cod.</strong></span> <span class='ocrx_word' id='word_1_835' title='bbox 1199 2579 1286 2610; x_wconf 83' lang='lat' dir='ltr'><strong>CCIV,</strong></span> <span class='ocrx_word' id='word_1_836' title='bbox 1304 2588 1327 2606; x_wconf 90' lang='lat' dir='ltr'><strong>s.</strong></span> <span class='ocrx_word' id='word_1_837' title='bbox 1342 2584 1435 2607; x_wconf 73' lang='lat' dir='ltr'><strong>catena</strong></span> <span class='ocrx_word' id='word_1_838' title='bbox 1453 2581 1478 2607; x_wconf 94' lang='lat' dir='ltr'><strong>in</strong></span> <span class='ocrx_word' id='word_1_839' title='bbox 1496 2580 1628 2616; x_wconf 80' lang='lat' dir='ltr'><strong>Epistolas</strong></span> <span class='ocrx_word' id='word_1_840' title='bbox 1645 2581 1729 2609; x_wconf 84' lang='lat' dir='ltr'><strong>Pauli.</strong></span> <span class='ocrx_word' id='word_1_841' title='bbox 1746 2595 1781 2601; x_wconf 94' lang='lat'>—</span> 
     </span>
    </p>
   </div>
   <div class='ocr_carea' id='block_1_117' title="bbox 996 2624 1780 2661">
    <p class='ocr_par' dir='ltr' id='par_1_117' title="bbox 996 2624 1780 2661">
     <span class='ocr_line' id='line_1_117' title="bbox 996 2624 1780 2661; baseline 0.005 -12"><span class='ocrx_word' id='word_1_842' title='bbox 996 2624 1084 2651; x_wconf 62' lang='lat' dir='ltr'><strong>Laida:</strong></span> <span class='ocrx_word' id='word_1_843' title='bbox 1109 2625 1179 2652; x_wconf 89' lang='lat' dir='ltr'><strong>inter</strong></span> <span class='ocrx_word' id='word_1_844' title='bbox 1201 2625 1280 2651; x_wconf 75' lang='lat' dir='ltr'><strong>codd.</strong></span> <span class='ocrx_word' id='word_1_845' title='bbox 1315 2625 1436 2652; x_wconf 82' lang='lat' dir='ltr'><strong>Vossiau.</strong></span> <span class='ocrx_word' id='word_1_846' title='bbox 1461 2626 1588 2661; x_wconf 84' lang='lat' dir='ltr'><strong>Didymus</strong></span> <span class='ocrx_word' id='word_1_847' title='bbox 1609 2628 1642 2653; x_wconf 87' lang='lat' dir='ltr'><strong>ad</strong></span> <span class='ocrx_word' id='word_1_848' title='bbox 1666 2634 1723 2661; x_wconf 82' lang='lat' dir='ltr'><strong>cap.</strong></span> <span class='ocrx_word' id='word_1_849' title='bbox 1751 2633 1780 2654; x_wconf 91' lang='grc' dir='ltr'><strong>ιιι</strong></span> 
     </span>
    </p>
   </div>
   <div class='ocr_carea' id='block_1_118' title="bbox 995 2670 1779 2706">
    <p class='ocr_par' dir='ltr' id='par_1_118' title="bbox 995 2670 1779 2706">
     <span class='ocr_line' id='line_1_118' title="bbox 995 2670 1779 2706; baseline 0.003 -10"><span class='ocrx_word' id='word_1_850' title='bbox 995 2670 1122 2697; x_wconf 77' lang='lat' dir='ltr'><strong>Actorum</strong></span> <span class='ocrx_word' id='word_1_851' title='bbox 1150 2671 1282 2705; x_wconf 82' lang='lat' dir='ltr'><strong>apostol.,</strong></span> <span class='ocrx_word' id='word_1_852' title='bbox 1307 2679 1377 2699; x_wconf 78' lang='lat' dir='ltr'><strong>vers.</strong></span> <span class='ocrx_word' id='word_1_853' title='bbox 1399 2672 1432 2699; x_wconf 88' lang='grc'><strong>19</strong></span> <span class='ocrx_word' id='word_1_854' title='bbox 1451 2677 1478 2700; x_wconf 84' lang='lat' dir='ltr'><strong>et</strong></span> <span class='ocrx_word' id='word_1_855' title='bbox 1508 2673 1559 2706; x_wconf 72' lang='lat' dir='ltr'><strong>2i,</strong></span> <span class='ocrx_word' id='word_1_856' title='bbox 1586 2673 1633 2700; x_wconf 84' lang='lat' dir='ltr'><strong>Gr.</strong></span> <span class='ocrx_word' id='word_1_857' title='bbox 1660 2673 1690 2699; x_wconf 85' lang='lat' dir='ltr'><strong>V.</strong></span> <span class='ocrx_word' id='word_1_858' title='bbox 1719 2671 1779 2700; x_wconf 86' lang='lat' dir='ltr'><strong>Cat.</strong></span> 
     </span>
    </p>
   </div>
   <div class='ocr_carea' id='block_1_119' title="bbox 996 2717 1780 2752">
    <p class='ocr_par' dir='ltr' id='par_1_119' title="bbox 996 2717 1780 2752">
     <span class='ocr_line' id='line_1_119' title="bbox 996 2717 1780 2752; baseline 0.005 -10"><span class='ocrx_word' id='word_1_859' title='bbox 996 2717 1056 2742; x_wconf 83' lang='lat' dir='ltr'><strong>bibl.</strong></span> <span class='ocrx_word' id='word_1_860' title='bbox 1084 2717 1166 2748; x_wconf 58' lang='lat' dir='ltr'><strong>Leid,</strong></span> <span class='ocrx_word' id='word_1_861' title='bbox 1193 2725 1251 2752; x_wconf 76' lang='lat' dir='ltr'><strong>pag.</strong></span> <span class='ocrx_word' id='word_1_862' title='bbox 1268 2719 1329 2752; x_wconf 65' lang='grc'>101,</span> <span class='ocrx_word' id='word_1_863' title='bbox 1355 2727 1382 2747; x_wconf 86' lang='grc' dir='ltr'>ιι.</span> <span class='ocrx_word' id='word_1_864' title='bbox 1400 2718 1644 2746; x_wconf 67' lang='grc' dir='ltr'><strong>4.-νίιιίίοὺοιιιε</strong></span> <span class='ocrx_word' id='word_1_865' title='bbox 1671 2719 1696 2745; x_wconf 92' lang='lat' dir='ltr'><strong>iu</strong></span> <span class='ocrx_word' id='word_1_866' title='bbox 1721 2720 1780 2746; x_wconf 80' lang='lat' dir='ltr'><strong>cod.</strong></span> 
     </span>
    </p>
   </div>
   <div class='ocr_carea' id='block_1_120' title="bbox 996 2761 1784 2799">
    <p class='ocr_par' dir='ltr' id='par_1_120' title="bbox 996 2761 1784 2799">
     <span class='ocr_line' id='line_1_120' title="bbox 996 2761 1784 2799; baseline 0.003 -11"><span class='ocrx_word' id='word_1_867' title='bbox 996 2761 1062 2788; x_wconf 52' lang='lat' dir='ltr'><strong>Cana.</strong></span> <span class='ocrx_word' id='word_1_868' title='bbox 1084 2762 1159 2789; x_wconf 68' lang='lat' dir='ltr'><strong>CCL!</strong></span> <span class='ocrx_word' id='word_1_869' title='bbox 1171 2782 1178 2795; x_wconf 87' lang='lat'><strong>,</strong></span> <span class='ocrx_word' id='word_1_870' title='bbox 1193 2764 1236 2797; x_wconf 83' lang='lat' dir='ltr'><strong>qui</strong></span> <span class='ocrx_word' id='word_1_871' title='bbox 1256 2764 1373 2791; x_wconf 73' lang='lat' dir='ltr'><strong>continet</strong></span> <span class='ocrx_word' id='word_1_872' title='bbox 1389 2764 1514 2799; x_wconf 77' lang='lat' dir='ltr'><strong>attonyni</strong></span> <span class='ocrx_word' id='word_1_873' title='bbox 1532 2763 1603 2792; x_wconf 63' lang='lat' dir='ltr'><strong>locos</strong></span> <span class='ocrx_word' id='word_1_874' title='bbox 1626 2771 1784 2793; x_wconf 79' lang='lat' dir='ltr'><strong>communes</strong></span> 
     </span>
    </p>
   </div>
  </div>
