1904 3054
108 126 164 156 157

855 118 1008 147 NOTJTIA.

1662 139 1668 145 ,
1695 112 1743 139 ττι

107 184 284 213 ascetioosde
298 181 566 218 interpretationibus
585 180 736 206 divinorum
751 182 900 213 [)I'LCCCpll)-
917 181 938 208 Λ
955 177 1022 211 logia
1046 176 1138 202 ultima
1153 175 1187 201 ad
1216 173 1318 207 Rn/in.,
1337 182 1396 209 pag.
1419 173 1467 200 itii
1482 172 1594 200 :Exstat
1617 172 1682 199 liber
1697 171 1748 199 Di-

110 239 171 257 rum
189 229 292 256 Domini
309 236 341 254 ex
359 227 458 254 varior.
480 225 590 253 Patrum
604 231 665 259 opp.
687 223 833 255 collectos,
851 223 896 250 lol.

110 275 161 302 187
175 279 264 302 exstat
278 273 381 308 Didymi
396 273 578 305 fragmentum
593 269 770 304 expositionis
786 269 814 295 in
835 269 903 295 Acta

108 314 906 356 apmtolorum.V.Lambec.Comment.V,p.52isqq.ll.\nt..]

147 366 180 392 1η
193 365 339 399 Epistulam
355 364 389 390 ad
403 361 512 389 Galatas
525 362 578 397 (vel
591 366 665 389 certe
684 361 710 387 in
727 360 800 386 illum
815 361 902 386 locum

108 412 155 438 ubi
183 411 255 438 Petri
278 419 291 436 ιι
308 409 392 436 Paulo
419 407 575 442 reprehensi
593 407 624 434 lit
639 406 762 441 mentio).
783 404 894 432 llieron.

110 459 191 493 epist.
206 458 251 489 89,
264 457 297 484 ad
315 456 462 490 Augustin.

148 504 182 530 In
202 502 350 537 Epistolam
368 501 402 527 ad
423 500 549 534 Ephesios
561 498 779 526 conmientarioli.
795 498 905 525 llieron.

113 548 170 577 lin
185 549 275 583 Rufin.
290 553 316 574 ct
333 547 448 573 Proueni.
469 546 496 572 in
510 545 593 578 Epist.
613 545 646 571 ad
664 543 762 578 Eplies.

149 595 182 622 In
201 593 347 628 Epistolam
361 592 394 618 ad
411 591 572 618 Corinthios.
592 590 704 617 Hieron.
720 590 799 624 epist.
812 589 857 620 51,
872 588 906 616 ad

107 640 317 668 Parnniacliium
334 645 341 663 :
359 637 495 670 Origenes,
512 636 667 671 Dionysius,
685 634 804 666 Pierius,
821 634 907 661 Euse-

114 687 172 713 bius
189 684 369 716 Ca'sariensis,
401 682 542 717 Didymus,
577 681 751 716 Apollinaris,
781 681 908 708 latissime

113 733 182 758 liam:
199 728 344 764 Epistolnnt
357 729 522 762 interpretati
545 733 615 755 sunt.
630 727 702 755 Citat
722 727 907 755 Damascenus

114 779 142 805 in
158 776 314 806 Parallclis,
329 782 390 810 pag.
414 774 474 801 72L

150 822 288 850 Sectaruin
302 820 420 847 volumen
430 819 480 854 (a).
494 818 622 854 Didymus
635 818 692 852 ipse
710 816 779 844 libro
796 816 835 843 De
846 815 907 849 Spi-

114 867 167 893 ritu
179 866 223 898 8.,
235 871 299 892 toni.
312 864 347 892 ΙΧ
358 863 553 899 Opp.llieron.,
570 871 631 897 pag.
643 862 696 889 δί’ὶῦ
709 871 715 888 :
730 862 806 894 Quod
820 865 908 887 autem

118 913 153 940 ab
167 912 228 939 aliis
253 912 375 943 capiatur
399 909 514 944 Spiritus
534 908 603 937 ενοι
624 917 676 935 non
696 909 749 935 alia
767 907 908 941 capiat,-et

113 967 184 986 nunc
200 963 222 984 et
239 959 264 984 in
285 956 426 984 Sectarum
450 955 591 987 volumine,
608 959 684 989 prout
699 954 843 988 potuimus,
860 961 907 980 ea:-

115 1005 268 1039 pressimus.
287 1003 319 1029 Et
333 1009 395 1036 pag.
408 1001 479 1028 528:
494 1000 552 1027 Hoc
573 1001 670 1034 ipsum,
697 1000 766 1035 quod
789 999 908 1026 subsistit

115 1050 244 1083 Spiritus,
262 1049 400 1082 sapientia:
413 1052 462 1078 est,
477 1053 500 1072 et
516 1051 611 1072 natura
625 1046 681 1080 ejus
694 1045 759 1071 nihil
771 1050 806 1071 est
824 1045 907 1077 aliud,

114 1096 169 1123 nisi
185 1094 298 1128 Spiritus
317 1094 434 1121 veritatis
450 1098 473 1119 et
499 1091 616 1127 Spiritus
631 1091 690 1125 Dei,
709 1091 740 1118 de
752 1091 909 1126 quibusjam

116 1142 281 1168 abundanter
307 1141 335 1166 in
361 1140 502 1167 Secturum
548 1137 679 1164 uolumine
708 1138 907 1171 disputavimus.

117 1188 248 1215 Memorat
266 1192 293 1214 et
309 1185 415 1222 Didymi
432 1186 558 1212 adversus
573 1189 657 1212 sectas
667 1191 734 1218 opus
751 1183 909 1210 Heraclides

117 1234 144 1260 in
168 1233 309 1266 l’aradiao,
327 1241 352 1259 c.
369 1233 393 1264 1,
411 1240 438 1266 p.
455 1232 517 1258 ΉΟ.
533 1231 574 1258 Ab
587 1231 637 1258 hoc
665 1239 716 1257 non
741 1230 909 1264 distinguen—

117 1279 180 1305 dum
195 1279 346 1312 dogmatum
362 1277 492 1308 volumen,
506 1275 583 1311 cujus
600 1275 734 1308 meminit,
748 1282 774 1309 p.
790 1274 853 1301 532.
869 1273 910 1300 Ex

116 1325 211 1359 quibus
222 1323 379 1356 ostenditur,
394 1330 449 1350 esse
463 1322 590 1357 Spiritum
603 1321 631 1348 S.
647 1326 801 1354 creatorem,
816 1321 909 1355 utjam

114 1371 145 1396 in
166 1369 327 1404 Dogtnatum
344 1367 478 1395 volumine
492 1368 604 1394 breviter
618 1367 789 1394 ostendimus.
803 1366 850 1392 llic
869 1370 911 1393 cst

119 1414 196 1442 Liber
205 1416 237 1442 de
247 1414 422 1453 dogmatibus,
436 1414 513 1448 cujus
525 1419 552 1440 et
568 1413 760 1448 Hieronymus,
778 1419 839 1446 cap.
859 1411 910 1438 109

119 1462 238 1496 Catalogi
261 1461 425 1488 mentionem
449 1460 522 1487 facit.
538 1460 570 1486 Et
592 1459 774 1487 Tlieodoritus
804 1466 840 1490 iv,
863 1458 908 1490 29,

75 1513 78 1515 λ
118 1507 192 1534 Hist.
210 1511 333 1539 testatur,
351 1507 446 1533 eodem
463 1511 585 1540 tempore
596 1505 774 1540 Epliraimum
792 1505 908 1535 Edessat,
924 1522 945 1550 ρ

117 1558 146 1580 et
167 1552 336 1580 Alexandria:
358 1552 498 1588 Didymum
519 1551 590 1577 κατὰ
610 1550 665 1576 τῶν
691 1549 844 1577 ἀντιπάλων
861 1549 910 1584 τῆς

117 1598 248 1634 ἀληθείας
265 1597 408 1633 δογμάτων
434 1598 535 1631 scripta
562 1597 755 1630 composuisse.
779 1597 831 1622 Sed
852 1602 911 1629 qua:

119 1645 244 1672 Stobaeus
266 1644 361 1679 Eclog.
386 1643 476 1676 ethic.,
502 1651 563 1678 pag.
586 1642 629 1674 1-5,
646 1650 679 1669 ex
699 1642 811 1678 Didyme
839 1641 910 1675 Περὶ

117 1691 261 1726 αἱρέσεως
275 1691 364 1722 all‘ert,
378 1691 460 1726 petita
482 1695 546 1717 sunt
565 1697 597 1717 ex
612 1689 718 1724 Didymi
737 1688 847 1716 alterius
862 1688 909 1723 (b),

118 1739 219 1765 ellinici
246 1738 398 1772 Scriptoris,
419 1737 488 1763 libro
510 1735 580 1770 Περὶ
610 1735 795 1770 φιλοσοφίας
814 1735 911 1761 Πυθα-

118 1783 251 1819 γορικῆς,
269 1792 347 1818 quem
364 1782 590 1809 laudatClemcns
605 1782 680 1808 Alex.
703 1782 834 1813 tStrom.,
847 1788 909 1814 pag.

119 1829 183 1862 509,
199 1835 226 1856 et
240 1828 316 1863 cujus
335 1828 406 1862 Περὶ
419 1827 478 1854 τῶν
491 1826 627 1853 Πλάτωνι
638 1826 840 1860 ἀρεσκόντων,
855 1824 911 1850 lau-

120 1876 166 1903 dat
183 1875 314 1903 Eusebius
328 1883 366 1908 ιιι,
384 1874 430 1905 25,
443 1873 606 1907 Prteparat.,
623 1872 772 1906 Epitomen,
788 1871 911 1898 Stobaeus

120 1921 259 1955 Florileg.,
281 1922 362 1948 serui.
376 1920 437 1951 101,
455 1927 515 1954 pug.
534 1919 594 1945 53:7.
617 1918 682 1945 Vide
693 1918 772 1944 Joan.
786 1917 910 1944 Christo-

120 1968 198 2004 pliori
215 1967 306 1994 Wolfii
330 1967 560 1997 dissertationem,
582 1972 635 1998 qua
661 1963 910 1996 l’lii‘luwpliumena,

120 2021 181 2048 quae
198 2013 247 2041 Sub
259 2012 384 2047 Origenis
402 2011 526 2038 feruntur
546 2010 665 2040 nomine,
681 2017 729 2043 pro
744 2009 789 2036 illo
805 2009 911 2044 Didymi

119 2057 258 2086 Sectarum
278 2058 412 2084 \oluuiine
428 2056 519 2083 haberi
536 2064 588 2082 non
618 2062 706 2089 posse,
723 2062 810 2088 neque
835 2054 910 2081 volu-

121 2113 182 2131 men
197 2104 354 2138 Dogmata»;
370 2103 473 2137 Didymi
497 2102 576 2128 Alex.
594 2108 608 2127 a
625 2100 760 2128 Scotorum
776 2101 912 2126 volumine

119 2150 255 2177 diversum
288 2156 348 2176 celse
379 2149 497 2182 disputat
525 2148 656 2173 adversus
688 2146 910 2180 Christopliorum

961 222 1031 257 tlymi
1055 221 1090 247 ad
1118 226 1152 253 te,
1167 228 1217 255 quo
1232 220 1376 246 sciscitanti
1396 219 1443 245 tibi
1464 219 1606 253 respondit,
1627 227 1679 245 non
1706 226 1749 245 eos

960 267 1043 293 multa
1057 274 1186 300 peccasse,
1202 271 1224 292 et
1240 266 1296 292 ideo
1307 273 1444 299 corporum
1462 272 1577 291 carceres
1592 268 1693 290 (mttunt
1712 265 1750 289 eis

960 313 1071 346 tetigisse
1093 312 1218 346 su/ﬁcere.
1237 311 1364 345 Magis/er
1382 318 1452 337 mens
1467 314 1491 336 et
1516 314 1577 335 tuus
1593 317 1621 335 co
1636 314 1750 342 tempore

958 365 1009 392 qito
1024 363 1051 383 tu
1067 357 1098 383 ab
1116 365 1144 383 eo
1159 357 1209 383 ista
1227 355 1371 390 quwrebas.

994 402 1033 428 De
1047 402 1142 435 impari
1158 410 1277 433 numero,
1291 401 1349 428 sive
1377 400 1539 435 septenario.
1554 399 1664 427 Hieron.
1679 399 1749 433 Apo-

959 447 1028 481 logia
1043 455 1090 479 pro
1104 447 1176 473 libris
1190 447 1314 473 adversus
1327 446 1506 473 Iovinianum.

994 494 1064 529 Περὶ
1079 492 1236 528 ἀσωμάτου.
1260 494 1432 524 Damascen.,
1446 501 1508 527 pag.
1525 493 1577 520 780
1594 492 1721 520 Parallel.

1000 539 1198 574 Ύπομνήματα
1222 539 1262 570 εἰς
1278 539 1312 565 τὰ
1323 539 1391 572 Περὶ
1404 539 1507 573 ἀρχῶν
1530 539 1697 575 Ὠριγὲνους,
1717 538 1750 566 1η

958 586 1038 619 libros
1052 585 1172 620 Origenis
1198 585 1234 613 De
1256 585 1396 620 principiis
1412 588 1598 613 commentaria
1623 588 1748 622 apologo-

960 631 1025 660 tica.
1048 631 1178 658 adversus
1199 630 1258 664 ejus
1280 631 1460 664 adversarios,
1490 639 1558 665 quos
1577 632 1748 664 calumniari,

960 684 1019 710 quae
1034 684 1086 703 non
1109 676 1301 711 intelligerent,
1321 677 1419 712 arguit,
1437 681 1503 704 teste
1516 677 1638 710 Socrate,
1657 678 1747 710 iv,25.

955 721 1007 749 His
1030 722 1165 756 praecipue
1176 721 1208 748 in
1226 729 1256 748 se
1275 722 1364 748 odium
1389 721 1534 749 multorum
1558 727 1585 750 et
1604 723 1750 750 inrectivas

959 767 1095 796 contraxit
1115 768 1202 794 borius
1218 767 1346 800 Didymus
1361 776 1367 794 :
1387 772 1467 802 atque
1484 771 1594 802 propter
1612 768 1659 794 hos
1675 776 1750 795 com-
1777 799 1780 803 ι

959 814 1107 841 mentarios
1126 813 1229 839 factum
1253 817 1304 846 est,
1323 817 1352 839 ut
1367 813 1448 839 etiam
1474 819 1532 848 post
1559 813 1614 840 l‘ata
1636 814 1672 841 sit
1687 822 1751 841 cum

923 850 943 877 Β
959 859 1076 895 Origene
1091 863 1120 885 et
1134 858 1251 891 Evagrio
1262 859 1432 892 proscriptus
1447 867 1499 885 non
1513 866 1566 885 uno
1579 859 1604 885 in
1621 859 1747 886 concilio.

961 906 1027 933 Vide
1050 905 1196 933 cardiualis
1213 905 1250 931 Η.
1275 905 1373 932 Norisii
1389 905 1461 932 Diss.
1487 906 1517 932 de
1530 906 1630 940 synodo
1646 907 1747 941 quinta.

959 952 1049 986 capite
1064 951 1092 983 7,
1107 950 1151 976 ubi
1168 955 1262 977 contra
1277 949 1433 976 llalloisium
1456 951 1544 982 docet,
1561 958 1576 977 a
1596 951 1688 984 quinta
1703 959 1749 986 sy-

961 997 1031 1024 nodo
1059 997 1179 1031 generali
1210 996 1302 1030 utique
1332 994 1415 1022 fuisse
1443 995 1585 1022 damnatos
1606 995 1748 1030 Evagriuui

960 1044 1158 1079 Didymuinque
1175 1051 1200 1069 ιι.
1222 1042 1285 1074 555,
1309 1048 1395 1076 neque
1417 1041 1443 1068 in
1462 1041 1512 1068 lioc
1534 1049 1641 1068 errasse
1659 1042 1750 1069 conci-

962 1090 1024 1116 lium
1038 1093 1221 1116 Laterauense
1238 1088 1288 1114 sub
1302 1087 1418 1115 Martino
1446 1094 1526 1122 papa,
1544 1096 1570 1114 ιι.
1589 1087 1651 1119 619,
1671 1095 1751 1123 syno—

961 1136 1078 1171 dunique
1091 1134 1195 1163 sentam
1213 1135 1240 1161 in
1255 1133 1346 1160 Trulla
1368 1142 1393 1160 τι.
1412 1133 1474 1166 680,
1494 1139 1522 1160 et
1543 1135 1685 1168 septimam
1699 1133 1748 1161 787

961 1181 1108 1213 Nicaenam,
1129 1189 1190 1216 qua:
1208 1181 1362 1214 exemplum
1381 1179 1445 1206 illud
1460 1180 1566 1206 concilii
1586 1180 1673 1214 quinti
1689 1185 1752 1206 sunt

961 1233 1069 1255 secutae.
1085 1227 1249 1262 Argumenta
1266 1224 1363 1251 Norisii
1392 1224 1555 1251 labefactare
1588 1233 1639 1251 non
1663 1225 1752 1260 potuit

960 1271 1036 1299 Joan.
1053 1271 1201 1298 Garucrius
1225 1271 1249 1296 in
1271 1270 1340 1296 υἷες.
1361 1269 1394 1296 de
1416 1270 1509 1297 eadem
1527 1270 1620 1305 quinta
1647 1271 1750 1306 synodo

960 1325 1041 1352 quam
1062 1316 1179 1344 Lilierati
1193 1316 1328 1343 Breniario
1345 1316 1491 1350 subjunxit.
1509 1316 1690 1352 Hieronymus
1703 1317 1749 1345 lib.

962 1371 979 1390 ll
995 1364 1020 1389 in
1033 1362 1137 1396 Rufin.,
1157 1370 1216 1397 pag.
1238 1363 1307 1389 148:
1326 1362 1395 1395 Quid
1415 1363 1578 1396 respondebis
1592 1371 1639 1397 pro
1670 1363 1752 1398 Didy-

962 1418 1014 1441 mo,
1027 1411 1070 1443 qui
1086 1415 1155 1435 certe
1174 1409 1200 1435 in
1223 1408 1352 1435 Trinitute
1370 1409 1517 1436 cat/toliqu
1529 1414 1577 1442 est,
1587 1417 1661 1444 cujus
1672 1411 1751 1437 etiam

963 1465 1008 1483 nos
1024 1456 1060 1483 De
1072 1457 1172 1490 Spiritu
1193 1454 1222 1482 S.
1245 1455 1340 1482 librum
1356 1456 1382 1482 in
1403 1455 1523 1483 Latinam
1537 1456 1654 1491 linguam
1673 1458 1752 1484 verti-

962 1503 1043 1530 mus?
1062 1502 1137 1530 Certe
1146 1503 1186 1528 llic
1206 1503 1233 1528 in
1249 1503 1289 1528 liis
1308 1510 1367 1536 ante
1379 1503 1410 1528 ab
1429 1502 1558 1530 hwreticis
1578 1503 1605 1529 in
1630 1502 1752 1538 Origenis

962 1550 1082 1583 operibus
1101 1549 1146 1583 (ex
1169 1548 1256 1574 llulini
1280 1548 1383 1575 scilicet
1408 1549 1544 1583 opinione)
1568 1549 1659 1575 addita
1678 1554 1749 1582 sunt,

960 1602 984 1623 et
1000 1597 1026 1622 in
1042 1596 1110 1629 ipsos
1129 1595 1197 1631 Περὶ
1223 1594 1325 1630 ἀρχῶν,
1339 1603 1404 1629 quos
1426 1601 1454 1621 tu
1476 1596 1659 1629 interpretatus
1671 1604 1707 1629 es,
1719 1596 1753 1622 li-

961 1643 1021 1670 bros
1036 1643 1122 1669 breves
1140 1643 1246 1668 dictavit
1262 1641 1501 1672 commentariolos,
1520 1642 1612 1677 quibus
1639 1651 1689 1670 non
1707 1651 1753 1669 ne-

962 1694 1044 1725 garet,
1060 1689 1091 1716 ab
1105 1689 1216 1723 Origene
1235 1689 1342 1722 scripta,
1356 1697 1415 1724 quae
1438 1690 1537 1722 scripta
1555 1695 1625 1722 sunt,
1645 1691 1689 1716 sed
1704 1698 1752 1717 nos

961 1737 1092 1770 simplices
1108 1736 1226 1763 homines
1251 1743 1303 1762 non
1321 1743 1396 1770 posse
1416 1736 1573 1770 intelligere,
1586 1744 1644 1770 quin
1661 1737 1753 1763 dicari-

962 1789 1016 1815 tur,
1031 1788 1053 1810 et
1070 1791 1120 1818 quo
1136 1792 1212 1810 sensu
1234 1783 1263 1809 in
1283 1784 1375 1809 bonam
1394 1787 1494 1816 portent
1518 1783 1601 1815 accipi
1631 1783 1750 1814 (lubeant,

961 1830 1119 1864 persuadere
1147 1835 1267 1861 conatur,
1283 1829 1332 1856 hoc
1354 1829 1483 1855 duntaxat
1507 1830 1539 1854 de
1559 1828 1628 1855 Filio
1647 1834 1671 1854 et
1692 1827 1757 1862 S,-.i-‘

962 1876 1014 1902 ritu
1029 1875 1060 1902 S.
1084 1875 1214 1902 Cancrum
1234 1876 1261 1901 in
1277 1876 1339 1902 aliis
1358 1874 1524 1908 dogmatibus
1542 1878 1566 1900 el
1585 1873 1713 1900 Eusebius
1729 1880 1752 1899 et

963 1921 1092 1956 Didymus
1116 1921 1278 1955 apertissime
1299 1922 1324 1947 in
1359 1921 1478 1955 Origenis
1504 1921 1570 1946 scita
1595 1923 1752 1951 concedunt,

963 1972 985 1993 et
999 1968 1068 2001 quod
1088 1975 1176 1993 omnes
1193 1967 1318 1993 Ecclesim
1341 1966 1489 2000 reprobant,
1514 1966 1640 1992 catholice
1669 1972 1691 1991 et
1711 1967 1753 1999 pie

963 2013 1061 2038 dictum
1089 2020 1143 2038 esse
1172 2012 1322 2045 defendunt.
1355 2011 1424 2037 Idem
1454 2011 1581 2045 Apologia
1608 2016 1751 2044 postrema,

963 2065 1024 2091 pag.
1044 2058 1091 2094 Ιῦζ)
1104 2065 1110 2083 :
1121 2057 1154 2083 1η
1173 2057 1287 2091 Didyino
1304 2058 1455 2083 memoriam
1472 2058 1543 2090 pra-d
1556 2065 1658 2088 cantus,
1671 2063 1694 2083 el
1706 2066 1752 2083 su—

963 2112 1009 2137 per
1030 2103 1167 2134 Trinitatc,
1189 2104 1252 2138 ﬁdei
1275 2104 1427 2136 puritatem.
1459 2104 1512 2131 Sed
1530 2105 1555 2130 in
1571 2105 1681 2134 attuleris.
1694 2112 1753 2137 qua:

965 2148 1073 2181 Oriyeui
1090 2148 1157 2174 male
1181 2149 1306 2181 credidit,
1324 2157 1371 2175 nos
1391 2149 1423 2175 ab
1437 2156 1466 2175 eo
1484 2149 1652 2175 retrttltintus.
1669 2148 1754 2182 Magi-

120 2198 270 2230 Augustuui
288 2195 486 2221 Ilenninnmnn.
505 2193 606 2220 Prodiit
628 2193 671 2219 illa
685 2193 840 2220 dissertatio
857 2201 910 2220 una
926 2197 950 2225 ι)
963 2202 1079 2221 strorunt
1101 2196 1170 2221 enim
1189 2203 1240 2221 non
1257 2195 1320 2221 vitia
1338 2195 1466 2222 imitanda
1481 2200 1553 2228 sunt,
1570 2196 1615 2222 sed
1632 2197 1751 2222 rirtutcs.

121 2250 183 2270 cum
213 2242 340 2269 secundis
358 2241 456 2267 laudati
473 2240 560 2266 \Vollii
583 2241 615 2266 ad
636 2239 909 2274 Φιλοσοφοιιμένων

121 2290 282 2323 scriptorem
301 2287 372 2314 curis
389 2287 535 2322 llainbnrgi
554 2286 668 2319 1714,8.
682 2286 765 2313 ΕΔΜ.

157 2334 254 2360 Contra
280 2334 393 2359 Arianae
419 2332 480 2358 libri
501 2332 541 2358 ll.
558 2331 755 2369 llieron.,cap.
785 2331 847 2363 109,
873 2331 911 2358 De

121 2379 151 2407 S.
173 2379 225 2412 E.;
241 2379 410 2413 Nicrplxorus
435 2386 472 2410 ix,
490 2378 532 2410 17,
549 2378 620 2405 llist.
642 2377 753 2405 Videtur
776 2379 910 2413 respicere

122 2426 250 2460 Didymus
265 2425 320 2459 ipse
338 2425 388 2456 sub
399 2430 551 2451 extremum
565 2425 699 2458 explanat.
720 2425 746 2450 in
759 2423 773 2451 Ι
785 2424 907 2457 Joannis,

120 2472 237 2498 Arianos
254 2472 447 2505 perstringens,
465 2470 582 2503 Horum,
596 2471 694 2505 inquit.
715 2471 819 2505 singula
844 2479 904 2498 exa-

121 2517 299 2548 ntintttionem,
318 2523 343 2543 ut
357 2518 405 2551 [uit
417 2517 550 2551 possibile,
564 2518 589 2543 in
603 2517 664 2544 aliis
679 2517 836 2544 habuerunt.

156 2562 229 2598 Πρὸς
240 2562 394 2598 φιλόσοφον.
412 2563 608 2595 Duiiiuseenus,
623 2572 684 2599 pag.
704 2564 755 2591 645
778 2564 905 2592 Parallel.

158 2609 234 2636 Liber
248 2611 281 2636 ad
294 2609 428 2643 (lu/iitum,
444 2618 525 2644 quare
541 2611 689 2636 moriantttr
704 2610 829 2643 infantes,
845 2619 903 2637 cunt

120 2661 225 2689 propter
236 2663 341 2683 neccata
353 2663 463 2690 corpora
477 2656 634 2690 acceperint.
647 2655 825 2691 Hieronymus
837 2658 906 2691 Apo-

157 2745 195 2781 (a)
207 2744 240 2773 V.
264 2753 344 2781 supra
363 2747 395 2773 ad
409 2755 436 2775 n.
449 2749 477 2775 4.
493 2748 578 2776 Ηιιιιη

157 2779 193 2816 (b)
215 2779 360 2822 lucet-inin,
373 2783 443 2822 sitne
455 2785 499 2810 Ιιὶυ
519 2785 646 2822 Didymus
660 2785 809 2822 Heraclidae
823 2785 905 2819 illius,

121 2819 314 2856 gratiitnaticns
334 2823 359 2843 et
378 2819 506 2856 Iiinsieus,
518 2819 627 2856 δοιῖυιιιι
642 2821 729 2846 clarus
743 2822 903 2854 imperante,

121 2850 211 2878 Suido)
227 2857 404 2884 memoratus,
421 2854 496 2887 cujus
518 2855 585 2881 libro
602 2856 671 2888 Περὶ
693 2856 747 2890 τῆς
762 2850 905 2890 διηφθρῇξ

280 2899 415 2930 Parnm.
440 2900 499 2931 Gn.
524 2901 677 2933 XXXIX.

961 2240 1036 2266 Adde
1050 2247 1109 2274 pag.
1120 2240 1180 2268 l59.

1000 2286 1037 2312 De
1049 2286 1216 2320 providentia
1238 2291 1266 2313 et
1279 2286 1381 2319 judicio
1395 2286 1441 2313 Dei
1463 2287 1488 2314 in
1511 2289 1562 2314 hac
1580 2288 1644 2320 vita,
1660 2295 1693 2314 ne
1714 2296 1754 2314 cr-

965 2340 1066 2365 reinns,
1079 2332 1162 2366 jussit
1188 2332 1318 2368 Didymus
1330 2332 1365 2368 (c)
1381 2333 1526 2360 observare
1550 2334 1690 2367 diligenter
1708 2342 1755 2360 va-

965 2379 1089 2406 rietatem
1103 2386 1250 2413 corporum
1269 2387 1424 2413 rerumque,
1437 2379 1536 2414 quibus
1554 2380 1645 2406 mutuli
1671 2381 1754 2407 decus

941 2442 944 2445 λ
963 2429 1081 2457 constat,
1090 2430 1117 2451 et
1127 2425 1256 2456 rationes,
1263 2425 1359 2459 quibus
1371 2425 1440 2452 Deus
1448 2433 1596 2460 peraspera
1607 2433 1654 2452 nos
1662 2425 1694 2451 ad
1705 2426 1755 2451 vir-

941 2487 944 2490 ι
964 2476 1046 2497 tnlem
1059 2471 1134 2498 dttcit
1145 2478 1177 2498 ac
1184 2471 1354 2505 sapientiam.
1366 2471 1436 2502 Τοὺς
1449 2471 1517 2505 Περὶ
1539 2472 1682 2505 προνοίας
1701 2472 1752 2498 καὶ

962 2518 1089 2551 κρίσεως
1110 2517 1183 2544 κατὰ
1199 2518 1297 2544 σαυτὸν
1320 2517 1362 2543 ἀεὶ
1380 2516 1503 2552 γύμναζε
1520 2517 1626 2551 λόγους,
1643 2517 1725 2551 φησὶν
1739 2519 1753 2543 ὁ

965 2565 1050 2600 μέγας
1064 2564 1110 2590 καὶ
1132 2564 1284 2598 γνωστικὸς
1304 2564 1462 2595 διδάσκαλος
1481 2564 1605 2599 Δίδυμος,
1627 2564 1673 2589 καὶ
1689 2564 1751 2590 τού-

962 2620 1014 2638 των
1024 2611 1073 2642 τὰς
1085 2610 1150 2642 ὔλας
1163 2611 1207 2638 διὰ
1221 2611 1331 2646 μνήμης
1347 2611 1440 2646 φέρειν
1454 2610 1610 2646 πειράθητι.
1621 2611 1678 2636 Καὶ·
1689 2610 1752 2641 τοὺς

965 2659 1014 2694 μὲν
1029 2659 1098 2692 Περὶ
1112 2659 1238 2693 κρίσεως
1250 2657 1346 2693 λόγους
1360 2659 1388 2684 ὲν
1402 2658 1434 2693 τῇ
1456 2657 1574 2693 διαφορᾷ
1592 2657 1644 2683 τῶν
1659 2657 1752 2691 σωμά-

956 2748 1022 2776 ’τῶι-
1043 2750 1281 2783 Ὰριστοξενείων
1292 2758 1324 2777 τε
1343 2751 1391 2777 καὶ
1404 2750 1616 2783 Πυθαγορείων,
1634 2749 1749 2775 nsi-Pto-

958 2785 1068 2845 l‘t’illmlls
1093 2791 1121 2813 et
1141 2784 1317 2821 Porphyrius,
1331 2791 1359 2812 ut
1390 2787 1443 2815 ιιιιί
1463 2793 1554 2820 supra,
1577 2787 1622 2814 lib.
1641 2793 1669 2816 ti,
1686 2793 1745 2819 cup.

977 2828 1002 2846 ο.

995 2841 1029 2890 ξπ)
1048 2855 1121 2890 Apud
1136 2855 1287 2888 Socratem,
1305 2864 1331 2883 tv
1350 2855 1432 2887 llis!.,
1447 2864 1471 2883 ιε.
1486 2852 1531 2888 ἒδλ
1551 2864 1610 2892 pag.
1628 2845 1693 2885 237'.

1593 2903 1612 2930 5
