1904 3054
183 155 202 180 Α
213 156 244 182 ιδ

916 151 960 178 DE
982 151 1112 179 DIDYMO

1776 157 1829 183 Hi

191 215 262 242 liber
279 215 364 242 tribus
381 214 407 241 in
425 214 492 242 locis
509 214 620 241 mutilus
637 218 688 246 est,
703 213 829 240 nimirum
844 220 905 248 pag.
919 212 981 244 225,
999 214 1021 240 Α
1035 213 1093 239 lucc
1110 213 1164 240 alia
1185 211 1337 240 testimonia
1361 211 1387 239 in
1407 213 1525 241 secundo
1544 213 1624 248 hujus
1649 213 1739 249 operis
1756 214 1827 243 lilu-o

192 260 245 288 285
258 265 285 287 et
295 259 471 293 992.0nidni
491 267 559 295 ergo
569 259 631 295 quis
644 264 727 295 putet,
744 267 776 286 ea
791 263 928 286 auctorem
945 258 984 286 lo-

193 313 222 331 ca
252 306 386 340 respicere
409 304 522 333 secundi
552 305 624 337 libri,
647 311 707 339 qua:
731 304 809 331 modo
828 303 984 332 desideran-

193 351 253 377 tur?

169 422 172 428 ,
227 397 276 423 Diu
293 396 359 429 tunc,
377 401 406 424 ut
430 403 523 423 verum
540 395 636 428 fatear,
651 396 794 423 sollicitum
818 402 862 422 me
879 396 981 423 habue‘

182 449 230 470 ~re.
248 442 347 470 Verum
366 442 393 469 in
416 449 476 470 eam
493 442 601 470 tandem
620 441 746 469 descendi
763 441 937 473 sententiam,
955 445 984 468 ut

191 494 312 522 putarem
328 488 405 515 citari
422 488 565 522 utrobique
582 495 635 514 non
650 487 795 514 secuudmn
814 487 892 521 hujus
917 494 982 521 ope-

192 536 228 562 ris
245 535 360 566 librum;
379 534 426 562 sed
447 534 543 561 librttm
559 534 596 560 De
611 533 712 568 Spiritu
729 538 819 560 sancto
833 533 868 559 ab
888 533 984 560 lliero-

175 589 272 616 ~nymo
298 579 394 607 Latine
421 587 540 608 versum.
564 579 664 607 Tribus
681 584 770 607 autem
787 579 937 606 rationibus
955 579 982 606 id

175 654 178 655 ,
191 626 332 653 confirmo.

226 671 292 699 Nam
306 671 391 705 primo
409 671 518 698 dubium
532 671 609 698 valde
627 675 678 702 est,
694 677 728 697 an
744 670 855 698 secundi
872 670 932 697 libri
950 671 983 697 ti-

193 715 263 742 tulus
278 716 311 741 ab
326 720 436 743 auctore
453 716 510 750 ipso
524 716 560 743 sit
573 715 728 750 inscriptus,
747 722 780 742 an
794 723 857 742 vero
871 723 886 742 a
899 715 981 742 libra-

175 761 248 798 Vriis.
271 761 400 796 Equidem
422 769 474 787 non
495 769 556 787 etim
572 761 651 788 modo
671 761 786 792 titulum,
808 760 854 787 sed
871 766 896 787 et
914 761 983 788 india

190 815 248 834 rem
265 807 393 841 capitum,
415 808 458 842 qui
475 808 596 842 proxime
611 812 669 842 pust
684 807 790 834 titulum
805 807 937 842 scquitttr,
956 813 983 835 ct

190 851 356 886 singulorum
383 853 498 886 capitum
521 856 678 887 argumenta
701 853 734 879 ab
750 852 802 885 his,
818 861 870 880 non
884 854 919 881 ab
937 854 982 882 illo

1035 258 1137 286 allata?
1157 259 1184 287 Si
1199 258 1319 293 excipias
1336 258 1400 286 illttd
1415 267 1421 285 :
1439 259 1500 287 Nisi
1511 261 1580 294 quis,
1596 265 1662 293 etc.,
1679 261 1750 295 quod
1766 269 1827 296 cap.

1035 304 1070 330 l5
1083 303 1206 337 affertur,
1228 304 1272 331 vix
1293 304 1375 331 ullum
1395 305 1467 332 aliud
1487 305 1514 333 in
1537 307 1656 334 secundo
1670 306 1738 334 libro
1753 308 1829 335 inve-

1034 350 1093 377 nies
1119 358 1126 377 :
1151 350 1176 378 id
1191 351 1262 378 enim
1280 351 1450 385 potissimum
1469 351 1496 378 in
1512 353 1630 379 secundo
1650 360 1745 380 auctor
1767 361 1828 387 spe-

1034 401 1100 429 ctat,
1127 401 1154 424 ut
1179 402 1339 430 argumenta
1366 405 1398 424 ac
1425 398 1580 425 testimonia
1608 398 1713 432 afferat,
1729 400 1829 434 quibus

1034 442 1152 476 Spiritus
1170 443 1256 470 sancti
1281 443 1408 470 divinitas
1421 443 1583 475 OSIendilur,
1598 446 1828 479 quemadmodum

1035 487 1061 514 in
1079 488 1161 515 tertio
1177 488 1203 516 id
1223 489 1395 524 potissimum
1408 494 1522 522 spectat,
1537 496 1565 516 ut
1578 497 1609 516 ea
1623 490 1770 525 Scriptura:
1786 491 1825 517 lo-

1034 540 1065 559 ca
1089 532 1193 566 aﬂ‘erat,
1223 534 1323 569 quibus
1350 541 1491 568 perperam
1517 535 1660 569 explicatis
1688 537 1829 564 catholico

1034 579 1162 606 Ecclesia:
1187 579 1282 615 dogma
1308 580 1427 608 haeretici
1450 581 1653 615 impugnabant.
1681 582 1715 608 At
1731 588 1827 610 contr.-

1035 625 1060 651 in
1080 625 1148 652 libro
1165 625 1202 652 De
1221 625 1322 659 Spiritu
1343 632 1436 653 sancto
1460 627 1659 660 multaprofert
1675 628 1826 663 Scriptura:

1038 671 1095 699 loca
1118 672 1151 699 iis
1166 672 1274 704 similia,
1293 680 1351 707 quae
1365 681 1427 708 pag.
1444 673 1496 700 425
1512 673 1603 701 attulit
1618 673 1643 700 in
1662 674 1713 701 hoc
1728 681 1821 708 opere,

1034 723 1062 745 ut
1078 718 1184 746 ostendi
1204 718 1230 746 in
1246 719 1329 746 notis.

1068 763 1161 790 Tertio
1178 764 1276 790 librum
1300 772 1378 790 suum
1395 764 1431 791 De
1451 764 1551 798 Spiritu
1576 769 1666 791 sancto
1682 765 1744 791 dum
1761 765 1827 792 cita:

1037 809 1143 836 duobus
1162 809 1187 836 in
1205 809 1271 836 locis
1286 815 1381 837 auctor
1398 815 1501 842 uoster,
1518 810 1660 844 utrobique
1675 810 1752 844 λόγον
1765 819 1826 837 eum

1032 859 1122 888 vocat,
1136 862 1188 881 non
1204 854 1314 889 βιϐλίον.
1327 854 1390 881 lude
1405 860 1493 882 autem
1511 855 1606 891 colligo
1618 856 1732 890 spectari
1749 857 1782 883 ab
1794 866 1799 879 ι
1810 865 1828 881 n

190 890 279 924 addita
299 905 359 925 esse
386 898 528 929 existimo:
549 899 667 925 auctoris
684 905 747 925 vero
773 903 891 926 mentem
913 899 981 926 hanc
998 891 1019 918 Β
1034 908 1085 926 ιιοιι
1102 899 1252 927 srcundtnn
1270 900 1349 934 hujus
1368 901 1459 935 operis
1474 890 1583 933 librum,
1598 893 1645 928 sed
1666 901 1765 928 librum
1788 901 1827 928 De

190 942 283 973 fuisse.
305 947 332 969 ut
356 948 410 969 tres
434 943 459 969 hi
477 943 537 969 libri
555 944 605 970 hoc
620 944 661 970 vel
680 944 731 970 alio
747 943 817 970 atlini
842 945 922 971 modo
939 945 981 970 ιιιν

189 988 373 1016 scriberentur
389 997 395 1015 :
412 990 481 1024 Περὶ
498 991 653 1025 θεολογίας
668 990 719 1024 (vel
739 991 807 1024 Περὶ
828 990 883 1025 τῆς
902 991 981 1025 Τριά-

187 1038 250 1073 ἐῗος)
265 1037 364 1072 βιϐλίον
379 1037 413 1065 α’.
432 1039 499 1072 Περὶ
525 1038 581 1072 τῆς
600 1038 720 1072 Τριάδος
737 1038 837 1074 βιϐλίον
860 1039 892 1073 β’.
910 1039 977 1072 Πρδίὶ

187 1084 244 1119 τῆς
262 1084 381 1119 Τριάὂος
396 1085 496 1119 βιϐλίον
511 1084 547 1118 γ’,
562 1085 587 1111 id
603 1090 655 1117 est,
675 1084 714 1110 De
731 1084 859 1112 Trinitate
871 1085 938 1111 liber
952 1092 979 1117 t;

175 1130 258 1166 ΔΙΧΙΙ]
275 1133 313 1157 De
328 1130 456 1157 Triuitute
483 1131 551 1157 liber
565 1138 583 1157 Il
598 1138 605 1162 ;
626 1130 665 1157 De
680 1129 809 1156 Trinitate
828 1129 894 1156 liber
911 1137 950 1157 ιιι.

225 1176 301 1208 Quod
319 1176 390 1202 enim
409 1180 514 1209 spectat
536 1176 568 1202 ad
587 1180 743 1209 argumenta
772 1175 848 1202 initio
862 1176 979 1210 capitum

189 1222 327 1255 inscripta,
356 1228 387 1247 ea
414 1222 532 1248 auctoris
552 1229 605 1248 non
626 1229 696 1254 esse,
713 1222 759 1248 sed
778 1221 890 1248 studiosi
903 1229 980 1247 ama-

189 1268 307 1300 nuensis,
322 1267 409 1302 colligi
431 1267 537 1295 videtur
548 1275 609 1294 cum
623 1275 655 1295 ex
674 1268 717 1299 iis,
734 1275 793 1302 quae
806 1267 860 1294 dixi
878 1275 937 1303 pag.
953 1267 979 1299 1,

189 1319 244 1341 not.
260 1314 294 1346 ὃς
312 1318 366 1340 tum
391 1322 422 1340 ex
444 1321 476 1340 eo
497 1314 568 1348 quod
591 1314 611 1341 is
626 1315 671 1349 qui
687 1314 730 1341 illa
754 1314 877 1349 apposuit
904 1315 979 1342 initio

188 1360 287 1395 operis,
314 1361 383 1387 idem
409 1360 485 1394 quasi
507 1360 670 1395 defatigatus
694 1368 724 1387 ea
743 1361 836 1388 omisit
862 1369 876 1387 a
902 1360 978 1396 capi-

188 1411 214 1434 te
231 1407 265 1434 l5
282 1415 366 1442 usque
382 1407 414 1433 ad
431 1411 594 1441 postremum
611 1407 670 1434 libri
686 1408 778 1441 primi,
794 1416 825 1434 ac
844 1411 898 1434 toto
911 1407 980 1434 libro

189 1454 267 1480 tertio
290 1447 372 1479 :‘iuiu
389 1453 495 1479 demum
511 1460 544 1479 ex
565 1459 726 1487 argumento
743 1453 838 1486 capitis
860 1452 892 1480 l8
918 1453 979 1480 libri

188 1500 266 1534 prittti
285 1507 290 1524 :
312 1498 346 1526 ibi
369 1499 440 1526 enim
463 1499 569 1533 legitur,
584 1498 703 1533 ὀνόματα
719 1498 853 1532 λέγονται.
885 1504 979 1525 auctor

188 1554 251 1574 vero
265 1554 317 1573 non
335 1546 459 1580 λέγονται
476 1546 616 1578 dictasset,
632 1546 678 1572 sed
692 1545 812 1579 λέγεται.
847 1546 885 1573 sic
905 1545 977 1572 enim

175 1599 294 1626 .sempr-r
306 1592 377 1626 loqui
393 1591 542 1619 consuevit.
563 1591 640 1624 Quod
657 1599 721 1618 vero
740 1592 835 1618 attinet
849 1592 882 1618 ad
897 1599 978 1626 argu-

187 1644 340 1666 mentorum
357 1639 453 1670 series,
466 1637 522 1664 sive
539 1637 640 1665 iudices
655 1637 784 1671 capitum,
803 1638 847 1671 qui
874 1645 979 1671 prtepo-

175 1691 288 1712 .nuntur
303 1685 372 1711 libro
389 1684 517 1717 secundo,
532 1692 563 1711 ac
578 1683 669 1716 tertio,
693 1684 709 1710 ii
736 1684 803 1711 adeo
819 1684 976 1716 oscitanter,

187 1739 219 1759 ac
232 1731 301 1758 male
317 1730 469 1757 concinnati
485 1735 558 1762 sunt,
576 1734 604 1756 ut
617 1730 719 1757 auctori
745 1729 824 1756 tribui
840 1737 894 1756 non
908 1737 978 1764 pos-

186 1777 252 1809 sint,
268 1777 332 1810 quin
357 1774 453 1810 injuria
475 1775 525 1809 ipsi
541 1775 684 1802 inferatur.
700 1775 765 1808 Quae
785 1783 845 1802 cum
859 1775 895 1802 ita
911 1775 976 1807 sint,

187 1829 220 1850 ne
233 1822 339 1849 titulum
353 1822 472 1856 quidem.
485 1822 530 1856 qui
547 1827 633 1849 exstat
650 1829 710 1855 pag.
731 1821 792 1852 107,
811 1822 914 1848 auctori
929 1822 977 1849 tri-

186 1868 303 1901 buerim,
321 1868 368 1895 sed
386 1868 507 1899 librario,
523 1875 583 1894 cum
606 1867 755 1901 praesertim
774 1874 827 1894 non
845 1867 914 1894 libro
931 1875 975 1895 se-

187 1916 287 1947 cundo,
300 1915 346 1942 sed
360 1913 442 1941 iudici
455 1914 572 1948 capitum
589 1914 699 1941 secundi
713 1913 783 1946 libri,
801 1914 923 1948 proxime
938 1914 977 1941 in-

186 1960 330 1988 scribatur.
347 1960 480 1987 Cteterutu
503 1960 560 1986 sive
581 1960 625 1986 hic
643 1959 736 1987 titulus
754 1960 787 1987 ab
800 1965 911 1987 auctore
934 1961 977 1987 di-

174 2011 275 2033 .ctatus
295 2006 384 2037 fuerit,
399 2006 455 2033 sive
472 2013 486 2032 a
501 2005 611 2032 librario
627 2005 757 2039 adjectus,
778 2014 830 2034 non
851 2007 884 2033 ita
904 2006 977 2033 acci-

187 2051 301 2086 piendas
320 2055 371 2082 est,
399 2055 428 2077 ut
449 2051 484 2077 sit
506 2051 639 2084 genuinus
661 2051 770 2077 secundi
794 2050 853 2078 libri
872 2051 976 2083 titulus,

187 2098 234 2126 sed
253 2098 288 2125 ita
308 2102 336 2124 ut
353 2098 388 2124 sit
403 2097 459 2130 ejus
478 2096 558 2123 veluti
581 2102 768 2131 argumentum
793 2106 800 2123 :
819 2105 916 2132 nempe
929 2105 976 2125 ve-

189 2151 244 2172 rus.
258 2147 286 2169 ut
300 2142 365 2173 dixi,
384 2141 477 2168 titulus
490 2145 531 2167 est.
544 2148 550 2166 :
567 2140 603 2167 De
618 2141 746 2168 Trinitate
757 2141 821 2168 liber
835 2143 974 2169 secundus.

188 2192 280 2222 Itaque
296 2188 376 2215 verba
395 2187 450 2218 illa,
467 2186 543 2212 Liber
553 2186 693 2217 secundus,
709 2189 740 2214 de
755 2185 856 2221 Spiritu
872 2193 974 2221 sancto,

1033 947 1137 980 Spiritu
1165 951 1256 974 sancto
1282 947 1315 974 ab
1340 947 1503 983 Hieronymo
1526 947 1621 974 Latine
1645 955 1825 979 conversum;

1033 1001 1082 1020 nec
1104 993 1176 1020 cuitu
1195 993 1230 1019 ita
1253 993 1408 1028 promiscue
1432 993 1484 1020 duo
1503 1001 1534 1020 ea
1559 994 1669 1021 nomina
1688 994 1827 1028 accipiun-

1034 1043 1087 1071 tur,
1106 1044 1134 1065 ut
1151 1039 1253 1065 nullum
1273 1039 1344 1066 inter
1358 1039 1412 1073 ipsa
1428 1039 1528 1066 disrriu
1541 1047 1574 1066 en
1590 1039 1635 1066 sit.
1652 1039 1752 1067 Nomen
1767 1041 1827 1075 qui-

1032 1084 1092 1111 dem
1118 1085 1197 1118 λόγος
1217 1085 1320 1119 optime
1334 1085 1401 1111 libro
1419 1084 1457 1111 De
1474 1084 1576 1119 Spiritu
1591 1091 1680 1112 sancta
1696 1087 1824 1113 conveni-

1033 1138 1072 1163 rc,
1085 1131 1139 1165 jam
1154 1131 1258 1158 ostemli
1278 1138 1339 1165 pag.
1355 1131 1417 1157 574.
1433 1131 1468 1158 At
1488 1132 1621 1158 secundus
1644 1131 1680 1158 De
1696 1131 1825 1158 Trinitate

1033 1177 1099 1203 liber
1119 1177 1204 1211 magis
1225 1177 1332 1211 proprie
1357 1176 1469 1211 βιϐλίον,
1487 1185 1567 1210 quam
1591 1176 1669 1211 λόγος
1684 1185 1823 1211 nuncupa-

1033 1227 1085 1249 tur.
1111 1221 1178 1248 Nam
1202 1227 1256 1248 tres
1280 1222 1305 1248 bi
1327 1223 1386 1248 libri
1407 1222 1508 1257 βιϐλία,
1526 1231 1578 1249 ιιοιι
1599 1223 1673 1257 λόγοι
1694 1228 1825 1250 vocantur

1032 1267 1058 1294 in
1071 1267 1164 1294 codice
1177 1267 1366 1294 Passioueiano
1382 1276 1388 1293 :
1407 1275 1460 1302 qua
1475 1269 1507 1294 de
1524 1276 1603 1295 causa
1623 1269 1719 1295 merito
1736 1277 1750 1294 a
1771 1268 1820 1295 SoA

1032 1318 1107 1340 crate
1123 1320 1232 1347 quoque
1245 1312 1366 1344 eosdem,
1384 1317 1413 1340 ut
1429 1315 1552 1348 cquidetu
1566 1315 1672 1348 opinor,
1687 1315 1821 1342 indicante

1032 1359 1123 1394 βιϐλία
1138 1359 1359 1386 deuominautur.
1380 1358 1449 1392 Quin
1479 1360 1532 1386 imo
1559 1366 1654 1387 auctor
1675 1361 1732 1395 ipse
1754 1361 1824 1389 libro

1033 1413 1072 1436 ιιι,
1090 1413 1152 1440 pag.
1172 1405 1236 1436 515,
1257 1405 1336 1439 λόγον
1352 1405 1468 1432 secernit
1484 1413 1498 1431 a
1522 1405 1627 1441 βιϐλίῳ,
1647 1415 1707 1434 cum
1726 1407 1765 1435 sic
1781 1408 1820 1437 lo-

1030 1452 1123 1486 quitur
1136 1459 1142 1477 :
1154 1451 1181 1478 in
1192 1452 1276 1486 primo
1291 1451 1364 1486 λόγῳ
1377 1460 1436 1484 cap.
1452 1451 1496 1483 10,
1511 1458 1533 1478 et
1547 1453 1574 1478 in
1595 1453 1642 1479 hoc
1654 1453 1749 1489 βιὸλίῳ
1763 1462 1820 1483 cau.

1033 1497 1075 1524 l4.
1088 1496 1201 1524 Videtur
1214 1505 1278 1532 ergo
1294 1497 1424 1524 vocabulo
1437 1497 1515 1532 λόγος
1527 1500 1684 1532 opusculum
1699 1501 1820 1535 designa-

1032 1554 1061 1575 re
1075 1547 1146 1574 aliud
1162 1555 1176 1574 a
1193 1548 1280 1583 primo
1293 1547 1372 1582 hujus
1386 1548 1476 1582 operis
1490 1547 1568 1574 libro.
1587 1546 1663 1579 Quod
1682 1552 1709 1572 ut
1720 1547 1819 1573 clarius

1030 1592 1118 1620 adhuc
1131 1597 1270 1628 appareat,
1286 1593 1557 1620 animadvertendum
1572 1597 1624 1624 est,
1640 1591 1771 1619 terdecies
1791 1591 1818 1619 in

1029 1637 1072 1666 his
1091 1638 1166 1665 libris
1183 1647 1196 1665 a
1214 1638 1340 1673 theologo
1361 1644 1454 1665 nostro
1477 1637 1557 1665 citari
1585 1637 1700 1672 primum
1732 1637 1819 1671 λόγον,

1029 1684 1116 1711 octies
1133 1688 1223 1710 atttem
1247 1684 1374 1718 primum,
1388 1688 1434 1711 aut
1447 1684 1594 1711 secundum
1617 1682 1728 1718 βιϐλίον.
1744 1683 1821 1716 Qua:-

1029 1736 1135 1764 cunque
1149 1737 1212 1757 νει-ο
1229 1730 1296 1757 citat
1307 1737 1339 1757 ex
1356 1731 1455 1765 primo,
1470 1734 1516 1756 aut
1532 1730 1650 1756 Secundo
1666 1728 1770 1764 βιϐλίῳ,
1789 1736 1820 1754 ea

1029 1775 1130 1804 omnia.
1149 1778 1194 1801 aut
1211 1773 1267 1800 fere
1288 1774 1378 1801 omnia
1396 1774 1421 1800 in
1438 1773 1536 1808 primo,
1552 1772 1593 1800 vel
1609 1772 1695 1799 altero
1717 1780 1749 1799 ex
1771 1772 1815 1798 tri.

1029 1820 1080 1848 bus
1103 1820 1177 1847 hisce
1193 1819 1269 1846 libris
1284 1819 1410 1852 inveniri,
1433 1819 1454 1846 si
1473 1825 1558 1854 pauca
1572 1818 1702 1852 excipias,
1717 1826 1777 1852 qua:
1794 1818 1819 1844 iu

1029 1865 1163 1900 Capitibus
1186 1865 1333 1900 depcrditis
1351 1866 1505 1892 exstabant.
1522 1866 1556 1891 Λι
1575 1869 1668 1892 contra
1691 1864 1819 1891 tredecim

1029 1918 1060 1938 ea
1076 1911 1145 1943 loca,
1166 1918 1226 1945 quae
1249 1910 1315 1937 citat
1338 1918 1371 1937 ex
1386 1910 1473 1944 primo
1487 1910 1568 1946 λόγῳ,
1590 1910 1616 1936 iu
1633 1909 1719 1944 primo
1742 1909 1821 1942 hujus

1028 1956 1118 1990 operis
1134 1956 1202 1982 libro
1217 1963 1269 1983 non
1286 1955 1409 1990 reperiri,
1435 1956 1484 1983 nisi
1508 1955 1578 1982 forte
1590 1963 1684 1986 unum,
1697 1960 1742 1982 aut
1757 1955 1819 1986 duo,

1028 2002 1061 2028 de
1072 2002 1170 2036 quibus
1183 2002 1308 2029 dubitare
1324 2002 1398 2033 licet,
1413 2006 1502 2028 utrum
1522 2001 1547 2028 in
1562 2001 1649 2035 primo
1663 2001 1732 2028 libro
1748 2001 1819 2028 inve.

1029 2048 1148 2076 niantur.
1164 2048 1229 2081 Quis
1245 2053 1334 2075 autem
1349 2048 1453 2078 credat,
1481 2048 1609 2075 tredecim
1637 2055 1669 2074 ea
1688 2047 1746 2074 loca
1761 2055 1820 2074 out-

1029 2096 1082 2128 nia,
1099 2100 1145 2122 aut
1158 2094 1214 2122 fere
1236 2095 1326 2122 omnia
1349 2095 1376 2121 iit
1399 2095 1492 2129 paucis
1515 2094 1568 2121 illis
1594 2094 1672 2128 primi
1697 2093 1756 2120 libri
1775 2101 1820 2120 ca-

1028 2143 1127 2176 pitibus
1156 2142 1291 2168 exstitisse
1316 2148 1377 2175 qua:
1405 2139 1587 2168 interierunt?
1607 2141 1726 2174 Apparet
1753 2147 1820 2175 ergo

1028 2195 1080 2214 non
1097 2192 1198 2214 temere
1218 2187 1348 2222 distingui
1367 2195 1382 2214 a
1405 2186 1530 2221 tlteologo
1547 2191 1638 2213 nostro
1651 2185 1729 2220 λόγον
1748 2194 1762 2212 a
1780 2186 1819 2221 βι-

188 2235 239 2262 ltoc
255 2239 356 2261 tantum
372 2233 503 2264 iudicant,
519 2233 544 2259 in
560 2233 678 2260 secundo
691 2232 758 2259 libro
771 2241 923 2261 sermonem
937 2242 977 2262 es-
992 2241 1014 2269 ι)
1029 2232 1106 2267 ὁλίῳ,
1119 2236 1148 2259 ut
1165 2232 1277 2265 proinde
1296 2240 1357 2259 cum
1379 2232 1444 2258 citat
1461 2232 1575 2266 primum
1590 2231 1679 2266 λόγον,
1696 2236 1741 2258 aut
1756 2239 1817 2259 cunt

168 2288 217 2310 ,se
243 2282 275 2308 de
293 2280 394 2314 Spiritu
423 2284 526 2310 sancto,
557 2279 626 2305 sicut
650 2279 676 2305 iu
698 2279 784 2313 primo
808 2286 897 2306 sermo
926 2280 976 2307 fuit

170 2327 220 2354 .de
238 2325 315 2353 Filio.
330 2325 456 2357 Alioquin
482 2325 653 2352 scribendum
680 2324 774 2352 fuisset
803 2333 809 2351 ε
836 2325 906 2358 Περὶ
923 2326 976 2353 τοῦ

170 2372 272 2405 ,ἁγίου
287 2370 459 2404 Πνεύματος
472 2378 478 2384 ·
490 2370 612 2401 ,ϐιϐλίον
627 2370 660 2404 β’,
674 2377 726 2396 ιιοιι
751 2377 814 2397 vero
832 2379 838 2397 :
855 2371 976 2402 ,ϐιϐλίον

170 2439 176 2442 .
187 2416 225 2451 ﬂ"
240 2416 309 2449 Περὶ
323 2407 375 2442 io;-
393 2415 478 2450 ἁγίων
491 2415 672 2449 "religatae.

222 2462 349 2490 Secundo
363 2463 554 2496 concedamus,
568 2469 598 2489 ea
617 2470 676 2497 qua:
688 2470 750 2498 pag.
767 2463 819 2491 574
837 2463 917 2492 habet
929 2472 976 2491 au-

185 2514 255 2541 ctor.
269 2507 364 2535 referri
381 2507 493 2535 forsitan
513 2516 592 2542 posse
605 2516 666 2536 cum
686 2509 719 2536 ad
733 2510 881 2537 secundum
896 2511 976 2546 ltujus

167 2572 169 2574 τ
185 2553 278 2587 operis
290 2553 400 2586 librum,
416 2558 472 2580 tum
487 2553 521 2581 ad
539 2553 640 2581 librum
656 2554 694 2581 De
708 2554 808 2588 Spiritu
823 2561 924 2582 sancta.
942 2557 976 2582 At

166 2627 168 2630 ,
185 2599 251 2626 illud
267 2603 351 2630 certe,
367 2599 438 2633 quod
461 2599 498 2625 ait
521 2606 583 2634 pag.
601 2598 665 2631 425,
685 2599 728 2626 vix
747 2607 778 2626 ac
798 2608 831 2626 ue
854 2600 896 2627 vix
914 2601 975 2634 qui-

186 2645 246 2672 dem
264 2644 296 2671 ad
311 2644 460 2672 secundum
477 2643 556 2678 hujus
571 2645 661 2678 operis
672 2645 770 2672 librum
786 2645 886 2672 referre
900 2646 973 2678 licet.

187 2689 253 2716 i\atn
271 2696 412 2725 postquam
429 2691 479 2717 tria
495 2691 530 2717 ibi
547 2691 635 2717 attulit
655 2691 800 2724 Scriptura:
824 2691 891 2724 loca,
916 2691 976 2725 qui-

187 2735 238 2762 bus
251 2736 371 2763 ltteretici
391 2736 424 2763 ad
442 2735 645 2770 deprimendam
661 2737 778 2770 Spiritus
794 2737 879 2764 sam-ti
897 2743 976 2763 uatu-

168 2809 173 2813 ,
187 2788 245 2808 ram
265 2782 454 2818 abutebantur,
472 2782 575 2814 subdit,
588 2790 635 2810 eos
650 2783 711 2808 aliis
725 2782 805 2809 etiam
822 2783 974 2816 liujusutodi

187 2826 350 2853 testimoniis
378 2827 476 2854 abusos
500 2833 570 2860 esse,
594 2827 652 2854 lucc
669 2834 733 2854 vero
757 2835 785 2854 se
804 2827 830 2854 in
854 2828 922 2855 libro
938 2828 975 2856 De

185 2871 287 2904 Spiritu
315 2877 405 2899 sam‘to
424 2871 558 2899 attulisso.
577 2873 610 2900 At
624 2880 758 2908 quamam,
781 2880 889 2908 qnteso,
911 2878 974 2901 sunt

1027 2280 1093 2306 citat
1105 2278 1183 2312 λόγον
1198 2278 1234 2304 De
1244 2278 1346 2311 Spiritu
1361 2283 1462 2311 sancto,
1475 2286 1527 2304 non
1541 2278 1667 2312 ptimum,
1681 2277 1763 2313 [Xlll]
1774 2283 1819 2304 aut

1027 2324 1173 2351 secundum
1190 2323 1269 2358 hujus
1283 2324 1372 2357 operis
1384 2323 1481 2349 librttm
1493 2322 1609 2356 allegare
1623 2324 1757 2357 putandus
1772 2322 1816 2353 sit,

1027 2371 1074 2398 sed
1088 2370 1138 2396 alia
1152 2370 1292 2404 Opttscttla.

1026 2427 1091 2455 CAP.
1111 2426 1143 2454 ll.
1157 2426 1227 2454 Citat
1243 2432 1335 2454 auctor
1358 2426 1446 2453 noster
1471 2427 1600 2460 .to’jmtc,
1626 2433 1690 2459 quos
1712 2425 1815 2458 scripsit

1305 2468 1396 2488 contra
1410 2462 1536 2488 Aristius.

1063 2508 1133 2536 Duos
1150 2502 1290 2543 Ditlytrum
1308 2507 1414 2541 λόγους,
1429 2507 1455 2534 id
1481 2512 1531 2538 est,
1564 2513 1705 2533 sermones
1719 2510 1813 2532 contra

1027 2555 1144 2582 Ariauos
1158 2555 1276 2582 edidisse
1291 2559 1426 2582 testantur
1444 2553 1543 2579 vetusti
1562 2552 1720 2586 scriptores,
1749 2559 1816 2586 ψιοτ

1029 2610 1086 2628 runt
1104 2601 1257 2628 testimonia
1271 2600 1351 2628 simul
1368 2590 1495 2633 congesta
1510 2600 1535 2626 in
1554 2599 1706 2633 Appendice
1722 2598 1813 2625 lectori

1026 2647 1146 2674 exhibui.
1165 2645 1193 2673 ld
1216 2651 1304 2673 autem
1330 2645 1356 2672 in
1372 2645 1524 2680 theologum
1543 2649 1666 2671 nostrum
1683 2642 1815 2678 quadrare

1027 2693 1112 2727 liquet
1127 2700 1188 2719 cum
1200 2699 1231 2719 ex
1257 2692 1300 2724 iis,
1318 2699 1378 2726 (λικε
1406 2692 1460 2718 dixi
1474 2699 1535 2726 pag.
1559 2691 1622 2722 455.
1638 2695 1720 2724 atque
1736 2687 1812 2720 alibi,

1028 2745 1083 2765 tum
1098 2739 1179 2766 etiam
1195 2746 1226 2766 ex
1240 2739 1281 2765 his
1296 2746 1355 2773 quae
1371 2746 1432 2765 mox
1449 2738 1546 2765 dicam.

1012 2795 1089 2822 'CAI‘.
1111 2794 1154 2822 Ill.
1175 2795 1313 2823 Secontrn
1330 2795 1441 2821 Arium»
1453 2802 1692 2828 semper-pugnasse
1700 2791 1812 2828 aﬂirmct

1296 2831 1428 2864 theologus
1443 2836 1539 2856 uoster.

1062 2875 1196 2902 I‘t'mlt‘rtra
1224 2881 1316 2901 amtor
1346 2880 1438 2901 noster
1456 2881 1514 2908 pag.
1531 2873 1594 2904 9.09..
1616 2880 1646 2901 se
1658 2872 1767 2900 Arionis
1780 2879 1812 2913 ac
