1904 3054
92 106 146 134 HS

92 160 294 192 Macedoniauis
305 167 350 194 pro
369 157 438 185 virili
449 161 522 190 parte
531 163 630 188 semper
645 153 778 181 obstitisse
792 151 841 182 ait,
853 157 883 176 ac
898 151 921 179 Α

95 218 146 244 pro
161 206 291 234 catholica
310 205 343 231 de
362 202 497 229 Trinitate
514 200 637 228 doctrina
651 198 677 224 in
691 197 805 223 medium
819 202 885 220 scut-

93 264 141 291 ρει-
157 253 284 287 prodiisse
303 250 337 277 ad
364 249 436 275 litem
453 252 500 274 aut
527 245 718 274 iulenlmidant,
739 246 783 268 aut
809 239 887 267 susti-

95 300 220 328 nendum.
233 297 267 324 At
286 296 411 330 quisnam
424 299 464 320 cst
474 298 533 327 post
544 290 683 318 Athanasii
698 286 886 315 mtatetnGrse—

95 354 145 373 cus
162 343 252 372 saeculi
278 341 366 376 quarti
395 339 533 373 scriptor,
560 337 593 363 ad
623 342 702 369 quem
727 333 816 366 aptitts
834 331 889 357 hanc

96 392 199 418 rei-.zrve
228 388 381 424 possimus,
408 392 488 419 quam
518 383 647 417 Didymus
672 376 890 406 Alexandrinus?

96 444 179 471 quem
199 435 323 464 Httlinus,
346 432 485 462 Socrates,
500 429 680 458 Sozomenus,
696 425 889 458 Hieronymus,

97 469 286 510 'iheodoretus
314 483 343 506 ut
372 476 511 505 catholirze
537 475 570 502 de
593 473 723 501 Triuitate
761 469 891 496 doctrinae

99 534 242 556 strenuum
259 527 485 560 propugnatorem
509 519 674 555 praedicant;
701 515 802 550 quique
821 517 848 540 et
864 513 891 539 in

99 575 170 602 libro
197 573 232 599 De
260 571 360 604 Spiritu
380 573 480 599 sancto,
505 571 532 593 et
559 565 585 592 in
607 562 777 591 sermonibus
799 564 892 587 contra

103 620 231 649 Arianos,
249 621 274 644 et
289 617 317 643 in
335 616 414 647 libro,
430 621 478 641 seu
494 612 570 639 libris
585 611 623 637 De
648 609 734 642 sectis,
758 611 784 635 et
800 607 836 632 De
847 606 895 632 da-

100 666 234 702 gmntibus
250 668 344 691 contra
360 669 406 688 eos
423 659 565 687 luereticos
577 664 609 683 ex
620 655 745 690 professo
761 652 891 686 scripsit:

104 712 151 747 qui
167 710 283 744 denique
308 709 335 735 in
360 704 578 733 euarrationibtts
594 702 619 729 in
634 699 769 734 Epistolas
782 697 892 726 catholi-

103 766 163 790 cas,
176 761 258 791 atque
276 755 302 781 in
322 750 524 780 commentariis
542 755 627 775 sacra:
658 745 816 779 Scripturaz,
828 749 895 777 quo-

106 810 167 831 rum
187 802 338 836 fragmenta
349 799 375 826 in
388 797 491 825 catenis
502 798 620 826 exstant,
633 792 734 819 nullatn
750 789 818 817 elabi
831 788 896 816 sinit

109 831 292 878 occasionvem,
321 844 387 880 quin
418 841 550 869 catholica
569 841 602 867 de
618 837 752 865 Trinitate
770 835 896 868 dogmata
913 831 934 858 Β

110 894 238 925 inculcet,
251 895 297 919 aut
311 891 438 921 Arianos,
466 886 684 916 Maccdonianos,
707 883 828 916 aliosque
844 881 900 907 ha:-

110 940 210 967 reticos
225 945 364 972 perperam
379 935 413 962 de
425 935 467 961 illa
483 933 632 960 sentientes
648 929 769 958 refellat?
784 928 850 954 Heln
865 928 901 954 ita

111 994 141 1012 se
155 985 266 1015 habere,
289 980 444 1010 observabit
467 979 580 1013 diligens
607 977 692 1004 lector
721 976 746 1002 in
763 979 857 1001 catena
875 972 903 998 in

113 1031 235 1058 l’salmos
253 1030 285 1055 ad
306 1027 437 1063 psalmum
452 1033 500 1058 cu,
519 1032 591 1052 vers.
616 1023 663 1054 ΞΟ,
678 1026 706 1049 ct
726 1020 799 1050 alibi,
816 1020 842 1046 in
856 1025 903 1045 ca-

110 1082 173 1104 tena
189 1078 215 1103 in
234 1076 300 1102 Acta
319 1080 383 1101 tom.
398 1071 433 1099 IV
447 1069 686 1102 Anecdot.Wollii,
704 1075 764 1102 pag.
781 1066 807 1098 6,
822 1065 848 1098 9,
859 1064 902 1097 Η,

112 1122 157 1154 l9,
172 1125 254 1156 atque
269 1120 294 1147 in
316 1118 376 1148 aliis
394 1117 497 1146 catenis
514 1123 574 1154 quae
597 1115 653 1153 jam
680 1113 818 1150 impressze
832 1116 904 1140 sunt.

115 1171 171 1206 Ego
185 1171 256 1197 enim
275 1176 308 1196 ne
333 1167 435 1195 nullum
464 1174 497 1193 ex
514 1162 758 1192 innumerabilibus
775 1158 908 1194 exemplis

114 1224 175 1252 qua:
190 1214 280 1242 all'erri
309 1218 422 1248 queunt,
451 1211 598 1246 protulisse
625 1209 733 1239 videar,
751 1205 859 1233 omissis
873 1203 906 1231 iis

114 1271 173 1299 quae
186 1263 257 1289 edita
271 1261 328 1296 jam
349 1263 422 1291 sunt,
442 1266 524 1286 unum
553 1258 686 1284 duntaxat
723 1252 855 1281 exscribo
874 1258 907 1278 ex

115 1314 211 1338 catena
228 1316 278 1336 ms.
308 1308 334 1334 in
359 1307 436 1334 libro:
460 1305 567 1339 Regum,
589 1310 650 1338 qua:
677 1300 801 1328 exstatin
817 1297 910 1325 codice

115 1357 211 1384 Grieco
239 1360 286 1382 xvi
302 1353 472 1380 hibliotltctm
485 1350 592 1378 Veneta:
612 1349 642 1376 S.
669 1347 762 1374 Marci.
785 1345 823 1372 tbi
837 1344 909 1371 enim

116 1403 150 1430 ad
166 1400 328 1429 versiculum
344 1399 378 1425 ‘22
396 1397 493 1432 capitis
519 1403 576 1423 xxtt
605 1394 670 1421 libri
690 1392 711 1420 ll
735 1392 849 1426 Regum,
865 1389 911 1424 qui

117 1448 224 1481 incipit,
239 1447 302 1473 Ὅτι
315 1443 434 1480 ἐφύλαξα.
448 1443 498 1474 τὰς
514 1442 590 1473 ὀδοὺς
607 1440 724 1476 Κυρίου,
744 1438 801 1466 haec
820 1438 914 1472 legun-

682 87 966 121 COMMENTARHLS.
987 100 1020 106 ——
1040 84 1104 111 LIB.
1127 82 1147 109 I.

1673 69 1684 96 1
1690 66 1723 95 4ῑῖ

937 145 1048 182 pendice
1063 142 1160 169 allatis.
1173 136 1332 172 Huiusmodi
1352 141 1415 161 vero
1438 139 1505 167 opus
1536 128 1669 163 respicere
1683 126 1726 153 υἰ-

938 175 1016 220 detur
1027 196 1054 218 et
1068 189 1246 222 Hieronymus
1260 184 1286 210 in
1311 181 1380 209 libro
1394 180 1428 207 De
1448 178 1539 211 script.
1559 175 1649 202 exclu.
1665 180 1725 206 cap.

940 238 1076 269 l20,cum
1104 217 1371 264 aitzliesportderunt
1397 226 1421 252 ei
1453 224 1564 259 (netnpe
1586 217 1727 253 Eunomio)

940 264 1128 318 Apollinarium
1144 277 1283 311 Didymus,
1315 277 1367 300 etc.
1395 271 1423 298 Id
1442 275 1530 296 autem
1557 273 1636 301 quam
1660 264 1730 292 belle

942 329 1046 359 auctori
1064 330 1156 355 nostro
1170 322 1323 354 conveniat,
1337 328 1379 347 tne
1390 318 1433 346 vel
1458 319 1563 344 tacente
1584 319 1678 341 omnes
1690 310 1732 337 vi-

942 377 1014 404 dent.
1032 375 1126 408 Itaque
1142 371 1176 399 ad
1194 369 1244 397 alia
1257 367 1350 396 statim
1367 363 1535 400 psogredior.

943 443 1028 480 [XIV]
1049 438 1203 469 CAP.V.De
1218 435 1312 470 impari
1336 440 1441 460 numero
1469 429 1573 464 scripsit
1594 432 1622 454 ut
1646 426 1732 460 Didy-

1301 477 1370 496 mus.

980 534 1111 564 Undecim
1128 531 1231 560 scilicet
1260 526 1425 561 scriptores,
1450 522 1494 558 qui
1521 521 1554 548 de
1570 519 1665 554 impari
1685 525 1735 544 nti-

945 588 1020 609 tncro
1036 579 1214 612 scripserant,
1228 575 1353 602 numerat
1370 570 1551 603 Hieronymus
1565 566 1591 592 in
1618 563 1733 599 epistola

946 627 978 654 ad
991 623 1204 653 Pamtnacbinm,
1221 624 1249 647 ut
1266 618 1319 645 dixi
1336 624 1396 652 pag.
1413 614 1476 646 ‘268,
1496 617 1551 640 not.
1568 612 1595 643 5,
1620 617 1735 644 quorum

946 676 1038 700 sextus
1058 673 1097 696 est
1115 667 1254 702 Didymus.
1275 664 1331 698 Ego
1357 669 1421 688 vero
1444 659 1574 687 rationem
1593 657 1654 683 hinc
1669 655 1737 681 duco

948 725 999 745 non
1017 713 1252 744 contemnendam,
1282 717 1332 744 qua
1357 707 1513 735 conlirmetn
1533 708 1587 730 tres
1611 702 1693 728 hosce
1710 700 1739 726 Ii-

948 765 1010 792 bros
1025 769 1084 790 esse
1102 759 1218 794 Didymi.
1233 757 1306 785 Fuse
1325 755 1395 782 euitn
1409 754 1442 781 de
1457 752 1551 786 impari
1571 757 1693 780 numero,
1709 748 1733 774 id

948 815 988 838 est
999 810 1032 837 de
1053 805 1217 842 septenario,
1233 804 1287 838 agit
1301 801 1439 835 theologus
1455 803 1545 826 noster
1565 797 1609 824 lib.
1627 803 1659 827 tt,
1678 801 1737 827 cap.

951 856 995 882 M.
1015 840 1107 888 Itaque
1125 858 1185 878 cuin
1200 849 1243 876 illa
1257 846 1410 882 Hieronymi
1437 843 1549 880 epistola
1576 847 1635 877 post
1652 840 1740 867 editos

953 903 1035 929 hosce
1046 899 1130 926 libros
1145 896 1245 930 scripta
1262 894 1355 926 fuerit,
1371 892 1446 919 valde
1462 889 1599 925 probabile
1614 892 1666 920 est,
1680 894 1742 914 eos-

953 946 1013 973 dem
1033 944 1066 971 ab
1082 944 1143 978 ipso
1159 940 1275 975 respici;
1289 939 1373 965 multo
1387 937 1458 964 enim
1489 935 1574 962 fusius
1589 934 1621 960 de
1648 932 1749 968 itnpari'

954 998 1067 1019 numero
1085 990 1127 1016 hic
1143 988 1197 1022 agit
1222 991 1316 1013 auctor
1343 988 1452 1014 noster,
1474 989 1554 1016 quam
1577 978 1698 1015 plerique
1712 985 1745 1004 ex

955 1038 1015 1066 aliis
1029 1036 1166 1067 Patribus,
1182 1040 1251 1068 quos
1262 1031 1442 1066 Hieronymus
1457 1028 1578 1056 nominat
1591 1035 1596 1052 :
1617 1026 1745 1053 nimirum

956 1084 1080 1115 undecim
1099 1084 1136 1112 illi
1163 1087 1226 1111 sunt
1241 1082 1379 1112 Clemens,
1411 1075 1581 1113 Hippolytus.
1605 1072 1746 1110 Origenes,

957 1129 1269 1169 Dionysius,Euscbius,
1301 1127 1448 1161 Didymus,
1477 1121 1670 1151 Tcrtullianus,
1697 1119 1750 1154 Cy-

957 1167 1080 1214 prianus,
1097 1175 1263 1205 Victorinus,
1281 1170 1453 1201 Lactantius,
1477 1167 1612 1195 Hilarius:
1634 1172 1750 1200 quorum

960 1225 1049 1253 nullus
1078 1230 1135 1250 mea
1155 1221 1262 1257 quidem
1295 1215 1432 1246 sententia
1457 1222 1524 1250 opus
1560 1211 1654 1242 edidit,
1680 1210 1750 1246 quod

960 1272 991 1299 de
1001 1270 1095 1304 impari
1114 1275 1220 1294 numero
1234 1263 1411 1298 iuscripsurit,
1437 1261 1482 1289 sed
1507 1259 1596 1287 obiter
1611 1264 1704 1284 omnes
1721 1256 1752 1283 de

961 1317 1055 1346 eodem
1074 1316 1099 1342 in
1113 1313 1170 1342 suis
1196 1312 1324 1347 operibus
1350 1308 1433 1336 locuti
1460 1311 1533 1334 sunt.
1560 1304 1663 1331 Nullius
1690 1309 1754 1329 vero

962 1371 1030 1399 opus
1054 1362 1119 1389 citat
1150 1360 1333 1394 Hieronymus
1357 1355 1407 1383 ttisi
1431 1353 1582 1389 Cypriani;
1606 1350 1643 1376 ait
1660 1348 1750 1375 enim:

965 1409 1083 1442 Quorum
1105 1406 1254 1441 Cyprianus
1272 1404 1303 1429 de
1327 1401 1486 1436 septenario,
1512 1398 1539 1425 id
1564 1401 1601 1424 est
1615 1397 1647 1422 de
1662 1394 1755 1429 impari

965 1462 1071 1483 numera
1087 1453 1216 1479 disserens
1229 1457 1288 1483 qum
1299 1453 1323 1475 et
1335 1452 1433 1481 quanta
1447 1443 1552 1474 dixerit,
1568 1443 1601 1468 ad
1620 1440 1756 1467 Fortunae

119 1500 162 1522 tur
183 1502 244 1530 pag.
266 1493 317 1520 ΗΕ)
334 1502 340 1519 :
362 1491 489 1526 Διδύμου.
509 1490 573 1515 ’Ότι
590 1486 737 1522 ἐφύλαξα,
761 1485 838 1520 φησὶ,
854 1482 908 1515 τὰς

972 1508 1020 1528 ‘um
1032 1500 1098 1527 liber
1124 1498 1197 1524 illius
1223 1493 1370 1522 testimonio
1387 1497 1434 1518 est.
1461 1490 1520 1518 Jatn
1544 1495 1608 1515 vero
1624 1494 1685 1522 qua:
1705 1485 1758 1520 Cy—

121 1541 210 1574 ὀδοὺς
236 1540 358 1573 Κυρίου.
383 1537 476 1565 Ταῦτα
501 1536 550 1562 οὐκ
573 1531 741 1565 ἀλαζονικῶς
770 1531 913 1565 φησιν,ὥς

119 1596 197 1618 τινες
210 1587 308 1613 οἴονται
319 1595 325 1600 ·
342 1584 398 1612 ἀλλ’
414 1582 550 1613 ἀνατιθεὶς
566 1580 605 1615 τῷ
618 1579 678 1614 Θεῷ
690 1579 740 1614 τὴν
756 1576 847 1604 αἰτίαν
861 1574 917 1601 τῶν

121 1633 353 1669 κκτορθωμάτων.
373 1630 506 1657 titulis-ast
525 1628 553 1654 δὲ
575 1627 625 1658 τὰς
646 1627 722 1656 ὁόοὺς
736 1623 841 1658 Κυρίου
856 1622 917 1652 ταῖς

123 1679 243 1710 ἐντολαῖς
271 1678 352 1704 αὑτοῦ
373 1675 574 1712 πορθούμενος⁸
601 1672 648 1699 καὶ
672 1671 722 1698 οὐκ
744 1668 839 1697 ἀσεϐεῖ
864 1666 918 1694 ἀπὸ

122 1725 170 1753 τοῦ
187 1724 255 1751 Θεοῦ
282 1723 375 1756 αὑτοῦ,
394 1723 409 1748 ὁ
426 1721 514 1757 ὀρθῶς
544 1719 610 1755 περὶ
633 1717 688 1744 τῶν
713 1717 762 1751 τῆς
788 1713 918 1750 ἀληθείας

122 1771 265 1806 δογμάτων
295 1768 451 1804 διειληφώς·
473 1766 624 1802 ἀμέμπτως
647 1765 711 1800 περὶ
735 1762 802 1789 Θεοῦ
822 1759 920 1787 ἐννοῶν

126 1805 180 1843 καὶγ
191 1816 275 1850 ἁγίως
296 1815 361 1850 περὶ
374 1812 493 1849 Χριστοῦ
512 1809 704 1845 διαλαμϐάνων
714 1816 720 1823 '
735 1808 783 1835 καὶ
798 1805 921 1837 εὐσεϐῶς

126 1862 192 1897 περὶ
210 1860 256 1887 τοῦ
281 1859 359 1893 ἁγίου
382 1857 539 1893 Πνεύματος
554 1854 764 1890 ἐνθυμούμενος·
783 1852 830 1879 καὶ
850 1851 916 1886 περὶ

127 1896 182 1934 tibi;
199 1906 285 1933 ἄλλων
308 1904 452 1939 δογμάτων
474 1902 503 1928 ὂν
524 1901 564 1928 δεῖ
585 1900 685 1936 τρόπον
706 1897 836 1931 δοξάζων.
857 1896 923 1929 Qua:

131 1956 173 1983 sic
190 1959 280 1980 verto:
294 1962 303 1978 ι
320 1951 434 1986 Didymi.
453 1949 522 1982 Quia
537 1947 676 1978 custodivi,
691 1945 787 1979 inqttit,
800 1945 854 1970 vias
866 1943 923 1969 Do-

131 2001 234 2028 mini’.
255 1999 319 2026 Haec
339 2005 391 2025 non
408 1999 566 2031 arroganter
594 1993 669 2025 dicit,
694 1995 724 2018 ut
750 1990 860 2025 quidam
876 1996 925 2024 pu-

132 2053 208 2081 lant;
227 2046 273 2073 sed
286 2046 370 2073 Deum
385 2049 535 2078 agnoscens
555 2045 585 2067 ut
601 2045 712 2067 causam
731 2044 825 2064 eorum
840 2042 900 2069 qua:
910 2040 925 2060 a

134 2101 165 2120 se
181 2098 256 2128 gesta
273 2094 347 2124 sunt,
366 2097 397 2116 ac
410 2096 442 2116 ea
465 2087 505 2115 illi
527 2086 660 2114 tribuens.
683 2083 809 2110 Custodit
835 2085 926 2108 autem

135 2127 193 2167 vias
209 2138 314 2166 Domini
342 2137 365 2164 is
389 2135 434 2170 qui
452 2135 478 2161 in
509 2131 645 2161 mandatis
661 2131 720 2166 ejus
744 2127 881 2156 ambulat:
899 2130 927 2154 et

137 2185 220 2219 impie
236 2191 289 2211 non
304 2183 359 2218 agit
376 2189 392 2208 a
409 2181 464 2208 Deo
480 2178 549 2207 suo‘
569 2179 592 2206 is
607 2178 652 2213 qui
669 2182 741 2204 recte
761 2176 794 2203 de
805 2173 928 2202 veritatis
943 2180 966 2207 ι)

136 2230 308 2265 dogmatibus
324 2227 445 2258 disserit,
472 2225 660 2260 irreprehense
676 2222 710 2250 de
731 2221 785 2248 Deo
793 2219 926 2250 sentiens,

137 2283 163 2304 et
177 2281 272 2304 sancte
284 2275 319 2302 de
345 2273 453 2301 Christo
472 2271 620 2301 disserens,
632 2269 678 2296 ‘et
707 2268 750 2303 pie
773 2267 806 2294 de
825 2265 928 2300 Spiritu

138 2327 235 2350 sancto
248 2321 381 2355 cogitans,
394 2323 421 2346 et
437 2318 470 2345 de
480 2317 541 2344 aliis
552 2315 724 2351 dogmatibus
745 2313 782 2340 ita
803 2315 833 2339 ut
848 2318 929 2346 opor-

143 2375 180 2396 tet
194 2368 325 2396 sentiens.
342 2376 351 2392 ›
372 2365 437 2399 Quis
463 2363 600 2392 hominem
627 2360 670 2388 vel
698 2359 791 2394 paucis
808 2357 883 2385 hisce
903 2356 929 2383 in

141 2415 231 2442 verbis
246 2421 299 2441 non
331 2411 451 2448 agnoscit
469 2408 631 2437 catholicam
659 2406 693 2434 de
723 2404 857 2432 Trinitate
874 2402 921 2429 do-

147 2462 245 2489 triuam
262 2458 416 2487 inculcandi
429 2452 670 2491 percupidum?At
686 2456 788 2486 quanto
803 2449 889 2484 magis
904 2448 931 2475 in

143 2507 248 2535 czeteris
265 2512 324 2540 quae
341 2507 449 2531 exstant
465 2501 585 2536 ejusdem
612 2497 739 2533 operibus
762 2499 843 2530 atque
865 2493 934 2528 frag-

145 2552 262 2581 mentis?

145 2612 209 2638 Cap.
220 2608 265 2636 Ν.
279 2607 342 2635 Tres
354 2606 386 2633 de
397 2602 610 2632 Trinitatelillros
621 2599 728 2627 dictavit
738 2602 829 2625 auctor
839 2601 935 2627 noster,

447 2645 474 2666 ut
489 2639 626 2672 Didymus.

188 2690 258 2724 Quin
272 2695 328 2716 tres
340 2695 354 2714 a
373 2686 485 2721 Didymo
506 2684 589 2710 libros
617 2682 655 2708 De
675 2680 803 2707 Trinitate
820 2677 936 2704 dictatas

152 2745 212 2765 esse
233 2740 367 2764 testantur
381 2737 473 2768 aperte
488 2730 624 2761 Soorates,
637 2726 827 2758 Cassiodorus,
841 2726 868 2751 et
879 2722 936 2750 An-

150 2786 252 2814 selnnts
267 2778 493 2814 Havelbcrgensis
511 2777 536 2803 in
550 2774 708 2803 testimoniis
723 2781 737 2800 a
765 2778 809 2800 me
827 2770 854 2798 in
881 2769 936 2803 Ap-

190 2843 199 2856 '
215 2839 286 2868 l’sal.
304 2846 368 2869 xvn,
380 2837 425 2864 ‘12.
464 2837 473 2852 ³
495 2835 559 2862 ibid.

969 1547 1081 1582 prianus
1101 1544 1127 1571 in
1144 1543 1225 1574 libro,
1251 1541 1307 1568 sive
1330 1537 1446 1574 cpistola
1472 1536 1505 1563 ad
1534 1534 1710 1562 Fortunatum
1727 1531 1759 1558 de

968 1579 1120 1628 septenario
1132 1589 1241 1624 scripsit
1266 1594 1328 1621 pag.
1352 1584 1405 1612 5'22
1434 1581 1560 1610 editionis
1577 1579 1684 1607 Veneta:
1696 1579 1758 1605 anni

970 1639 1050 1673 1728,
1064 1636 1251 1665 multominus
1263 1633 1371 1669 copiosa
1388 1635 1462 1662 sunt,
1477 1636 1558 1664 quam
1582 1634 1642 1661 quae
1660 1626 1691 1653 de
1713 1632 1758 1652 (τοι

970 1687 1030 1714 detn
1041 1691 1154 1712 numero
1169 1674 1293 1716 disputat
1308 1683 1404 1706 auctor
1422 1681 1526 1704 noster.
1555 1673 1631 1707 Quod
1651 1672 1672 1700 si
1701 1671 1762 1698 reli<

972 1739 1085 1768 quorum
1103 1737 1185 1764 opera
1204 1735 1264 1763 qua:
1274 1729 1382 1753 exstant
1397 1721 1540 1753 evolveris,
1559 1719 1680 1747 invenies
1695 1717 1760 1744 Ter—

976 1766 1120 1806 tullianiun
1135 1781 1253 1810 quoque,
1265 1772 1433 1800 Clementem
1447 1766 1670 1795 Alexandrinum,
1684 1767 1764 1797 atque

973 1824 1118 1859 Origenth
1133 1820 1215 1847 variis
1233 1820 1259 1847 in
1275 1818 1352 1850 locis,
1371 1816 1502 1844 Hilarium
1523 1816 1638 1840 tractatu
1652 1810 1681 1836 in
1698 1809 1765 1843 psal~

973 1879 1044 1898 mum
1058 1877 1152 1901 cxt'ttt,
1173 1871 1238 1894 tom.
1256 1865 1277 1898 I,
1288 1873 1349 1900 pag.
1361 1863 1462 1895 409,et
1477 1859 1649 1887 Lactantiutn
1666 1855 1712 1882 ltb.
1727 1861 1763 1882 vtt

975 1916 1066 1944 Instit.
1081 1922 1140 1949 cap.
1160 1913 1205 1944 14,
1219 1912 1306 1939 minus
1324 1911 1382 1936 lusc
1401 1908 1433 1935 de
1454 1906 1505 1933 hac
1528 1911 1558 1931 re
1581 1904 1682 1929 locutos
1696 1908 1765 1931 esse,

976 1970 1057 1996 quam
1084 1959 1239 1994 theologum
1269 1961 1404 1983 nostrum.
1439 1953 1476 1980 De
1508 1949 1652 1985 Hippolyto
1665 1952 1766 1976 autem,

977 1993 1116 2043 Dionysio,
1131 2005 1260 2035 Eusebio,
1276 2000 1416 2030 Victorino
1427 1998 1493 2026 nihil
1511 1997 1571 2024 dico
1584 2015 1591 2027 ,
1607 1993 1678 2030 quod
1694 1994 1768 2026 duo—

977 2062 1038 2082 rutn
1051 2053 1157 2087 quidem
1173 2057 1253 2084 opera
1268 2048 1432 2078 interierint,
1448 2045 1493 2072 alii
1519 2051 1584 2070 vero
1609 2042 1635 2068 itt
1654 2040 1696 2068 his
1709 2046 1769 2073 qutt-

978 2102 1123 2134 supersunt
1139 2096 1267 2131 operibus
1279 2099 1325 2120 aut
1340 2100 1448 2128 parum,
1463 2094 1510 2117 aut
1525 2088 1591 2116 nihil
1620 2088 1652 2114 de
1674 2085 1768 2120 itnpari

980 2151 1093 2173 numero
1110 2144 1255 2175 disserant,
1273 2141 1294 2168 si
1314 2139 1461 2167 Eusebium
1487 2135 1685 2164 thsariensetn
1698 2132 1771 2158 exci-

980 2192 1050 2228 pias,
1064 2190 1110 2225 qui
1129 2190 1237 2216 ubinam
1259 2189 1292 2215 de
1313 2186 1359 2214 illo
1372 2191 1525 2212 sermonem
1541 2182 1650 2210 habeat.
1665 2179 1769 2213 ignoro,

979 2238 1027 2266 sed
1043 2238 1131 2264 locum
1145 2235 1168 2262 is
1185 2234 1273 2266 facile,
1292 2232 1399 2267 opinor,
1417 2228 1536 2256 inveniet
1564 2226 1608 2261 qui
1633 2224 1692 2259 ejus
1702 2230 1772 2249 cont-

981 2283 1127 2311 mentarios
1144 2280 1170 2306 in
1183 2278 1316 2309 Psalmos,
1343 2281 1424 2309 atque
1450 2275 1478 2300 in
1494 2273 1594 2300 Isaiam
1609 2279 1623 2297 a
1638 2269 1773 2296 Moutfau-

983 2329 1062 2356 conio
1074 2327 1173 2357 editos,
1191 2328 1238 2352 aut.
1263 2323 1315 2349 alia
1342 2321 1462 2357 ejusdem
1482 2317 1553 2346 tnodi
1568 2324 1648 2351 opera
1666 2313 1771 2342 Eusebii

984 2372 1159 2410 percurrerit.
1177 2370 1241 2398 Mitti
1258 2369 1329 2397 enim
1355 2367 1419 2394 illud
1443 2366 1469 2393 in
1483 2370 1602 2400 praesens
1615 2361 1724 2394 sullicit,
1744 2367 1773 2387 ut

983 2420 1063 2447 valde
1075 2416 1221 2445 verisimile
1234 2416 1270 2443 sit
1286 2416 1366 2442 hosce
1392 2411 1511 2440 auctoris
1528 2409 1613 2437 nostri
1640 2408 1723 2435 libros
1739 2406 1773 2434 ab

985 2465 1150 2500 Hieronymo
1164 2461 1289 2490 indicari.
1357 2456 1359 2458 ’

985 2534 1050 2562 CAP.
1067 2532 1113 2561 VI.
1134 2529 1253 2558 Perbelle
1278 2526 1380 2555 auctori
1403 2529 1490 2552 nostro
1504 2524 1652 2562 congruunt
1669 2527 1727 2554 qua:
1741 2518 1774 2558 tie

1024 2553 1138 2602 Holy-mo
1154 2553 1403 2602 testanlurrueteres,
1418 2567 1476 2600 eum
1493 2553 1618 2602 "empse:
1636 2555 1668 2602 de

1026 2608 1051 2630 et
1066 2588 1156 2630 πίπτω-α
1179 2599 1337 2627 Municth
1351 2588 1496 2630 scripsisse.
1510 2598 1533 2630 et
1551 2588 1672 2630 primum.
1684 2589 1718 2615 ad
1731 2588 1777 2614 Co-

1027 2627 1243 2666 iinvtltiosﬂl’auli
1267 2627 1414 2668 Epistolam
1434 2627 1559 2668 latissime
1579 2627 1777 2664 interpretutym

1028 2681 1092 2706 esse,
1109 2677 1133 2699 et
1148 2671 1234 2705 plures
1250 2659 1363 2706 alios“;
1385 2665 1465 2692 sacris
1484 2663 1559 2688 libris
1570 2659 1776 2693 commentariis,

1027 2695 1304 2736 iziii’ctiyiiiiéhidribtis
1320 2702 1474 2729 illustrasse.
1766 2695 1772 2702 ··

1027 2762 1163 2792 Hactenus
1179 2760 1297 2788 rationes
1321 2757 1386 2785 satis
1399 2753 1522 2783 elﬁcaces
1549 2751 1782 2785 attulimushntu
