1904 3054
135 56 191 88 147

858 59 902 86 DE
921 59 1048 88 DlDYMO

1705 63 1758 90 113

139 115 208 144 alias
222 115 311 143 adhuc
324 115 467 143 validiores
486 114 628 150 prolaturi.
657 115 709 144 Sed
725 122 869 152 antequam
883 117 918 145 ad
932 121 954 149 Α
969 119 1053 146 rimas
1069 119 1216 153 Scriptura:
1234 119 1319 147 libros
1332 120 1546 151 commentariis,
1559 125 1604 147 aut
1619 128 1758 147 commen—

136 163 187 191 ltas
206 162 356 194 veniamus.
388 161 531 189 nonnullas
559 161 604 189 hic
628 163 728 190 addere
752 163 920 196 conjecturas

134 209 236 245 placet.
252 208 335 235 Suum
353 207 489 235 Sectnrunt
508 207 633 234 volumen
650 208 691 235 bis
719 215 852 235 memorat
876 209 921 235 Di-

136 255 232 290 dymus
247 254 274 280 in
301 254 368 280 libro
394 252 432 278 De
464 251 510 285 Sp.
528 250 572 284 8.,
589 260 662 279 1111111.
684 252 701 279 5
714 258 739 279 et
754 252 796 279 2|.
811 252 918 286 Opinati

136 306 226 328 autem
242 305 305 328 sant
319 300 412 334 aliqui,
427 300 451 325 id
467 307 561 332 magna
577 300 671 326 saltem
688 309 719 326 cx
745 306 820 334 parte
835 301 923 327 adluit:

136 353 256 377 exsmre,
287 347 356 373 ident
381 352 475 379 nempe
500 352 560 372 esse
582 353 642 372 cum
659 353 693 372 eo
710 346 781 379 quod
801 345 922 372 l'ltiloso-

137 392 268 426 plmmena
297 391 466 417 inscribitur.
495 390 620 417 Nonnulli
641 390 721 416 etiam
736 391 871 417 dirersum
888 390 922 417 ab

137 438 183 465 illo
201 446 252 464 non
266 444 325 463 esse
338 440 513 466 censuerunt,
532 437 601 470 quod
621 436 775 468 Dogmata»:
797 436 922 462 Volumett

137 483 266 517 Didymus
281 482 338 516 ipse
356 486 433 508 vocat
461 481 487 508 in
514 481 581 508 libro
599 480 635 508 De
659 481 704 513 Sp.
724 480 743 508 S
758 501 765 512 ,
787 489 858 508 nmtt.
877 480 921 508 32.

137 529 257 562 Quarum
278 527 434 562 opinionum
447 528 560 561 primatu
575 527 700 561 gravibus
713 528 924 555 obnoxiamcsse

137 573 336 601 dimsnltatibtts
352 573 425 600 ntttlti
442 573 628 604 ostenderunt,
643 572 726 600 altera
743 572 845 600 levibus
858 581 924 600 con-

137 618 249 654 Iecturis
263 619 395 646 duntaxat
417 618 551 647 innititur.
569 618 678 650 Quodsi
700 618 799 645 talibus
817 625 866 653 ego
881 626 924 645 ra-

137 665 258 692 ti0nibus
273 665 480 699 acquiescerent.
505 665 667 690 contendere
685 663 795 690 forsitan
822 668 849 690 et
870 665 925 698 ipse

139 718 258 746 possent,
269 710 317 737 hos
330 710 366 736 De
377 709 592 736 Trinitatelibros
607 709 750 736 nihiialiud
765 717 924 743 esse.quam

140 754 278 784 Sectarum
300 755 446 782 volumen:
474 755 626 788 bttjusmodi
653 756 725 781 enim
751 755 870 789 suspicio
892 762 925 781 ex

140 801 244 829 dttobus
258 801 400 836 postremis
412 801 483 828 tertii
508 800 567 828 libri
587 801 721 836 capitibus
742 801 806 827 oriri
823 805 923 836 posset.
941 789 962 817 Β

139 847 207 876 Nam
233 847 321 882 capite
343 847 496 882 quidem“
525 852 634 882 repente
669 853 763 874 auctor
789 852 879 874 noster
891 847 925 874 ad

138 892 362 921 Moulanistarum
379 892 501 919 hmresim
514 893 662 919 orationem
673 893 816 923 convertit.
829 900 860 919 at‘
872 901 925 920 non

141 938 221 965 modo
237 945 268 963 ea
285 937 394 969 refellit,
414 945 473 971 qute
491 943 586 964 contra
601 937 762 964 catholicam
785 939 817 964 de
835 937 923 965 Trini-

141 988 195 1011 tate
210 984 359 1010 doctrinam
377 983 522 1016 docebant,
539 985 586 1010 sed
603 989 630 1011 et
646 983 696 1010 alia
719 991 812 1010 eorum
829 984 927 1011 delira-

139 1034 230 1056 menta
244 1038 250 1056 :
267 1034 321 1056 tum
333 1029 420 1056 subdit
436 1037 442 1055 :
457 1023 500 1055 1ιὰ
511 1031 636 1056 adversus
661 1029 728 1056 alios
745 1030 856 1057 Itwrese:
872 1038 927 1056 nta-

140 1075 211 1103 desle
224 1084 255 1102 ac
266 1077 405 1110 sapienter,
419 1080 446 1102 ut
464 1083 613 1110 possumus,
639 1083 794 1110 pugnamus.
814 1075 854 1102 Ac
872 1081 927 1102 sta-

140 1120 188 1147 titn
200 1125 290 1155 postea
309 1120 472 1148 Manicbaaos
489 1121 630 1147 confutare
647 1122 801 1156 aggreditur
814 1129 872 1156 cap.
880 1121 926 1154 ΔΞ,

140 1166 217 1200 cujus
231 1167 333 1193 utinam
349 1171 511 1201 postremam
524 1171 626 1201 partem
639 1167 716 1194 ttobis
732 1171 797 1194 astas
811 1175 862 1194 non
884 1168 925 1194 111-

140 1212 262 1239 vidisset.
283 1211 442 1246 llujusmodi
460 1216 548 1238 tamen
564 1219 613 1246 ego
628 1212 782 1246 suspicione
805 1220 856 1239 non
871 1221 928 1240 mo-

142 1263 216 1289 veor,
230 1258 276 1298 sed
297 1261 350 1284 tres
366 1258 448 1284 hosce
462 1257 500 1284 De
514 1258 641 1284 Trinitate
658 1257 739 1285 libros
762 1265 776 1284 a
790 1257 927 1285 Sectamm

141 1303 277 1330 volumine
292 1303 402 1330 omnino
414 1303 479 1330 alios
492 1310 551 1330 esse
568 1303 692 1331 existimo
705 1312 712 1330 :
728 1309 784 1331 tum
795 1305 856 1337 quia
869 1311 928 1339 qua:

142 1349 175 1377 de
191 1349 425 1382 Montanistarutn,
446 1349 652 1377 Manichaeorum
667 1371 675 1383 ,
695 1350 862 1386 aliorumque
878 1352 929 1378 ha:-

142 1395 289 1423 reticormn
320 1395 399 1423 sectis
423 1396 488 1422 dicit
515 1401 618 1428 auctor,
642 1396 731 1424 obiter
745 1397 928 1429 duntaxat,ac

142 1439 213 1478 [XV]
241 1441 322 1469 veluti
348 1442 502 1476 appendicis
522 1442 580 1470 loco
606 1441 658 1469 dici
691 1443 815 1470 videntur

141 1487 222 1514 etiam
235 1488 297 1523 quia
317 1486 452 1521 Sectarung
463 1487 585 1515 volumen
600 1487 766 1516 antelibrum
781 1488 819 1519 De
828 1488 927 1523 Spiritu

142 1538 241 1564 sancto,
259 1538 313 1560 tres
332 1540 394 1560 vero
407 1533 432 1559 hi
449 1533 509 1559 libri
529 1537 589 1567 post
609 1534 733 1560 eumdem
749 1541 808 1561 meo
820 1535 927 1569 quidem

142 1577 243 1612 judicio
255 1578 345 1605 dietati
360 1583 432 1605 sunt.
447 1578 512 1604 Illud
535 1578 627 1613 itaque
652 1583 754 1606 tantum
771 1580 823 1612 aio,
844 1581 868 1606 ei
881 1580 927 1615 qui

143 1623 182 1651 De
194 1624 334 1651 Iliensibus
347 1624 387 1651 vel
403 1625 647 1659 sectis,scripserit,
665 1625 764 1660 optiute
774 1627 927 1658 convenire,

144 1675 175 1698 ttt
190 1675 324 1705 postrema
341 1671 385 1698 illa
402 1671 454 1698 duo
470 1672 557 1707 capi-ta
574 1672 726 1699 dictaverit.
744 1672 771 1698 Id
795 1671 866 1699 enim
882 1672 928 1699 Di-

143 1717 227 1752 dymo
238 1717 264 1743 in
281 1724 356 1742 tnore
371 1717 486 1751 positum
506 1725 565 1744 esse
583 1718 771 1750 animadverti,
785 1718 864 1744 ut.ad
881 1726 928 1744 εει-

146 1761 206 1788 dem
223 1761 321 1796 turpius
332 1762 398 1788 sicut
418 1762 510 1790 inuno
523 1763 671 1797 eodemque
687 1770 779 1797 opere.
798 1763 833 1790 ita
847 1764 928 1790 etiam

145 1807 172 1834 in
188 1807 302 1834 diversis
316 1808 417 1835 redeat.
435 1808 511 1842 Quod
525 1817 612 1836 verea
630 1816 673 1835 me
685 1809 735 1836 dici
751 1809 773 1836 is
790 1809 928 1841 fatebitur,

145 1854 305 1888 qniattente
323 1854 427 1888 singula
458 1862 518 1889 qua:
542 1859 649 1882 exstant
677 1855 747 1882 illius
778 1862 858 1888 Opera
885 1859 931 1882 aut.

145 1898 296 1934 fragmenta
310 1901 482 1934 expettderit,
498 1906 580 1936 atqtte
595 1901 664 1928 inter
678 1909 707 1928 se
724 1901 877 1928 contulerit.

182 1945 318 1972 Adversus
347 1944 508 1973 Manichzros
539 1953 604 1973 sane
621 1946 755 1980 peculiare
778 1954 844 1980 opus
869 1946 927 1980 ipse

145 1990 241 2023 edidit,
260 1990 330 2025 quod
345 1996 391 2018 aut
406 1996 505 2023 totum,
526 1996 572 2018 aut
594 1991 663 2018 bona
689 1992 786 2019 saltent
804 2000 835 2018 ex
855 1996 931 2026 parte

146 2037 293 2064 etiamnum
311 2042 411 2064 exstat.
424 2037 475 2064 Sed
497 2038 627 2065 adversus
641 2039 749 2065 eosdem
765 2039 864 2072 pas‘sim
878 2039 931 2065 dis-

145 2087 222 2118 ptttat
237 2083 318 2109 etiam
338 2083 364 2109 in
386 2082 606 2111 Enarrationibus
629 2084 656 2111 in
675 2083 807 2118 Epistolas
825 2085 932 2111 cat/toli-

841 1452 847 1470 ἒ
870 1449 925 1470 111111
941 1460 962 1489 C

973 164 1076 191 tariolis
1094 164 1222 199 Didymus
1243 165 1439 199 explanaverit,
1462 171 1492 191 ιιι
1509 170 1613 192 constat
1636 172 1696 192 cum
1721 173 1755 192 ex

971 210 1145 246 Ilieronymo,
1161 216 1216 237 ι11111
1236 219 1268 237 ex
1284 211 1387 237 catenis
1406 217 1452 237 aut
1477 211 1624 245 impressis,
1647 216 1692 237 aut
1708 218 1756 238 ca-

972 256 1042 283 latno
1056 257 1174 283 exara'is
1187 266 1193 284 :
1208 257 1229 283 si
1246 257 1360 282 Indicam
1375 257 1490 283 locorum
1507 265 1590 283 sacra:
1606 256 1751 290 Scriptura:

972 303 1058 329 tribus
1077 303 1149 329 hisce
1165 303 1190 328 in
1213 302 1288 328 libris
1303 302 1477 335 allegalot-ntn
1504 302 1675 334 expenderis,
1704 301 1755 327 tria

972 347 1029 374 lta'c
1046 355 1107 374 vera
1119 355 1177 374 esse
1189 347 1337 379 compcries
1353 354 1360 372 :
1377 347 1474 379 prium,
1489 353 1522 372 ex
1539 346 1571 372 iis
1585 346 1669 378 libris,
1685 353 1754 380 quos

973 393 1176 420 commentariis
1205 392 1333 427 Didymus
1365 392 1555 424 interpretatus
1582 396 1640 422 est,
1669 390 1759 422 cujus-

974 437 1044 463 ntotli
1070 442 1133 464 sunt
1158 436 1275 471 Epistula
1303 436 1387 469 prima
1412 437 1445 462 ad
1469 436 1633 466 Cortnthius,
1662 435 1756 466 Isaias.

973 482 1071 509 Psalnti
1086 503 1093 513 .
1105 488 1170 512 em.
1188 483 1317 517 plurimos
1332 483 1365 509 ab
1381 488 1490 509 auctore
1503 487 1595 508 nostro
1614 486 1703 508 textus
1718 480 1759 507 af-

974 528 1037 556 ferri
1051 537 1057 561 ;
1073 529 1200 560 secundo,
1214 536 1247 555 ex
1263 528 1294 554 iis
1308 528 1393 558 libris,
1408 535 1475 561 qttos
1488 527 1613 554 brevibus
1621 534 1759 554 eammea-

975 574 1243 605 tariolisillustravit,
1266 574 1426 607 pauciores:
1455 580 1487 599 cx
1510 573 1542 598 iis
1557 573 1664 599 demum
1690 579 1759 607 quos

975 621 1046 648 nullo
1060 621 1138 647 tundo
1152 621 1343 654 interpretatus
1356 626 1407 650 est,
1428 624 1473 645 aut
1485 618 1586 645 nullum
1599 622 1699 645 textum
1714 623 1761 645 aut.

975 674 1034 701 pani
1046 666 1151 692 issiutos
1163 665 1281 699 allegari.
1296 665 1352 696 Qua
1370 665 1403 691 de
1419 671 1499 690 causa
1517 663 1616 689 nulltttn
1634 664 1660 690 111
1677 663 1762 690 eoin-

976 713 1035 738 dice
1048 711 1133 737 locum
1150 711 1267 744 reperies
1288 717 1321 736 ex
1336 709 1551 736 Machabmorum
1567 708 1642 735 libris
1653 709 1760 739 desum-

976 761 1061 792 ptum,
1077 756 1177 782 11111111111
1188 763 1220 781 ex
1232 756 1299 781 libro
1312 754 1415 787 Judith,
1427 755 1526 781 nttllum
1535 762 1567 781 ex
1578 754 1643 781 libro
1652 754 1760 785 Esther.

976 802 1077 830 nullum
1101 809 1133 828 ex
1155 802 1223 828 libro
1246 801 1337 834 liuth;
1354 801 1396 827 vix
1415 809 1495 827 ttntttn
1512 804 1555 827 aut
1574 801 1698 833 alterum,
1715 804 1761 827 aut

976 849 1071 875 saltem
1095 855 1227 883 perpauca
1253 855 1285 875 ex
1310 848 1384 874 libris
1400 846 1492 879 Josue,
1506 846 1640 878 Iudicum,
1658 846 1761 873 Parali‘

976 902 1121 930 ponteuon,
1143 895 1243 925 Esdrm,
1259 901 1300 925 ac,
1317 899 1346 920 ttt
1360 894 1392 920 de
1409 893 1469 919 aliis
1488 898 1600 925 taceam,
1613 892 1762 927 plet-orum—

977 948 1030 976 que
1042 948 1075 967 cx
1090 940 1239 975 prophetis,
1252 946 1320 973 quos
1335 939 1453 966 minores
1466 943 1572 966 vocant.

1014 986 1135 1017 Dcntum,
1155 993 1189 1012 ne
1214 986 1239 1011 in
1264 984 1376 1019 singulis
1400 985 1538 1035 immorer,
1567 983 1630 1010 illttd
1655 991 1763 1019 quoque

978 1033 1178 1060 animadvertas
1195 1031 1289 1062 velint,
1311 1031 1398 1057 tribus
1421 1029 1497 1057 hisce
1513 1029 1587 1056 libris
1610 1029 1764 1064 Scriptura-

978 1087 1036 1106 rtttn
1053 1078 1110 1105 loca
1138 1085 1198 1112 qua}
1212 1076 1369 1109 aﬂ'ernntur,
1396 1076 1434 1102 ita
1456 1076 1554 1110 passim
1572 1075 1712 1110 explicari.
1734 1081 1763 1102 ut

979 1123 1057 1150 facile
1082 1128 1221 1150 auctorem
1238 1129 1370 1156 agnoscas
1397 1121 1423 1148 in
1442 1121 1642 1156 Scripturarutn
1669 1128 1766 1155 campo

979 1176 1151 1204 summopere
1174 1170 1371 1196 exercitatum:
1394 1166 1545 1201 cuiusmodi
1569 1166 1688 1201 profecto
1711 1166 1761 1194 fuit

979 1216 1124 1252 Didymus;
1142 1215 1221 1242 talem
1238 1215 1309 1243 enim
1333 1222 1362 1242 se
1379 1214 1466 1249 prodit
1481 1222 1531 1240 non
1548 1214 1626 1241 modo
1645 1213 1672 1240 in
1689 1220 1765 1241 com—

979 1262 1119 1290 mentariis
1133 1262 1159 1288 in
1176 1261 1353 1296 Scripturam,
1376 1261 1423 1288 sed
1440 1260 1481 1288 vel
1504 1260 1531 1288 in
1554 1260 1612 1294 ipso
1639 1259 1708 1288 libro
1725 1259 1766 1287 De

980 1309 1083 1343 Spiritu
1104 1313 1205 1334 sancto.

980 1365 1045 1394 CAP.
1076 1363 1132 1391 VII.
1163 1366 1303 1392 Auctorem
1338 1369 1453 1391 nostram
1481 1363 1541 1389 item
1565 1367 1592 1389 ut
1623 1362 1766 1397 Didymum

1016 1401 1115 1427 imitati
1147 1405 1206 1426 sunt
1239 1400 1410 1433 Ambrosius,
1449 1398 1638 1433 Hieronymus,
1669 1397 1767 1430 alitque

1017 1436 1128 1470 fortasse
1148 1436 1278 1462 nonnulli.

1015 1494 1067 1521 Sed
1085 1494 1141 1529 jam
1166 1493 1199 1520 ad
1220 1492 1338 1527 potiores
1363 1490 1468 1526 Didymi
1491 1489 1666 1517 Alexandrini
1689 1493 1766 1516 notas

979 1547 1160 1569 trattscamus.
1176 1540 1275 1567 llarum
1291 1543 1425 1573 postrema
1443 1537 1564 1572 profecto
1584 1545 1615 1564 ea
1639 1544 1691 1563 non
1713 1541 1766 1568 est,

979 1587 1049 1623 quod
1065 1586 1151 1614 sancti
1167 1585 1293 1612 Ecclesiae
1308 1584 1402 1611 Patres
1422 1583 1582 1610 Ambrosius
1612 1590 1645 1610 ac
1669 1581 1765 1609 Hiero-

980 1640 1077 1667 nymus
1093 1631 1164 1659 haud
1180 1638 1263 1666 pauca
1283 1638 1316 1657 ex
1341 1630 1399 1663 ejus
1415 1629 1491 1656 libris
1505 1627 1618 1655 mutuati
1638 1627 1704 1656 sint.
1721 1632 1766 1653 aut

980 1677 1087 1705 imitati.
1105 1675 1172 1702 Nam
1188 1676 1259 1710 qttod
1277 1674 1374 1702 attinet
1392 1674 1499 1708 quidem
1525 1672 1558 1699 ad
1582 1671 1767 1701 Ambrosium,

980 1721 1006 1748 id
1021 1725 1114 1754 aperte
1135 1719 1236 1746 fatetur
1253 1717 1366 1745 llulinus
1385 1717 1579 1752 Aquileiensis,
1595 1716 1671 1750 cujus
1686 1715 1765 1742 verbi

980 1765 1077 1800 protuli
1095 1773 1155 1798 pag.
1171 1765 1215 1796 5|,
1230 1769 1286 1791 not.
1302 1764 1330 1792 5.
1346 1763 1374 1790 111
1393 1764 1480 1798 ipsum
1503 1770 1567 1789 vero
1582 1762 1695 1796 probant
1711 1770 1767 1787 mo-

980 1811 1059 1838 nachi
1078 1809 1107 1838 S.
1129 1809 1214 1836 Mauri
1234 1814 1298 1836 tom.
1315 1809 1335 1836 ll
1355 1816 1465 1842 operuttl
1482 1807 1614 1834 Atnbmsii
1637 1814 1695 1840 pag.
1716 1806 1766 1833 597

981 1855 1007 1882 in
1035 1855 1226 1882 Adntonitione
1253 1855 1279 1882 in
1310 1855 1429 1889 ejusdem
1455 1853 1590 1881 Ambrosii
1618 1853 1700 1879 libros
1731 1851 1768 1878 De

981 1900 1083 1934 Spiritu
1099 1907 1190 1928 sancto
1206 1901 1362 1935 inscriptos.
1387 1900 1423 1927 Ibi
1442 1900 1513 1927 enim
1541 1899 1598 1926 loca
1626 1899 1682 1932 ipsa
1699 1898 1768 1924 indi~

981 1950 1042 1973 cant
1064 1953 1124 1980 qua:
1151 1945 1310 1973 Ambrosius
1331 1952 1364 1971 ex
1391 1944 1496 1979 Didymi
1521 1943 1590 1970 libro
1614 1942 1651 1970 De
1668 1942 1767 1974 Spiritu

981 1996 1070 2019 sancta
1086 1995 1221 2018 mutuatus
1235 1990 1292 2017 fttit.
1308 1989 1383 2022 Quod
1398 1997 1460 2016 vero
1481 1989 1597 2023 pertinet.
1619 1989 1652 2015 ad
1675 1987 1768 2015 lliero-

982 2044 1104 2072 nymum.
1120 2036 1217 2062 fatetur
1234 2036 1346 2069 ipsemet
1357 2035 1464 2068 saepius,
1482 2034 1563 2061 tnulta
1586 2041 1615 2061 se
1639 2041 1671 2060 ex
1688 2032 1769 2068 Didy-

984 2090 1038 2116 nto,
1057 2090 1136 2117 quem
1157 2089 1235 2108 suum
1256 2081 1414 2115 magistrum
1428 2085 1515 2112 vocat,
1530 2080 1722 2113 desuntpsisse.
1741 2078 1767 2106 Id

145 2137 202 2156 cas.
219 2127 387 2163 Eosdemque
404 2132 432 2154 111
453 2128 568 2160 refellat,
589 2137 602 2155 a
631 2129 767 2163 proposito
789 2137 932 2164 parumper
948 2131 970 2158 D
986 2129 1022 2155 ita
1046 2135 1106 2154 esse
1132 2126 1279 2161 comperiet
1305 2126 1400 2158 lector,
1431 2125 1453 2152 si
1483 2125 1636 2160 Hieronymi
1657 2125 1714 2152 luca
1742 2124 1768 2151 in

147 2173 253 2201 aberrat
272 2173 297 2200 in
315 2173 383 2200 libro
399 2173 436 2200 De
453 2172 553 2206 Spiritu
567 2180 669 2206 sancto,
693 2183 766 2201 1111111.
792 2174 836 2205 45.
853 2183 933 2202 ocea-

147 2219 224 2247 sione
240 2224 349 2253 arrepta
370 2226 403 2245 ex
425 2218 476 2245 illis
492 2218 566 2245 Isaiae
588 2219 695 2246 verbis:
725 2219 845 2254 lnfereus
861 2220 934 2247 nobis

148 2265 224 2294 iuxta
253 2264 460 2291 misericordiam
487 2264 590 2291 ruatn‘.
607 2264 718 2292 Cuinam
744 2272 809 2300 ergo
838 2266 933 2301 magis,

149 2317 229 2345 quam
262 2309 375 2344 Didymo
402 2310 547 2337 convenire
581 2310 773 2337 arhitrabintur
805 2313 875 2346 quod
907 2312 932 2338 in

150 2356 230 2383 trium
246 2355 340 2381 borum
359 2355 486 2382 librorum
509 2360 620 2383 auctore
635 2357 819 2389 observamus,
832 2362 862 2384 ut
878 2357 933 2384 Ma-

150 2401 269 2428 nichacus
283 2408 335 2427 tton
355 2401 434 2427 modo
447 2402 546 2433 obiter,
559 2402 704 2437 paucisque
721 2403 811 2430 verbis
829 2403 932 2430 refellat

151 2445 254 2480 paginis
270 2444 334 2476 585,
351 2444 414 2476 388,
430 2451 457 2471 et
473 2445 542 2478 596;
569 2454 660 2473 verum
682 2447 763 2473 etiam
786 2447 873 2480 capite
899 2448 934 2475 42

151 2490 222 2518 tertii
250 2490 309 2517 libri
326 2490 419 2522 fusius,
436 2496 466 2517 ut.
479 2492 557 2518 modo
571 2491 743 2524 dicebamus,
768 2497 861 2518 contra
888 2499 935 2520 eos

150 2536 262 2565 scribat.
278 2540 359 2570 atque
374 2544 389 2562 a
409 2538 546 2571 proposito
562 2543 722 2573 argumento
741 2538 774 2565 ad
792 2537 852 2565 illos
869 2545 935 2565 cort-

149 2581 275 2610 futandos
288 2582 469 2616 digredtatnr?

186 2628 318 2662 Quoniam
331 2636 395 2656 vero
407 2629 570 2663 coniecturis
588 2638 657 2657 nunc
671 2629 851 2666 indulgemus,
870 2629 934 2657 illud

152 2672 234 2700 etiam
248 2673 482 2703 animadversione
494 2676 604 2710 dignum
620 2683 691 2708 reor,
707 2675 778 2710 quod
793 2682 854 2703 eum
872 2675 932 2711 plu-

188 2756 197 2771 ⁸
214 2760 268 2790 lsa.
286 2770 370 2796 Lxut,
386 2763 412 2791 'l.

989 2172 1109 2200 Veterum
1131 2172 1297 2200 Testimouiis
1315 2179 1329 2198 a
1349 2178 1390 2198 me
1405 2171 1484 2198 allata
1503 2176 1650 2205 percurrat.
1669 2170 1696 2197 ltl
1716 2170 1769 2197 sci‘

984 2219 1048 2247 licet
1065 2219 1190 2253 praestitit
1207 2217 1384 2253 Hieronymus
1399 2218 1424 2244 in
1439 2217 1640 2244 commentariis
1661 2215 1768 2250 potissi-

985 2272 1058 2292 mum
1073 2265 1100 2291 in
1123 2263 1269 2297 Epistulam
1297 2264 1332 2290 ad
1356 2262 1476 2295 Galatas,
1499 2263 1526 2290 in
1554 2262 1698 2296 Epistulam
1734 2261 1768 2288 ad

985 2310 1123 2345 Ephesios,
1145 2310 1173 2337 in
1195 2309 1361 2342 Matt/imum,
1388 2310 1415 2336 in
1438 2308 1514 2343 Osee,
1539 2311 1565 2337 in
1589 2308 1787 2345 Zachariam.‘

984 2357 1012 2384 in
1024 2356 1135 2387 Isaiam,
1154 2361 1206 2383 etc.

1021 2402 1112 2437 itaque
1124 2402 1146 2429 si
1163 2410 1195 2429 ex
1208 2405 1319 2429 auctore
1337 2401 1418 2429 etiam
1436 2407 1528 2429 nostro
1542 2400 1616 2435 plura
1633 2405 1769 2426 mutuatos

985 2455 1045 2475 esse
1067 2447 1251 2480 Ambrosium,
1277 2453 1308 2474 ac
1332 2445 1523 2482 llieroaymum
1544 2450 1658 2476 constet,
1683 2451 1770 2470 nonae

986 2493 1012 2520 id
1029 2499 1135 2526 quoque
1153 2492 1251 2518 iudicio
1266 2492 1327 2522 erit,
1346 2496 1400 2518 tres
1414 2492 1493 2518 hosce
1517 2491 1599 2517 libros
1616 2498 1630 2517 a
1657 2490 1769 2524 Didymo

985 2538 1099 2565 dictatus
1110 2537 1190 2563 esse?
1207 2536 1286 2570 Atqui
1301 2536 1375 2570 plura
1393 2536 1454 2563 hinc
1472 2541 1631 2566 mutuatum,
1649 2540 1694 2561 aut
1709 2535 1769 2561 imi-

985 2587 1070 2610 tatum
1085 2590 1145 2610 esse
1156 2582 1328 2618 Ambrosium
1344 2581 1447 2608 ostendi
1462 2581 1518 2616 jam
1541 2582 1567 2608 in
1585 2581 1666 2608 notis.
1688 2579 1770 2613 Lege,

986 2635 1087 2664 quaeso,
1111 2635 1170 2662 quae
1194 2627 1249 2655 dixi
1268 2635 1329 2662 pag.
1345 2626 1409 2659 275,
1431 2632 1488 2654 not.
1505 2627 1545 2656 9:
1568 2626 1672 2654 videbis
1698 2625 1768 2653 enim

985 2679 1070 2702 totum
1095 2674 1151 2703 fere
1179 2673 1310 2701 Ambrosii
1338 2672 1435 2702 librum
1468 2673 1507 2702 De
1523 2673 1667 2708 mysteriis,
1700 2677 1771 2699 anno
