1904 3054
126 77 179 106 HQ

710 74 995 104 COMMENTARIUS.
1017 89 1050 95 .-
1070 52 1134 103 Lis.
1155 75 1174 102 l.

1706 75 1756 102 Ιςο
1769 83 1771 86 ·

126 135 212 177 [XVII
236 135 337 164 Christi
366 136 418 164 587
441 138 581 172 scriptum,
609 144 625 164 θ
640 137 729 172 capite
743 137 778 164 Μ
804 135 916 163 secundi
931 137 956 166 Α
970 135 1108 168 adhibitis,
1124 140 1151 163 et
1170 134 1352 161 Alexandrino
1371 134 1496 169 scriptori
1517 141 1681 170 magnopere
1694 142 1744 162 con

125 191 162 211 ex
183 183 225 210 his
241 183 317 209 libris
340 190 499 217 expressum
515 191 584 210 esse.
602 182 673 217 Lege
689 182 782 214 etiam,
799 182 821 209 si
841 182 918 215 libet,

126 237 188 264 quae
207 228 276 254 dicta
294 235 308 254 a
322 235 364 254 me
378 233 438 255 sunt
456 235 515 262 pag.
533 229 576 260 5i,
593 234 649 255 nol.
662 228 689 261 5,
706 236 766 264 pag.
784 227 848 261 253,
861 233 917 255 not.

127 274 155 305 1,
176 281 236 308 pag.
253 273 317 304 246,
336 278 392 299 not.
407 272 433 302 4,
447 278 472 300 et
487 281 548 307 pag.
563 273 626 306 557,
642 278 697 300 not.
714 273 741 300 5.

165 320 241 352 Qnml
259 319 280 345 si
303 327 369 353 quas
387 325 517 353 praeterea
537 319 655 346 lor-orum
673 319 822 354 Scriptura:
838 319 921 346 inter-

130 364 296 398 pretationes
311 365 336 390 in
352 369 462 391 amtore
477 369 570 392 nostro
593 366 762 392 inveniamus
777 366 810 392 iis
832 365 919 400 persi-

130 409 218 441 tniles,
236 417 305 445 quas
319 410 345 436 in
366 411 522 437 memoratis
539 411 695 448 Hieronymi
718 412 920 439 commentariis

129 453 254 488 legimus,
275 463 364 482 ntmne
381 456 406 482 id
429 463 536 490 quoque
551 462 710 492 argumento
735 458 797 490 erit,
815 465 848 484 cx
868 458 920 485 illis

129 507 176 526 eas
196 508 268 531 esse,
289 509 356 536 quas
372 503 452 530 tacito
469 504 588 531 auctoris
610 504 729 536 nomine,
748 508 776 531 ut
805 504 919 536 solebat,

128 551 162 571 ex
181 545 295 582 Didyme
318 548 416 582 sacpius
443 549 609 584 deprompsit
637 549 693 584 ipse
719 549 922 585 Hieronymus?

132 600 186 618 non
200 593 271 627 quod
290 601 323 620 ex
340 594 391 621 hoc
411 602 493 629 opere
507 602 553 622 eas
582 596 713 628 hauserit,
730 600 759 622 ut
779 601 852 630 puto,
875 596 922 623 sed

134 638 203 672 quod
233 638 308 665 valde
327 639 456 666 credibile
482 642 526 670 sit.
547 648 629 667 unum
655 642 832 676 enntdemque
849 640 923 667 8ουί-

130 689 218 718 plura
231 683 318 711 locum
334 688 429 712 eodem
446 685 501 713 fere
516 687 594 713 tnodo
608 686 765 722 plerutnqne
777 695 791 713 a
810 687 923 721 Didymo

130 728 294 762 explicatum
317 730 417 757 essein
435 731 486 759 hoc
504 739 596 767 opere,
613 737 696 766 atque
709 731 735 758 itt
756 736 924 758 counncnta-

132 773 181 800 riis
205 774 232 801 in
252 774 431 810 Scripturam.
451 776 484 804 Ut
497 784 559 804 vero
584 777 741 812 perspicias,
760 784 840 811 quam
861 783 924 803 vere

969 181 1143 217 gruentibus;
1163 180 1228 209 nihil
1250 180 1283 208 dc
1303 180 1403 212 studio,
1429 179 1501 215 quod
1526 179 1552 207 in
1580 185 1675 215 poetas
1694 187 1755 206 emt

971 228 1133 262 impendisse
1152 231 1286 261 apparet:
1314 226 1381 253 nihil
1412 226 1518 253 demum
1548 226 1581 253 de
1610 225 1758 253 dialecticis

970 273 1130 308 quibusdam
1146 275 1204 306 ejus
1219 272 1424 303 subtilitatibus,
1439 280 1507 307 quas
1526 272 1696 299 Alcxandria-
1711 280 1758 307 po-

973 320 1105 345 tissimum
1137 319 1253 353 viguisse
1281 318 1385 354 Didymi
1406 323 1494 349 a-tate.
1523 326 1603 345 nemo
1629 319 1756 353 ignorat:

971 364 1029 391 hare
1043 365 1114 390 enim
1130 364 1218 390 omnia
1245 369 1371 399 quautam
1397 365 1449 390 vim
1469 364 1594 395 habeant,
1619 364 1697 391 fariln-
1713 372 1759 398 per

972 411 1143 444 seintelligel
1169 410 1255 437 lector
1279 411 1412 437 eruditus.
1440 411 1475 436 At
1499 410 1627 437 vocabula
1653 417 1759 445 quoque

973 455 1040 490 ipsa,
1056 456 1154 491 quibus
1170 457 1309 491 theologus
1325 462 1416 483 noster
1439 457 1534 488 Utitur,
1549 456 1760 483 Alexamltinum

972 502 1132 536 scriptorem
1160 502 1330 529 subiudicaut
1355 509 1553 535 smpenumero.
1578 501 1760 528 Alexandrina

974 548 1079 574 videtur
1093 555 1144 574 vox
1157 547 1289 583 περιοδὶα,
1306 547 1339 574 ab
1354 548 1502 574 Athanasio
1514 555 1622 582 quoque
1639 546 1758 573 adhibita

973 593 1006 620 ad
1024 594 1187 620 curationem
1211 594 1402 626 denotandam,
1424 597 1454 620 ut
1472 594 1526 620 dixi
1542 601 1601 628 pag.
1618 592 1681 626 268,
1705 597 1770 620 nota

972 640 990 666 2
1006 648 1013 666 :
1032 647 1091 667 eam
1109 645 1182 669 certe
1202 640 1271 675 apud
1299 641 1399 667 nullutn
1414 640 1494 667 alium
1513 641 1673 674 scriptorem
1697 639 1764 668 hac-

975 688 1053 712 tenus
1074 692 1123 718 ego
1136 685 1224 712 iuveni
1238 705 1246 717 ,
1267 685 1312 720 qui
1328 685 1530 712 Alexandrinus
1549 694 1600 712 non
1620 685 1698 712 foret.
1712 685 1762 712 Ita-

974 738 1027 765 que
1048 731 1138 758 tandiu
1161 730 1371 758 Alexandrinam
1396 739 1456 759 esse
1479 732 1620 767 opinabor,
1642 731 1762 767 quandiu

975 777 1046 803 eain
1062 776 1121 803 aliis
1137 777 1325 812 scriptoribus,
1348 777 1434 812 iisque
1451 784 1499 805 nec
1514 777 1660 812 Egyptiis,
1677 785 1764 812 neque

131 818 260 853 dixerim,
279 828 331 847 non
353 828 464 856 parvam
478 822 504 848 in
520 821 698 857 Hieronymo,
711 827 738 849 et
753 827 865 849 auctore
877 829 922 848 nu-
941 810 961 838 Β
976 822 1167 849 Alexandrina:
1192 822 1293 850 srhola:
1321 822 1437 850 alumnis
1451 844 1458 854 ,
1487 831 1572 858 neque
1594 823 1765 850 Alexandrim

131 870 190 892 διε-ο
208 865 459 900 iuterpretationum
475 867 681 895 similitudinem
700 867 850 901 observari,
865 868 924 903 lege

131 916 193 945 qua:
206 911 331 938 adnotavi
351 919 412 947 pag.
431 913 494 945 255,
518 918 577 940 not.
599 913 626 945 5,
653 921 713 949 pag.
736 914 796 946 l77,
822 919 877 941 not.
896 914 923 947 4,

132 964 194 992 pag.
211 957 255 990 98.
278 963 333 985 not.
350 959 377 992 9,
395 967 456 995 pag.
471 959 534 993 270,
549 965 605 987 not.
623 959 653 993 3,
669 968 730 996 pag.
747 960 811 995 271,
826 965 882 989 not.
896 961 925 995 ὅ,

134 1008 162 1032 et
174 1004 249 1032 alibi.

171 1064 226 1092 Sed
239 1067 336 1099 praeter
346 1063 519 1091 Ambrosium
533 1070 565 1090 ac
579 1062 773 1098 Hieronymum
785 1063 831 1090 alii
843 1063 924 1090 etiam

134 1110 252 1138 fortasse
266 1115 403 1137 auctorem
420 1114 543 1136 nostrum
560 1109 656 1136 imitati
673 1113 737 1136 sunt
751 1116 759 1135 :
774 1116 823 1144 ego
835 1114 924 1137 tatnett

134 1163 217 1183 unum
235 1156 366 1183 duntaxat
381 1156 425 1182 hic
439 1155 595 1187 nominabo,
614 1155 692 1189 cuius
706 1162 803 1182 nomen
820 1156 926 1189 pondus

134 1201 243 1236 aliquod
260 1201 335 1228 addit
352 1201 494 1228 sententia:
511 1209 589 1233 Ineze,
602 1201 673 1235 quod
686 1205 713 1228 et
725 1200 926 1228 Alexandrinus

134 1245 228 1279 tuerit,
248 1251 278 1274 ut
297 1247 438 1281 Didymus,
452 1252 480 1274 et
495 1246 565 1274 haud
582 1247 673 1274 multis
693 1251 750 1281 post
767 1246 847 1281 hujus
868 1247 927 1274 obi-

137 1297 192 1320 tum
205 1294 284 1320 aunis
309 1293 481 1320 Alexandria:
505 1293 658 1328 scripserit,
676 1293 806 1328 Cyrillum
830 1299 926 1328 nempe

134 1339 325 1366 Alexandrinae
340 1339 468 1366 Ecclesia:
485 1339 675 1374 patrial-chum.
702 1333 796 1366 Utrum
812 1338 834 1365 is
846 1345 926 1373 porro

135 1391 274 1413 auelorem
297 1391 419 1413 nostrum
442 1392 537 1412 revera
559 1385 679 1412 imitatus
701 1385 746 1418 sit,
766 1385 868 1420 judicet
887 1385 926 1414 le-

136 1437 206 1464 ctor,
223 1437 365 1467 postquam
382 1439 414 1459 ea
427 1432 524 1467 legerit
540 1439 600 1465 quae
615 1431 669 1459 dixi
685 1439 747 1467 pag.
761 1431 807 1466 59,
823 1437 878 1460 not.
899 1433 926 1466 2,

974 869 1104 904 proximis
1121 869 1291 903 reperiatur:
1312 869 1383 904 quod
1407 869 1465 896 ﬁeri
1489 874 1578 896 tamen
1606 877 1685 904 posse
1711 877 1764 896 non

975 915 1091 942 inﬁcior.
1108 914 1290 942 Alexandrina
1305 915 1386 942 simili
1409 915 1490 942 modo
1506 920 1557 947 est,
1576 922 1604 942 ut
1621 920 1696 949 puto,
1714 922 1764 942 vox

975 961 1136 997 ἀμεγέθης·
1155 961 1309 996 ltujusmodi
1339 962 1412 988 ettitn
1437 962 1585 997 epitltctum
1612 963 1682 989 haud
1709 962 1765 990 sci.)

976 1014 1009 1034 an
1033 1007 1086 1034 Deo
1114 1007 1183 1034 ullus
1201 1007 1270 1034 alius
1298 1007 1435 1040 tribuerit,
1455 1015 1537 1042 quatit
1566 1007 1706 1043 Didymus,
1734 1015 1766 1035 ac

974 1058 1036 1088 post
1054 1054 1140 1088 ipsum
1156 1053 1274 1088 Cyrillus
1291 1054 1502 1085 Alexandrinus,
1521 1060 1550 1080 nt
1566 1054 1621 1080 dixi
1641 1062 1702 1089 pag.
1720 1054 1764 1087 59,

976 1103 1033 1126 not.
1060 1099 1087 1125 Ξ.
1104 1099 1288 1126 Alexandrina
1307 1099 1423 1126 fortasse
1450 1105 1492 1127 est
1518 1107 1568 1127 vox
1594 1099 1764 1136 ἀνεθελησία,

975 1145 1008 1171 ab
1025 1150 1135 1172 auctore
1152 1150 1246 1172 nostro
1269 1150 1406 1179 usurpata,
1428 1151 1508 1180 atque
1533 1147 1565 1173 ab
1591 1145 1685 1172 eodem
1712 1146 1768 1180 Cy~

977 1191 1037 1218 rillo
1054 1192 1078 1218 in
1091 1191 1158 1219 locis
1172 1199 1186 1218 a
1206 1191 1319 1218 Suiccro
1332 1191 1465 1224 allegatis.
1479 1191 1691 1219 Alexandrinaru
1706 1200 1766 1220 esse

976 1237 1122 1264 verisimile
1143 1242 1185 1265 est
1208 1245 1301 1265 vocem
1327 1238 1437 1273 οὐρανοί
1454 1245 1486 1265 eo
1511 1245 1592 1266 sensu
1617 1243 1768 1273 acceptam,

978 1290 1033 1318 quo
1044 1284 1163 1310 occurrit
1181 1291 1242 1318 pag.
1265 1283 1330 1316 201,
1354 1290 1382 1310 ut
1410 1284 1508 1311 ibidem
1527 1284 1653 1310 indicavi.
1672 1283 1766 1320 [XVII]

977 1327 1187 1355 Alexandrinam
1212 1328 1305 1361 itidem
1330 1336 1391 1356 esse
1417 1329 1532 1364 conjicio
1557 1337 1650 1357 vocem
1677 1330 1771 1363 ἀοεῖα,

978 1379 1038 1407 qua:
1057 1372 1154 1408 legitur
1169 1380 1230 1408 pag.
1259 1371 1304 1408 32,
1332 1381 1466 1409 quamque
1494 1375 1528 1402 ab
1559 1375 1708 1402 Athanasio
1741 1376 1768 1403 in

977 1418 1136 1454 fragmentis
1153 1421 1408 1447 counttentariorum
1425 1421 1452 1446 in
1464 1419 1618 1448 Matt/tamn
1636 1429 1695 1456 pag.
1715 1421 1771 1449 510

136 1478 170 1506 de
187 1464 252 1505 voce
269 1464 418 1514 ἀμεγέθης.
430 1464 532 1513 et‘pag.
547 1464 610 1510 30L
628 1464 769 1510 not.8,—ac
786 1464 847 1514 pag.
862 1464 925 1512 303,

985 1469 1050 1492 tom.
1068 1464 1090 1491 ΙΙ
1104 1464 1270 1493 Collectiottia
1286 1465 1413 1492 novu'Mot
1426 1466 1605 1493 ti'auconiatne
1622 1467 1769 1493 adhibitam

136 1524 164 1550 in
180 1523 300 1558 pluribus
314 1524 396 1550 notis.
413 1522 459 1550 Illa
480 1529 621 1558 praeterea,
648 1531 708 1558 qua:
725 1523 865 1558 theologus
879 1532 928 1552 no-

137 1573 193 1595 ster
208 1568 288 1595 habet
314 1576 374 1604 pag.
402 1568 429 1602 8,
454 1569 503 1596 lin.
520 1569 546 1602 ί,
569 1573 596 1596 et
612 1570 798 1604 sequentibus,
816 1578 875 1597 cum
896 1571 929 1599 iis

137 1614 260 1641 conferat
276 1621 335 1648 qua:
360 1614 476 1649 Cyrillus
501 1614 609 1649 scripsit
644 1615 690 1642 lib.
710 1623 717 1642 l
742 1616 770 1642 in
789 1615 929 1644 Julianum

138 1666 201 1695 pag.
220 1659 252 1686 5|
270 1660 334 1686 edit.
364 1658 513 1693 Lipsiensis
531 1660 595 1686 anni
620 1660 698 1692 1696,
718 1669 830 1696 qua-que
846 1662 880 1688 ita
899 1669 929 1689 se

138 1704 239 1731 habent
251 1713 257 1730 :
281 1703 383 1740 Ὀρθῶς
396 1704 428 1740 δὴ
447 1704 519 1739 μάλα
531 1712 537 1718 ·
551 1704 616 1737 δόξα
625 1705 680 1741 γὰρ
696 1705 797 1741 Κυρίου
814 1705 928 1741 κρύπτει

137 1750 227 1785 λόγον.
247 1750 317 1777 κατὰ
340 1751 370 1777 τὸ
391 1751 593 1786 γεγραμμένον,
620 1752 667 1778 καὶ
686 1752 740 1782 πᾶς
760 1752 824 1788 περὶ
845 1752 929 1779 αὐτοῦ

138 1796 217 1831 λόγος
232 1796 355 1823 ἀσθενεῖ-
373 1797 420 1824 καὶ
436 1797 485 1832 τῆς
501 1797 579 1831 ἀξίας
598 1798 712 1824 κατόπιν
730 1797 854 1833 ἔρχεται·
871 1798 929 1825 ἔστι

139 1844 193 1880 γὰρ
210 1844 318 1880 ἁπάσης
331 1844 436 1876 ἐννοίας
449 1845 592 1871 ἐπέκεινα·
619 1844 753 1879 βλέπομεν
773 1844 800 1871 δὲ
823 1845 856 1871 δι’
884 1846 930 1871 ἐσ-

139 1891 304 1927 ὀπτρου,καὶ
314 1892 342 1918 ὲν
357 1891 507 1926 αἰνίγματι,
520 1890 556 1918 τὰ
575 1891 638 1926 περὶ
654 1890 748 1924 αὐτοῦ,
763 1890 836 1918 καῦά
847 1899 929 1926 φησιν

138 1937 154 1963 ὁ
169 1937 305 1971 πάντοφος
318 1935 435 1968 Παῦλος.
451 1936 508 1963 Non
534 1943 644 1971 parvam
658 1936 730 1963 enim
748 1935 819 1963 inter
834 1936 933 1970 hujus--

140 1983 212 2010 modi
231 1982 287 2009 loca
298 1983 524 2017 ,sitnilitudinem,
540 1982 585 2017 qui
608 1988 640 2009 ea
656 1982 812 2014 contulerit,
831 1981 928 2017 depre-

140 2027 250 2055 hendet.

140 2074 205 2102 Car.
227 2073 295 2102 \'IH.
312 2074 413 2102 Auctor
431 2078 520 2136 ’ποιεῖν
543 2074 593 2108 fuit
610 2073 806 2102 Alexandrinus
827 2079 854 2102 ut
877 2074 929 2102 Di-

501 2117 586 2136 umus.

501 2117 586 2145 ymus.

175 2155 326 2184 Videndum
347 2163 428 2188 nunc.
446 2155 520 2190 cujas
543 2155 624 2183 fuerit
650 2154 787 2191 theologus
811 2159 926 2183 noster:
944 2163 968 2190 1)
982 2159 1025 2186 die
1050 2157 1258 2184 Alexandrinam
1277 2157 1412 2191 regionem
1436 2157 1510 2184 alluit
1537 2165 1545 2185 :

142 2203 169 2230 si
188 2203 261 2229 enim
287 2203 373 2237 ipsum
403 2202 617 2229 Alexandrinum
647 2201 730 2229 fuisse
759 2206 927 2236 compertum

142 2246 234 2279 fuerit,
252 2246 336 2273 multo
354 2254 414 2273 eutn
435 2246 718 2280 lidentiuspoteritnus
732 2245 781 2272 hac
797 2246 830 2273 de
846 2253 930 2273 causa

143 2293 284 2328 Dldymum
303 2292 450 2328 appellare.
469 2293 502 2319 At
519 2292 606 2320 talem-
622 2292 711 2326 reipsa
729 2291 814 2318 fuisse
835 2297 930 2319 aucto-

144 2345 200 2365 rem
218 2344 350 2371 nostrum,
368 2339 437 2365 satis
450 2338 516 2365 tnihi
537 2338 651 2365 indicari
668 2338 772 2364 videtur
791 2337 931 2372 conjectu-

145 2383 194 2415 ris,
215 2391 284 2418 quas
305 2382 420 2416 subjicio
435 2390 442 2415 ;
459 2383 502 2409 vix
521 2382 592 2408 enim
608 2381 664 2408 ﬁeri
684 2384 782 2415 p0test,
806 2385 835 2407 ut
851 2379 932 2407 simul

144 2435 238 2456 Omnes
249 2428 326 2455 alteri
338 2432 496 2463 congruant,
505 2435 586 2462 quam
599 2426 724 2461 scriptori
737 2425 931 2453 Alexandrino.

178 2476 219 2503 Ac
231 2477 347 2510 primum
366 2474 475 2508 quidem
492 2473 612 2500 auctoris
633 2472 739 2507 loquela
759 2471 931 2499 manifestum

145 2529 207 2549 eum
228 2522 292 2549 facit
305 2523 327 2549 '.
341 2521 413 2549 Nihil
428 2529 498 2548 nunc
512 2521 607 2555 loquar
622 2520 656 2547 de
678 2517 737 2553 ejits
752 2519 831 2553 stylo,
854 2527 933 2554 quem

146 2568 320 2596 Alexandrini
337 2569 454 2595 hominis
469 2575 530 2596 esse
555 2574 652 2594 censeo
668 2575 676 2593 :
694 2565 760 2592 nihil
781 2565 814 2592 de
834 2564 934 2599 allego-

147 2614 222 2648 ricis,
240 2623 307 2650 quas
327 2615 472 2642 identidem
495 2613 584 2646 all‘ert,
605 2611 752 2646 Scriptura
772 2611 934 2646 interprets»

148 2661 277 2693 tionibus,
292 2661 390 2696 quibus
406 2660 586 2687 Alexandrina
612 2658 732 2686 maxlme
747 2656 840 2684 schola
857 2655 934 2684 oble-

148 2706 290 2739 stabatur;
316 2705 382 2733 nihil
402 2706 435 2733 de
458 2704 628 2739 Origenianis
651 2702 832 2732 locationibus
846 2702 880 2730 ab
900 2708 938 2730 eo

211 2805 305 2834 Matth.
326 2813 403 2838 mi,
422 2805 467 2831 73.

983 1511 1101 1539 invenio.
1120 1511 1251 1546 Denique,
1267 1519 1300 1539 ne
1312 1512 1415 1547 singula
1436 1520 1593 1548 persequar,
1611 1513 1771 1540 Alexandri-

982 1566 1044 1585 nam
1060 1558 1271 1593 quodammodo,
1290 1566 1384 1594 parum
1408 1559 1512 1586 scilicet
1528 1559 1690 1593 elegantem,
1715 1559 1772 1588 dia-

982 1604 1080 1631 lectmn
1102 1604 1224 1632 redolent
1238 1604 1314 1639 plura
1332 1612 1364 1632 ex
1379 1605 1526 1638 vocabulis,
1543 1613 1602 1640 qum
1618 1606 1643 1632 in
1663 1604 1771 1633 erm-

982 1659 1041 1677 rum
1055 1659 1146 1678 cocum
1164 1650 1255 1678 Indice
1278 1659 1292 1678 a
1309 1659 1350 1678 me
1365 1652 1490 1678 adnotata
1514 1656 1587 1681 sunt.
1608 1659 1638 1680 et
1661 1652 1769 1686 potissi-

983 1704 1056 1724 nmm
1081 1697 1219 1730 videlicet,
1244 1705 1304 1732 qua:
1328 1696 1477 1724 fastidiosae
1502 1704 1592 1729 aures,
1617 1698 1770 1726 Atticorum

983 1743 1230 1778 elegantiorumqne
1247 1743 1362 1771 aliorum
1381 1743 1543 1779 scriptorum
1569 1744 1637 1780 ston
1656 1750 1770 1773 aswetat

983 1788 1054 1816 ferre
1067 1789 1109 1816 vix
1126 1793 1245 1824 possunt.

1018 1834 1202 1863 Alexandrino
1238 1839 1367 1870 praetcrea
1403 1836 1527 1870 scriptori
1561 1837 1676 1863 maxime
1706 1845 1770 1865 con-

983 1886 1082 1916 gruunt
1100 1889 1159 1916 quae
1186 1880 1299 1916 legimus
1321 1889 1381 1916 pag.
1400 1881 1450 1917 201
1470 1892 1476 1908 :
1494 1881 1550 1909 Nec
1576 1890 1618 1909 eos
1631 1883 1712 1917 piget,
1730 1883 1770 1910 in-

983 1927 1052 1963 quit,
1070 1945 1101 1954 ...
1120 1927 1225 1961 pelagus
1251 1927 1391 1962 (πέλαγος)
1418 1927 1549 1962 trajicere,
1575 1937 1605 1955 ac
1630 1930 1771 1956 multorum

983 1974 1103 2006 deinceps
1117 1974 1218 2000 dierum
1246 1973 1297 1999 iter
1313 1991 1345 2000 ...
1372 1973 1504 2007 per/icere.
1521 1972 1555 2001 Ut
1568 1974 1638 2001 enim
1657 1979 1771 2003 testatur

984 2019 1092 2050 Strabo,
1108 2018 1155 2046 lib.
1170 2025 1236 2049 xvn,
1253 2026 1280 2053 p.
1298 2018 1361 2051 543,
1389 2018 1516 2052 πέλαγος,
1538 2027 1584 2046 sett
1602 2019 1709 2054 pelagus
1723 2029 1770 2048 vo-

983 2066 1096 2092 cabatur
1115 2071 1174 2091 cmn
1192 2063 1378 2100 {Egyptiacnm
1399 2073 1484 2098 mare,
1503 2070 1557 2092 lmn
1577 2067 1651 2100 palus
1666 2067 1770 2095 Mareo-

984 2113 1030 2144 tis,
1058 2115 1171 2146 quorum
1203 2111 1266 2138 illud
1291 2119 1305 2138 a
1340 2111 1540 2146 Septentrione,
1567 2113 1623 2139 luce
1646 2121 1659 2139 a
1684 2115 1770 2142 meri—

1571 2165 1622 2191 qua
1637 2158 1670 2184 de
1689 2167 1769 2187 causa

982 2204 1102 2232 eamdem
1135 2203 1270 2237 regionem
1294 2202 1392 2229 ibidem
1423 2203 1490 2229 dicit
1510 2203 1696 2238 ἀμφίκλυστον
1711 2205 1771 2232 δυσὶ

983 2249 1132 2284 πελάγεσι,
1162 2249 1187 2276 id
1211 2252 1275 2280 est,
1297 2256 1355 2283 quae
1377 2248 1477 2274 duobus
1508 2248 1607 2283 pelagis
1634 2250 1746 2276 alluitur
1761 2258 1771 2278 .‘

984 2294 1171 2323 Alexandrinae
1186 2301 1250 2320 vero
1271 2293 1345 2320 ttrbis
1359 2293 1389 2319 τὺ
1416 2293 1546 2329 παράλιον
1565 2294 1658 2330 μέρος,
1690 2296 1714 2321 id
1731 2300 1772 2323 est

984 2345 1085 2375 partem
1102 2339 1128 2365 in
1142 2346 1188 2365 ora
1205 2338 1339 2364 maritima
1365 2338 1453 2370 sitam,
1472 2339 1520 2366 lih.
1546 2346 1564 2365 ll
1584 2346 1675 2366 contra
1689 2340 1771 2374 Apio-

984 2393 1051 2419 nem,
1065 2393 1149 2419 segni.
1161 2383 1187 2416 4,
1203 2383 1335 2418 Iosephus
1346 2388 1485 2411 memorat.
1497 2383 1565 2418 Quin
1579 2386 1660 2412 etimit
1672 2387 1773 2419 optime

984 2431 1011 2458 itt
1029 2429 1240 2457 Alexandrinum
1254 2430 1406 2465 theologum
1427 2432 1560 2465 quadraut
1576 2439 1636 2458 cum
1652 2440 1694 2464 ea,
1713 2440 1771 2465 qua:

985 2483 1044 2511 pag.
1059 2475 1112 2503 398
1124 2476 1201 2502 docet
1220 2481 1314 2502 auctor
1328 2482 1422 2503 noster
1433 2477 1465 2503 de
1477 2478 1633 2511 quotidiana
1652 2478 1772 2509 corporis

987 2527 1014 2548 et
1027 2521 1166 2555 sanguinis
1181 2520 1285 2548 Domini
1309 2522 1508 2555 communione,
1524 2527 1552 2549 ut
1581 2523 1615 2549 ibi
1630 2522 1771 2555 adnotavi,

988 2571 1044 2594 tum
1062 2567 1116 2600 illa,
1143 2574 1202 2602 quae
1222 2567 1256 2595 de
1269 2567 1424 2602 quotidiana
1450 2568 1575 2603 baptismi
1600 2569 1770 2595 administra-

990 2612 1061 2639 tione
1073 2612 1178 2644 scribit,
1197 2612 1325 2639 utvidere
1341 2611 1414 2645 licet,
1436 2620 1496 2647 pag.
1509 2611 1573 2643 275,
1588 2617 1643 2638 not.
1661 2612 1694 2645 l;
1716 2617 1781 2639 tum.

988 2658 1069 2685 etiam
1082 2665 1142 2693 quat
1157 2658 1189 2685 de
1211 2657 1416 2685 ambitiosorum
1443 2658 1560 2685 dissidiis
1576 2657 1693 2692 attingit,
1709 2665 1770 2693 pag.

988 2703 1050 2737 508,
1069 2710 1182 2739 quaeque
1194 2703 1227 2732 de
1239 2703 1363 2732 oratione
1380 2703 1512 2732 Manassis
1528 2704 1623 2736 sensit.
1644 2711 1724 2739 quam
1744 2708 1773 2731 ut
