1904 3054
139 98 186 126 131

866 101 910 129 DE
929 102 1062 131 DlDYMO
1728 102 1778 130 1.32

137 167 224 188 sacra:
239 158 387 196 Scriptum
416 165 520 196 partem
547 161 614 188 citat
649 168 710 196 pag.
727 161 796 194 399;
815 165 870 188 ttuu
887 162 933 189 de-
947 165 970 193 Α
985 162 1059 188 vium
1093 166 1120 189 et
1139 161 1336 196 Alexandrum,
1364 162 1488 196 sequitur
1511 160 1655 188 lectionem
1677 160 1779 188 codicis

139 214 225 239 mum,
239 208 310 241 quod
329 215 389 242 pag.
409 206 462 234 184
475 207 692 242 cosmographum
709 211 786 233 vocet
800 206 930 241 Moysem,

136 253 236 280 librum
253 253 358 280 scilicet
384 253 531 285 Gcneseos,
551 258 580 280 ut
608 258 682 287 puto,
708 253 865 288 respiciens,
887 253 930 286 qui

137 296 163 321 in
194 296 288 323 codice
310 297 506 329 Alexandrino,
533 302 560 324 et
581 306 594 324 a
611 297 733 328 Philone,
763 303 845 332 atque
869 298 932 325 Cle-

137 347 227 368 tueute
249 341 442 370 Alexandrinis
466 343 625 370 inscribitur
640 343 745 377 -ίένεςις
760 343 874 378 κόσμου.
906 344 930 370 id

136 391 187 419 est,
203 388 275 420 origo
291 389 393 420 mundi,
421 393 449 415 ut
463 394 554 416 monet.
578 389 619 416 \‘ir
643 390 749 417 elariss.
775 389 930 417 Illazochius

136 433 213 460 initio
231 433 378 469 Siticilcgii.

170 478 301 506 Omnibus
330 480 404 507 hisce
432 480 675 515 conjeclttrisillud
699 481 812 516 insuper
829 482 928 516 adjun-

134 525 250 559 gendum
278 531 328 556 est,
356 527 427 560 qttod
451 535 466 553 a
495 527 620 561 tlteologo
653 533 745 554 nostro
761 527 797 554 ita
828 528 928 561 passim

136 570 293 605 Scripturas
310 572 420 608 allegat'i
437 573 652 605 obscrvaverim,
675 579 701 600 ιιι
714 574 927 600 Alexandrintnn

134 623 164 643 se
177 617 284 650 prodat.
313 617 339 643 ld
361 623 450 644 autem
472 618 593 653 pluribus
616 619 702 645 modis
719 618 843 646 ostendo.
861 618 927 644 Nam

135 663 226 697 primo
238 663 281 690 ubi
295 663 374 690 lectio
386 663 486 690 Graecm
501 665 630 691 editionis
652 665 703 691 alia
723 671 764 692 est
781 673 794 691 a
814 665 928 691 lectione

132 707 250 742 Vulgata:
269 709 371 735 Latitue
388 709 583 742 translationis,
607 711 756 744 smpiSsime
773 716 867 736 auctor
885 717 928 736 tto-

134 759 191 782 ster
217 763 276 781 eam
296 756 419 789 sequitur
451 756 605 788 lectionem,
636 764 717 790 quatit
752 761 861 783 secutus
886 761 927 783 cst

132 801 260 835 vulgatus
275 802 419 836 interpres.
438 803 473 829 At
498 810 560 830 vero
578 802 790 829 Alexandrinqu
807 803 926 829 codicem

985 206 1176 233 Alexandrini.
1197 205 1264 233 Nam
1283 214 1344 234 cum
1371 206 1397 233 in
1413 206 1531 241 Epistula
1547 205 1558 233 Ι
1588 206 1621 232 ad
1636 205 1699 232 Cor.
1716 212 1775 238 cap.

985 259 1029 283 xv,
1049 259 1121 278 vers.
1136 251 1180 284 51,
1212 251 1305 279 Graeca
1324 251 1409 279 Biblia
1438 252 1554 279 habeant
1573 261 1579 278 :
1608 250 1703 278 Omnes
1718 252 1779 284 qui-

983 297 1041 322 dem
1056 305 1109 323 non
1132 297 1302 329 dormiamus,
1324 298 1369 324 sed
1383 305 1470 323 omnes
1486 297 1701 327 intntttlabinmr;
1729 303 1775 323 ce-

983 343 1034 370 (lex
1052 351 1117 370 vero
1141 343 1352 376 Alexandrinus,
1370 344 1412 370 cui
1429 343 1563 370 consentit
1580 342 1684 377 vulgata
1703 342 1778 369 Lati-

983 398 1016 416 tta
1035 389 1187 421 translatio,
1216 389 1312 416 habeat
1332 399 1338 416 :
1359 389 1455 416 Omnes
1474 391 1578 424 quidem
1603 389 1775 418 dormiamus,

981 437 1026 463 sed
1041 444 1092 463 non
1109 444 1196 462 omnes
1223 436 1420 463 intntntabimnr
1448 445 1457 463 :
1480 437 1608 471 Didymus
1632 441 1776 469 utramque

982 482 1019 509 ibi
1038 482 1147 516 quidem
1163 481 1304 508 lectionem
1321 487 1464 513 memorat,
1476 482 1523 508 sed
1536 481 1681 507 secundant
1696 479 1777 506 alteri

981 527 1132 561 anteponit,
1160 534 1191 553 ac
1210 526 1343 560 sequitur.
1368 527 1434 553 Cum
1463 527 1553 561 itaque
1576 529 1669 552 noster
1693 525 1778 559 etiarn

984 571 1126 605 theologus
1145 570 1293 606 Scriptura:
1325 571 1382 598 loca
1411 572 1445 598 ita
1462 571 1573 605 alleget,
1599 574 1628 596 ut
1659 570 1684 596 in
1704 569 1776 595 illius

981 617 1188 652 allegationibus
1213 622 1239 643 et
1255 617 1437 644 additamenta
1457 621 1603 644 occurrant
1619 615 1775 649 aliquando,

980 668 1006 690 et
1019 663 1118 698 passim
1136 662 1378 689 Alexandrinarum
1397 662 1615 689 membranarum
1639 661 1773 688 lectiones

979 714 1121 744 sequatur,
1137 709 1350 737 Alexandrinum
1367 710 1417 737 hac
1428 710 1511 737 etiam
1530 709 1555 736 in
1569 716 1597 735 re
1614 708 1773 742 scriptorem

980 757 1163 791 agnoscimus.

1016 801 1051 828 Et
1073 802 1145 836 quod
1162 807 1268 837 spectat.
1294 802 1402 837 quidem
1429 800 1462 827 ad
1479 800 1672 831 additamenta,
1694 801 1727 825 de
1741 798 1775 826 iis

132 847 283 881 saepissime
298 856 358 874 eum
380 848 487 882 vulgato
507 849 684 880 concordare,
711 853 824 875 testatur
840 848 926 875 Simo-
944 859 965 886 Β
979 855 1040 874 cum
1054 847 1080 874 in
1096 849 1178 881 notis,
1199 853 1254 876 tum
1272 849 1298 875 in
1313 855 1399 875 rerum
1416 846 1508 873 Indice
1526 846 1558 873 ad
1576 853 1668 872 vocent
1688 845 1773 872 lit/(1L

132 894 194 921 nius
222 894 248 920 in
268 894 462 921 Dissertatione
487 895 520 921 de
539 895 731 929 tnanuscriptis
756 893 821 920 Novi
836 893 927 920 Testa-

132 940 217 966 ntenti
232 940 380 971 codicibus,
411 948 473 974 pag.
494 941 536 968 6i.
566 940 668 968 Deinde
690 940 871 967 Alexandrina
885 948 928 966 sa-

133 993 242 1012 crorum
271 985 420 1013 Bibliorunt
446 987 610 1021 exemplaria
631 995 684 1014 tton
706 987 817 1012 omnino
836 993 928 1012 emcn—

131 1031 205 1062 da'a,
221 1033 269 1059 sed
285 1033 478 1060 additamentis
492 1033 653 1067 quibusdam
670 1037 747 1059 aucta
767 1032 850 1059 fuisse
865 1039 928 1058 cou-

131 1083 186 1105 stat
209 1086 242 1104 ex
261 1078 420 1114 Hieronymi
446 1080 514 1106 libro
535 1087 578 1106 XVI
607 1079 634 1106 in
661 1077 772 1110 Isaiam,
802 1083 865 1105 tom.
883 1077 925 1110 IV,

130 1132 194 1159 pag.
212 1125 263 1152 696
277 1126 406 1153 editionis
430 1125 605 1153 Veronensis.
637 1125 675 1152 lbi
694 1126 765 1152 cuitu
783 1130 925 1160 postquam

127 1171 293 1198 versiculum
314 1173 487 1199 uttdecitnttm
505 1173 600 1207 capitis
615 1180 681 1199 L\'lll
707 1172 746 1199 sic
766 1172 866 1203 attulit,
899 1175 927 1198 ut

131 1217 158 1243 itt
176 1217 330 1244 emendatis
343 1217 415 1244 LXX
445 1217 624 1252 lnterpretum
637 1217 838 1252 exemplaribus
854 1220 926 1252 lege-

130 1263 223 1294 batur,
243 1265 299 1289 htL‘c
314 1261 422 1296 subjicit
438 1271 444 1289 :
465 1271 474 1287 ι
487 1262 562 1295 Quod
586 1262 611 1289 itt
627 1262 820 1289 Alexandrinis
835 1270 926 1289 exent-

131 1308 253 1343 plaribus
284 1308 310 1335 in
338 1308 472 1343 principio
497 1308 577 1342 hujus
592 1308 700 1343 capituli
716 1308 836 1335 additum
862 1313 924 1335 est:

132 1354 167 1381 Ει
189 1354 275 1381 adhuc
291 1355 316 1381 in
329 1360 355 1382 te
369 1355 417 1381 erit
435 1355 493 1381 laus
512 1362 568 1381 mea
583 1362 699 1389 semper;
715 1360 742 1382 et
759 1355 785 1381 in
799 1355 851 1382 ﬁne
865 1363 871 1381 :
893 1354 925 1380 Et

129 1410 190 1429 ossa
201 1407 246 1428 tua
259 1402 335 1436 quasi
346 1401 426 1428 Itcrba
447 1401 607 1430 orientur
623 1401 649 1428 in
667 1401 801 1428 llebraico
814 1409 866 1428 uott
883 1402 926 1428 lta~

128 1448 240 1479 bentur,
258 1448 348 1475 sedne
362 1448 389 1474 itt
403 1448 578 1482 Septuaginta
594 1447 705 1482 quidem
718 1447 879 1480 emendatis,
898 1452 926 1475 et

125 1494 202 1521 «vet-is
231 1493 466 1528 exemplaribus.)
504 1493 638 1520 Nimirum
665 1498 722 1520 tres
752 1493 923 1528 potissimum

128 1544 209 1568 erant
234 1540 337 1575 Didymi
360 1542 441 1567 aelate
470 1539 604 1567 versionis
629 1538 699 1566 LXX
740 1539 921 1573 lnterpretutu

129 1586 273 1618 editiones,
287 1591 315 1613 ut
336 1593 385 1613 nos
401 1587 480 1613 docet
495 1585 552 1620 ipse
568 1585 748 1620 Hieronymus
767 1584 881 1619 l’rologo
896 1585 923 1611 in

132 1631 345 1666 Paralipomeua,
373 1639 419 1659 seu
440 1632 509 1658 libro
531 1639 550 1658 ιι
566 1631 594 1657 in
619 1630 756 1666 Ruﬁnum,
777 1638 860 1665 segni.
878 1630 922 1662 Ξῖ,

130 1683 195 1705 tom.
213 1677 245 1710 Il,
258 1685 317 1712 pag.
336 1678 398 1710 521,
417 1677 460 1705 ubi
478 1677 534 1705 lnec
545 1676 640 1704 scribit
657 1686 664 1704 :
688 1676 718 1704 Si
736 1676 809 1703 LXX
835 1675 924 1703 litter-

128 1728 231 1758 pretum
242 1732 321 1758 pura,
336 1730 358 1751 et
382 1729 409 1750 ut
425 1725 456 1751 ab
470 1725 507 1751 eis
532 1724 560 1750 in
575 1721 695 1750 Graecum
707 1731 779 1750 versa
792 1728 828 1749 est
843 1723 923 1748 editio

128 1775 301 1804 permaneret,
313 1771 443 1805 superﬂue
457 1777 529 1797 me...
541 1769 696 1804 impellens,
710 1773 736 1795 ut
749 1769 794 1795 tibi
813 1768 922 1795 llebra’a

128 1816 261 1843 columina
275 1815 370 1842 Latino
386 1823 503 1843 sermone
527 1815 697 1849 transferrem
770 1814 849 1841 Nunc
864 1823 923 1842 vero

128 1870 187 1889 cum
201 1869 248 1895 pro
262 1862 387 1888 varietate
399 1862 533 1896 regionum
546 1862 648 1888 diversa
661 1861 782 1896 ferantur
791 1860 920 1894 exempla-

128 1908 215 1940 ria,...
233 1908 404 1939 Alexandria,
426 1913 449 1934 et
475 1907 607 1942 {Egyptus
628 1907 656 1933 in
682 1906 855 1942 Septuaginta
867 1907 922 1933 suis

130 1953 290 1988 lleayc/tittm
308 1953 399 1980 laudat
416 1958 561 1986 auctorem,
584 1952 826 1987 Constantinopolis
842 1960 922 1986 usque

129 2002 163 2027 ad
179 2001 346 2028 Antiochiam
365 2000 476 2027 Lucioni
492 2001 625 2035 martyris
644 1999 805 2035 exemplaria
817 1999 920 2033 probat.

130 2047 226 2074 Media:
240 2048 308 2074 inter
321 2047 368 2073 has
381 2047 523 2080 provinciw
538 2045 696 2072 Palwstinos
708 2045 808 2072 codice:
822 2044 920 2079 legunt,

127 2101 192 2126 quos
207 2093 239 2118 ab
254 2091 366 2126 Origene
385 2090 533 2118 elaboratas
549 2089 689 2122 Eusebius,
718 2095 742 2117 et
765 2089 920 2124 Pamphilus

128 2139 297 2174 vulgaverant
325 2146 334 2165 :
360 2143 476 2172 totusque
501 2137 570 2164 orbis
592 2137 641 2163 hac
670 2137 738 2163 inter
763 2144 790 2162 se
813 2136 920 2170 trifaria

128 2187 252 2213 varietate
278 2189 446 2219 compngnat.
476 2183 514 2211 ita
531 2183 721 2218 Hieronymus.
749 2185 789 2209 Ac
825 2190 917 2209 revera

129 2234 155 2260 in
172 2232 267 2259 codice
292 2231 488 2262 Alexandrino,
512 2230 558 2264 qui
582 2234 691 2264 quarto,
718 2234 747 2255 ut
766 2229 859 2262 aliqui,
875 2233 921 2256 aut

127 2277 223 2306 saltem
244 2281 321 2304 sexto
350 2275 449 2303 saeculo
480 2280 606 2302 exaratus
631 2279 683 2306 est,
705 2279 733 2301 ut
753 2274 799 2301 alii
818 2273 920 2308 volunt,

129 2323 245 2352 inveniri
261 2323 362 2350 scholia
386 2323 414 2349 in
438 2326 538 2349 textum
561 2321 723 2354 introducta,
742 2329 804 2347 rara
816 2322 922 2354 quidem

127 2373 196 2406 ipsa,
227 2375 362 2405 textosque
387 2377 444 2396 uere
458 2368 621 2404 ὲξηγητικά,
647 2372 760 2395 testatur
780 2367 877 2395 Miliius
895 2368 920 2395 itt

127 2417 344 2452 Prolcgomenis,
360 2423 386 2451 p.
406 2415 457 2443 145
471 2423 478 2448 ;
511 2415 653 2449 Didymum
668 2421 732 2441 vero
747 2422 799 2441 tton
815 2422 922 2449 semper

127 2465 247 2499 quidem,
274 2463 321 2491 sed
343 2463 502 2498 plerumque
520 2466 611 2488 tamen
634 2461 815 2488 Alexandrina
830 2469 922 2488 exent-

126 2510 212 2546 plaria
229 2514 352 2536 secutum
379 2515 439 2536 esse
455 2515 508 2534 non
524 2507 628 2534 dubito.
652 2506 687 2533 lta
704 2507 821 2541 exempli
836 2507 920 2541 gratia

126 2558 152 2584 in
171 2555 394 2583 Enarrationibus
422 2555 456 2581 ad
472 2559 554 2590 caput
578 2562 585 2582 ι
602 2553 727 2589 Epistola:
741 2554 835 2588 primat
848 2553 920 2581 Petri

125 2604 191 2630 citat.
212 2603 346 2638 psalmum
367 2609 472 2629 xxxvttt
493 2602 543 2628 hoc
564 2602 644 2628 tttodo
664 2610 670 2628 :
687 2600 843 2635 Peregrinus
874 2608 920 2634 ego

127 2649 270 2684 (mendosa
288 2649 360 2676 ettitn
376 2654 418 2676 est
440 2648 570 2676 editionis
588 2647 678 2680 lectio,
705 2648 776 2680 ergo)
790 2646 818 2673 in
839 2650 918 2673 terra.

126 2694 216 2721 Vat-es
228 2702 303 2728 vero,
335 2695 362 2721 in
387 2700 468 2728 terra,
491 2694 617 2730 leguntur
639 2693 747 2727 quidem
779 2693 804 2720 itt
827 2693 921 2720 codice

126 2740 381 2772 Alexandrino,sed
398 2741 496 2767 desunt
507 2740 533 2767 itt
547 2739 641 2767 Grtuca
651 2739 799 2766 Bibliorutn
815 2737 920 2774 [XVIII]

127 2784 257 2810 editione.
280 2784 368 2811 Simili
386 2785 466 2812 modo
482 2785 540 2819 ipse
565 2785 697 2819 Didymus
713 2783 740 2810 in
755 2784 918 2817 fragmento,

127 2827 199 2863 quod
215 2827 292 2856 aliert
318 2828 499 2865 Hieronymus
514 2829 541 2858 in
558 2830 670 2864 epistola
691 2829 741 2856 119
767 2829 800 2856 ad
820 2828 917 2857 Miner~

980 899 1105 927 lamenta,
1121 895 1250 922 lectorem
1265 895 1367 922 ntotttti.
1383 894 1460 927 Quod
1475 901 1539 920 vero
1551 893 1583 919 ad
1597 893 1696 920 codiris
1712 892 1775 919 Ale-

980 941 1107 968 xandrini
1135 941 1266 969 lectiones
1282 942 1392 973 attinet,
1420 941 1543 975 pluribus
1558 939 1688 973 exemplis
1702 937 1774 973 quod

979 986 1033 1014 dixi
1061 987 1278 1015 confirmandum
1295 993 1336 1015 est
1355 996 1361 1014 :
1380 987 1402 1014 si
1434 987 1476 1014 cui
1493 994 1559 1013 vero
1584 986 1609 1012 id
1632 985 1772 1012 molestum

979 1032 1101 1060 futurum
1116 1034 1163 1068 sit,
1195 1034 1216 1061 is
1233 1035 1327 1061 eadem
1346 1033 1517 1068 prmterietts,
1535 1032 1567 1059 ad
1588 1037 1696 1063 cetera,
1714 1038 1774 1064 qtae

979 1080 1132 1113 subjiciam,
1169 1080 1313 1107 transiliat.
1345 1079 1438 1113 Itaque
1457 1079 1553 1114 primo,
1583 1077 1610 1104 in
1627 1077 1710 1111 Epist.
1740 1076 1774 1103 ad

978 1126 1094 1161 Philipp.
1114 1135 1156 1158 ιιι,
1176 1127 1202 1158 8,
1217 1126 1311 1154 Grteca
1337 1127 1422 1154 Biblia
1454 1125 1564 1157 habent,
1581 1123 1698 1160 Χριστοῦ
1722 1123 1774 1158 ’1η-

979 1171 1026 1198 σοῦ
1039 1172 1087 1199 τοῦ
1104 1172 1207 1208 Κυρίου
1223 1181 1272 1208 μου
1287 1181 1293 1186 “
1321 1173 1404 1199 codex
1433 1170 1630 1198 Alexandrinus
1655 1178 1702 1204 pro
1723 1177 1772 1204 μου

979 1219 1059 1246 habet
1071 1219 1150 1254 ἡμῶν
1173 1228 1178 1233 ”
1197 1223 1287 1245 uester
1318 1226 1382 1245 vero
1398 1216 1540 1251 theologus
1556 1217 1626 1243 hunc
1640 1215 1771 1249 sequitur,

978 1273 1039 1300 pag.
1053 1265 1079 1292 5.
1098 1264 1233 1297 Secundo,
1251 1265 1275 1290 iu
1291 1264 1337 1298 lip.
1355 1264 1386 1289 ad
1399 1263 1458 1290 Gal.
1478 1271 1508 1294 ιι,
1523 1262 1566 1294 16,
1580 1261 1601 1288 Β
1615 1261 1665 1287 lilia
1679 1261 1771 1288 Graeca

978 1311 1089 1344 habent,
1107 1311 1174 1337 διότι
1192 1311 1222 1337 οὐ
1250 1309 1479 1344 δικαιοιθήσεται⁴
1505 1308 1693 1336 Alexandrinte
1709 1315 1773 1334 vero

977 1357 1143 1384 membrana:
1174 1364 1222 1390 pro
1248 1355 1314 1382 διότι
1331 1356 1430 1382 habent
1445 1355 1496 1386 ὅτι,
1524 1359 1553 1381 ut
1579 1355 1643 1388 legit
1666 1357 1770 1384 auctor,

977 1409 1038 1436 pag.
1048 1402 1073 1429 4.
1093 1402 1195 1434 Tertio,
1207 1402 1300 1428 incad.
1311 1402 1358 1435 Ep.
1371 1409 1399 1434 ιι,
1414 1400 1455 1433 11,
1467 1400 1559 1427 Grmca
1570 1400 1653 1426 Biblia
1672 1399 1773 1426 habent

977 1448 1074 1484 Πέτρῳ
1087 1469 1094 1481 ,
1114 1449 1198 1475 codex
1216 1447 1292 1474 Alex.
1324 1448 1407 1482 xng't,
1438 1452 1465 1473 ut
1483 1451 1577 1474 auctor
1591 1451 1692 1479 noster,
1710 1453 1771 1481 pag.

979 1494 1029 1521 168
1045 1499 1070 1521 et
1086 1494 1148 1522 587.
1165 1494 1278 1527 Quarto,
1307 1494 1333 1520 itt
1350 1494 1397 1528 Ep.
1416 1493 1448 1519 ad
1470 1492 1554 1520 llelrr.
1570 1500 1628 1525 snt,
1644 1493 1671 1524 9,
1687 1491 1772 1518 Biblia

936 1531 957 1560 (ἶ
975 1539 1068 1568 (Ξιιέιιιι
1085 1541 1183 1567 habent
1199 1539 1398 1576 περιφέρεσοε,
1426 1544 1521 1566 auctor
1547 1544 1647 1569 noster.
1665 1546 1725 1573 pag.
1744 1539 1772 1570 6,

977 1591 1004 1612 et
1025 1585 1110 1613 codex
1138 1587 1341 1613 Alexandrinus
1368 1585 1572 1622 παραφέρεσθε.
1601 1585 1710 1618 Quinto,
1745 1584 1771 1611 itt

978 1632 1026 1666 Ep.
1044 1631 1052 1657 l
1068 1633 1100 1659 ad
1115 1632 1176 1659 Cor.
1189 1640 1248 1664 \‘lll,
1265 1632 1293 1665 2,
1307 1632 1401 1659 Grasca
1418 1632 1503 1658 Biblia
1526 1631 1635 1663 habent,
1663 1630 1769 1657 οὐδέπω

976 1677 1053 1704 οὐδὲν
1070 1677 1191 1711 ἔγνωκε,
1221 1683 1314 1705 auctor
1340 1683 1433 1704 noster
1461 1685 1523 1712 pag.
1540 1677 1566 1709 8,
1589 1678 1687 1703 omissa
1707 1683 1772 1703 voce

976 1723 1062 1755 οὐδὲν,
1077 1723 1150 1758 legit,
1163 1722 1241 1749 οὔπω
1251 1723 1370 1757 ἔγνωκεν
1388 1732 1394 1738 ”
1411 1723 1493 1750 simili
1511 1728 1600 1748 autent
1614 1723 1692 1749 modo
1709 1722 1772 1755 legi-

978 1773 1020 1795 tur
1033 1769 1058 1795 itt
1075 1770 1169 1796 codice
1178 1769 1373 1800 Alexandrino,
1389 1776 1484 1802 nempe
1495 1767 1572 1794 οὔπω
1585 1767 1664 1802 ἔγνω.
1677 1767 1770 1798 Sexto,

976 1814 1002 1841 in
1024 1815 1072 1849 Ep.
1089 1815 1098 1842 l
1113 1814 1191 1842 Joan.
1210 1823 1228 1849 ι,
1245 1816 1272 1849 5,
1287 1815 1372 1842 Biblia
1386 1815 1478 1843 Gra'ca
1497 1815 1607 1847 habent,
1631 1813 1771 1848 ἀπαγγέλ-

974 1860 1057 1896 λομεν
1077 1861 1141 1897 ὑμῖν
1154 1882 1161 1894 ,
1179 1866 1280 1888 auctor
1312 1867 1405 1891 noster
1425 1869 1485 1896 pag.
1500 1861 1545 1894 21,
1566 1865 1594 1888 et
1614 1861 1697 1888 codex
1710 1860 1768 1887 Ale-

975 1907 1358 1944 ιίιιιιὶιὶιιιις,ἀπαγγέλλομεν
1382 1908 1429 1934 καὶ
1446 1909 1521 1944 ὑμῖν.
1547 1907 1678 1942 Septimo,
1697 1908 1766 1942 apud

977 1952 1109 1981 Joannem
1127 1963 1147 1989 ι,
1167 1955 1210 1988 18,
1243 1954 1335 1982 erca
1351 1954 1435 1982 Biblia
1453 1954 1563 1986 ltabent,
1592 1954 1606 1979 ὁ
1623 1953 1768 1989 μονογενὴς

976 2000 1058 2034 Υἱός,
1075 2007 1169 2029 auctor
1193 2007 1287 2029 noster
1303 2009 1363 2036 pag.
1384 2001 1417 2027 76
1442 2005 1469 2028 et
1486 2001 1548 2028 alibi
1564 2001 1637 2035 legit,
1656 2001 1670 2026 ὁ
1691 2009 1770 2036 μονο-

973 2046 1055 2083 γενὴς
1068 2047 1144 2080 Θεός,
1177 2055 1230 2082 quo
1244 2048 1324 2074 tnodo
1337 2048 1400 2082 legit
1414 2047 1544 2082 Origenes
1558 2048 1768 2081 Alexandrinus,

977 2099 1007 2120 ut
1024 2095 1116 2121 tuontti
1143 2102 1204 2129 pag.
1225 2094 1268 2126 76,
1287 2099 1344 2123 not.
1359 2094 1386 2121 5.
1414 2094 1526 2126 Octavo,
1543 2094 1569 2120 in
1591 2094 1640 2129 Ep.
1656 2093 1714 2121 Jac.
1731 2101 1767 2126 tv,
1806 2123 1814 2128 _

978 2140 1022 2173 12,
1037 2140 1130 2168 Grteca
1150 2140 1234 2167 Biblia
1253 2145 1347 2167 carent
1362 2141 1474 2168 vocibus
1489 2141 1536 2167 καὶ
1549 2142 1661 2176 κριτὴς;
1679 2145 1707 2166 at
1719 2147 1766 2166 no-

973 2190 1029 2212 ster
1042 2191 1138 2212 auctor
1153 2185 1197 2212 illa
1217 2185 1280 2220 legit
1293 2193 1354 2220 pag.
1368 2185 1413 2218 27,
1427 2191 1456 2212 ttt
1469 2190 1497 2212 et.
1509 2186 1593 2212 codex
1609 2185 1769 2212 Alexandri-

975 2239 1036 2257 nus.
1053 2230 1140 2263 Nono,
1157 2231 1183 2258 in
1199 2232 1247 2266 Ep.
1261 2233 1295 2259 ad
1318 2232 1400 2259 llebr.
1415 2240 1434 2264 ι,
1453 2233 1480 2264 1,
1507 2232 1601 2259 Graeca
1616 2232 1704 2258 Biblia
1719 2232 1769 2259 ba-

974 2277 1037 2304 bent
1052 2277 1095 2303 ἐπ’
1110 2277 1246 2312 ἐσχάτων,
1279 2283 1374 2304 auctor
1389 2286 1455 2306 vero
1482 2283 1574 2305 noster
1595 2286 1655 2313 pag.
1671 2278 1718 2309 55,
1742 2283 1769 2305 et.

973 2323 1034 2350 cod.
1049 2323 1126 2350 Alex.
1156 2323 1198 2349 ἐπ’
1214 2323 1341 2358 ἐσχάτου.
1363 2323 1481 2356 Decimo,
1513 2324 1538 2350 in
1555 2323 1604 2358 Ep.
1621 2323 1654 2350 ad
1667 2323 1766 2357 Epltcs.

975 2376 1016 2400 ιιι,
1035 2369 1078 2402 14,
1097 2368 1182 2396 Biblia
1198 2369 1292 2396 Graeca
1323 2370 1433 2402 habent,
1461 2369 1571 2405 Πατέρα
1587 2369 1634 2396 τοῦ
1663 2369 1767 2404 Κυρίου

973 2414 1051 2450 ἡμῶν
1066 2414 1155 2450 Ὶηποῠ
1169 2415 1288 2451 Χριστοῦ
1301 2436 1308 2448 ,
1343 2416 1430 2443 codex
1452 2416 1615 2447 Alexamer
1630 2420 1657 2442 et
1673 2421 1767 2442 auctor

973 2467 1076 2493 noster,
1089 2469 1150 2496 pag.
1169 2461 1211 2493 69,
1224 2462 1350 2488 omittunt
1366 2461 1456 2488 omnia
1469 2461 1526 2489 haec
1540 2461 1632 2493 verba,
1649 2460 1696 2488 τοῦ
1712 2461 1767 2488 Κυ-

975 2507 1032 2543 ρίου
1049 2507 1127 2543 ἡμῶν
1144 2507 1230 2542 Ἰησοῦ
1257 2507 1386 2544 Χριστοῦ.
1419 2507 1578 2540 Undecimo,
1608 2506 1634 2534 in
1660 2507 1721 2534 Act.
1739 2515 1765 2537 ν.

972 2555 1020 2587 52,
1035 2553 1131 2581 Graeca
1147 2553 1232 2580 Biblia
1247 2554 1347 2582 habent
1374 2552 1458 2580 αὑτοῦ
1486 2553 1642 2589 μάρτυρες·
1671 2557 1767 2579 auctor

972 2605 1064 2627 noster
1084 2607 1145 2635 pag.
1162 2599 1197 2627 55
1218 2599 1320 2627 omittit
1343 2606 1436 2627 vocem
1459 2598 1553 2630 αὐτοῦ,
1571 2604 1600 2625 ιιι
1628 2598 1688 2626 cod.
1704 2597 1766 2624 Ale-

972 2646 1132 2674 xandrinus.
1153 2645 1329 2678 Duodecimo,
1358 2645 1384 2672 in
1414 2645 1462 2680 Ep.
1479 2646 1511 2671 ad
1538 2644 1656 2679 Philipp.
1674 2652 1716 2676 ιιι,
1736 2643 1766 2677 5,

971 2691 1056 2719 Biblia
1069 2691 1161 2719 Grreca
1176 2692 1285 2723 habent,
1314 2691 1453 2727 Πνεύματι
1471 2691 1545 2726 Θεῷ·
1562 2695 1657 2717 auctor
1673 2695 1765 2717 noster

971 2739 1042 2766 hanc
1057 2738 1200 2766 lectionem
1213 2738 1337 2766 vitiosam
1350 2746 1409 2766 esse
1424 2738 1563 2766 contendit
1578 2745 1639 2773 pag.
1653 2737 1716 2770 216,
1734 2745 1766 2763 ac

972 2785 1036 2820 legit
1049 2784 1189 2820 Πνεύματι
1209 2784 1276 2811 Θεοῦ
1292 2805 1300 2818 ,
1329 2792 1382 2820 quo
1398 2784 1479 2812 modo
1510 2783 1610 2818 legitur
1633 2787 1659 2810 et
1675 2783 1702 2809 in
1720 2790 1766 2810 co-

972 2831 1030 2859 dice
1042 2830 1235 2858 Alexandrino.
1251 2830 1324 2863 lltcc,
1350 2831 1376 2858 ni
1399 2830 1485 2863 ttllor,
1507 2829 1653 2861 suthciunt,
1672 2833 1699 2856 ut
1715 2835 1764 2864 dp-

1791 368 1804 382 \
