1904 3054
178 75 231 102 1εό

762 77 1046 108 COMMENTARIUS.
1066 97 1100 101 —
1122 81 1186 110 LIB.
1209 83 1228 109 I.

1761 87 1807 114 Μ

176 139 270 172 pareat
289 140 427 163 auctorem
458 140 581 164 nostrum
608 136 797 166 Alexandrinis
822 139 968 167 Bibliorum
986 144 1006 171 Α
1022 146 1088 174 sler,
1110 151 1189 177 quam
1219 150 1344 177 synaxes,
1365 144 1390 169 id
1414 151 1445 170 ex
1469 151 1501 170 co
1524 143 1580 171 fieri
1605 145 1719 178 videtur,
1740 146 1809 179 qttml

173 181 375 216 exemplaribus
393 190 470 209 nsum
485 190 555 210 esse.

211 225 336 260 Demum,
352 231 380 253 ut
398 228 464 254 alias
481 229 585 255 mittam
599 228 778 263 conjecturas,
793 238 851 264 qum
871 230 963 258 lectori

171 274 280 300 erudito
303 281 370 308 opus
388 274 438 300 hoc
469 273 567 309 legenti
599 275 675 302 facile
691 275 716 302 in
740 282 855 303 mentem
872 279 965 305 Venire

171 323 294 353 possunt,
314 328 396 346 umtm
412 325 515 346 tantum
528 320 586 354 ejus
598 322 686 348 locum
706 323 815 355 addam,
833 331 886 357 quo
905 331 963 350 tua-

170 364 212 399 gis
229 364 370 398 magisque
400 366 543 392 roboratur
557 367 647 400 opinio
674 375 732 394 mea
753 367 784 394 de
803 369 900 401 patria,
918 374 963 395 aut

169 409 268 436 saltem
283 409 421 436 domicilio
433 411 553 438 auctoris
567 412 662 438 nostri.
681 412 774 439 Exstat
787 413 810 440 is
823 421 883 447 pag.
899 414 960 446 508,

170 455 197 481 in
214 462 268 489 qna
285 462 345 481 cum
363 455 429 482 nihil
446 455 559 490 legatur,
573 457 643 491 quod
659 458 843 485 Alexandrino
860 459 962 487 homini

170 508 223 527 non
243 501 398 533 Conveniat,
423 506 477 528 tum
494 502 557 528 illud
581 503 697 530 maxitne
723 504 896 531 Alexandrini
910 511 961 537 cst,

168 548 241 580 quod
259 547 342 573 Deum
362 547 423 581 Opt.
449 547 519 575 Max.
548 557 630 576 unuzn
653 557 684 576 ac
711 550 810 577 trinunt
838 556 909 583 orat,
935 558 964 578 ut

170 592 229 620 Nili
243 594 340 628 ﬂuenta
355 595 406 620 sint
423 595 510 628 plena,
524 600 548 622 et
569 596 685 623 maxima
709 605 821 624 mmonw
847 599 960 626 ubertas.

169 639 210 666 Ne
226 648 292 667 vero
306 648 388 675 cogar
409 649 439 667 ea
466 647 602 675 repetere,
630 651 689 676 qum
711 643 775 670 alibi
800 645 870 671 dicta
886 651 960 677 sunt,

170 687 239 723 lege,
255 696 355 722 quaeso,
375 694 451 716 notas
469 697 542 716 meas
556 691 589 718 ad
615 690 686 717 illum
704 691 801 718 locum.
820 692 875 728 Ego
890 693 960 719 enim

169 734 202 761 ad
215 734 266 761 alia
281 735 373 763 statim
391 737 559 771 progredior.

168 792 232 820 CAP.
249 792 295 820 IX.
321 792 447 821 Ecclesiw
470 795 656 832 Alexandrina
683 797 825 824 calce/tiam
844 797 894 832 fuit
910 805 959 824 au-

392 834 447 855 ctor
458 836 545 856 noster
559 836 585 856 ut
600 830 735 866 Didymus.

204 874 395 901 Alexandrina:
413 875 542 903 Ecclesim
556 877 731 904 eatecltistam
756 885 769 904 a
788 876 816 904 S.
838 877 958 904 Athana-

168 921 210 948 sio
223 919 322 947 faetutn
337 921 420 948 fuisse
435 921 588 957 Didymum,
606 923 684 956 pauci
711 923 845 957 ignorant,
865 924 960 958 praeie—

168 970 242 993 ctum
261 966 364 994 scilicet
378 974 439 993 eutn
460 967 544 994 fuisse
563 967 661 994 celebri
680 969 778 995 scholte
791 977 806 995 a
824 969 852 996 S.
870 970 960 997 Marco

168 1012 349 1046 evangelista,
366 1017 395 1040 ut
414 1017 529 1040 testatur
543 1013 734 1049 Hieronymus,
760 1014 888 1048 fundatas,
918 1016 959 1042 cui

168 1058 269 1084 schola:
299 1058 348 1084 viri
374 1059 463 1093 magni
490 1057 645 1090 Pannenus,
684 1058 810 1087 Clemens
841 1060 959 1087 Alexan-

168 1103 275 1136 drinus,
290 1103 432 1138 Origenes,
457 1103 595 1136 Ileraclas,
624 1103 654 1130 S.
671 1104 825 1140 Dionysius,
843 1106 961 1132 Allienn-

169 1149 262 1181 rlorus,
282 1148 395 1181 Pierius,
410 1149 439 1176 S.
453 1149 549 1176 Petrus
565 1149 678 1184 Martyr,
697 1149 725 1176 S.
742 1150 885 1183 Macarius,
900 1151 961 1178 alii—

168 1202 221 1229 que
236 1194 408 1229 prtefuerant.
437 1195 577 1228 Quodnam
606 1203 670 1222 vero
688 1201 763 1223 esset
786 1196 960 1224 Alexandrini

166 1241 322 1268 catechista:
339 1249 445 1273 nmnus,
462 1241 545 1278 [XIX]
566 1249 596 1269 ex
614 1242 721 1269 Eusebii
749 1241 867 1269 Historia
881 1243 961 1270 eccle-

171 1287 280 1313 siastica
297 1287 345 1314 lib.
365 1295 401 1318 ιἰ,
419 1295 477 1321 cap.
494 1288 537 1320 10,
564 1289 706 1315 discimus.
724 1288 763 1315 Ad
784 1297 845 1315 eum
859 1289 962 1316 scilicet

167 1333 307 1367 spectabat
324 1341 377 1360 non
400 1333 479 1360 modo
501 1334 622 1361 rndiores
645 1334 739 1368 primis
763 1335 824 1361 tidci
845 1334 962 1361 elemen-

168 1379 203 1404 tis
220 1378 352 1410 imbuere,
368 1382 396 1404 ιιι
413 1386 510 1405 nomen
530 1378 618 1412 ipsum
638 1379 793 1405 catechisue
811 1383 900 1410 sonat,
917 1386 964 1405 ve-

169 1433 226 1451 rum
242 1425 322 1452 etiam
338 1425 425 1459 primo
443 1433 535 1452 sacras
556 1425 660 1452 litteras
676 1425 852 1460 interpretari
866 1434 873 1457 ;
901 1433 960 1451 eam

166 1474 239 1500 enim
253 1473 371 1500 scholam
393 1478 473 1500 vocat
499 1470 596 1500 ibidem
619 1474 749 1500 Eusebius
778 1472 961 1499 διδασκαλεῐιὶν

166 1520 221 1547 τῶν
237 1520 316 1556 ιερῶν
331 1520 418 1554 λόγων
430 1528 436 1534 '
454 1521 550 1547 deinde
576 1521 723 1546 divinorum
742 1519 892 1554 dogmatum
906 1519 960 1546 tlte-

167 1575 271 1599 snuros,
289 1571 319 1592 ut
344 1566 452 1592 Eusebii
468 1566 561 1592 Verbis
585 1571 656 1597 utar,
682 1565 778 1599 partim
808 1565 862 1591 viva
889 1573 958 1598 uoce,

167 1613 263 1645 partim
274 1612 378 1643 scriptis
403 1619 528 1645 cxpmtere
540 1611 705 1637 auditoribus
722 1619 732 1638 :
749 1611 854 1637 domum
874 1611 959 1637 ha-re-

168 1658 283 1685 ticorum
300 1657 466 1692 sophismata
486 1657 607 1683 refellere
620 1665 627 1683 :
639 1657 689 1683 etsi
717 1656 788 1683 enim
805 1656 854 1683 hoc
869 1661 960 1690 aperte

168 1712 221 1731 non
241 1708 372 1730 memoret
390 1703 530 1732 Eusebius.
544 1703 720 1729 dubitandum
737 1706 825 1728 tamen
839 1710 890 1728 non
907 1707 958 1734 est,

167 1751 232 1785 quin
245 1758 326 1776 ttnutn
354 1757 385 1776 ex
405 1750 547 1784 prtccipuis
573 1749 645 1776 illius
665 1749 820 1776 calcrhistte
839 1749 958 1775 numeri-

169 1797 220 1822 tuts
239 1795 330 1822 fuerit.
356 1795 383 1822 ld
401 1800 474 1822 certe
490 1803 504 1821 a
535 1795 647 1830 Didymo
675 1795 782 1830 egregie
809 1794 958 1828 prrcstitum

168 1849 230 1869 esse
246 1846 361 1868 COllSlﬂl.

203 1887 261 1914 Jatn
277 1894 342 1914 vero
359 1887 414 1913 hmc
439 1887 528 1913 omnia
552 1887 577 1913 in
598 1886 748 1921 theologum
773 1892 892 1914 nostrutn
909 1895 958 1922 ap-

169 1935 256 1969 prime
287 1933 421 1968 quadrare
451 1934 511 1967 quis
539 1941 590 1960 non
621 1933 714 1959 videt?
742 1933 848 1960 llluditt
865 1933 959 1967 primis

170 1981 298 2016 quadrat.
317 1980 389 2014 quod
421 1979 443 2007 is
463 1980 652 2007 Alexandrina:
669 1979 796 2006 ECclesiae
815 1979 895 2006 fuerit
913 1987 959 2006 ca-

171 2028 300 2055 terhista.
315 2027 385 2060 Quid
405 2027 489 2058 cnim,
506 2033 610 2061 quasso,
627 2026 698 2052 aliud
717 2031 778 2052 sunt
797 2025 832 2052 illi
844 2025 958 2052 alterno-

170 2081 228 2100 rum
241 2074 343 2100 dierum
357 2077 507 2104 conventus,
523 2070 590 2106 quos
613 2080 673 2107 pag.
692 2071 744 2098 304
757 2072 868 2106 ipsemet
880 2078 954 2098 com.

175 2125 318 2151 mctnorat,
336 2119 385 2146 nisi
410 2123 568 2150 conventus,
588 2118 613 2144 in
636 2118 734 2152 quibus
755 2125 817 2144 suas
843 2117 958 2144 habebat

1019 188 1169 221 huiusmodi
1186 189 1368 215 denominatio
1386 189 1420 216 iis
1440 190 1556 216 cwtibus
1572 190 1689 216 maxime
1708 198 1806 217 conre-

1016 233 1082 264 niat,
1099 233 1195 267 quibus
1210 242 1262 260 non
1279 233 1432 268 episcopus,
1454 242 1505 261 non
1522 235 1663 270 presbyter
1682 242 1808 269 praterat,
1832 228 1833 231 Ἴ

1015 280 1062 305 sed
1089 279 1235 305 calcrhisla
1251 280 1335 306 sacris
1352 280 1492 307 ordinibus
1511 289 1561 307 non
1575 281 1706 308 initiatus.
1723 282 1804 308 Aliud

1017 325 1088 350 enim
1104 330 1146 350 est
1162 325 1253 350 docere
1276 325 1303 351 in
1320 325 1442 358 ccelcsin,
1462 326 1532 352 aliud
1547 335 1610 352 vero
1622 328 1711 353 docere
1725 327 1750 353 in
1765 337 1805 353 m-

1015 370 1170 401 lt’t‘llt'Siltlts,
1193 375 1219 396 ιιι
1237 370 1333 404 colligo
1349 379 1380 397 ex
1399 371 1473 397 hisce
1501 371 1613 398 Joannis
1633 371 1808 406 Jcrosolymi-

1015 416 1069 442 lani
1084 417 1202 450 episcopi
1217 418 1306 444 verbis
1320 418 1388 451 apud
1408 417 1601 452 llirt‘onytttutn
1621 418 1646 444 in
1671 418 1738 444 libro
1760 418 1808 444 ad—

1014 468 1108 486 versus
1118 461 1239 487 ettnulem
1249 461 1484 495 Joannem,segm.
1498 463 1540 494 ll,
1556 471 1614 497 pag.
1626 464 1676 490 »ΗΟ
1691 473 1696 490 ;
1709 463 1806 495 Quot...

1013 507 1039 532 in
1055 507 1163 533 ecclesia
1178 508 1309 539 daremus,
1330 513 1352 534 et
1370 509 1395 534 itt
1421 509 1608 535 cateclteaibns.
1634 509 1753 535 Primum
1774 509 1808 535 ιι.

1014 552 1058 578 lud
1074 553 1100 578 ιιι
1115 553 1230 580 ecclesia
1247 554 1427 580 Alexandrina
1448 559 1506 588 post
1523 555 1577 581 Arii
1602 561 1721 589 tempora
1745 556 1801 590 epi-

1013 606 1094 633 scopo
1114 605 1281 626 reservatum
1298 605 1368 632 erat,
1397 600 1418 626 si
1431 601 1497 627 lidcs
1518 601 1636 627 habenda
1658 608 1697 627 est
1721 601 1807 627 Suzo-

1013 654 1102 678 meno,
1119 647 1164 680 qui
1183 647 1229 673 lib.
1248 655 1296 679 vtt,
1313 655 1373 681 cap.
1393 648 1434 678 19,
1450 648 1554 678 scribit,
1567 650 1636 681 apud
1650 648 1807 675 Μελ-(μητή-

1012 700 1059 719 nos
1083 693 1166 719 solum
1191 693 1303 719 civitati:
1324 693 1512 720 Alexnndrinw
1535 696 1683 728 episropum
1700 695 1742 720 ἐπ’
1761 696 1807 721 ἐκ·

1012 739 1126 774 κλησίας
1141 739 1177 773 (id
1193 745 1233 766 est
1250 740 1277 766 in
1290 739 1409 772 ecclesia)
1428 740 1521 766 docere
1533 747 1541 765 .'
1553 748 1631 774 quant
1657 745 1799 766 consuetu-

1011 785 1109 816 dinem,
1133 785 1230 819 inquit,
1261 793 1319 811 cum
1341 789 1417 812 antea
1435 794 1486 812 non
1506 785 1605 815 ’uissct.
1628 785 1805 812 introductum

975 825 995 851 Β
1010 838 1064 857 esse
1078 831 1175 864 ferunt,
1191 839 1222 858 ea;
1241 839 1291 866 quo
1308 831 1386 858 Arius
1406 833 1538 866 presbyter
1550 839 1581 858 ac
1597 832 1717 858 doctrina
1745 832 1808 866 ﬁdei

1011 878 1152 909 disserens,
1178 886 1243 904 noua
1278 879 1400 913 dogmata
1423 879 1528 905 inuexit.
1552 878 1617 911 Qum
1644 879 1726 905 verba
1753 880 1805 906 etsi

1011 924 1104 952 stricto
1118 933 1197 951 sensu
1213 925 1326 952 fortasse
1341 926 1497 960 accipienda
1515 933 1565 952 non
1580 925 1645 957 sint,
1661 933 1693 952 ex
1710 925 1741 952 iis
1767 930 1806 952 ta-

1011 977 1073 996 men
1106 970 1243 1004 conjicere
1264 978 1342 1005 posse
1372 971 1508 1002 videmur,
1541 969 1681 1005 Didymum
1705 978 1757 997 non
1780 970 1805 997 itt

1011 1015 1138 1047 ecclesia,
1158 1016 1204 1042 sed
1217 1015 1292 1047 alibi,
1309 1015 1450 1049 synaxium
1464 1015 1557 1041 diebus
1572 1016 1728 1042 catechcses
1743 1023 1807 1042 suas

1012 1060 1141 1087 habuisse
1166 1069 1173 1087 :
1194 1060 1307 1094 ideoque
1321 1061 1370 1087 hae
1394 1060 1475 1086 etiam
1492 1060 1524 1086 dc
1535 1067 1614 1086 causa
1631 1068 1677 1087 eos
1690 1068 1806 1087 conven-

1013 1110 1055 1133 tus
1070 1106 1156 1140 magis
1173 1107 1284 1141 proprie
1305 1106 1457 1138 συνουσίας,
1477 1113 1555 1140 quam
1571 1113 1687 1142 synaxcs
1702 1114 1807 1134 nuncu-

1015 1153 1083 1187 pari.

1049 1199 1101 1226 Sed
1117 1198 1169 1225 alia
1185 1198 1272 1226 adhuc
1288 1204 1349 1226 sunt
1363 1199 1389 1225 in
1404 1204 1515 1226 attctore
1530 1204 1624 1226 nostro
1647 1199 1717 1231 loca,
1743 1207 1802 1233 qua:

1013 1246 1099 1280 ipsutn
1106 1245 1279 1272 catcrhistam
1289 1245 1369 1271 fuisse
1377 1245 1505 1272 indicant.
1515 1245 1617 1279 Smpius
1625 1245 1695 1272 enim
1705 1246 1726 1272 is
1737 1246 1805 1272 ﬁlios

1013 1299 1088 1323 suos,
1097 1299 1128 1318 ac
1141 1292 1256 1318 ﬁliorum
1265 1299 1377 1318 suorum
1386 1292 1455 1318 lilios
1464 1296 1604 1323 memorat,
1614 1298 1719 1326 propter
1729 1300 1804 1326 quos,

1013 1338 1109 1371 inquit,
1122 1346 1148 1363 sc
1168 1338 1292 1364 rit'cnlem
1300 1338 1436 1369 laborare;
1449 1337 1546 1370 szepins
1557 1338 1637 1363 etiam
1656 1338 1687 1365 de
1701 1338 1733 1363 iis
1753 1346 1807 1364 nte-

1014 1383 1100 1412 Ininit.
1113 1383 1157 1416 qui
1173 1391 1224 1408 una
1240 1391 1297 1408 cum
1311 1383 1365 1415 ipso
1382 1383 1583 1408 conveniebant.
1601 1382 1636 1409 lle
1659 1383 1753 1416 primis
1767 1383 1806 1408 lo-

1013 1435 1097 1462 quens
1115 1428 1151 1454 ait
1165 1437 1171 1454 :
1184 1428 1214 1454 Οἱ
1227 1427 1255 1459 ἐξ
1270 1427 1346 1462 ἐμοῦ,
1366 1433 1391 1454 et
1408 1427 1501 1454 παιδία
1517 1427 1534 1454 ἃ
1549 1427 1648 1453 ἔδωκέν
1665 1428 1804 1462 11.01056;-

1013 1474 1045 1499 de
1058 1472 1117 1498 aliis
1127 1477 1215 1499 autem
1225 1474 1262 1499 sit:
1273 1473 1404 1506 loquitur:
1419 1473 1505 1498 Οἰσῡν
1516 1473 1592 1507 ἡμῖν,
1607 1473 1663 1498 etot
1673 1473 1720 1498 σὺν
1731 1473 1804 1508 ἐμοί.

1014 1519 1069 1546 Etsi
1083 1527 1146 1545 vero
1166 1519 1266 1553 primos
1282 1519 1339 1545 illos
1350 1526 1401 1545 tton
1409 1519 1553 1553 spiritales,
1563 1519 1608 1545 sed
1618 1519 1739 1546 carnales
1756 1527 1806 1546 au-

1013 1566 1098 1593 ctoris
1115 1565 1185 1592 lilios
1201 1566 1281 1592 tuisse
1299 1565 1450 1598 conjiciam,
1466 1564 1599 1592 secundos
1612 1569 1712 1597 tamen,
1736 1573 1803 1600 quos

1013 1617 1089 1639 vocat
1106 1612 1168 1643 τθὺς
1183 1612 1230 1638 σὺν
1248 1611 1323 1646 ἐμοί,
1343 1619 1389 1638 eos
1406 1611 1477 1644 ipsos
1496 1610 1577 1638 fuisse
1591 1611 1736 1637 verisimile
1750 1617 1802 1643 est.

1010 1658 1055 1693 qtti
1073 1666 1126 1684 una
1150 1665 1206 1684 cunt
1231 1657 1285 1691 ipso
1312 1657 1338 1684 in
1362 1656 1548 1688 conventibus,
1574 1661 1619 1683 attt
1636 1657 1804 1691 συνουσίαις,

1015 1711 1082 1739 quas
1100 1704 1164 1734 dixi,
1184 1704 1216 1730 ad
1230 1711 1290 1730 eutn
1308 1703 1469 1730 audiendum
1488 1702 1667 1730 confluebant.

1045 1749 1121 1782 Quod
1140 1749 1247 1776 demum
1264 1754 1369 1783 spectat
1384 1749 1415 1776 ad
1431 1750 1585 1775 catechist‘n
1598 1748 1699 1780 munia,
1720 1756 1799 1783 quam

1012 1796 1141 1831 praeclare
1156 1796 1189 1823 iis
1209 1795 1317 1823 futtctus
1330 1795 1410 1822 fuerit
1430 1794 1572 1829 theologus
1594 1799 1694 1826 noster,
1715 1795 1804 1821 dicere

1010 1849 1240 1876 supervacaneum
1266 1846 1318 1868 est.
1347 1841 1385 1868 Ex
1409 1840 1443 1868 iis
1473 1840 1556 1871 enim,
1582 1848 1641 1874 qua:
1669 1840 1801 1867 hactenus

1009 1888 1075 1919 dixi,
1096 1891 1206 1921 apparet
1217 1895 1278 1914 eum
1293 1891 1320 1913 et
1334 1887 1360 1913 in
1376 1893 1524 1913 sacrarum.
1541 1885 1690 1912 litterarum
1703 1887 1801 1920 studio,
1823 1891 1825 1894 '

1009 1938 1089 1966 atque
1107 1933 1329 1966 interpretatione
1345 1932 1545 1965 quummaxime
1560 1937 1695 1958 versatum
1709 1932 1802 1964 fuisse,

1008 1983 1036 2005 et
1051 1979 1139 2004 divina
1156 1979 1279 2012 dogmata
1292 1985 1352 2003 cum
1369 1977 1427 2004 viva
1442 1985 1516 2009 voce,
1531 1982 1587 2003 tum
1613 1978 1721 2012 scriptis
1734 1983 1804 2005 stre-

1009 2033 1061 2052 nue
1079 2031 1271 2059 propugnassc,
1288 2030 1375 2058 eaque
1399 2023 1432 2050 ab
1461 2023 1648 2050 haereticorum
1671 2023 1805 2055 dictet-iis,

1008 2070 1172 2105 abiectisque
1188 2069 1349 2097 vindicasse.
1369 2069 1396 2096 ιιι
1413 2069 1446 2096 iis
1461 2069 1543 2103 igitur
1559 2069 1680 2096 formulis
1698 2070 1802 2103 potius,

1009 2124 1078 2152 quas
1099 2115 1178 2143 modo
1204 2115 1361 2146 memoravi,
1391 2115 1526 2148 paulisper
1549 2115 1744 2142 immorentur:
1771 2121 1801 2142 ut.

170 2163 346 2191 catecheses?
362 2163 389 2190 ln
414 2164 446 2190 iis
465 2163 538 2190 enim
559 2163 736 2190 conventibus
761 2169 791 2189 se
818 2170 871 2188 una
897 2170 956 2188 runt
972 2173 994 2201 ο
1010 2163 1096 2198 majus
1111 2163 1183 2196 inde,
1200 2162 1222 2190 si
1237 2162 1294 2189 fieri
1325 2166 1424 2198 potest,
1435 2162 1554 2196 opinioni
1578 2169 1644 2189 mea:
1660 2162 1742 2189 robur
1756 2169 1803 2188 ac-

171 2211 236 2240 snis.
253 2211 278 2237 id
293 2216 334 2237 est
347 2217 407 2237 cum
423 2210 572 2244 discipulis,
597 2215 698 2236 sanet-.e
718 2208 859 2235 Trinitatis
886 2217 956 2234 com-

170 2257 386 2284 memorationem
402 2256 526 2289 [actitare
547 2256 721 2282 consuevisse
741 2255 789 2286 ait,
813 2263 843 2280 ac
858 2263 956 2288 semper

172 2302 327 2329 Trinitatem
339 2303 422 2334 ipsum
436 2310 482 2335 pro
498 2302 594 2328 viribus
611 2300 762 2332 celebrasse,
780 2309 824 2327 nec
840 2301 892 2326 ulla
909 2309 957 2326 tut-

174 2357 251 2383 qttam
271 2353 384 2381 tempore
398 2356 449 2374 non
465 2348 632 2381 prwdicnsse,
646 2355 688 2374 eos
703 2347 776 2374 valde
791 2347 816 2374 in
828 2355 901 2373 suum
917 2347 957 2380 ip-

171 2403 259 2422 sorum
279 2394 419 2428 perniciem
442 2402 558 2426 peccare,
579 2392 790 2428 qnt‘prteclarum
809 2393 910 2428 aliquid
925 2394 956 2420 ad

171 2440 329 2467 Catholicam
344 2439 378 2466 de
392 2439 524 2466 Trinitate
546 2439 624 2466 fidem
647 2445 773 2474 spectans
797 2441 834 2466 ret
860 2440 958 2466 discere

172 2485 314 2521 negligant,
333 2485 370 2512 vel
387 2485 490 2513 docere.
509 2485 654 2520 Aptissime
671 2493 736 2512 sane
757 2486 813 2512 hatc
837 2486 862 2512 in
884 2492 957 2512 cate-

171 2532 286 2559 thistam
315 2531 528 2558 Alexandrinum
553 2531 708 2565 convenire,
731 2532 835 2559 ostendi
853 2532 909 2567 jam
932 2532 957 2559 itt

172 2578 242 2605 uotis
260 2578 292 2605 ad
313 2585 374 2605 eum
396 2577 495 2605 locum.
519 2578 585 2606 Cum
610 2578 680 2605 enint
704 2578 884 2611 Alexandriae,
907 2586 958 2605 non

171 2631 236 2651 vero
250 2624 276 2650 itt
302 2624 405 2658 reliqua
430 2624 557 2660 Egypto,
580 2632 697 2660 synaxes
728 2625 840 2652 alternis
865 2624 960 2652 diebus

173 2671 261 2705 reipsa
289 2671 464 2704 haberentur,
479 2673 524 2699 vix
548 2672 726 2699 dubitandum
748 2672 863 2704 videtur,
895 2672 959 2706 quin

172 2716 301 2752 Didymus
314 2725 420 2752 quoque
433 2718 546 2745 alternis
560 2718 654 2744 diebus
673 2725 735 2745 snas
760 2717 911 2751 συνουσίας,
934 2718 960 2745 id

172 2767 215 2790 est
230 2770 294 2790 suos
308 2770 481 2798 congressus,
499 2767 544 2790 aut
562 2766 710 2790 conventus
734 2763 867 2790 habuerit.
885 2762 959 2796 Quod

174 2815 238 2837 vero
255 2809 322 2837 istos
338 2814 425 2836 ctetus
442 2809 584 2840 συνουσίας
595 2810 684 2844 potius
701 2815 777 2837 vocet
802 2813 896 2836 auctor
914 2816 960 2836 no-

1012 2211 1102 2236 cedat.

1010 2255 1074 2283 CAP.
1094 2254 1129 2282 Χ.
1145 2253 1229 2280 Filios
1242 2254 1330 2289 genuit
1349 2259 1372 2280 et
1391 2259 1482 2280 attclor
1503 2258 1589 2280 noster
1611 2258 1634 2280 et
1659 2254 1796 2289 Didymus.

1056 2299 1128 2326 Nihil
1148 2299 1238 2332 itaque
1258 2299 1380 2325 crebrius
1397 2299 1422 2324 ιιι
1438 2298 1638 2332 precationibus
1654 2299 1715 2325 huic
1731 2299 1804 2332 operi

1013 2347 1120 2374 insertis
1139 2349 1271 2372 memorat
1291 2349 1385 2372 auctor
1409 2350 1510 2376 noster,
1535 2352 1615 2378 qnatn
1638 2344 1707 2371 ﬁlios
1732 2353 1804 2375 suos.

1013 2397 1040 2419 ιιι
1055 2393 1110 2426 jam
1129 2392 1196 2418 dixi.
1217 2390 1289 2427 [XX]
1305 2391 1403 2417 Eorum
1417 2391 1539 2417 meminit
1559 2399 1636 2426 pagg.
1654 2391 1717 2422 202,
1741 2391 1803 2423 205,

1011 2439 1075 2471 505,
1093 2437 1155 2470 507,
1172 2438 1234 2470 508,
1250 2445 1281 2464 ac
1296 2438 1403 2464 demum
1421 2437 1485 2465 519.
1513 2437 1601 2470 Quaeri
1623 2446 1686 2472 ergo
1713 2442 1805 2471 posset

1013 2486 1112 2519 primo,
1129 2490 1217 2511 utrum
1233 2489 1327 2511 auctor
1351 2489 1455 2518 uester,
1481 2489 1526 2510 aut
1556 2484 1687 2518 Didymus
1711 2492 1804 2510 IIIOIH—

1012 2531 1078 2558 chus
1095 2531 1195 2558 fuerit:
1211 2531 1306 2557 deinde
1329 2535 1418 2557 utrum
1435 2531 1467 2557 de
1485 2530 1547 2557 ﬁliis
1567 2530 1741 2564 spiritalibus.
1769 2538 1804 2556 an

1013 2578 1045 2604 de
1061 2576 1211 2604 carnalibus
1223 2584 1253 2603 ea
1266 2576 1321 2603 loca
1335 2576 1507 2611 intelligenda
1519 2577 1583 2602 sint.
1600 2575 1696 2602 Verum
1713 2576 1800 2609 printa

1014 2622 1126 2657 qutcstio
1144 2626 1198 2648 eta
1216 2623 1354 2656 proposito
1380 2630 1440 2648 meo
1469 2621 1555 2647 aliena
1578 2626 1629 2653 est,
1658 2629 1743 2655 neque
1771 2622 1805 2648 ad

1013 2667 1169 2694 solvendam
1190 2666 1301 2692 alteram
1315 2667 1425 2693 omnino
1441 2665 1606 2692 necessaria.
1634 2665 1703 2693 Fieri
1730 2667 1802 2694 enim

1015 2717 1114 2748 potest,
1131 2717 1158 2740 ιιι
1175 2713 1267 2740 liberis
1282 2720 1392 2748 operam
1413 2712 1487 2746 prius
1501 2712 1604 2739 dederit
1618 2713 1756 2748 Dulymus,
1773 2721 1804 2740 ac

1014 2759 1121 2792 deinde,
1139 2767 1223 2786 uxore
1239 2763 1285 2785 aut
1300 2757 1435 2790 defuncta,
1460 2763 1506 2784 aut
1535 2760 1730 2789 consentiente.
1758 2766 1804 2786 aut

1014 2806 1105 2839 etiam,
1123 2811 1151 2833 ut
1166 2805 1288 2833 Theouas
1307 2804 1368 2832 fecit
1385 2813 1398 2831 a
1413 2805 1542 2833 Cassiano
1557 2811 1725 2834 memoratus
1747 2807 1803 2832 cet-
