  <div class='ocr_page' id='page_1' title='image "/cluster/home/n/w/nwhite01/storage/ocr_20150623/39/njp.32101010943528/083.png"; bbox 0 0 1904 3054; ppageno 0'>
   <div class='ocr_carea' id='block_1_1' title="bbox 120 65 178 106">
    <p class='ocr_par' dir='ltr' id='par_1_1' title="bbox 120 65 178 106">
     <span class='ocr_line' id='line_1_1' title="bbox 120 65 178 106; baseline -0.034 -12"><span class='ocrx_word' id='word_1_1' title='bbox 120 65 178 106; x_wconf 59' lang='lat' dir='ltr'><strong>ius</strong></span> 
     </span>
    </p>
   </div>
   <div class='ocr_carea' id='block_1_2' title="bbox 125 166 914 203">
    <p class='ocr_par' dir='ltr' id='par_1_2' title="bbox 125 166 914 203">
     <span class='ocr_line' id='line_1_2' title="bbox 125 166 914 203; baseline -0.003 -7"><span class='ocrx_word' id='word_1_2' title='bbox 125 175 156 196; x_wconf 79' lang='lat' dir='ltr'><strong>se</strong></span> <span class='ocrx_word' id='word_1_3' title='bbox 173 168 316 203; x_wconf 85' lang='lat' dir='ltr'><strong>receperit.</strong></span> <span class='ocrx_word' id='word_1_4' title='bbox 338 167 401 195; x_wconf 87' lang='lat' dir='ltr'><strong>Sive</strong></span> <span class='ocrx_word' id='word_1_5' title='bbox 415 175 478 201; x_wconf 75' lang='lat' dir='ltr'><strong>ergo</strong></span> <span class='ocrx_word' id='word_1_6' title='bbox 504 166 652 194; x_wconf 76' lang='lat' dir='ltr'><strong>monachus</strong></span> <span class='ocrx_word' id='word_1_7' title='bbox 675 166 756 193; x_wconf 81' lang='lat' dir='ltr'><strong>fuerit</strong></span> <span class='ocrx_word' id='word_1_8' title='bbox 776 167 914 202; x_wconf 79' lang='lat' dir='ltr'><strong>Didymus,</strong></span> 
     </span>
    </p>
   </div>
   <div class='ocr_carea' id='block_1_3' title="bbox 127 213 913 249">
    <p class='ocr_par' dir='ltr' id='par_1_3' title="bbox 127 213 913 249">
     <span class='ocr_line' id='line_1_3' title="bbox 127 213 913 249; baseline -0.001 -8"><span class='ocrx_word' id='word_1_9' title='bbox 127 220 154 241; x_wconf 94' lang='grc' dir='ltr'><strong>ιιι</strong></span> <span class='ocrx_word' id='word_1_10' title='bbox 169 222 228 242; x_wconf 85' lang='lat' dir='ltr'><strong>eum</strong></span> <span class='ocrx_word' id='word_1_11' title='bbox 245 213 361 249; x_wconf 68' lang='grc' dir='ltr'>ειβριιυςιι</span> <span class='ocrx_word' id='word_1_12' title='bbox 376 213 467 240; x_wconf 76' lang='lat' dir='ltr'><strong>Victor</strong></span> <span class='ocrx_word' id='word_1_13' title='bbox 480 213 665 245; x_wconf 83' lang='lat' dir='ltr'><strong>Tnnnnensis,</strong></span> <span class='ocrx_word' id='word_1_14' title='bbox 685 213 741 239; x_wconf 69' lang='lat' dir='ltr'><strong>sive</strong></span> <span class='ocrx_word' id='word_1_15' title='bbox 753 222 804 240; x_wconf 90' lang='lat' dir='ltr'><strong>non</strong></span> <span class='ocrx_word' id='word_1_16' title='bbox 822 213 913 246; x_wconf 79' lang='lat' dir='ltr'><strong>fuerit,</strong></span> 
     </span>
    </p>
   </div>
   <div class='ocr_carea' id='block_1_4' title="bbox 126 259 915 295">
    <p class='ocr_par' dir='ltr' id='par_1_4' title="bbox 126 259 915 295">
     <span class='ocr_line' id='line_1_4' title="bbox 126 259 915 295; baseline 0.001 -9"><span class='ocrx_word' id='word_1_17' title='bbox 126 260 253 286; x_wconf 74' lang='lat' dir='ltr'><strong>snitu-mla</strong></span> <span class='ocrx_word' id='word_1_18' title='bbox 269 261 356 286; x_wconf 79' lang='lat' dir='ltr'><strong>adhuc</strong></span> <span class='ocrx_word' id='word_1_19' title='bbox 375 265 459 286; x_wconf 66' lang='grc' dir='ltr'><strong>νοιδίςιι</strong></span> <span class='ocrx_word' id='word_1_20' title='bbox 481 259 564 286; x_wconf 73' lang='lat' dir='ltr'><strong>alti-ra</strong></span> <span class='ocrx_word' id='word_1_21' title='bbox 580 269 611 287; x_wconf 72' lang='lat' dir='ltr'><strong>ex</strong></span> <span class='ocrx_word' id='word_1_22' title='bbox 626 261 768 295; x_wconf 68' lang='lat' dir='ltr'><strong>propositis</strong></span> <span class='ocrx_word' id='word_1_23' title='bbox 788 261 915 295; x_wconf 68' lang='lat' dir='ltr'><strong>qumslio-</strong></span> 
     </span>
    </p>
   </div>
   <div class='ocr_carea' id='block_1_5' title="bbox 129 305 914 341">
    <p class='ocr_par' dir='ltr' id='par_1_5' title="bbox 129 305 914 341">
     <span class='ocr_line' id='line_1_5' title="bbox 129 305 914 341; baseline 0.003 -10"><span class='ocrx_word' id='word_1_24' title='bbox 129 306 217 332; x_wconf 80' lang='lat' dir='ltr'><strong>nibus.</strong></span> <span class='ocrx_word' id='word_1_25' title='bbox 234 305 329 332; x_wconf 68' lang='lat' dir='ltr'><strong>Verum</strong></span> <span class='ocrx_word' id='word_1_26' title='bbox 347 306 416 333; x_wconf 59' lang='lat' dir='ltr'><strong>haud</strong></span> <span class='ocrx_word' id='word_1_27' title='bbox 428 307 483 332; x_wconf 72' lang='lat' dir='ltr'><strong>scio</strong></span> <span class='ocrx_word' id='word_1_28' title='bbox 501 314 534 332; x_wconf 87' lang='lat' dir='ltr'><strong>an</strong></span> <span class='ocrx_word' id='word_1_29' title='bbox 549 314 579 332; x_wconf 77' lang='lat' dir='ltr'><strong>ea</strong></span> <span class='ocrx_word' id='word_1_30' title='bbox 596 307 672 332; x_wconf 70' lang='lat' dir='ltr'><strong>nobis</strong></span> <span class='ocrx_word' id='word_1_31' title='bbox 694 307 828 341; x_wconf 75' lang='lat' dir='ltr'><strong>supersint</strong></span> <span class='ocrx_word' id='word_1_32' title='bbox 856 315 914 333; x_wconf 84' lang='lat' dir='ltr'><strong>mo-</strong></span> 
     </span>
    </p>
   </div>
   <div class='ocr_carea' id='block_1_6' title="bbox 127 352 914 387">
    <p class='ocr_par' dir='ltr' id='par_1_6' title="bbox 127 352 914 387">
     <span class='ocr_line' id='line_1_6' title="bbox 127 352 914 387; baseline 0.003 -10"><span class='ocrx_word' id='word_1_33' title='bbox 127 358 266 380; x_wconf 69' lang='lat' dir='ltr'><strong>numenta.</strong></span> <span class='ocrx_word' id='word_1_34' title='bbox 282 353 381 387; x_wconf 79' lang='lat' dir='ltr'><strong>quibus</strong></span> <span class='ocrx_word' id='word_1_35' title='bbox 396 352 432 378; x_wconf 87' lang='lat' dir='ltr'><strong>ita</strong></span> <span class='ocrx_word' id='word_1_36' title='bbox 448 352 511 378; x_wconf 85' lang='lat' dir='ltr'><strong>dilui</strong></span> <span class='ocrx_word' id='word_1_37' title='bbox 529 353 623 386; x_wconf 81' lang='lat' dir='ltr'><strong>possit,</strong></span> <span class='ocrx_word' id='word_1_38' title='bbox 641 358 669 378; x_wconf 92' lang='lat' dir='ltr'><strong>ut</strong></span> <span class='ocrx_word' id='word_1_39' title='bbox 688 353 781 379; x_wconf 78' lang='lat' dir='ltr'><strong>liatori</strong></span> <span class='ocrx_word' id='word_1_40' title='bbox 804 353 914 379; x_wconf 88' lang='lat' dir='ltr'><strong>omnino</strong></span> 
     </span>
    </p>
   </div>
   <div class='ocr_carea' id='block_1_7' title="bbox 126 398 911 433">
    <p class='ocr_par' dir='ltr' id='par_1_7' title="bbox 126 398 911 433">
     <span class='ocr_line' id='line_1_7' title="bbox 126 398 911 433; baseline 0.001 -9"><span class='ocrx_word' id='word_1_41' title='bbox 126 398 336 427; x_wconf 78' lang='lat' dir='ltr'><strong>satislat-iaums_</strong></span> <span class='ocrx_word' id='word_1_42' title='bbox 350 400 395 432; x_wconf 90' lang='lat' dir='ltr'><strong>qui</strong></span> <span class='ocrx_word' id='word_1_43' title='bbox 414 399 597 433; x_wconf 78' lang='lat' dir='ltr'><strong>probabiltlms</strong></span> <span class='ocrx_word' id='word_1_44' title='bbox 615 399 778 432; x_wconf 71' lang='lat' dir='ltr'><strong>Cttlljl&#39;ﬂltrls</strong></span> <span class='ocrx_word' id='word_1_45' title='bbox 801 405 911 425; x_wconf 86' lang='lat' dir='ltr'><strong>conten-</strong></span> 
     </span>
    </p>
   </div>
   <div class='ocr_carea' id='block_1_8' title="bbox 131 445 913 479">
    <p class='ocr_par' dir='ltr' id='par_1_8' title="bbox 131 445 913 479">
     <span class='ocr_line' id='line_1_8' title="bbox 131 445 913 479; baseline 0 -8"><span class='ocrx_word' id='word_1_46' title='bbox 131 449 174 471; x_wconf 78' lang='lat' dir='ltr'><strong>tus</strong></span> <span class='ocrx_word' id='word_1_47' title='bbox 189 452 250 472; x_wconf 59' lang='lat' dir='ltr'><strong>esse</strong></span> <span class='ocrx_word' id='word_1_48' title='bbox 268 445 342 471; x_wconf 87' lang='lat' dir='ltr'><strong>nolit.</strong></span> <span class='ocrx_word' id='word_1_49' title='bbox 359 445 415 471; x_wconf 88' lang='lat' dir='ltr'><strong>Duo</strong></span> <span class='ocrx_word' id='word_1_50' title='bbox 430 451 518 471; x_wconf 75' lang='lat' dir='ltr'><strong>t:unen</strong></span> <span class='ocrx_word' id='word_1_51' title='bbox 535 445 591 472; x_wconf 77' lang='lat' dir='ltr'><strong>ba-c</strong></span> <span class='ocrx_word' id='word_1_52' title='bbox 609 451 728 472; x_wconf 70' lang='lat' dir='ltr'><strong>statui-re</strong></span> <span class='ocrx_word' id='word_1_53' title='bbox 749 453 826 479; x_wconf 74' lang='lat' dir='ltr'><strong>posse</strong></span> <span class='ocrx_word' id='word_1_54' title='bbox 850 445 913 471; x_wconf 90' lang='lat' dir='ltr'><strong>mibi</strong></span> 
     </span>
    </p>
   </div>
   <div class='ocr_carea' id='block_1_9' title="bbox 124 489 914 525">
    <p class='ocr_par' dir='ltr' id='par_1_9' title="bbox 124 489 914 525">
     <span class='ocr_line' id='line_1_9' title="bbox 124 489 914 525; baseline 0.003 -10"><span class='ocrx_word' id='word_1_55' title='bbox 124 489 218 516; x_wconf 67' lang='lat' dir='ltr'><strong>videor</strong></span> <span class='ocrx_word' id='word_1_56' title='bbox 235 498 241 516; x_wconf 92' lang='lat'><strong>:</strong></span> <span class='ocrx_word' id='word_1_57' title='bbox 259 490 374 522; x_wconf 69' lang='lat' dir='ltr'><strong>l&#39;rinuun</strong></span> <span class='ocrx_word' id='word_1_58' title='bbox 389 490 445 515; x_wconf 73' lang='lat' dir='ltr'><strong>sivi:</strong></span> <span class='ocrx_word' id='word_1_59' title='bbox 461 490 529 522; x_wconf 72' lang='lat' dir='ltr'><strong>lora,</strong></span> <span class='ocrx_word' id='word_1_60' title='bbox 548 498 607 524; x_wconf 63' lang='lat' dir='ltr'><strong>quae</strong></span> <span class='ocrx_word' id='word_1_61' title='bbox 624 491 751 520; x_wconf 86' lang='lat' dir='ltr'><strong>iudicavi,</strong></span> <span class='ocrx_word' id='word_1_62' title='bbox 779 493 812 518; x_wconf 86' lang='lat' dir='ltr'><strong>de</strong></span> <span class='ocrx_word' id='word_1_63' title='bbox 834 491 914 525; x_wconf 88' lang='lat' dir='ltr'><strong>spiri-</strong></span> 
     </span>
    </p>
   </div>
   <div class='ocr_carea' id='block_1_10' title="bbox 125 535 914 572">
    <p class='ocr_par' dir='ltr' id='par_1_10' title="bbox 125 535 914 572">
     <span class='ocr_line' id='line_1_10' title="bbox 125 535 914 572; baseline 0.003 -10"><span class='ocrx_word' id='word_1_64' title='bbox 125 535 222 563; x_wconf 78' lang='lat' dir='ltr'><strong>talibus</strong></span> <span class='ocrx_word' id='word_1_65' title='bbox 235 535 296 563; x_wconf 85' lang='lat' dir='ltr'><strong>liliis</strong></span> <span class='ocrx_word' id='word_1_66' title='bbox 312 536 492 571; x_wconf 72' lang='lat' dir='ltr'><strong>aet-ipiantur,</strong></span> <span class='ocrx_word' id='word_1_67' title='bbox 509 537 566 564; x_wconf 72' lang='lat' dir='ltr'><strong>sive</strong></span> <span class='ocrx_word' id='word_1_68' title='bbox 587 537 620 564; x_wconf 86' lang='lat' dir='ltr'><strong>dc</strong></span> <span class='ocrx_word' id='word_1_69' title='bbox 635 537 798 568; x_wconf 89' lang='lat' dir='ltr'><strong>carnalibus,</strong></span> <span class='ocrx_word' id='word_1_70' title='bbox 812 539 914 572; x_wconf 88' lang='lat' dir='ltr'><strong>optime</strong></span> 
     </span>
    </p>
   </div>
   <div class='ocr_carea' id='block_1_11' title="bbox 125 582 914 618">
    <p class='ocr_par' dir='ltr' id='par_1_11' title="bbox 125 582 914 618">
     <span class='ocr_line' id='line_1_11' title="bbox 125 582 914 618; baseline 0.004 -8"><span class='ocrx_word' id='word_1_71' title='bbox 125 582 238 618; x_wconf 86' lang='lat' dir='ltr'><strong>Didymo</strong></span> <span class='ocrx_word' id='word_1_72' title='bbox 253 591 283 610; x_wconf 81' lang='lat' dir='ltr'><strong>ea</strong></span> <span class='ocrx_word' id='word_1_73' title='bbox 296 584 441 610; x_wconf 86' lang='lat' dir='ltr'><strong>convenire</strong></span> <span class='ocrx_word' id='word_1_74' title='bbox 458 604 464 610; x_wconf 99' lang='lat'><strong>.</strong></span> <span class='ocrx_word' id='word_1_75' title='bbox 481 584 640 616; x_wconf 83' lang='lat' dir='ltr'><strong>secuudmn,</strong></span> <span class='ocrx_word' id='word_1_76' title='bbox 655 585 828 612; x_wconf 77' lang='lat' dir='ltr'><strong>verisimilius</strong></span> <span class='ocrx_word' id='word_1_77' title='bbox 854 593 914 613; x_wconf 83' lang='lat' dir='ltr'><strong>esse</strong></span> 
     </span>
    </p>
   </div>
   <div class='ocr_carea' id='block_1_12' title="bbox 124 630 792 663">
    <p class='ocr_par' dir='ltr' id='par_1_12' title="bbox 124 630 792 663">
     <span class='ocr_line' id='line_1_12' title="bbox 124 630 792 663; baseline 0.003 -7"><span class='ocrx_word' id='word_1_78' title='bbox 124 634 263 656; x_wconf 81' lang='lat' dir='ltr'><strong>auctorem</strong></span> <span class='ocrx_word' id='word_1_79' title='bbox 280 635 399 656; x_wconf 86' lang='lat' dir='ltr'><strong>nostrum</strong></span> <span class='ocrx_word' id='word_1_80' title='bbox 415 631 446 657; x_wconf 88' lang='lat' dir='ltr'><strong>de</strong></span> <span class='ocrx_word' id='word_1_81' title='bbox 461 630 616 656; x_wconf 88' lang='lat' dir='ltr'><strong>carnalilms</strong></span> <span class='ocrx_word' id='word_1_82' title='bbox 632 630 693 657; x_wconf 87' lang='lat' dir='ltr'><strong>liliis</strong></span> <span class='ocrx_word' id='word_1_83' title='bbox 710 631 792 663; x_wconf 82' lang='lat' dir='ltr'><strong>loqui.</strong></span> 
     </span>
    </p>
   </div>
   <div class='ocr_carea' id='block_1_13' title="bbox 164 673 911 711">
    <p class='ocr_par' dir='ltr' id='par_1_13' title="bbox 164 673 911 711">
     <span class='ocr_line' id='line_1_13' title="bbox 164 673 911 711; baseline 0.004 -10"><span class='ocrx_word' id='word_1_84' title='bbox 164 673 198 701; x_wconf 90' lang='lat' dir='ltr'><strong>Ut</strong></span> <span class='ocrx_word' id='word_1_85' title='bbox 216 680 304 701; x_wconf 88' lang='lat' dir='ltr'><strong>autem</strong></span> <span class='ocrx_word' id='word_1_86' title='bbox 321 683 334 701; x_wconf 88' lang='lat' dir='ltr'><strong>a</strong></span> <span class='ocrx_word' id='word_1_87' title='bbox 350 676 437 709; x_wconf 88' lang='lat' dir='ltr'><strong>prituo</strong></span> <span class='ocrx_word' id='word_1_88' title='bbox 449 675 587 709; x_wconf 81' lang='lat' dir='ltr'><strong>exordiar,</strong></span> <span class='ocrx_word' id='word_1_89' title='bbox 602 677 623 702; x_wconf 80' lang='lat' dir='ltr'><strong>si</strong></span> <span class='ocrx_word' id='word_1_90' title='bbox 639 684 669 703; x_wconf 86' lang='lat' dir='ltr'><strong>ea</strong></span> <span class='ocrx_word' id='word_1_91' title='bbox 684 677 739 704; x_wconf 86' lang='lat' dir='ltr'><strong>loca</strong></span> <span class='ocrx_word' id='word_1_92' title='bbox 755 677 787 703; x_wconf 91' lang='lat' dir='ltr'><strong>de</strong></span> <span class='ocrx_word' id='word_1_93' title='bbox 801 677 911 711; x_wconf 86' lang='lat' dir='ltr'><strong>spirita—</strong></span> 
     </span>
    </p>
   </div>
   <div class='ocr_carea' id='block_1_14' title="bbox 125 719 913 759">
    <p class='ocr_par' dir='ltr' id='par_1_14' title="bbox 125 719 913 759">
     <span class='ocr_line' id='line_1_14' title="bbox 125 719 913 759; baseline 0.005 -13"><span class='ocrx_word' id='word_1_94' title='bbox 125 719 196 747; x_wconf 84' lang='lat' dir='ltr'><strong>libus</strong></span> <span class='ocrx_word' id='word_1_95' title='bbox 212 720 248 747; x_wconf 90' lang='lat' dir='ltr'><strong>llli</strong></span> <span class='ocrx_word' id='word_1_96' title='bbox 262 728 274 747; x_wconf 94' lang='lat' dir='ltr'><strong>s</strong></span> <span class='ocrx_word' id='word_1_97' title='bbox 293 729 338 755; x_wconf 82' lang='lat' dir='ltr'><strong>per</strong></span> <span class='ocrx_word' id='word_1_98' title='bbox 353 722 519 754; x_wconf 68' lang='lat' dir='ltr'><strong>etnec/mini,</strong></span> <span class='ocrx_word' id='word_1_99' title='bbox 534 727 561 748; x_wconf 92' lang='lat' dir='ltr'><strong>ut</strong></span> <span class='ocrx_word' id='word_1_100' title='bbox 579 722 695 757; x_wconf 78' lang='lat' dir='ltr'><strong>Cyrillus</strong></span> <span class='ocrx_word' id='word_1_101' title='bbox 709 722 913 759; x_wconf 81' lang='lat' dir='ltr'><strong>Jerosolymita-</strong></span> 
     </span>
    </p>
   </div>
   <div class='ocr_carea' id='block_1_15' title="bbox 124 765 920 802">
    <p class='ocr_par' dir='ltr' id='par_1_15' title="bbox 124 765 920 802">
     <span class='ocr_line' id='line_1_15' title="bbox 124 765 920 802; baseline 0.004 -10"><span class='ocrx_word' id='word_1_102' title='bbox 124 773 175 792; x_wconf 90' lang='lat' dir='ltr'><strong>nus</strong></span> <span class='ocrx_word' id='word_1_103' title='bbox 194 765 322 800; x_wconf 87' lang='lat' dir='ltr'><strong>loquitur,</strong></span> <span class='ocrx_word' id='word_1_104' title='bbox 342 767 439 800; x_wconf 75' lang='lat' dir='ltr'><strong>genitis</strong></span> <span class='ocrx_word' id='word_1_105' title='bbox 466 767 658 802; x_wconf 75' lang='lat' dir='ltr'><strong>intelligantur,</strong></span> <span class='ocrx_word' id='word_1_106' title='bbox 684 775 764 802; x_wconf 82' lang='lat' dir='ltr'><strong>quam</strong></span> <span class='ocrx_word' id='word_1_107' title='bbox 788 769 856 796; x_wconf 81' lang='lat' dir='ltr'><strong>bene</strong></span> <span class='ocrx_word' id='word_1_108' title='bbox 879 776 920 796; x_wconf 89' lang='lat' dir='ltr'><strong>ea.</strong></span> 
     </span>
    </p>
   </div>
   <div class='ocr_carea' id='block_1_16' title="bbox 125 810 912 845">
    <p class='ocr_par' dir='ltr' id='par_1_16' title="bbox 125 810 912 845">
     <span class='ocr_line' id='line_1_16' title="bbox 125 810 912 845; baseline 0.005 -8"><span class='ocrx_word' id='word_1_109' title='bbox 125 810 238 845; x_wconf 83' lang='lat' dir='ltr'><strong>Didymo</strong></span> <span class='ocrx_word' id='word_1_110' title='bbox 252 817 413 845; x_wconf 76' lang='lat' dir='ltr'><strong>contgruaut,</strong></span> <span class='ocrx_word' id='word_1_111' title='bbox 431 819 510 838; x_wconf 88' lang='lat' dir='ltr'><strong>nemo</strong></span> <span class='ocrx_word' id='word_1_112' title='bbox 529 820 580 838; x_wconf 89' lang='lat' dir='ltr'><strong>non</strong></span> <span class='ocrx_word' id='word_1_113' title='bbox 607 812 699 841; x_wconf 82' lang='lat' dir='ltr'><strong>videt:</strong></span> <span class='ocrx_word' id='word_1_114' title='bbox 718 813 767 839; x_wconf 79' lang='lat' dir='ltr'><strong>l&#39;uit</strong></span> <span class='ocrx_word' id='word_1_115' title='bbox 790 814 860 840; x_wconf 87' lang='lat' dir='ltr'><strong>enim</strong></span> <span class='ocrx_word' id='word_1_116' title='bbox 890 815 912 841; x_wconf 93' lang='lat' dir='ltr'><strong>is</strong></span> 
     </span>
    </p>
   </div>
   <div class='ocr_carea' id='block_1_17' title="bbox 122 855 912 891">
    <p class='ocr_par' dir='ltr' id='par_1_17' title="bbox 122 855 912 891">
     <span class='ocr_line' id='line_1_17' title="bbox 122 855 912 891; baseline 0.005 -8"><span class='ocrx_word' id='word_1_117' title='bbox 122 855 313 883; x_wconf 67' lang='lat' dir='ltr'><strong>Alexandrinae</strong></span> <span class='ocrx_word' id='word_1_118' title='bbox 329 857 456 884; x_wconf 67' lang='lat' dir='ltr'><strong>Ecclesiae</strong></span> <span class='ocrx_word' id='word_1_119' title='bbox 471 859 631 891; x_wconf 75' lang='lat' dir='ltr'><strong>calet-bista,</strong></span> <span class='ocrx_word' id='word_1_120' title='bbox 650 863 679 885; x_wconf 90' lang='lat' dir='ltr'><strong>ut</strong></span> <span class='ocrx_word' id='word_1_121' title='bbox 698 867 761 887; x_wconf 83' lang='lat' dir='ltr'><strong>vero</strong></span> <span class='ocrx_word' id='word_1_122' title='bbox 787 861 824 887; x_wconf 92' lang='lat' dir='ltr'><strong>ait</strong></span> <span class='ocrx_word' id='word_1_123' title='bbox 850 860 912 887; x_wconf 89' lang='lat' dir='ltr'><strong>Cle-</strong></span> 
     </span>
    </p>
   </div>
   <div class='ocr_carea' id='block_1_18' title="bbox 123 902 913 943">
    <p class='ocr_par' dir='ltr' id='par_1_18' title="bbox 123 902 913 943">
     <span class='ocr_line' id='line_1_18' title="bbox 123 902 913 943; baseline 0.01 -17"><span class='ocrx_word' id='word_1_124' title='bbox 123 909 199 929; x_wconf 83' lang='lat' dir='ltr'><strong>mens</strong></span> <span class='ocrx_word' id='word_1_125' title='bbox 215 902 289 928; x_wconf 89' lang='lat' dir='ltr'><strong>initio</strong></span> <span class='ocrx_word' id='word_1_126' title='bbox 304 903 380 937; x_wconf 82' lang='lat' dir='ltr'><strong>primi</strong></span> <span class='ocrx_word' id='word_1_127' title='bbox 397 904 552 937; x_wconf 42' lang='lat' dir='ltr'><strong>Strn&#39;natis,</strong></span> <span class='ocrx_word' id='word_1_128' title='bbox 572 905 698 941; x_wconf 70' lang='lat' dir='ltr'><strong>Hztépz;</strong></span> <span class='ocrx_word' id='word_1_129' title='bbox 714 906 776 938; x_wconf 67' lang='grc' dir='ltr'><strong>τοῦς</strong></span> <span class='ocrx_word' id='word_1_130' title='bbox 792 907 913 943; x_wconf 72' lang='grc' dir='ltr'><strong>κατηχή-</strong></span> 
     </span>
    </p>
   </div>
   <div class='ocr_carea' id='block_1_19' title="bbox 123 945 912 981">
    <p class='ocr_par' dir='ltr' id='par_1_19' title="bbox 123 945 912 981">
     <span class='ocr_line' id='line_1_19' title="bbox 123 945 912 981; baseline 0.01 -10"><span class='ocrx_word' id='word_1_131' title='bbox 123 945 223 977; x_wconf 79' lang='grc' dir='ltr'><strong>σαντάς</strong></span> <span class='ocrx_word' id='word_1_132' title='bbox 237 955 337 981; x_wconf 83' lang='grc' dir='ltr'><strong>φαμεν.</strong></span> <span class='ocrx_word' id='word_1_133' title='bbox 356 947 402 974; x_wconf 86' lang='lat' dir='ltr'><strong>Sin</strong></span> <span class='ocrx_word' id='word_1_134' title='bbox 419 954 508 975; x_wconf 82' lang='lat' dir='ltr'><strong>autent</strong></span> <span class='ocrx_word' id='word_1_135' title='bbox 524 949 555 976; x_wconf 89' lang='lat' dir='ltr'><strong>de</strong></span> <span class='ocrx_word' id='word_1_136' title='bbox 571 950 631 977; x_wconf 88' lang='lat' dir='ltr'><strong>liliis</strong></span> <span class='ocrx_word' id='word_1_137' title='bbox 657 951 811 978; x_wconf 71' lang='lat' dir='ltr'><strong>carnalibus</strong></span> <span class='ocrx_word' id='word_1_138' title='bbox 833 954 912 979; x_wconf 79' lang='lat' dir='ltr'><strong>tlieo-</strong></span> 
     </span>
    </p>
   </div>
   <div class='ocr_carea' id='block_1_20' title="bbox 121 990 911 1034">
    <p class='ocr_par' dir='ltr' id='par_1_20' title="bbox 121 990 911 1034">
     <span class='ocr_line' id='line_1_20' title="bbox 121 990 911 1034; baseline 0.011 -16"><span class='ocrx_word' id='word_1_139' title='bbox 121 990 174 1026; x_wconf 79' lang='lat' dir='ltr'><strong>logi</strong></span> <span class='ocrx_word' id='word_1_140' title='bbox 194 998 278 1019; x_wconf 83' lang='lat' dir='ltr'><strong>llOSll‘l</strong></span> <span class='ocrx_word' id='word_1_141' title='bbox 295 994 373 1020; x_wconf 89' lang='lat' dir='ltr'><strong>verba</strong></span> <span class='ocrx_word' id='word_1_142' title='bbox 391 994 609 1029; x_wconf 82' lang='lat' dir='ltr'><strong>interpretemur,</strong></span> <span class='ocrx_word' id='word_1_143' title='bbox 626 997 745 1030; x_wconf 86' lang='lat' dir='ltr'><strong>cuinam,</strong></span> <span class='ocrx_word' id='word_1_144' title='bbox 758 1007 862 1034; x_wconf 82' lang='lat' dir='ltr'><strong>qua-so,</strong></span> <span class='ocrx_word' id='word_1_145' title='bbox 878 1008 911 1027; x_wconf 73' lang='lat' dir='ltr'><strong>ex</strong></span> 
     </span>
    </p>
   </div>
   <div class='ocr_carea' id='block_1_21' title="bbox 121 1038 910 1080">
    <p class='ocr_par' dir='ltr' id='par_1_21' title="bbox 121 1038 910 1080">
     <span class='ocr_line' id='line_1_21' title="bbox 121 1038 910 1080; baseline 0.011 -16"><span class='ocrx_word' id='word_1_146' title='bbox 121 1038 247 1066; x_wconf 91' lang='lat' dir='ltr'><strong>omnibus</strong></span> <span class='ocrx_word' id='word_1_147' title='bbox 262 1040 350 1074; x_wconf 79' lang='lat' dir='ltr'><strong>quarti</strong></span> <span class='ocrx_word' id='word_1_148' title='bbox 367 1042 457 1067; x_wconf 69' lang='lat' dir='ltr'><strong>smculi</strong></span> <span class='ocrx_word' id='word_1_149' title='bbox 472 1042 596 1070; x_wconf 82' lang='lat' dir='ltr'><strong>Patribus</strong></span> <span class='ocrx_word' id='word_1_150' title='bbox 610 1043 804 1073; x_wconf 69' lang='lat' dir='ltr'><strong>Alexandrinis</strong></span> <span class='ocrx_word' id='word_1_151' title='bbox 822 1047 910 1080; x_wconf 70' lang='lat' dir='ltr'><strong>aptius</strong></span> 
     </span>
    </p>
   </div>
   <div class='ocr_carea' id='block_1_22' title="bbox 121 1085 911 1125">
    <p class='ocr_par' dir='ltr' id='par_1_22' title="bbox 121 1085 911 1125">
     <span class='ocr_line' id='line_1_22' title="bbox 121 1085 911 1125; baseline 0.013 -15"><span class='ocrx_word' id='word_1_152' title='bbox 121 1085 266 1111; x_wconf 77' lang='lat' dir='ltr'><strong>convenire</strong></span> <span class='ocrx_word' id='word_1_153' title='bbox 283 1092 406 1118; x_wconf 82' lang='lat' dir='ltr'><strong>possunt,</strong></span> <span class='ocrx_word' id='word_1_154' title='bbox 422 1095 502 1121; x_wconf 87' lang='lat' dir='ltr'><strong>quam</strong></span> <span class='ocrx_word' id='word_1_155' title='bbox 523 1089 657 1123; x_wconf 87' lang='lat' dir='ltr'><strong>Didymo?</strong></span> <span class='ocrx_word' id='word_1_156' title='bbox 676 1091 732 1125; x_wconf 90' lang='lat' dir='ltr'><strong>qui,</strong></span> <span class='ocrx_word' id='word_1_157' title='bbox 748 1099 808 1118; x_wconf 90' lang='lat' dir='ltr'><strong>cum</strong></span> <span class='ocrx_word' id='word_1_158' title='bbox 824 1100 911 1120; x_wconf 65' lang='lat' dir='ltr'><strong>crocus</strong></span> 
     </span>
    </p>
   </div>
   <div class='ocr_carea' id='block_1_23' title="bbox 122 1129 912 1172">
    <p class='ocr_par' dir='ltr' id='par_1_23' title="bbox 122 1129 912 1172">
     <span class='ocr_line' id='line_1_23' title="bbox 122 1129 912 1172; baseline 0.013 -17"><span class='ocrx_word' id='word_1_159' title='bbox 122 1129 204 1160; x_wconf 78' lang='lat' dir='ltr'><strong>foret.</strong></span> <span class='ocrx_word' id='word_1_160' title='bbox 221 1131 300 1157; x_wconf 87' lang='lat' dir='ltr'><strong>nullis</strong></span> <span class='ocrx_word' id='word_1_161' title='bbox 316 1132 456 1159; x_wconf 79' lang='lat' dir='ltr'><strong>ordinibus</strong></span> <span class='ocrx_word' id='word_1_162' title='bbox 474 1134 560 1161; x_wconf 86' lang='lat' dir='ltr'><strong>sacris</strong></span> <span class='ocrx_word' id='word_1_163' title='bbox 576 1134 698 1162; x_wconf 80' lang='lat' dir='ltr'><strong>initiatus</strong></span> <span class='ocrx_word' id='word_1_164' title='bbox 711 1144 770 1163; x_wconf 83' lang='lat' dir='ltr'><strong>esse</strong></span> <span class='ocrx_word' id='word_1_165' title='bbox 787 1139 912 1172; x_wconf 82' lang='lat' dir='ltr'><strong>poterat?</strong></span> 
     </span>
    </p>
   </div>
   <div class='ocr_carea' id='block_1_24' title="bbox 123 1174 910 1219">
    <p class='ocr_par' dir='ltr' id='par_1_24' title="bbox 123 1174 910 1219">
     <span class='ocr_line' id='line_1_24' title="bbox 123 1174 910 1219; baseline 0.013 -18"><span class='ocrx_word' id='word_1_166' title='bbox 123 1174 178 1202; x_wconf 84' lang='lat' dir='ltr'><strong>Etsi</strong></span> <span class='ocrx_word' id='word_1_167' title='bbox 210 1176 281 1202; x_wconf 79' lang='lat' dir='ltr'><strong>enirn</strong></span> <span class='ocrx_word' id='word_1_168' title='bbox 311 1178 430 1204; x_wconf 90' lang='lat' dir='ltr'><strong>nonnttlli</strong></span> <span class='ocrx_word' id='word_1_169' title='bbox 458 1184 520 1205; x_wconf 90' lang='lat' dir='ltr'><strong>tunc</strong></span> <span class='ocrx_word' id='word_1_170' title='bbox 549 1180 712 1216; x_wconf 75' lang='lat' dir='ltr'><strong>presbyteri,</strong></span> <span class='ocrx_word' id='word_1_171' title='bbox 737 1187 764 1210; x_wconf 88' lang='lat' dir='ltr'><strong>et</strong></span> <span class='ocrx_word' id='word_1_172' title='bbox 792 1184 910 1219; x_wconf 82' lang='lat' dir='ltr'><strong>episcopi</strong></span> 
     </span>
    </p>
   </div>
   <div class='ocr_carea' id='block_1_25' title="bbox 122 1223 911 1266">
    <p class='ocr_par' dir='ltr' id='par_1_25' title="bbox 122 1223 911 1266">
     <span class='ocr_line' id='line_1_25' title="bbox 122 1223 911 1266; baseline 0.014 -19"><span class='ocrx_word' id='word_1_173' title='bbox 122 1229 206 1249; x_wconf 83' lang='lat' dir='ltr'><strong>uxore</strong></span> <span class='ocrx_word' id='word_1_174' title='bbox 223 1230 276 1249; x_wconf 91' lang='lat' dir='ltr'><strong>non</strong></span> <span class='ocrx_word' id='word_1_175' title='bbox 293 1223 412 1251; x_wconf 72' lang='lat' dir='ltr'><strong>destituti</strong></span> <span class='ocrx_word' id='word_1_176' title='bbox 440 1225 523 1252; x_wconf 81' lang='lat' dir='ltr'><strong>fuisse</strong></span> <span class='ocrx_word' id='word_1_177' title='bbox 544 1227 747 1261; x_wconf 83' lang='lat' dir='ltr'><strong>perhibeantur,</strong></span> <span class='ocrx_word' id='word_1_178' title='bbox 773 1235 802 1256; x_wconf 95' lang='lat' dir='ltr'><strong>ut</strong></span> <span class='ocrx_word' id='word_1_179' title='bbox 825 1229 911 1266; x_wconf 82' lang='lat' dir='ltr'><strong>Syne-</strong></span> 
     </span>
    </p>
   </div>
   <div class='ocr_carea' id='block_1_26' title="bbox 121 1266 911 1308">
    <p class='ocr_par' dir='ltr' id='par_1_26' title="bbox 121 1266 911 1308">
     <span class='ocr_line' id='line_1_26' title="bbox 121 1266 911 1308; baseline 0.014 -15"><span class='ocrx_word' id='word_1_180' title='bbox 121 1268 178 1294; x_wconf 83' lang='lat' dir='ltr'><strong>sius</strong></span> <span class='ocrx_word' id='word_1_181' title='bbox 194 1266 378 1300; x_wconf 86' lang='lat' dir='ltr'><strong>Ptolemaidis.</strong></span> <span class='ocrx_word' id='word_1_182' title='bbox 393 1275 422 1297; x_wconf 90' lang='lat' dir='ltr'><strong>ut</strong></span> <span class='ocrx_word' id='word_1_183' title='bbox 436 1270 465 1298; x_wconf 90' lang='lat' dir='ltr'><strong>S.</strong></span> <span class='ocrx_word' id='word_1_184' title='bbox 491 1271 610 1300; x_wconf 84' lang='lat' dir='ltr'><strong>Hilarius</strong></span> <span class='ocrx_word' id='word_1_185' title='bbox 635 1272 853 1308; x_wconf 83' lang='lat' dir='ltr'><strong>Pictaviensium,</strong></span> <span class='ocrx_word' id='word_1_186' title='bbox 882 1281 911 1304; x_wconf 84' lang='lat' dir='ltr'><strong>It</strong></span> 
     </span>
    </p>
   </div>
   <div class='ocr_carea' id='block_1_27' title="bbox 122 1312 909 1353">
    <p class='ocr_par' dir='ltr' id='par_1_27' title="bbox 122 1312 909 1353">
     <span class='ocr_line' id='line_1_27' title="bbox 122 1312 909 1353; baseline 0.011 -13"><span class='ocrx_word' id='word_1_187' title='bbox 122 1312 153 1341; x_wconf 86' lang='lat' dir='ltr'><strong>S.</strong></span> <span class='ocrx_word' id='word_1_188' title='bbox 171 1312 304 1342; x_wconf 85' lang='lat' dir='ltr'><strong>Pacianus</strong></span> <span class='ocrx_word' id='word_1_189' title='bbox 319 1313 560 1344; x_wconf 85' lang='lat' dir='ltr'><strong>Barcinoneusium</strong></span> <span class='ocrx_word' id='word_1_190' title='bbox 577 1318 707 1353; x_wconf 85' lang='lat' dir='ltr'><strong>episcopi,</strong></span> <span class='ocrx_word' id='word_1_191' title='bbox 730 1320 795 1347; x_wconf 90' lang='lat' dir='ltr'><strong>nulli</strong></span> <span class='ocrx_word' id='word_1_192' title='bbox 819 1325 909 1349; x_wconf 86' lang='lat' dir='ltr'><strong>tamen</strong></span> 
     </span>
    </p>
   </div>
   <div class='ocr_carea' id='block_1_28' title="bbox 121 1359 910 1402">
    <p class='ocr_par' dir='ltr' id='par_1_28' title="bbox 121 1359 910 1402">
     <span class='ocr_line' id='line_1_28' title="bbox 121 1359 910 1402; baseline 0.013 -17"><span class='ocrx_word' id='word_1_193' title='bbox 121 1367 154 1386; x_wconf 80' lang='lat' dir='ltr'><strong>ex</strong></span> <span class='ocrx_word' id='word_1_194' title='bbox 171 1359 246 1387; x_wconf 82' lang='lat' dir='ltr'><strong>bisce</strong></span> <span class='ocrx_word' id='word_1_195' title='bbox 263 1361 342 1388; x_wconf 91' lang='lat' dir='ltr'><strong>tribui</strong></span> <span class='ocrx_word' id='word_1_196' title='bbox 360 1367 447 1395; x_wconf 85' lang='lat' dir='ltr'><strong>potest</strong></span> <span class='ocrx_word' id='word_1_197' title='bbox 465 1363 515 1390; x_wconf 87' lang='lat' dir='ltr'><strong>hoc</strong></span> <span class='ocrx_word' id='word_1_198' title='bbox 532 1371 616 1399; x_wconf 86' lang='lat' dir='ltr'><strong>opus;</strong></span> <span class='ocrx_word' id='word_1_199' title='bbox 633 1374 682 1392; x_wconf 83' lang='lat' dir='ltr'><strong>nec</strong></span> <span class='ocrx_word' id='word_1_200' title='bbox 697 1366 778 1393; x_wconf 79' lang='lat' dir='ltr'><strong>ullum</strong></span> <span class='ocrx_word' id='word_1_201' title='bbox 800 1373 910 1402; x_wconf 70' lang='lat' dir='ltr'><strong>prnder-</strong></span> 
     </span>
    </p>
   </div>
   <div class='ocr_carea' id='block_1_29' title="bbox 122 1405 909 1448">
    <p class='ocr_par' dir='ltr' id='par_1_29' title="bbox 122 1405 909 1448">
     <span class='ocr_line' id='line_1_29' title="bbox 122 1405 909 1448; baseline 0.011 -17"><span class='ocrx_word' id='word_1_202' title='bbox 122 1412 152 1431; x_wconf 86' lang='lat' dir='ltr'><strong>ca</strong></span> <span class='ocrx_word' id='word_1_203' title='bbox 168 1412 199 1431; x_wconf 86' lang='lat' dir='ltr'><strong>ex</strong></span> <span class='ocrx_word' id='word_1_204' title='bbox 214 1405 286 1432; x_wconf 88' lang='lat' dir='ltr'><strong>omni</strong></span> <span class='ocrx_word' id='word_1_205' title='bbox 304 1407 465 1442; x_wconf 86' lang='lat' dir='ltr'><strong>antiquitate</strong></span> <span class='ocrx_word' id='word_1_206' title='bbox 485 1407 592 1435; x_wconf 87' lang='lat' dir='ltr'><strong>Patrem</strong></span> <span class='ocrx_word' id='word_1_207' title='bbox 609 1410 681 1442; x_wconf 88' lang='lat' dir='ltr'><strong>novi,</strong></span> <span class='ocrx_word' id='word_1_208' title='bbox 707 1416 752 1438; x_wconf 86' lang='lat' dir='ltr'><strong>aut</strong></span> <span class='ocrx_word' id='word_1_209' title='bbox 769 1413 909 1448; x_wconf 83' lang='lat' dir='ltr'><strong>presbyte—</strong></span> 
     </span>
    </p>
   </div>
   <div class='ocr_carea' id='block_1_30' title="bbox 121 1452 944 1498">
    <p class='ocr_par' dir='ltr' id='par_1_30' title="bbox 121 1452 944 1498">
     <span class='ocr_line' id='line_1_30' title="bbox 121 1452 944 1498; baseline 0.011 -21"><span class='ocrx_word' id='word_1_210' title='bbox 121 1457 192 1483; x_wconf 85' lang='lat' dir='ltr'><strong>rum,</strong></span> <span class='ocrx_word' id='word_1_211' title='bbox 219 1455 265 1478; x_wconf 84' lang='lat' dir='ltr'><strong>aut</strong></span> <span class='ocrx_word' id='word_1_212' title='bbox 291 1452 458 1487; x_wconf 83' lang='lat' dir='ltr'><strong>episcopum,</strong></span> <span class='ocrx_word' id='word_1_213' title='bbox 480 1455 525 1488; x_wconf 86' lang='lat' dir='ltr'><strong>qui</strong></span> <span class='ocrx_word' id='word_1_214' title='bbox 551 1455 584 1482; x_wconf 88' lang='lat' dir='ltr'><strong>de</strong></span> <span class='ocrx_word' id='word_1_215' title='bbox 604 1455 665 1483; x_wconf 91' lang='lat' dir='ltr'><strong>liliis</strong></span> <span class='ocrx_word' id='word_1_216' title='bbox 685 1457 741 1483; x_wconf 74' lang='lat' dir='ltr'><strong>Suis</strong></span> <span class='ocrx_word' id='word_1_217' title='bbox 754 1459 909 1486; x_wconf 87' lang='lat' dir='ltr'><strong>carnalibus</strong></span> <span class='ocrx_word' id='word_1_218' title='bbox 924 1470 944 1498; x_wconf 71' lang='grc' dir='ltr'><em>ε</em></span> 
     </span>
    </p>
   </div>
   <div class='ocr_carea' id='block_1_31' title="bbox 122 1498 912 1532">
    <p class='ocr_par' dir='ltr' id='par_1_31' title="bbox 122 1498 912 1532">
     <span class='ocr_line' id='line_1_31' title="bbox 122 1498 912 1532; baseline 0.014 -11"><span class='ocrx_word' id='word_1_219' title='bbox 122 1499 177 1522; x_wconf 89' lang='lat' dir='ltr'><strong>tam</strong></span> <span class='ocrx_word' id='word_1_220' title='bbox 191 1504 261 1531; x_wconf 83' lang='lat' dir='ltr'><strong>sa-pe</strong></span> <span class='ocrx_word' id='word_1_221' title='bbox 276 1498 439 1525; x_wconf 89' lang='lat' dir='ltr'><strong>mentionem</strong></span> <span class='ocrx_word' id='word_1_222' title='bbox 455 1499 559 1532; x_wconf 75' lang='lat' dir='ltr'><strong>fecerit,</strong></span> <span class='ocrx_word' id='word_1_223' title='bbox 573 1508 605 1528; x_wconf 88' lang='lat' dir='ltr'><strong>ac</strong></span> <span class='ocrx_word' id='word_1_224' title='bbox 616 1509 663 1528; x_wconf 89' lang='lat' dir='ltr'><strong>eos</strong></span> <span class='ocrx_word' id='word_1_225' title='bbox 686 1502 768 1530; x_wconf 72' lang='lat' dir='ltr'><strong>veluti</strong></span> <span class='ocrx_word' id='word_1_226' title='bbox 790 1510 912 1532; x_wconf 80' lang='lat' dir='ltr'><strong>ostenta-</strong></span> 
     </span>
    </p>
   </div>
   <div class='ocr_carea' id='block_1_32' title="bbox 121 1540 912 1578">
    <p class='ocr_par' dir='ltr' id='par_1_32' title="bbox 121 1540 912 1578">
     <span class='ocr_line' id='line_1_32' title="bbox 121 1540 912 1578; baseline 0.014 -12"><span class='ocrx_word' id='word_1_227' title='bbox 121 1540 168 1572; x_wconf 85' lang='lat' dir='ltr'><strong>rit,</strong></span> <span class='ocrx_word' id='word_1_228' title='bbox 186 1546 216 1567; x_wconf 90' lang='lat' dir='ltr'><strong>ut</strong></span> <span class='ocrx_word' id='word_1_229' title='bbox 230 1547 326 1569; x_wconf 85' lang='lat' dir='ltr'><strong>auctor</strong></span> <span class='ocrx_word' id='word_1_230' title='bbox 346 1549 438 1570; x_wconf 83' lang='lat' dir='ltr'><strong>noster</strong></span> <span class='ocrx_word' id='word_1_231' title='bbox 455 1544 518 1572; x_wconf 74' lang='lat' dir='ltr'><strong>fat-it</strong></span> <span class='ocrx_word' id='word_1_232' title='bbox 532 1552 540 1571; x_wconf 74' lang='grc' dir='ltr'>ε</span> <span class='ocrx_word' id='word_1_233' title='bbox 554 1545 687 1574; x_wconf 86' lang='lat' dir='ltr'><strong>dedecere</strong></span> <span class='ocrx_word' id='word_1_234' title='bbox 699 1548 802 1575; x_wconf 84' lang='lat' dir='ltr'><strong>scilicet</strong></span> <span class='ocrx_word' id='word_1_235' title='bbox 817 1550 912 1578; x_wconf 73' lang='lat' dir='ltr'><strong>existi-</strong></span> 
     </span>
    </p>
   </div>
   <div class='ocr_carea' id='block_1_33' title="bbox 121 1587 913 1627">
    <p class='ocr_par' dir='ltr' id='par_1_33' title="bbox 121 1587 913 1627">
     <span class='ocr_line' id='line_1_33' title="bbox 121 1587 913 1627; baseline 0.014 -14"><span class='ocrx_word' id='word_1_236' title='bbox 121 1587 244 1620; x_wconf 81' lang='lat' dir='ltr'><strong>mabant,</strong></span> <span class='ocrx_word' id='word_1_237' title='bbox 261 1593 289 1615; x_wconf 91' lang='lat' dir='ltr'><strong>nt</strong></span> <span class='ocrx_word' id='word_1_238' title='bbox 305 1589 413 1623; x_wconf 90' lang='lat' dir='ltr'><strong>opinor,</strong></span> <span class='ocrx_word' id='word_1_239' title='bbox 427 1590 461 1617; x_wconf 87' lang='lat' dir='ltr'><strong>ita</strong></span> <span class='ocrx_word' id='word_1_240' title='bbox 475 1597 504 1618; x_wconf 87' lang='lat' dir='ltr'><strong>se</strong></span> <span class='ocrx_word' id='word_1_241' title='bbox 531 1599 628 1626; x_wconf 73' lang='lat' dir='ltr'><strong>gerere</strong></span> <span class='ocrx_word' id='word_1_242' title='bbox 654 1601 725 1625; x_wconf 85' lang='lat' dir='ltr'><strong>eum,</strong></span> <span class='ocrx_word' id='word_1_243' title='bbox 756 1595 800 1627; x_wconf 92' lang='lat' dir='ltr'><strong>qui</strong></span> <span class='ocrx_word' id='word_1_244' title='bbox 828 1597 913 1625; x_wconf 83' lang='lat' dir='ltr'><strong>sacris</strong></span> 
     </span>
    </p>
   </div>
   <div class='ocr_carea' id='block_1_34' title="bbox 120 1633 913 1673">
    <p class='ocr_par' dir='ltr' id='par_1_34' title="bbox 120 1633 913 1673">
     <span class='ocr_line' id='line_1_34' title="bbox 120 1633 913 1673; baseline 0.013 -14"><span class='ocrx_word' id='word_1_245' title='bbox 120 1633 263 1661; x_wconf 84' lang='lat' dir='ltr'><strong>ordinibus</strong></span> <span class='ocrx_word' id='word_1_246' title='bbox 281 1635 404 1664; x_wconf 90' lang='lat' dir='ltr'><strong>initiatus</strong></span> <span class='ocrx_word' id='word_1_247' title='bbox 419 1637 465 1664; x_wconf 88' lang='lat' dir='ltr'><strong>sit.</strong></span> <span class='ocrx_word' id='word_1_248' title='bbox 481 1637 537 1665; x_wconf 87' lang='lat' dir='ltr'><strong>Huc</strong></span> <span class='ocrx_word' id='word_1_249' title='bbox 550 1638 656 1665; x_wconf 77' lang='lat' dir='ltr'><strong>accedit</strong></span> <span class='ocrx_word' id='word_1_250' title='bbox 672 1641 742 1673; x_wconf 87' lang='lat' dir='ltr'><strong>quod</strong></span> <span class='ocrx_word' id='word_1_251' title='bbox 759 1648 810 1667; x_wconf 92' lang='lat' dir='ltr'><strong>non</strong></span> <span class='ocrx_word' id='word_1_252' title='bbox 834 1642 913 1669; x_wconf 88' lang='lat' dir='ltr'><strong>modo</strong></span> 
     </span>
    </p>
   </div>
   <div class='ocr_carea' id='block_1_35' title="bbox 122 1678 912 1717">
    <p class='ocr_par' dir='ltr' id='par_1_35' title="bbox 122 1678 912 1717">
     <span class='ocr_line' id='line_1_35' title="bbox 122 1678 912 1717; baseline 0.011 -12"><span class='ocrx_word' id='word_1_253' title='bbox 122 1678 192 1706; x_wconf 82' lang='lat' dir='ltr'><strong>ﬁlios</strong></span> <span class='ocrx_word' id='word_1_254' title='bbox 206 1687 269 1706; x_wconf 91' lang='lat' dir='ltr'><strong>suos</strong></span> <span class='ocrx_word' id='word_1_255' title='bbox 283 1687 477 1708; x_wconf 83' lang='lat' dir='ltr'><strong>contmemorat</strong></span> <span class='ocrx_word' id='word_1_256' title='bbox 495 1687 591 1710; x_wconf 70' lang='lat' dir='ltr'><strong>ftill‘lt)!‘</strong></span> <span class='ocrx_word' id='word_1_257' title='bbox 605 1689 707 1717; x_wconf 84' lang='lat' dir='ltr'><strong>noster,</strong></span> <span class='ocrx_word' id='word_1_258' title='bbox 724 1692 818 1712; x_wconf 85' lang='lat' dir='ltr'><strong>verum</strong></span> <span class='ocrx_word' id='word_1_259' title='bbox 831 1687 912 1714; x_wconf 80' lang='lat' dir='ltr'><strong>etiam</strong></span> 
     </span>
    </p>
   </div>
   <div class='ocr_carea' id='block_1_36' title="bbox 123 1726 913 1767">
    <p class='ocr_par' dir='ltr' id='par_1_36' title="bbox 123 1726 913 1767">
     <span class='ocr_line' id='line_1_36' title="bbox 123 1726 913 1767; baseline 0.013 -17"><span class='ocrx_word' id='word_1_260' title='bbox 123 1730 249 1760; x_wconf 86' lang='lat' dir='ltr'><strong>nepotes,</strong></span> <span class='ocrx_word' id='word_1_261' title='bbox 263 1733 309 1753; x_wconf 80' lang='lat' dir='ltr'><strong>seu</strong></span> <span class='ocrx_word' id='word_1_262' title='bbox 324 1726 441 1760; x_wconf 83' lang='lat' dir='ltr'><strong>filiorum</strong></span> <span class='ocrx_word' id='word_1_263' title='bbox 456 1736 564 1755; x_wconf 74' lang='lat' dir='ltr'><strong>suorum</strong></span> <span class='ocrx_word' id='word_1_264' title='bbox 586 1729 668 1762; x_wconf 82' lang='lat' dir='ltr'><strong>ﬁlios.</strong></span> <span class='ocrx_word' id='word_1_265' title='bbox 693 1729 728 1758; x_wconf 80' lang='lat' dir='ltr'><strong>At</strong></span> <span class='ocrx_word' id='word_1_266' title='bbox 755 1731 779 1758; x_wconf 90' lang='lat' dir='ltr'><strong>id</strong></span> <span class='ocrx_word' id='word_1_267' title='bbox 806 1741 913 1767; x_wconf 87' lang='lat' dir='ltr'><strong>quoque</strong></span> 
     </span>
    </p>
   </div>
   <div class='ocr_carea' id='block_1_37' title="bbox 122 1771 915 1811">
    <p class='ocr_par' dir='ltr' id='par_1_37' title="bbox 122 1771 915 1811">
     <span class='ocr_line' id='line_1_37' title="bbox 122 1771 915 1811; baseline 0.013 -15"><span class='ocrx_word' id='word_1_268' title='bbox 122 1771 287 1798; x_wconf 77' lang='lat' dir='ltr'><strong>adatuussim</strong></span> <span class='ocrx_word' id='word_1_269' title='bbox 312 1773 428 1807; x_wconf 79' lang='lat' dir='ltr'><strong>quadrat</strong></span> <span class='ocrx_word' id='word_1_270' title='bbox 452 1774 478 1800; x_wconf 91' lang='lat' dir='ltr'><strong>in</strong></span> <span class='ocrx_word' id='word_1_271' title='bbox 504 1774 656 1811; x_wconf 87' lang='lat' dir='ltr'><strong>Didyntum,</strong></span> <span class='ocrx_word' id='word_1_272' title='bbox 679 1777 749 1810; x_wconf 89' lang='lat' dir='ltr'><strong>qttod</strong></span> <span class='ocrx_word' id='word_1_273' title='bbox 772 1782 799 1804; x_wconf 85' lang='lat' dir='ltr'><strong>et</strong></span> <span class='ocrx_word' id='word_1_274' title='bbox 819 1778 915 1806; x_wconf 87' lang='lat' dir='ltr'><strong>diutis-</strong></span> 
     </span>
    </p>
   </div>
   <div class='ocr_carea' id='block_1_38' title="bbox 125 1816 914 1858">
    <p class='ocr_par' dir='ltr' id='par_1_38' title="bbox 125 1816 914 1858">
     <span class='ocr_line' id='line_1_38' title="bbox 125 1816 914 1858; baseline 0.01 -14"><span class='ocrx_word' id='word_1_275' title='bbox 125 1816 194 1844; x_wconf 80' lang='lat' dir='ltr'><strong>sime</strong></span> <span class='ocrx_word' id='word_1_276' title='bbox 209 1817 317 1849; x_wconf 73' lang='lat' dir='ltr'><strong>vixerit,</strong></span> <span class='ocrx_word' id='word_1_277' title='bbox 335 1824 361 1845; x_wconf 91' lang='lat' dir='ltr'><strong>et</strong></span> <span class='ocrx_word' id='word_1_278' title='bbox 376 1820 425 1847; x_wconf 87' lang='lat' dir='ltr'><strong>bos</strong></span> <span class='ocrx_word' id='word_1_279' title='bbox 445 1820 528 1847; x_wconf 87' lang='lat' dir='ltr'><strong>libros</strong></span> <span class='ocrx_word' id='word_1_280' title='bbox 547 1827 606 1856; x_wconf 88' lang='lat' dir='ltr'><strong>post</strong></span> <span class='ocrx_word' id='word_1_281' title='bbox 627 1823 734 1849; x_wconf 85' lang='lat' dir='ltr'><strong>tertium</strong></span> <span class='ocrx_word' id='word_1_282' title='bbox 755 1831 786 1851; x_wconf 90' lang='lat' dir='ltr'><strong>ac</strong></span> <span class='ocrx_word' id='word_1_283' title='bbox 807 1829 914 1858; x_wconf 81' lang='lat' dir='ltr'><strong>septua-</strong></span> 
     </span>
    </p>
   </div>
   <div class='ocr_carea' id='block_1_39' title="bbox 121 1864 912 1904">
    <p class='ocr_par' dir='ltr' id='par_1_39' title="bbox 121 1864 912 1904">
     <span class='ocr_line' id='line_1_39' title="bbox 121 1864 912 1904; baseline 0.011 -14"><span class='ocrx_word' id='word_1_284' title='bbox 121 1864 254 1899; x_wconf 72' lang='lat' dir='ltr'><strong>gesimum</strong></span> <span class='ocrx_word' id='word_1_285' title='bbox 271 1865 381 1893; x_wconf 83' lang='lat' dir='ltr'><strong>circiter</strong></span> <span class='ocrx_word' id='word_1_286' title='bbox 399 1866 459 1893; x_wconf 79' lang='lat' dir='ltr'><strong>vita:</strong></span> <span class='ocrx_word' id='word_1_287' title='bbox 480 1875 580 1895; x_wconf 89' lang='lat' dir='ltr'><strong>annmn</strong></span> <span class='ocrx_word' id='word_1_288' title='bbox 604 1868 720 1896; x_wconf 82' lang='lat' dir='ltr'><strong>dictasse</strong></span> <span class='ocrx_word' id='word_1_289' title='bbox 741 1870 874 1904; x_wconf 77' lang='lat' dir='ltr'><strong>videatur,</strong></span> <span class='ocrx_word' id='word_1_290' title='bbox 890 1872 912 1900; x_wconf 81' lang='lat' dir='ltr'><strong>si</strong></span> 
     </span>
    </p>
   </div>
   <div class='ocr_carea' id='block_1_40' title="bbox 121 1911 557 1948">
    <p class='ocr_par' dir='ltr' id='par_1_40' title="bbox 121 1911 557 1948">
     <span class='ocr_line' id='line_1_40' title="bbox 121 1911 557 1948; baseline 0.007 -11"><span class='ocrx_word' id='word_1_291' title='bbox 121 1917 169 1937; x_wconf 88' lang='lat' dir='ltr'><strong>eos</strong></span> <span class='ocrx_word' id='word_1_292' title='bbox 185 1918 278 1937; x_wconf 86' lang='lat' dir='ltr'><strong>reVera</strong></span> <span class='ocrx_word' id='word_1_293' title='bbox 301 1911 424 1943; x_wconf 82' lang='lat' dir='ltr'><strong>dictavit,</strong></span> <span class='ocrx_word' id='word_1_294' title='bbox 437 1918 465 1940; x_wconf 90' lang='lat' dir='ltr'><strong>ut</strong></span> <span class='ocrx_word' id='word_1_295' title='bbox 483 1919 557 1948; x_wconf 91' lang='lat' dir='ltr'><strong>puto.</strong></span> 
     </span>
    </p>
   </div>
   <div class='ocr_carea' id='block_1_41' title="bbox 157 1956 913 1994">
    <p class='ocr_par' dir='ltr' id='par_1_41' title="bbox 157 1956 913 1994">
     <span class='ocr_line' id='line_1_41' title="bbox 157 1956 913 1994; baseline 0.013 -12"><span class='ocrx_word' id='word_1_296' title='bbox 157 1956 234 1991; x_wconf 82' lang='lat' dir='ltr'><strong>Quod</strong></span> <span class='ocrx_word' id='word_1_297' title='bbox 250 1965 314 1985; x_wconf 81' lang='lat' dir='ltr'><strong>vero</strong></span> <span class='ocrx_word' id='word_1_298' title='bbox 333 1967 364 1986; x_wconf 87' lang='lat' dir='ltr'><strong>ea</strong></span> <span class='ocrx_word' id='word_1_299' title='bbox 380 1967 440 1994; x_wconf 78' lang='lat' dir='ltr'><strong>qua:</strong></span> <span class='ocrx_word' id='word_1_300' title='bbox 453 1961 603 1994; x_wconf 83' lang='lat' dir='ltr'><strong>numeravi,</strong></span> <span class='ocrx_word' id='word_1_301' title='bbox 616 1963 735 1990; x_wconf 83' lang='lat' dir='ltr'><strong>auctoris</strong></span> <span class='ocrx_word' id='word_1_302' title='bbox 750 1964 835 1991; x_wconf 85' lang='lat' dir='ltr'><strong>nostri</strong></span> <span class='ocrx_word' id='word_1_303' title='bbox 854 1964 913 1992; x_wconf 83' lang='lat' dir='ltr'><strong>loca</strong></span> 
     </span>
    </p>
   </div>
   <div class='ocr_carea' id='block_1_42' title="bbox 121 2004 910 2044">
    <p class='ocr_par' dir='ltr' id='par_1_42' title="bbox 121 2004 910 2044">
     <span class='ocr_line' id='line_1_42' title="bbox 121 2004 910 2044; baseline 0.008 -13"><span class='ocrx_word' id='word_1_304' title='bbox 121 2004 155 2031; x_wconf 89' lang='lat' dir='ltr'><strong>de</strong></span> <span class='ocrx_word' id='word_1_305' title='bbox 166 2004 322 2032; x_wconf 80' lang='lat' dir='ltr'><strong>earnalibus</strong></span> <span class='ocrx_word' id='word_1_306' title='bbox 340 2006 425 2031; x_wconf 88' lang='lat' dir='ltr'><strong>nntlto</strong></span> <span class='ocrx_word' id='word_1_307' title='bbox 442 2006 625 2038; x_wconf 82' lang='lat' dir='ltr'><strong>verisimilius,</strong></span> <span class='ocrx_word' id='word_1_308' title='bbox 648 2015 729 2042; x_wconf 86' lang='lat' dir='ltr'><strong>quant</strong></span> <span class='ocrx_word' id='word_1_309' title='bbox 750 2010 782 2036; x_wconf 91' lang='lat' dir='ltr'><strong>de</strong></span> <span class='ocrx_word' id='word_1_310' title='bbox 799 2011 910 2044; x_wconf 88' lang='lat' dir='ltr'><strong>spirita-</strong></span> 
     </span>
    </p>
   </div>
   <div class='ocr_carea' id='block_1_43' title="bbox 121 2048 912 2086">
    <p class='ocr_par' dir='ltr' id='par_1_43' title="bbox 121 2048 912 2086">
     <span class='ocr_line' id='line_1_43' title="bbox 121 2048 912 2086; baseline 0.009 -10"><span class='ocrx_word' id='word_1_311' title='bbox 121 2048 270 2081; x_wconf 82' lang='lat' dir='ltr'><strong>libus,liliis</strong></span> <span class='ocrx_word' id='word_1_312' title='bbox 281 2051 458 2085; x_wconf 86' lang='lat' dir='ltr'><strong>accipiantur,</strong></span> <span class='ocrx_word' id='word_1_313' title='bbox 471 2053 564 2080; x_wconf 77' lang='lat' dir='ltr'><strong>multis</strong></span> <span class='ocrx_word' id='word_1_314' title='bbox 581 2053 744 2086; x_wconf 80' lang='lat' dir='ltr'><strong>conjecturis</strong></span> <span class='ocrx_word' id='word_1_315' title='bbox 757 2056 912 2083; x_wconf 83' lang='lat' dir='ltr'><strong>conﬁrmari</strong></span> 
     </span>
    </p>
   </div>
   <div class='ocr_carea' id='block_1_44' title="bbox 122 2098 913 2133">
    <p class='ocr_par' dir='ltr' id='par_1_44' title="bbox 122 2098 913 2133">
     <span class='ocr_line' id='line_1_44' title="bbox 122 2098 913 2133; baseline 0.008 -10"><span class='ocrx_word' id='word_1_316' title='bbox 122 2101 226 2131; x_wconf 80' lang='lat' dir='ltr'><strong>potest.</strong></span> <span class='ocrx_word' id='word_1_317' title='bbox 249 2104 480 2131; x_wconf 70' lang='lat' dir='ltr'><strong>qtnenouomnes</strong></span> <span class='ocrx_word' id='word_1_318' title='bbox 496 2103 584 2126; x_wconf 86' lang='lat' dir='ltr'><strong>tamen</strong></span> <span class='ocrx_word' id='word_1_319' title='bbox 601 2098 722 2133; x_wconf 81' lang='lat' dir='ltr'><strong>ejusdem</strong></span> <span class='ocrx_word' id='word_1_320' title='bbox 748 2107 809 2128; x_wconf 92' lang='lat' dir='ltr'><strong>sunt</strong></span> <span class='ocrx_word' id='word_1_321' title='bbox 835 2101 913 2129; x_wconf 88' lang='lat' dir='ltr'><strong>robo-</strong></span> 
     </span>
    </p>
   </div>
   <div class='ocr_carea' id='block_1_45' title="bbox 851 61 1047 90">
    <p class='ocr_par' dir='ltr' id='par_1_45' title="bbox 851 61 1047 90">
     <span class='ocr_line' id='line_1_45' title="bbox 851 61 1047 90; baseline 0.01 -2"><span class='ocrx_word' id='word_1_322' title='bbox 851 62 895 89; x_wconf 81' lang='lat' dir='ltr'><strong>DE</strong></span> <span class='ocrx_word' id='word_1_323' title='bbox 915 61 1047 90; x_wconf 77' lang='grc' dir='ltr'><strong>Ι)ιοῖΜο</strong></span> 
     </span>
    </p>
   </div>
   <div class='ocr_carea' id='block_1_46' title="bbox 76 120 1751 156">
    <p class='ocr_par' dir='ltr' id='par_1_46' title="bbox 76 120 1751 156">
     <span class='ocr_line' id='line_1_46' title="bbox 76 120 1751 156; baseline -0.003 -6"><span class='ocrx_word' id='word_1_324' title='bbox 76 132 82 138; x_wconf 78' lang='grc' dir='ltr'><strong>ι</strong></span> <span class='ocrx_word' id='word_1_325' title='bbox 127 123 226 150; x_wconf 84' lang='lat' dir='ltr'><strong>latione</strong></span> <span class='ocrx_word' id='word_1_326' title='bbox 244 129 300 155; x_wconf 82' lang='lat' dir='ltr'><strong>xxI,</strong></span> <span class='ocrx_word' id='word_1_327' title='bbox 316 129 377 156; x_wconf 78' lang='lat' dir='ltr'><strong>cap.</strong></span> <span class='ocrx_word' id='word_1_328' title='bbox 398 121 423 154; x_wconf 83' lang='grc' dir='ltr'>ι,</span> <span class='ocrx_word' id='word_1_329' title='bbox 437 121 530 148; x_wconf 79' lang='lat' dir='ltr'><strong>eadem</strong></span> <span class='ocrx_word' id='word_1_330' title='bbox 555 121 649 153; x_wconf 80' lang='lat' dir='ltr'><strong>invita,</strong></span> <span class='ocrx_word' id='word_1_331' title='bbox 672 121 697 147; x_wconf 92' lang='lat' dir='ltr'><strong>in</strong></span> <span class='ocrx_word' id='word_1_332' title='bbox 722 121 915 148; x_wconf 77' lang='lat' dir='ltr'><strong>monasterium</strong></span> <span class='ocrx_word' id='word_1_333' title='bbox 932 123 953 152; x_wconf 81' lang='grc' dir='ltr'>Α</span> <span class='ocrx_word' id='word_1_334' title='bbox 1005 120 1140 155; x_wconf 86' lang='lat' dir='ltr'><strong>Secundo,</strong></span> <span class='ocrx_word' id='word_1_335' title='bbox 1158 123 1183 149; x_wconf 92' lang='lat' dir='ltr'><strong>in</strong></span> <span class='ocrx_word' id='word_1_336' title='bbox 1200 122 1289 150; x_wconf 77' lang='lat' dir='ltr'><strong>citatis</strong></span> <span class='ocrx_word' id='word_1_337' title='bbox 1305 121 1371 150; x_wconf 81' lang='lat' dir='ltr'><strong>locis</strong></span> <span class='ocrx_word' id='word_1_338' title='bbox 1386 125 1480 148; x_wconf 80' lang='lat' dir='ltr'><strong>auctor</strong></span> <span class='ocrx_word' id='word_1_339' title='bbox 1493 125 1583 148; x_wconf 84' lang='lat' dir='ltr'><strong>noster</strong></span> <span class='ocrx_word' id='word_1_340' title='bbox 1600 128 1653 147; x_wconf 92' lang='lat' dir='ltr'><strong>non</strong></span> <span class='ocrx_word' id='word_1_341' title='bbox 1666 121 1751 147; x_wconf 82' lang='lat' dir='ltr'><strong>solum</strong></span> 
     </span>
    </p>
   </div>
   <div class='ocr_carea' id='block_1_47' title="bbox 1705 61 1756 90">
    <p class='ocr_par' dir='ltr' id='par_1_47' title="bbox 1705 61 1756 90">
     <span class='ocr_line' id='line_1_47' title="bbox 1705 61 1756 90; baseline 0.02 -1"><span class='ocrx_word' id='word_1_342' title='bbox 1705 61 1756 90; x_wconf 55' lang='grc' dir='ltr'>ιβιδ</span> 
     </span>
    </p>
   </div>
   <div class='ocr_carea' id='block_1_48' title="bbox 967 167 1750 203">
    <p class='ocr_par' dir='ltr' id='par_1_48' title="bbox 967 167 1750 203">
     <span class='ocr_line' id='line_1_48' title="bbox 967 167 1750 203; baseline -0.001 -8"><span class='ocrx_word' id='word_1_343' title='bbox 967 168 1033 195; x_wconf 88' lang='lat' dir='ltr'><strong>nihil</strong></span> <span class='ocrx_word' id='word_1_344' title='bbox 1049 168 1162 196; x_wconf 86' lang='lat' dir='ltr'><strong>omnino</strong></span> <span class='ocrx_word' id='word_1_345' title='bbox 1178 168 1269 199; x_wconf 84' lang='lat' dir='ltr'><strong>habet.</strong></span> <span class='ocrx_word' id='word_1_346' title='bbox 1288 168 1359 203; x_wconf 84' lang='lat' dir='ltr'><strong>quod</strong></span> <span class='ocrx_word' id='word_1_347' title='bbox 1378 168 1476 196; x_wconf 89' lang='lat' dir='ltr'><strong>indicet</strong></span> <span class='ocrx_word' id='word_1_348' title='bbox 1491 175 1551 194; x_wconf 82' lang='lat' dir='ltr'><strong>eum</strong></span> <span class='ocrx_word' id='word_1_349' title='bbox 1567 167 1640 201; x_wconf 86' lang='lat' dir='ltr'><strong>loqui</strong></span> <span class='ocrx_word' id='word_1_350' title='bbox 1667 167 1700 195; x_wconf 81' lang='lat' dir='ltr'><strong>de</strong></span> <span class='ocrx_word' id='word_1_351' title='bbox 1717 167 1750 194; x_wconf 75' lang='grc' dir='ltr'><strong><em>ῆ-</em></strong></span> 
     </span>
    </p>
   </div>
   <div class='ocr_carea' id='block_1_49' title="bbox 965 213 1741 248">
    <p class='ocr_par' dir='ltr' id='par_1_49' title="bbox 965 213 1741 248">
     <span class='ocr_line' id='line_1_49' title="bbox 965 213 1741 248; baseline 0 -8"><span class='ocrx_word' id='word_1_352' title='bbox 965 213 1008 241; x_wconf 85' lang='lat' dir='ltr'><strong>liis</strong></span> <span class='ocrx_word' id='word_1_353' title='bbox 1022 213 1197 248; x_wconf 82' lang='lat' dir='ltr'><strong>spiritalibus,</strong></span> <span class='ocrx_word' id='word_1_354' title='bbox 1215 214 1261 240; x_wconf 80' lang='lat' dir='ltr'><strong>Sed</strong></span> <span class='ocrx_word' id='word_1_355' title='bbox 1290 214 1325 240; x_wconf 86' lang='lat' dir='ltr'><strong>ita</strong></span> <span class='ocrx_word' id='word_1_356' title='bbox 1354 221 1369 240; x_wconf 88' lang='lat' dir='ltr'><strong>e</strong></span> <span class='ocrx_word' id='word_1_357' title='bbox 1389 213 1525 241; x_wconf 87' lang='lat' dir='ltr'><strong>contrario</strong></span> <span class='ocrx_word' id='word_1_358' title='bbox 1550 213 1680 246; x_wconf 70' lang='lat' dir='ltr'><strong>loquitur,</strong></span> <span class='ocrx_word' id='word_1_359' title='bbox 1711 217 1741 241; x_wconf 80' lang='lat' dir='ltr'><strong>ut</strong></span> 
     </span>
    </p>
   </div>
   <div class='ocr_carea' id='block_1_50' title="bbox 965 259 1747 294">
    <p class='ocr_par' dir='ltr' id='par_1_50' title="bbox 965 259 1747 294">
     <span class='ocr_line' id='line_1_50' title="bbox 965 259 1747 294; baseline 0 -8"><span class='ocrx_word' id='word_1_360' title='bbox 965 267 1025 286; x_wconf 86' lang='lat' dir='ltr'><strong>meo</strong></span> <span class='ocrx_word' id='word_1_361' title='bbox 1040 260 1145 293; x_wconf 78' lang='lat' dir='ltr'><strong>quidem</strong></span> <span class='ocrx_word' id='word_1_362' title='bbox 1158 259 1271 294; x_wconf 83' lang='lat' dir='ltr'><strong>judicio,</strong></span> <span class='ocrx_word' id='word_1_363' title='bbox 1289 261 1411 287; x_wconf 79' lang='lat' dir='ltr'><strong>carnales</strong></span> <span class='ocrx_word' id='word_1_364' title='bbox 1424 260 1513 294; x_wconf 78' lang='lat' dir='ltr'><strong>potius</strong></span> <span class='ocrx_word' id='word_1_365' title='bbox 1531 259 1599 285; x_wconf 83' lang='lat' dir='ltr'><strong>lilins</strong></span> <span class='ocrx_word' id='word_1_366' title='bbox 1617 259 1747 292; x_wconf 63' lang='lat' dir='ltr'><strong>designet.</strong></span> 
     </span>
    </p>
   </div>
   <div class='ocr_carea' id='block_1_51' title="bbox 966 305 1736 339">
    <p class='ocr_par' dir='ltr' id='par_1_51' title="bbox 966 305 1736 339">
     <span class='ocr_line' id='line_1_51' title="bbox 966 305 1736 339; baseline 0.001 -9"><span class='ocrx_word' id='word_1_367' title='bbox 966 305 1020 331; x_wconf 82' lang='lat' dir='ltr'><strong>Etsi</strong></span> <span class='ocrx_word' id='word_1_368' title='bbox 1040 306 1111 331; x_wconf 75' lang='lat' dir='ltr'><strong>enim</strong></span> <span class='ocrx_word' id='word_1_369' title='bbox 1130 306 1174 331; x_wconf 85' lang='lat' dir='ltr'><strong>lilii</strong></span> <span class='ocrx_word' id='word_1_370' title='bbox 1192 306 1336 339; x_wconf 67' lang='lat' dir='ltr'><strong>spiritales,</strong></span> <span class='ocrx_word' id='word_1_371' title='bbox 1361 312 1407 332; x_wconf 84' lang='lat' dir='ltr'><strong>aut</strong></span> <span class='ocrx_word' id='word_1_372' title='bbox 1433 305 1555 337; x_wconf 65' lang='lat' dir='ltr'><strong>discipuli</strong></span> <span class='ocrx_word' id='word_1_373' title='bbox 1579 306 1676 339; x_wconf 72' lang='lat' dir='ltr'><strong>szrpius</strong></span> <span class='ocrx_word' id='word_1_374' title='bbox 1703 313 1736 331; x_wconf 84' lang='lat' dir='ltr'><strong>vo</strong></span> 
     </span>
    </p>
   </div>
   <div class='ocr_carea' id='block_1_52' title="bbox 965 351 1744 384">
    <p class='ocr_par' dir='ltr' id='par_1_52' title="bbox 965 351 1744 384">
     <span class='ocr_line' id='line_1_52' title="bbox 965 351 1744 384; baseline 0 -7"><span class='ocrx_word' id='word_1_375' title='bbox 965 355 1059 378; x_wconf 71' lang='lat' dir='ltr'><strong>rentur</strong></span> <span class='ocrx_word' id='word_1_376' title='bbox 1071 361 1085 377; x_wconf 90' lang='lat' dir='ltr'><strong>a</strong></span> <span class='ocrx_word' id='word_1_377' title='bbox 1101 351 1224 379; x_wconf 81' lang='lat' dir='ltr'><strong>Patribus</strong></span> <span class='ocrx_word' id='word_1_378' title='bbox 1239 352 1343 382; x_wconf 66' lang='grc' dir='ltr'><strong>παιδία,</strong></span> <span class='ocrx_word' id='word_1_379' title='bbox 1357 352 1421 381; x_wconf 70' lang='grc' dir='ltr'><strong>υἱοὶ,</strong></span> <span class='ocrx_word' id='word_1_380' title='bbox 1434 358 1478 378; x_wconf 83' lang='lat' dir='ltr'><strong>aut</strong></span> <span class='ocrx_word' id='word_1_381' title='bbox 1495 351 1589 382; x_wconf 69' lang='grc' dir='ltr'><strong>τέκνα,</strong></span> <span class='ocrx_word' id='word_1_382' title='bbox 1602 359 1697 383; x_wconf 86' lang='lat' dir='ltr'><strong>nempe</strong></span> <span class='ocrx_word' id='word_1_383' title='bbox 1718 352 1744 384; x_wconf 83' lang='lat' dir='ltr'><strong>ﬁ-</strong></span> 
     </span>
    </p>
   </div>
   <div class='ocr_carea' id='block_1_53' title="bbox 965 397 1753 430">
    <p class='ocr_par' dir='ltr' id='par_1_53' title="bbox 965 397 1753 430">
     <span class='ocr_line' id='line_1_53' title="bbox 965 397 1753 430; baseline -0.003 -6"><span class='ocrx_word' id='word_1_384' title='bbox 965 397 1011 428; x_wconf 76' lang='lat' dir='ltr'><strong>lii;</strong></span> <span class='ocrx_word' id='word_1_385' title='bbox 1027 398 1096 424; x_wconf 88' lang='lat' dir='ltr'><strong>baud</strong></span> <span class='ocrx_word' id='word_1_386' title='bbox 1113 399 1169 425; x_wconf 77' lang='lat' dir='ltr'><strong>scio</strong></span> <span class='ocrx_word' id='word_1_387' title='bbox 1190 405 1277 425; x_wconf 83' lang='lat' dir='ltr'><strong>tamen</strong></span> <span class='ocrx_word' id='word_1_388' title='bbox 1293 407 1327 425; x_wconf 87' lang='lat' dir='ltr'><strong>an</strong></span> <span class='ocrx_word' id='word_1_389' title='bbox 1348 407 1441 425; x_wconf 87' lang='lat' dir='ltr'><strong>eorum</strong></span> <span class='ocrx_word' id='word_1_390' title='bbox 1464 398 1533 425; x_wconf 88' lang='lat' dir='ltr'><strong>ullus</strong></span> <span class='ocrx_word' id='word_1_391' title='bbox 1558 399 1590 423; x_wconf 83' lang='lat' dir='ltr'><strong>de</strong></span> <span class='ocrx_word' id='word_1_392' title='bbox 1612 398 1753 430; x_wconf 79' lang='lat' dir='ltr'><strong>dise&#39;pnlis</strong></span> 
     </span>
    </p>
   </div>
   <div class='ocr_carea' id='block_1_54' title="bbox 964 443 1753 478">
    <p class='ocr_par' dir='ltr' id='par_1_54' title="bbox 964 443 1753 478">
     <span class='ocr_line' id='line_1_54' title="bbox 964 443 1753 478; baseline -0.001 -8"><span class='ocrx_word' id='word_1_393' title='bbox 964 444 1020 470; x_wconf 79' lang='lat' dir='ltr'><strong>Suis</strong></span> <span class='ocrx_word' id='word_1_394' title='bbox 1036 444 1149 478; x_wconf 74' lang='lat' dir='ltr'><strong>loquens</strong></span> <span class='ocrx_word' id='word_1_395' title='bbox 1165 444 1215 471; x_wconf 85' lang='lat' dir='ltr'><strong>hac</strong></span> <span class='ocrx_word' id='word_1_396' title='bbox 1233 445 1367 471; x_wconf 82' lang='lat' dir='ltr'><strong>locutione</strong></span> <span class='ocrx_word' id='word_1_397' title='bbox 1384 452 1448 471; x_wconf 82' lang='lat' dir='ltr'><strong>usus</strong></span> <span class='ocrx_word' id='word_1_398' title='bbox 1468 451 1583 476; x_wconf 85' lang='lat' dir='ltr'><strong>unquam</strong></span> <span class='ocrx_word' id='word_1_399' title='bbox 1612 443 1687 469; x_wconf 76' lang='lat' dir='ltr'><strong>interit</strong></span> <span class='ocrx_word' id='word_1_400' title='bbox 1705 452 1711 469; x_wconf 84' lang='lat'><strong>:</strong></span> <span class='ocrx_word' id='word_1_401' title='bbox 1727 443 1753 469; x_wconf 75' lang='lat' dir='ltr'><strong>oi.</strong></span> 
     </span>
    </p>
   </div>
   <div class='ocr_carea' id='block_1_55' title="bbox 966 488 1752 525">
    <p class='ocr_par' dir='ltr' id='par_1_55' title="bbox 966 488 1752 525">
     <span class='ocr_line' id='line_1_55' title="bbox 966 488 1752 525; baseline -0.003 -10"><span class='ocrx_word' id='word_1_402' title='bbox 966 489 995 522; x_wconf 75' lang='grc' dir='ltr'>ἐξ</span> <span class='ocrx_word' id='word_1_403' title='bbox 1010 489 1088 525; x_wconf 80' lang='grc' dir='ltr'><strong>ὲμοῦ,</strong></span> <span class='ocrx_word' id='word_1_404' title='bbox 1103 491 1128 516; x_wconf 90' lang='lat' dir='ltr'><strong>id</strong></span> <span class='ocrx_word' id='word_1_405' title='bbox 1138 497 1190 520; x_wconf 79' lang='lat' dir='ltr'><strong>est.</strong></span> <span class='ocrx_word' id='word_1_406' title='bbox 1204 491 1234 522; x_wconf 81' lang='lat' dir='ltr'><strong>ii,</strong></span> <span class='ocrx_word' id='word_1_407' title='bbox 1251 491 1295 524; x_wconf 78' lang='lat' dir='ltr'><strong>qui</strong></span> <span class='ocrx_word' id='word_1_408' title='bbox 1311 491 1394 524; x_wconf 89' lang='lat' dir='ltr'><strong>(sunt)</strong></span> <span class='ocrx_word' id='word_1_409' title='bbox 1408 497 1439 516; x_wconf 71' lang='lat' dir='ltr'><strong>ex</strong></span> <span class='ocrx_word' id='word_1_410' title='bbox 1456 497 1506 519; x_wconf 76' lang='lat' dir='ltr'><strong>me,</strong></span> <span class='ocrx_word' id='word_1_411' title='bbox 1522 496 1626 521; x_wconf 81' lang='lat' dir='ltr'><strong>nempe.</strong></span> <span class='ocrx_word' id='word_1_412' title='bbox 1639 488 1684 522; x_wconf 64' lang='grc' dir='ltr'><strong>τινιί</strong></span> <span class='ocrx_word' id='word_1_413' title='bbox 1702 489 1752 514; x_wconf 85' lang='grc' dir='ltr'><strong>οι·Ιί</strong></span> 
     </span>
    </p>
   </div>
   <div class='ocr_carea' id='block_1_56' title="bbox 964 534 1752 568">
    <p class='ocr_par' dir='ltr' id='par_1_56' title="bbox 964 534 1752 568">
     <span class='ocr_line' id='line_1_56' title="bbox 964 534 1752 568; baseline -0.004 -6"><span class='ocrx_word' id='word_1_414' title='bbox 964 541 1023 562; x_wconf 69' lang='lat' dir='ltr'><strong>sunt</strong></span> <span class='ocrx_word' id='word_1_415' title='bbox 1036 543 1068 562; x_wconf 71' lang='lat' dir='ltr'><strong>ex</strong></span> <span class='ocrx_word' id='word_1_416' title='bbox 1082 544 1133 562; x_wconf 83' lang='lat' dir='ltr'><strong>me.</strong></span> <span class='ocrx_word' id='word_1_417' title='bbox 1149 535 1184 562; x_wconf 81' lang='lat' dir='ltr'><strong>At</strong></span> <span class='ocrx_word' id='word_1_418' title='bbox 1199 540 1293 562; x_wconf 78' lang='lat' dir='ltr'><strong>auctor</strong></span> <span class='ocrx_word' id='word_1_419' title='bbox 1317 540 1408 561; x_wconf 86' lang='lat' dir='ltr'><strong>noster</strong></span> <span class='ocrx_word' id='word_1_420' title='bbox 1430 534 1528 567; x_wconf 78' lang='lat' dir='ltr'><strong>sa-pins</strong></span> <span class='ocrx_word' id='word_1_421' title='bbox 1543 541 1602 559; x_wconf 88' lang='lat' dir='ltr'><strong>eam</strong></span> <span class='ocrx_word' id='word_1_422' title='bbox 1631 538 1752 568; x_wconf 84' lang='lat' dir='ltr'><strong>usurpat,</strong></span> 
     </span>
    </p>
   </div>
   <div class='ocr_carea' id='block_1_57' title="bbox 965 580 1591 614">
    <p class='ocr_par' dir='ltr' id='par_1_57' title="bbox 965 580 1591 614">
     <span class='ocr_line' id='line_1_57' title="bbox 965 580 1591 614; baseline -0.003 -7"><span class='ocrx_word' id='word_1_423' title='bbox 965 585 994 607; x_wconf 90' lang='lat' dir='ltr'><strong>ut</strong></span> <span class='ocrx_word' id='word_1_424' title='bbox 1009 581 1101 608; x_wconf 87' lang='lat' dir='ltr'><strong>videre</strong></span> <span class='ocrx_word' id='word_1_425' title='bbox 1115 581 1178 608; x_wconf 78' lang='lat' dir='ltr'><strong>licet</strong></span> <span class='ocrx_word' id='word_1_426' title='bbox 1195 581 1221 607; x_wconf 89' lang='lat' dir='ltr'><strong>iu</strong></span> <span class='ocrx_word' id='word_1_427' title='bbox 1238 580 1302 607; x_wconf 86' lang='lat' dir='ltr'><strong>locis</strong></span> <span class='ocrx_word' id='word_1_428' title='bbox 1318 581 1442 614; x_wconf 87' lang='lat' dir='ltr'><strong>superius</strong></span> <span class='ocrx_word' id='word_1_429' title='bbox 1458 580 1591 613; x_wconf 64' lang='lat' dir='ltr'><strong>allegatis,</strong></span> 
     </span>
    </p>
   </div>
   <div class='ocr_carea' id='block_1_58' title="bbox 999 626 1750 660">
    <p class='ocr_par' dir='ltr' id='par_1_58' title="bbox 999 626 1750 660">
     <span class='ocr_line' id='line_1_58' title="bbox 999 626 1750 660; baseline 0.004 -7"><span class='ocrx_word' id='word_1_430' title='bbox 999 626 1101 659; x_wconf 85' lang='lat' dir='ltr'><strong>Tertio,</strong></span> <span class='ocrx_word' id='word_1_431' title='bbox 1128 635 1179 654; x_wconf 86' lang='lat' dir='ltr'><strong>non</strong></span> <span class='ocrx_word' id='word_1_432' title='bbox 1203 626 1317 653; x_wconf 81' lang='lat' dir='ltr'><strong>ﬁliorum</strong></span> <span class='ocrx_word' id='word_1_433' title='bbox 1340 627 1472 653; x_wconf 81' lang='lat' dir='ltr'><strong>duntaxat</strong></span> <span class='ocrx_word' id='word_1_434' title='bbox 1499 627 1521 654; x_wconf 87' lang='lat' dir='ltr'><strong>is</strong></span> <span class='ocrx_word' id='word_1_435' title='bbox 1543 627 1676 660; x_wconf 83' lang='lat' dir='ltr'><strong>meminit,</strong></span> <span class='ocrx_word' id='word_1_436' title='bbox 1708 629 1750 656; x_wconf 53' lang='lat' dir='ltr'><strong>in.</strong></span> 
     </span>
    </p>
   </div>
   <div class='ocr_carea' id='block_1_59' title="bbox 964 672 1753 708">
    <p class='ocr_par' dir='ltr' id='par_1_59' title="bbox 964 672 1753 708">
     <span class='ocr_line' id='line_1_59' title="bbox 964 672 1753 708; baseline 0.005 -11"><span class='ocrx_word' id='word_1_437' title='bbox 964 672 1058 706; x_wconf 80' lang='lat' dir='ltr'><strong>quiens</strong></span> <span class='ocrx_word' id='word_1_438' title='bbox 1074 679 1121 699; x_wconf 85' lang='lat' dir='ltr'><strong>eos</strong></span> <span class='ocrx_word' id='word_1_439' title='bbox 1136 680 1231 698; x_wconf 67' lang='lat' dir='ltr'><strong>esset:</strong></span> <span class='ocrx_word' id='word_1_440' title='bbox 1251 673 1308 704; x_wconf 72' lang='lat' dir='ltr'><strong>ipso</strong></span> <span class='ocrx_word' id='word_1_441' title='bbox 1335 673 1444 706; x_wconf 87' lang='lat' dir='ltr'><strong>(nempe</strong></span> <span class='ocrx_word' id='word_1_442' title='bbox 1465 677 1542 699; x_wconf 89' lang='lat' dir='ltr'><strong>natos</strong></span> <span class='ocrx_word' id='word_1_443' title='bbox 1568 681 1601 700; x_wconf 78' lang='lat' dir='ltr'><strong>ex</strong></span> <span class='ocrx_word' id='word_1_444' title='bbox 1628 673 1696 708; x_wconf 71' lang='lat' dir='ltr'><strong>ipso)</strong></span> <span class='ocrx_word' id='word_1_445' title='bbox 1720 682 1753 701; x_wconf 85' lang='lat' dir='ltr'><strong>ac</strong></span> 
     </span>
    </p>
   </div>
   <div class='ocr_carea' id='block_1_60' title="bbox 963 718 1752 754">
    <p class='ocr_par' dir='ltr' id='par_1_60' title="bbox 963 718 1752 754">
     <span class='ocr_line' id='line_1_60' title="bbox 963 718 1752 754; baseline 0.003 -9"><span class='ocrx_word' id='word_1_446' title='bbox 963 719 1013 746; x_wconf 69' lang='lat' dir='ltr'><strong>sibi</strong></span> <span class='ocrx_word' id='word_1_447' title='bbox 1027 727 1042 745; x_wconf 89' lang='lat' dir='ltr'><strong>a</strong></span> <span class='ocrx_word' id='word_1_448' title='bbox 1059 718 1170 745; x_wconf 85' lang='lat' dir='ltr'><strong>Domino</strong></span> <span class='ocrx_word' id='word_1_449' title='bbox 1185 719 1271 748; x_wconf 76' lang='lat' dir='ltr'><strong>datos.</strong></span> <span class='ocrx_word' id='word_1_450' title='bbox 1288 718 1334 744; x_wconf 81' lang='lat' dir='ltr'><strong>sed</strong></span> <span class='ocrx_word' id='word_1_451' title='bbox 1354 718 1466 744; x_wconf 87' lang='lat' dir='ltr'><strong>istorqu</strong></span> <span class='ocrx_word' id='word_1_452' title='bbox 1480 726 1587 754; x_wconf 84' lang='lat' dir='ltr'><strong>quoque</strong></span> <span class='ocrx_word' id='word_1_453' title='bbox 1611 719 1681 747; x_wconf 88' lang='lat' dir='ltr'><strong>tilios</strong></span> <span class='ocrx_word' id='word_1_454' title='bbox 1697 728 1752 747; x_wconf 84' lang='lat' dir='ltr'><strong>me-</strong></span> 
     </span>
    </p>
   </div>
   <div class='ocr_carea' id='block_1_61' title="bbox 964 764 1751 799">
    <p class='ocr_par' dir='ltr' id='par_1_61' title="bbox 964 764 1751 799">
     <span class='ocr_line' id='line_1_61' title="bbox 964 764 1751 799; baseline 0.004 -9"><span class='ocrx_word' id='word_1_455' title='bbox 964 769 1062 795; x_wconf 82' lang='lat' dir='ltr'><strong>morat,</strong></span> <span class='ocrx_word' id='word_1_456' title='bbox 1078 771 1178 799; x_wconf 84' lang='lat' dir='ltr'><strong>eosque</strong></span> <span class='ocrx_word' id='word_1_457' title='bbox 1195 769 1272 790; x_wconf 89' lang='lat' dir='ltr'><strong>vocat</strong></span> <span class='ocrx_word' id='word_1_458' title='bbox 1284 764 1380 790; x_wconf 82' lang='lat' dir='ltr'><strong>alicubi</strong></span> <span class='ocrx_word' id='word_1_459' title='bbox 1395 764 1502 798; x_wconf 78' lang='lat' dir='ltr'><strong>quide-ut</strong></span> <span class='ocrx_word' id='word_1_460' title='bbox 1516 765 1579 797; x_wconf 69' lang='grc' dir='ltr'><strong>τοὺς</strong></span> <span class='ocrx_word' id='word_1_461' title='bbox 1599 766 1646 792; x_wconf 81' lang='grc' dir='ltr'><strong>ἀπ’</strong></span> <span class='ocrx_word' id='word_1_462' title='bbox 1661 766 1751 793; x_wconf 73' lang='grc' dir='ltr'>αὐτῶν</span> 
     </span>
    </p>
   </div>
   <div class='ocr_carea' id='block_1_62' title="bbox 956 809 1752 846">
    <p class='ocr_par' dir='ltr' id='par_1_62' title="bbox 956 809 1752 846">
     <span class='ocr_line' id='line_1_62' title="bbox 956 809 1752 846; baseline 0.001 -10"><span class='ocrx_word' id='word_1_463' title='bbox 956 809 1054 842; x_wconf 75' lang='grc' dir='ltr'><strong>,ὅν-τας,</strong></span> <span class='ocrx_word' id='word_1_464' title='bbox 1069 811 1094 837; x_wconf 88' lang='lat' dir='ltr'><strong>id</strong></span> <span class='ocrx_word' id='word_1_465' title='bbox 1109 815 1159 840; x_wconf 90' lang='lat' dir='ltr'><strong>est.</strong></span> <span class='ocrx_word' id='word_1_466' title='bbox 1177 811 1221 842; x_wconf 81' lang='lat' dir='ltr'><strong>qui</strong></span> <span class='ocrx_word' id='word_1_467' title='bbox 1235 811 1265 835; x_wconf 85' lang='lat' dir='ltr'><strong>ab</strong></span> <span class='ocrx_word' id='word_1_468' title='bbox 1287 810 1350 843; x_wconf 69' lang='lat' dir='ltr'><strong>ipsis</strong></span> <span class='ocrx_word' id='word_1_469' title='bbox 1363 815 1439 842; x_wconf 77' lang='lat' dir='ltr'><strong>null,</strong></span> <span class='ocrx_word' id='word_1_470' title='bbox 1468 819 1574 844; x_wconf 71' lang='lat' dir='ltr'><strong>nempe,</strong></span> <span class='ocrx_word' id='word_1_471' title='bbox 1604 813 1648 846; x_wconf 85' lang='lat' dir='ltr'><strong>qui</strong></span> <span class='ocrx_word' id='word_1_472' title='bbox 1661 813 1692 838; x_wconf 75' lang='lat' dir='ltr'><strong>ab</strong></span> <span class='ocrx_word' id='word_1_473' title='bbox 1715 814 1752 840; x_wconf 66' lang='lat' dir='ltr'><strong>ei:</strong></span> 
     </span>
    </p>
   </div>
   <div class='ocr_carea' id='block_1_63' title="bbox 962 855 1751 891">
    <p class='ocr_par' dir='ltr' id='par_1_63' title="bbox 962 855 1751 891">
     <span class='ocr_line' id='line_1_63' title="bbox 962 855 1751 891; baseline 0.004 -9"><span class='ocrx_word' id='word_1_474' title='bbox 962 856 1132 889; x_wconf 73' lang='lat' dir='ltr'><strong>genitisunt;</strong></span> <span class='ocrx_word' id='word_1_475' title='bbox 1151 855 1213 881; x_wconf 78' lang='lat' dir='ltr'><strong>alibi</strong></span> <span class='ocrx_word' id='word_1_476' title='bbox 1236 862 1298 880; x_wconf 78' lang='lat' dir='ltr'><strong>vero</strong></span> <span class='ocrx_word' id='word_1_477' title='bbox 1319 855 1414 882; x_wconf 65' lang='grc' dir='ltr'><strong>παιδία.</strong></span> <span class='ocrx_word' id='word_1_478' title='bbox 1433 855 1488 883; x_wconf 67' lang='grc' dir='ltr'>τῶν</span> <span class='ocrx_word' id='word_1_479' title='bbox 1506 857 1632 889; x_wconf 75' lang='grc' dir='ltr'><strong>πιιδίων,</strong></span> <span class='ocrx_word' id='word_1_480' title='bbox 1658 859 1682 884; x_wconf 89' lang='lat' dir='ltr'><strong>id</strong></span> <span class='ocrx_word' id='word_1_481' title='bbox 1699 864 1751 891; x_wconf 81' lang='lat' dir='ltr'><strong>est,</strong></span> 
     </span>
    </p>
   </div>
   <div class='ocr_carea' id='block_1_64' title="bbox 962 901 1752 938">
    <p class='ocr_par' dir='ltr' id='par_1_64' title="bbox 962 901 1752 938">
     <span class='ocr_line' id='line_1_64' title="bbox 962 901 1752 938; baseline 0.008 -12"><span class='ocrx_word' id='word_1_482' title='bbox 962 901 1033 936; x_wconf 69' lang='lat' dir='ltr'><strong>ﬁlios</strong></span> <span class='ocrx_word' id='word_1_483' title='bbox 1045 901 1170 933; x_wconf 81' lang='lat' dir='ltr'><strong>ﬁliorum.</strong></span> <span class='ocrx_word' id='word_1_484' title='bbox 1196 901 1265 933; x_wconf 85' lang='lat' dir='ltr'><strong>Quin</strong></span> <span class='ocrx_word' id='word_1_485' title='bbox 1294 907 1425 936; x_wconf 67' lang='lat' dir='ltr'><strong>pneterea</strong></span> <span class='ocrx_word' id='word_1_486' title='bbox 1452 910 1500 936; x_wconf 86' lang='lat' dir='ltr'><strong>pro</strong></span> <span class='ocrx_word' id='word_1_487' title='bbox 1526 906 1667 938; x_wconf 73' lang='lat' dir='ltr'><strong>m‘pctiltlls</strong></span> <span class='ocrx_word' id='word_1_488' title='bbox 1692 911 1752 933; x_wconf 87' lang='lat' dir='ltr'><strong>orat</strong></span> 
     </span>
    </p>
   </div>
   <div class='ocr_carea' id='block_1_65' title="bbox 966 948 1749 986">
    <p class='ocr_par' dir='ltr' id='par_1_65' title="bbox 966 948 1749 986">
     <span class='ocr_line' id='line_1_65' title="bbox 966 948 1749 986; baseline 0.005 -12"><span class='ocrx_word' id='word_1_489' title='bbox 966 949 1083 974; x_wconf 86' lang='lat' dir='ltr'><strong>nondum</strong></span> <span class='ocrx_word' id='word_1_490' title='bbox 1102 948 1184 980; x_wconf 68' lang='lat' dir='ltr'><strong>natis,</strong></span> <span class='ocrx_word' id='word_1_491' title='bbox 1199 948 1245 974; x_wconf 84' lang='lat' dir='ltr'><strong>sed</strong></span> <span class='ocrx_word' id='word_1_492' title='bbox 1262 948 1287 973; x_wconf 93' lang='lat' dir='ltr'><strong>in</strong></span> <span class='ocrx_word' id='word_1_493' title='bbox 1303 952 1439 981; x_wconf 81' lang='lat' dir='ltr'><strong>posterum</strong></span> <span class='ocrx_word' id='word_1_494' title='bbox 1455 949 1575 980; x_wconf 79' lang='lat' dir='ltr'><strong>oritnris.</strong></span> <span class='ocrx_word' id='word_1_495' title='bbox 1591 951 1674 986; x_wconf 67' lang='lat' dir='ltr'><strong>[XXI]</strong></span> <span class='ocrx_word' id='word_1_496' title='bbox 1688 953 1749 978; x_wconf 87' lang='lat' dir='ltr'><strong>dum</strong></span> 
     </span>
    </p>
   </div>
   <div class='ocr_carea' id='block_1_66' title="bbox 963 993 1751 1029">
    <p class='ocr_par' dir='ltr' id='par_1_66' title="bbox 963 993 1751 1029">
     <span class='ocr_line' id='line_1_66' title="bbox 963 993 1751 1029; baseline 0.005 -9"><span class='ocrx_word' id='word_1_497' title='bbox 963 995 1008 1025; x_wconf 73' lang='lat' dir='ltr'><strong>ait.</strong></span> <span class='ocrx_word' id='word_1_498' title='bbox 1028 994 1090 1024; x_wconf 77' lang='grc' dir='ltr'><strong>τοὺς</strong></span> <span class='ocrx_word' id='word_1_499' title='bbox 1102 994 1150 1020; x_wconf 84' lang='grc' dir='ltr'><strong>ἀπ’</strong></span> <span class='ocrx_word' id='word_1_500' title='bbox 1163 993 1253 1020; x_wconf 79' lang='grc' dir='ltr'>αὐτῶν</span> <span class='ocrx_word' id='word_1_501' title='bbox 1267 993 1421 1029; x_wconf 73' lang='grc' dir='ltr'><strong>ἐσομένους,</strong></span> <span class='ocrx_word' id='word_1_502' title='bbox 1444 994 1496 1021; x_wconf 67' lang='lat' dir='ltr'><strong>Deo</strong></span> <span class='ocrx_word' id='word_1_503' title='bbox 1512 996 1536 1021; x_wconf 92' lang='lat' dir='ltr'><strong>iu</strong></span> <span class='ocrx_word' id='word_1_504' title='bbox 1553 1004 1656 1023; x_wconf 82' lang='lat' dir='ltr'><strong>summa</strong></span> <span class='ocrx_word' id='word_1_505' title='bbox 1677 1005 1751 1024; x_wconf 82' lang='lat' dir='ltr'><strong>cont-</strong></span> 
     </span>
    </p>
   </div>
   <div class='ocr_carea' id='block_1_67' title="bbox 963 1040 1751 1074">
    <p class='ocr_par' dir='ltr' id='par_1_67' title="bbox 963 1040 1751 1074">
     <span class='ocr_line' id='line_1_67' title="bbox 963 1040 1751 1074; baseline 0.006 -9"><span class='ocrx_word' id='word_1_506' title='bbox 963 1040 1072 1066; x_wconf 87' lang='lat' dir='ltr'><strong>tncndat</strong></span> <span class='ocrx_word' id='word_1_507' title='bbox 1088 1047 1139 1065; x_wconf 90' lang='lat' dir='ltr'><strong>uou</strong></span> <span class='ocrx_word' id='word_1_508' title='bbox 1160 1045 1262 1065; x_wconf 93' lang='lat' dir='ltr'><strong>tantum</strong></span> <span class='ocrx_word' id='word_1_509' title='bbox 1280 1048 1318 1072; x_wconf 68' lang='lat' dir='ltr'><strong>se,</strong></span> <span class='ocrx_word' id='word_1_510' title='bbox 1339 1048 1371 1066; x_wconf 87' lang='lat' dir='ltr'><strong>ac</strong></span> <span class='ocrx_word' id='word_1_511' title='bbox 1391 1041 1460 1067; x_wconf 86' lang='lat' dir='ltr'><strong>lilios</strong></span> <span class='ocrx_word' id='word_1_512' title='bbox 1474 1049 1548 1074; x_wconf 85' lang='lat' dir='ltr'><strong>suos,</strong></span> <span class='ocrx_word' id='word_1_513' title='bbox 1565 1043 1610 1069; x_wconf 84' lang='lat' dir='ltr'><strong>sed</strong></span> <span class='ocrx_word' id='word_1_514' title='bbox 1634 1049 1657 1070; x_wconf 78' lang='lat' dir='ltr'><strong>et</strong></span> <span class='ocrx_word' id='word_1_515' title='bbox 1676 1049 1751 1070; x_wconf 79' lang='lat' dir='ltr'><strong>natos</strong></span> 
     </span>
    </p>
   </div>
   <div class='ocr_carea' id='block_1_68' title="bbox 963 1085 1751 1117">
    <p class='ocr_par' dir='ltr' id='par_1_68' title="bbox 963 1085 1751 1117">
     <span class='ocr_line' id='line_1_68' title="bbox 963 1085 1751 1117; baseline 0.003 -5"><span class='ocrx_word' id='word_1_516' title='bbox 963 1091 1086 1112; x_wconf 85' lang='lat' dir='ltr'><strong>natorum</strong></span> <span class='ocrx_word' id='word_1_517' title='bbox 1102 1091 1125 1112; x_wconf 83' lang='lat' dir='ltr'><strong>et</strong></span> <span class='ocrx_word' id='word_1_518' title='bbox 1142 1085 1187 1117; x_wconf 80' lang='lat' dir='ltr'><strong>qui</strong></span> <span class='ocrx_word' id='word_1_519' title='bbox 1200 1092 1342 1113; x_wconf 77' lang='lat' dir='ltr'><strong>nascentur</strong></span> <span class='ocrx_word' id='word_1_520' title='bbox 1354 1090 1385 1112; x_wconf 79' lang='lat' dir='ltr'><strong>ob</strong></span> <span class='ocrx_word' id='word_1_521' title='bbox 1400 1087 1464 1115; x_wconf 76' lang='lat' dir='ltr'><strong>illis.</strong></span> <span class='ocrx_word' id='word_1_522' title='bbox 1476 1088 1511 1114; x_wconf 83' lang='lat' dir='ltr'><strong>At</strong></span> <span class='ocrx_word' id='word_1_523' title='bbox 1534 1088 1554 1114; x_wconf 89' lang='lat' dir='ltr'><strong>si</strong></span> <span class='ocrx_word' id='word_1_524' title='bbox 1581 1088 1638 1115; x_wconf 80' lang='lat' dir='ltr'><strong>Inec</strong></span> <span class='ocrx_word' id='word_1_525' title='bbox 1662 1089 1751 1115; x_wconf 79' lang='lat' dir='ltr'><strong>omnia</strong></span> 
     </span>
    </p>
   </div>
   <div class='ocr_carea' id='block_1_69' title="bbox 963 1132 1752 1168">
    <p class='ocr_par' dir='ltr' id='par_1_69' title="bbox 963 1132 1752 1168">
     <span class='ocr_line' id='line_1_69' title="bbox 963 1132 1752 1168; baseline 0.004 -10"><span class='ocrx_word' id='word_1_526' title='bbox 963 1132 995 1159; x_wconf 89' lang='lat' dir='ltr'><strong>de</strong></span> <span class='ocrx_word' id='word_1_527' title='bbox 1012 1132 1083 1164; x_wconf 90' lang='lat' dir='ltr'><strong>liliis,</strong></span> <span class='ocrx_word' id='word_1_528' title='bbox 1099 1140 1131 1159; x_wconf 83' lang='lat' dir='ltr'><strong>ac</strong></span> <span class='ocrx_word' id='word_1_529' title='bbox 1148 1133 1289 1165; x_wconf 75' lang='lat' dir='ltr'><strong>nepotibus</strong></span> <span class='ocrx_word' id='word_1_530' title='bbox 1312 1133 1491 1168; x_wconf 84' lang='lat' dir='ltr'><strong>spiritalibus.</strong></span> <span class='ocrx_word' id='word_1_531' title='bbox 1509 1134 1566 1161; x_wconf 86' lang='lat' dir='ltr'><strong>sive</strong></span> <span class='ocrx_word' id='word_1_532' title='bbox 1583 1135 1615 1160; x_wconf 87' lang='lat' dir='ltr'><strong>de</strong></span> <span class='ocrx_word' id='word_1_533' title='bbox 1632 1135 1752 1168; x_wconf 82' lang='lat' dir='ltr'><strong>discipu-</strong></span> 
     </span>
    </p>
   </div>
   <div class='ocr_carea' id='block_1_70' title="bbox 962 1177 1752 1213">
    <p class='ocr_par' dir='ltr' id='par_1_70' title="bbox 962 1177 1752 1213">
     <span class='ocr_line' id='line_1_70' title="bbox 962 1177 1752 1213; baseline 0.004 -8"><span class='ocrx_word' id='word_1_534' title='bbox 962 1177 1005 1212; x_wconf 88' lang='lat' dir='ltr'><strong>lis,</strong></span> <span class='ocrx_word' id='word_1_535' title='bbox 1022 1179 1096 1205; x_wconf 88' lang='lat' dir='ltr'><strong>etde</strong></span> <span class='ocrx_word' id='word_1_536' title='bbox 1120 1177 1312 1213; x_wconf 90' lang='lat' dir='ltr'><strong>discipulorum</strong></span> <span class='ocrx_word' id='word_1_537' title='bbox 1343 1178 1494 1212; x_wconf 86' lang='lat' dir='ltr'><strong>discipulis,</strong></span> <span class='ocrx_word' id='word_1_538' title='bbox 1520 1187 1551 1206; x_wconf 87' lang='lat' dir='ltr'><strong>ac</strong></span> <span class='ocrx_word' id='word_1_539' title='bbox 1584 1180 1691 1207; x_wconf 81' lang='lat' dir='ltr'><strong>domum</strong></span> <span class='ocrx_word' id='word_1_540' title='bbox 1720 1183 1752 1208; x_wconf 85' lang='lat' dir='ltr'><strong>de</strong></span> 
     </span>
    </p>
   </div>
   <div class='ocr_carea' id='block_1_71' title="bbox 962 1223 1743 1258">
    <p class='ocr_par' dir='ltr' id='par_1_71' title="bbox 962 1223 1743 1258">
     <span class='ocr_line' id='line_1_71' title="bbox 962 1223 1743 1258; baseline 0.003 -7"><span class='ocrx_word' id='word_1_541' title='bbox 962 1224 1008 1256; x_wconf 83' lang='lat' dir='ltr'><strong>iis,</strong></span> <span class='ocrx_word' id='word_1_542' title='bbox 1024 1232 1092 1257; x_wconf 86' lang='lat' dir='ltr'><strong>quos</strong></span> <span class='ocrx_word' id='word_1_543' title='bbox 1105 1224 1296 1258; x_wconf 86' lang='lat' dir='ltr'><strong>discipulorum</strong></span> <span class='ocrx_word' id='word_1_544' title='bbox 1312 1223 1434 1258; x_wconf 84' lang='lat' dir='ltr'><strong>discipuli</strong></span> <span class='ocrx_word' id='word_1_545' title='bbox 1453 1224 1574 1252; x_wconf 89' lang='lat' dir='ltr'><strong>edocturi</strong></span> <span class='ocrx_word' id='word_1_546' title='bbox 1599 1230 1688 1257; x_wconf 77' lang='lat' dir='ltr'><strong>eram.</strong></span> <span class='ocrx_word' id='word_1_547' title='bbox 1702 1226 1743 1253; x_wconf 88' lang='lat' dir='ltr'><strong>in-</strong></span> 
     </span>
    </p>
   </div>
   <div class='ocr_carea' id='block_1_72' title="bbox 963 1269 1745 1306">
    <p class='ocr_par' dir='ltr' id='par_1_72' title="bbox 963 1269 1745 1306">
     <span class='ocr_line' id='line_1_72' title="bbox 963 1269 1745 1306; baseline 0.001 -9"><span class='ocrx_word' id='word_1_548' title='bbox 963 1270 1157 1304; x_wconf 80' lang='lat' dir='ltr'><strong>telligerentur,</strong></span> <span class='ocrx_word' id='word_1_549' title='bbox 1177 1269 1257 1296; x_wconf 89' lang='lat' dir='ltr'><strong>nimis</strong></span> <span class='ocrx_word' id='word_1_550' title='bbox 1271 1269 1426 1296; x_wconf 81' lang='lat' dir='ltr'><strong>continuata</strong></span> <span class='ocrx_word' id='word_1_551' title='bbox 1442 1275 1525 1303; x_wconf 83' lang='lat' dir='ltr'><strong>esset,</strong></span> <span class='ocrx_word' id='word_1_552' title='bbox 1549 1279 1608 1298; x_wconf 89' lang='lat' dir='ltr'><strong>meo</strong></span> <span class='ocrx_word' id='word_1_553' title='bbox 1632 1271 1745 1306; x_wconf 79' lang='lat' dir='ltr'><strong>judicio,</strong></span> 
     </span>
    </p>
   </div>
   <div class='ocr_carea' id='block_1_73' title="bbox 962 1314 1752 1351">
    <p class='ocr_par' dir='ltr' id='par_1_73' title="bbox 962 1314 1752 1351">
     <span class='ocr_line' id='line_1_73' title="bbox 962 1314 1752 1351; baseline 0 -7"><span class='ocrx_word' id='word_1_554' title='bbox 962 1317 1020 1345; x_wconf 87' lang='lat' dir='ltr'><strong>sine</strong></span> <span class='ocrx_word' id='word_1_555' title='bbox 1034 1316 1087 1343; x_wconf 89' lang='lat' dir='ltr'><strong>ulla</strong></span> <span class='ocrx_word' id='word_1_556' title='bbox 1105 1315 1276 1346; x_wconf 81' lang='lat' dir='ltr'><strong>necessitate,</strong></span> <span class='ocrx_word' id='word_1_557' title='bbox 1294 1314 1434 1350; x_wconf 76' lang='lat' dir='ltr'><strong>allegoria.</strong></span> <span class='ocrx_word' id='word_1_558' title='bbox 1455 1317 1495 1344; x_wconf 83' lang='lat' dir='ltr'><strong>Ac</strong></span> <span class='ocrx_word' id='word_1_559' title='bbox 1511 1325 1576 1344; x_wconf 88' lang='lat' dir='ltr'><strong>sane</strong></span> <span class='ocrx_word' id='word_1_560' title='bbox 1600 1317 1661 1351; x_wconf 86' lang='lat' dir='ltr'><strong>quis</strong></span> <span class='ocrx_word' id='word_1_561' title='bbox 1685 1317 1752 1344; x_wconf 80' lang='lat' dir='ltr'><strong>alius</strong></span> 
     </span>
    </p>
   </div>
   <div class='ocr_carea' id='block_1_74' title="bbox 963 1361 1753 1399">
    <p class='ocr_par' dir='ltr' id='par_1_74' title="bbox 963 1361 1753 1399">
     <span class='ocr_line' id='line_1_74' title="bbox 963 1361 1753 1399; baseline 0.001 -10"><span class='ocrx_word' id='word_1_562' title='bbox 963 1363 1209 1396; x_wconf 87' lang='lat' dir='ltr'><strong>scriptornnquatu</strong></span> <span class='ocrx_word' id='word_1_563' title='bbox 1230 1361 1422 1395; x_wconf 87' lang='lat' dir='ltr'><strong>discipulormu</strong></span> <span class='ocrx_word' id='word_1_564' title='bbox 1434 1370 1544 1389; x_wconf 85' lang='lat' dir='ltr'><strong>suorum</strong></span> <span class='ocrx_word' id='word_1_565' title='bbox 1554 1363 1708 1397; x_wconf 75' lang='lat' dir='ltr'><strong>d&#39;sripnlos,</strong></span> <span class='ocrx_word' id='word_1_566' title='bbox 1723 1364 1753 1399; x_wconf 80' lang='lat' dir='ltr'><strong>[i-</strong></span> 
     </span>
    </p>
   </div>
   <div class='ocr_carea' id='block_1_75' title="bbox 961 1408 1753 1444">
    <p class='ocr_par' dir='ltr' id='par_1_75' title="bbox 961 1408 1753 1444">
     <span class='ocr_line' id='line_1_75' title="bbox 961 1408 1753 1444; baseline 0.004 -9"><span class='ocrx_word' id='word_1_567' title='bbox 961 1408 1011 1436; x_wconf 76' lang='lat' dir='ltr'><strong>lio:</strong></span> <span class='ocrx_word' id='word_1_568' title='bbox 1025 1408 1141 1442; x_wconf 84' lang='lat' dir='ltr'><strong>ﬁliorum</strong></span> <span class='ocrx_word' id='word_1_569' title='bbox 1157 1416 1264 1435; x_wconf 81' lang='lat' dir='ltr'><strong>suorum</strong></span> <span class='ocrx_word' id='word_1_570' title='bbox 1276 1409 1450 1442; x_wconf 87' lang='lat' dir='ltr'><strong>nuncupavit,</strong></span> <span class='ocrx_word' id='word_1_571' title='bbox 1467 1409 1500 1436; x_wconf 85' lang='lat' dir='ltr'><strong>iis</strong></span> <span class='ocrx_word' id='word_1_572' title='bbox 1511 1411 1659 1444; x_wconf 58' lang='lat' dir='ltr'><strong>praesertim</strong></span> <span class='ocrx_word' id='word_1_573' title='bbox 1674 1411 1699 1437; x_wconf 90' lang='lat' dir='ltr'><strong>in</strong></span> <span class='ocrx_word' id='word_1_574' title='bbox 1715 1411 1753 1438; x_wconf 85' lang='lat' dir='ltr'><strong>lo-</strong></span> 
     </span>
    </p>
   </div>
   <div class='ocr_carea' id='block_1_76' title="bbox 962 1454 1753 1489">
    <p class='ocr_par' dir='ltr' id='par_1_76' title="bbox 962 1454 1753 1489">
     <span class='ocr_line' id='line_1_76' title="bbox 962 1454 1753 1489; baseline 0.003 -7"><span class='ocrx_word' id='word_1_575' title='bbox 962 1455 1012 1484; x_wconf 87' lang='lat' dir='ltr'><strong>cis.</strong></span> <span class='ocrx_word' id='word_1_576' title='bbox 1021 1454 1064 1481; x_wconf 94' lang='lat' dir='ltr'><strong>ubi</strong></span> <span class='ocrx_word' id='word_1_577' title='bbox 1075 1454 1280 1489; x_wconf 85' lang='lat' dir='ltr'><strong>oratiosimplex</strong></span> <span class='ocrx_word' id='word_1_578' title='bbox 1292 1455 1338 1486; x_wconf 70' lang='lat' dir='ltr'><strong>sit,</strong></span> <span class='ocrx_word' id='word_1_579' title='bbox 1351 1462 1399 1483; x_wconf 86' lang='lat' dir='ltr'><strong>nec</strong></span> <span class='ocrx_word' id='word_1_580' title='bbox 1412 1460 1470 1482; x_wconf 90' lang='lat' dir='ltr'><strong>Iran</strong></span> <span class='ocrx_word' id='word_1_581' title='bbox 1490 1456 1633 1485; x_wconf 84' lang='lat' dir='ltr'><strong>lationibus</strong></span> <span class='ocrx_word' id='word_1_582' title='bbox 1643 1458 1753 1486; x_wconf 73' lang='lat' dir='ltr'><strong>referta?</strong></span> 
     </span>
    </p>
   </div>
   <div class='ocr_carea' id='block_1_77' title="bbox 1000 1500 1753 1536">
    <p class='ocr_par' dir='ltr' id='par_1_77' title="bbox 1000 1500 1753 1536">
     <span class='ocr_line' id='line_1_77' title="bbox 1000 1500 1753 1536; baseline 0.009 -11"><span class='ocrx_word' id='word_1_583' title='bbox 1000 1500 1114 1534; x_wconf 85' lang='lat' dir='ltr'><strong>Quarto.</strong></span> <span class='ocrx_word' id='word_1_584' title='bbox 1128 1506 1257 1526; x_wconf 77' lang='lat' dir='ltr'><strong>memorat</strong></span> <span class='ocrx_word' id='word_1_585' title='bbox 1273 1500 1415 1536; x_wconf 78' lang='lat' dir='ltr'><strong>theologus</strong></span> <span class='ocrx_word' id='word_1_586' title='bbox 1430 1507 1522 1528; x_wconf 89' lang='lat' dir='ltr'><strong>noster</strong></span> <span class='ocrx_word' id='word_1_587' title='bbox 1533 1511 1593 1529; x_wconf 77' lang='lat' dir='ltr'><strong>cum</strong></span> <span class='ocrx_word' id='word_1_588' title='bbox 1615 1511 1673 1534; x_wconf 77' lang='lat' dir='ltr'><strong>eos,</strong></span> <span class='ocrx_word' id='word_1_589' title='bbox 1687 1512 1753 1536; x_wconf 84' lang='lat' dir='ltr'><strong>quos</strong></span> 
     </span>
    </p>
   </div>
   <div class='ocr_carea' id='block_1_78' title="bbox 964 1543 1753 1581">
    <p class='ocr_par' dir='ltr' id='par_1_78' title="bbox 964 1543 1753 1581">
     <span class='ocr_line' id='line_1_78' title="bbox 964 1543 1753 1581; baseline 0.005 -11"><span class='ocrx_word' id='word_1_590' title='bbox 964 1549 1043 1571; x_wconf 89' lang='lat' dir='ltr'><strong>vocat</strong></span> <span class='ocrx_word' id='word_1_591' title='bbox 1066 1545 1130 1576; x_wconf 79' lang='grc' dir='ltr'><strong>τοὺς</strong></span> <span class='ocrx_word' id='word_1_592' title='bbox 1155 1543 1185 1576; x_wconf 75' lang='grc' dir='ltr'><strong>ἐξ</strong></span> <span class='ocrx_word' id='word_1_593' title='bbox 1212 1544 1291 1579; x_wconf 76' lang='grc' dir='ltr'><strong>ἐμοῦ,</strong></span> <span class='ocrx_word' id='word_1_594' title='bbox 1311 1549 1365 1571; x_wconf 87' lang='lat' dir='ltr'><strong>tum</strong></span> <span class='ocrx_word' id='word_1_595' title='bbox 1385 1553 1442 1576; x_wconf 84' lang='lat' dir='ltr'><strong>eos,</strong></span> <span class='ocrx_word' id='word_1_596' title='bbox 1459 1553 1526 1580; x_wconf 86' lang='lat' dir='ltr'><strong>quos</strong></span> <span class='ocrx_word' id='word_1_597' title='bbox 1550 1547 1666 1581; x_wconf 80' lang='lat' dir='ltr'><strong>appellat</strong></span> <span class='ocrx_word' id='word_1_598' title='bbox 1690 1548 1753 1579; x_wconf 77' lang='grc' dir='ltr'><strong>τοὺς</strong></span> 
     </span>
    </p>
   </div>
   <div class='ocr_carea' id='block_1_79' title="bbox 965 1590 1751 1626">
    <p class='ocr_par' dir='ltr' id='par_1_79' title="bbox 965 1590 1751 1626">
     <span class='ocr_line' id='line_1_79' title="bbox 965 1590 1751 1626; baseline 0.004 -9"><span class='ocrx_word' id='word_1_599' title='bbox 965 1591 1013 1617; x_wconf 84' lang='grc' dir='ltr'><strong>σὺν</strong></span> <span class='ocrx_word' id='word_1_600' title='bbox 1027 1591 1102 1626; x_wconf 79' lang='grc' dir='ltr'><strong>ἡμῖν,</strong></span> <span class='ocrx_word' id='word_1_601' title='bbox 1123 1596 1148 1618; x_wconf 91' lang='lat' dir='ltr'><strong>et</strong></span> <span class='ocrx_word' id='word_1_602' title='bbox 1162 1591 1225 1622; x_wconf 77' lang='grc' dir='ltr'><strong>τοὺς</strong></span> <span class='ocrx_word' id='word_1_603' title='bbox 1252 1590 1300 1617; x_wconf 82' lang='grc' dir='ltr'><strong>σὺν</strong></span> <span class='ocrx_word' id='word_1_604' title='bbox 1327 1590 1399 1626; x_wconf 77' lang='grc' dir='ltr'>ὲμοῑ,</span> <span class='ocrx_word' id='word_1_605' title='bbox 1422 1599 1517 1626; x_wconf 88' lang='lat' dir='ltr'><strong>netnpe</strong></span> <span class='ocrx_word' id='word_1_606' title='bbox 1542 1598 1673 1620; x_wconf 74' lang='lat' dir='ltr'><strong>meruerat</strong></span> <span class='ocrx_word' id='word_1_607' title='bbox 1691 1601 1751 1621; x_wconf 89' lang='lat' dir='ltr'><strong>cum</strong></span> 
     </span>
    </p>
   </div>
   <div class='ocr_carea' id='block_1_80' title="bbox 965 1637 1752 1671">
    <p class='ocr_par' dir='ltr' id='par_1_80' title="bbox 965 1637 1752 1671">
     <span class='ocr_line' id='line_1_80' title="bbox 965 1637 1752 1671; baseline 0.005 -8"><span class='ocrx_word' id='word_1_608' title='bbox 965 1637 1035 1664; x_wconf 86' lang='lat' dir='ltr'><strong>lilios</strong></span> <span class='ocrx_word' id='word_1_609' title='bbox 1053 1644 1127 1670; x_wconf 88' lang='lat' dir='ltr'><strong>suos,</strong></span> <span class='ocrx_word' id='word_1_610' title='bbox 1141 1642 1196 1664; x_wconf 91' lang='lat' dir='ltr'><strong>tum</strong></span> <span class='ocrx_word' id='word_1_611' title='bbox 1214 1645 1270 1668; x_wconf 80' lang='lat' dir='ltr'><strong>eos.</strong></span> <span class='ocrx_word' id='word_1_612' title='bbox 1287 1645 1355 1671; x_wconf 88' lang='lat' dir='ltr'><strong>quos</strong></span> <span class='ocrx_word' id='word_1_613' title='bbox 1371 1646 1423 1665; x_wconf 85' lang='lat' dir='ltr'><strong>una</strong></span> <span class='ocrx_word' id='word_1_614' title='bbox 1443 1646 1501 1665; x_wconf 84' lang='lat' dir='ltr'><strong>cum</strong></span> <span class='ocrx_word' id='word_1_615' title='bbox 1518 1647 1544 1665; x_wconf 77' lang='lat' dir='ltr'><strong>se</strong></span> <span class='ocrx_word' id='word_1_616' title='bbox 1557 1639 1614 1671; x_wconf 72' lang='lat' dir='ltr'><strong>ipsa</strong></span> <span class='ocrx_word' id='word_1_617' title='bbox 1625 1647 1685 1667; x_wconf 86' lang='lat' dir='ltr'><strong>esse</strong></span> <span class='ocrx_word' id='word_1_618' title='bbox 1705 1640 1752 1667; x_wconf 88' lang='lat' dir='ltr'><strong>ait.</strong></span> 
     </span>
    </p>
   </div>
   <div class='ocr_carea' id='block_1_81' title="bbox 965 1682 1752 1719">
    <p class='ocr_par' dir='ltr' id='par_1_81' title="bbox 965 1682 1752 1719">
     <span class='ocr_line' id='line_1_81' title="bbox 965 1682 1752 1719; baseline 0.003 -9"><span class='ocrx_word' id='word_1_619' title='bbox 965 1682 1096 1711; x_wconf 78' lang='lat' dir='ltr'><strong>Videntur</strong></span> <span class='ocrx_word' id='word_1_620' title='bbox 1119 1688 1208 1710; x_wconf 82' lang='lat' dir='ltr'><strong>autent</strong></span> <span class='ocrx_word' id='word_1_621' title='bbox 1229 1683 1284 1710; x_wconf 63' lang='lat' dir='ltr'><strong>haec</strong></span> <span class='ocrx_word' id='word_1_622' title='bbox 1305 1684 1371 1710; x_wconf 87' lang='lat' dir='ltr'><strong>satis</strong></span> <span class='ocrx_word' id='word_1_623' title='bbox 1395 1685 1536 1712; x_wconf 88' lang='lat' dir='ltr'><strong>commode</strong></span> <span class='ocrx_word' id='word_1_624' title='bbox 1561 1685 1708 1719; x_wconf 85' lang='lat' dir='ltr'><strong>explicari,</strong></span> <span class='ocrx_word' id='word_1_625' title='bbox 1732 1687 1752 1712; x_wconf 78' lang='lat' dir='ltr'><strong>si</strong></span> 
     </span>
    </p>
   </div>
   <div class='ocr_carea' id='block_1_82' title="bbox 968 1727 1754 1766">
    <p class='ocr_par' dir='ltr' id='par_1_82' title="bbox 968 1727 1754 1766">
     <span class='ocr_line' id='line_1_82' title="bbox 968 1727 1754 1766; baseline 0.005 -12"><span class='ocrx_word' id='word_1_626' title='bbox 968 1729 1131 1760; x_wconf 85' lang='lat' dir='ltr'><strong>dixerimus,</strong></span> <span class='ocrx_word' id='word_1_627' title='bbox 1149 1733 1194 1754; x_wconf 87' lang='lat' dir='ltr'><strong>aut</strong></span> <span class='ocrx_word' id='word_1_628' title='bbox 1216 1728 1307 1762; x_wconf 88' lang='lat' dir='ltr'><strong>priore</strong></span> <span class='ocrx_word' id='word_1_629' title='bbox 1327 1727 1443 1755; x_wconf 82' lang='lat' dir='ltr'><strong>formula</strong></span> <span class='ocrx_word' id='word_1_630' title='bbox 1467 1730 1587 1757; x_wconf 65' lang='lat' dir='ltr'><strong>tati-nales</strong></span> <span class='ocrx_word' id='word_1_631' title='bbox 1605 1731 1708 1766; x_wconf 78' lang='lat' dir='ltr'><strong>Didymi</strong></span> <span class='ocrx_word' id='word_1_632' title='bbox 1722 1730 1754 1758; x_wconf 55' lang='lat' dir='ltr'><strong>li»</strong></span> 
     </span>
    </p>
   </div>
   <div class='ocr_carea' id='block_1_83' title="bbox 964 1774 1753 1810">
    <p class='ocr_par' dir='ltr' id='par_1_83' title="bbox 964 1774 1753 1810">
     <span class='ocr_line' id='line_1_83' title="bbox 964 1774 1753 1810; baseline 0.004 -9"><span class='ocrx_word' id='word_1_633' title='bbox 964 1774 1025 1805; x_wconf 81' lang='lat' dir='ltr'><strong>lios.</strong></span> <span class='ocrx_word' id='word_1_634' title='bbox 1044 1776 1162 1802; x_wconf 84' lang='lat' dir='ltr'><strong>secunda</strong></span> <span class='ocrx_word' id='word_1_635' title='bbox 1178 1782 1241 1802; x_wconf 81' lang='lat' dir='ltr'><strong>vero</strong></span> <span class='ocrx_word' id='word_1_636' title='bbox 1255 1774 1325 1806; x_wconf 89' lang='lat' dir='ltr'><strong>illos,</strong></span> <span class='ocrx_word' id='word_1_637' title='bbox 1342 1775 1387 1810; x_wconf 88' lang='lat' dir='ltr'><strong>qtti</strong></span> <span class='ocrx_word' id='word_1_638' title='bbox 1412 1783 1464 1802; x_wconf 84' lang='lat' dir='ltr'><strong>una</strong></span> <span class='ocrx_word' id='word_1_639' title='bbox 1481 1784 1540 1802; x_wconf 80' lang='lat' dir='ltr'><strong>cum</strong></span> <span class='ocrx_word' id='word_1_640' title='bbox 1560 1777 1614 1809; x_wconf 73' lang='lat' dir='ltr'><strong>ipso</strong></span> <span class='ocrx_word' id='word_1_641' title='bbox 1632 1777 1664 1804; x_wconf 89' lang='lat' dir='ltr'><strong>ad</strong></span> <span class='ocrx_word' id='word_1_642' title='bbox 1681 1782 1753 1804; x_wconf 71' lang='lat' dir='ltr'><strong>cale~</strong></span> 
     </span>
    </p>
   </div>
   <div class='ocr_carea' id='block_1_84' title="bbox 965 1821 1754 1858">
    <p class='ocr_par' dir='ltr' id='par_1_84' title="bbox 965 1821 1754 1858">
     <span class='ocr_line' id='line_1_84' title="bbox 965 1821 1754 1858; baseline 0.004 -10"><span class='ocrx_word' id='word_1_643' title='bbox 965 1821 1060 1848; x_wconf 77' lang='lat' dir='ltr'><strong>cbeses</strong></span> <span class='ocrx_word' id='word_1_644' title='bbox 1090 1822 1296 1853; x_wconf 82' lang='lat' dir='ltr'><strong>conveniebant,</strong></span> <span class='ocrx_word' id='word_1_645' title='bbox 1322 1822 1477 1857; x_wconf 69' lang='lat' dir='ltr'><strong>designari;</strong></span> <span class='ocrx_word' id='word_1_646' title='bbox 1499 1829 1545 1849; x_wconf 88' lang='lat' dir='ltr'><strong>aut</strong></span> <span class='ocrx_word' id='word_1_647' title='bbox 1570 1824 1671 1858; x_wconf 83' lang='lat' dir='ltr'><strong>primos</strong></span> <span class='ocrx_word' id='word_1_648' title='bbox 1695 1832 1754 1851; x_wconf 88' lang='lat' dir='ltr'><strong>eos-</strong></span> 
     </span>
    </p>
   </div>
   <div class='ocr_carea' id='block_1_85' title="bbox 965 1867 1752 1905">
    <p class='ocr_par' dir='ltr' id='par_1_85' title="bbox 965 1867 1752 1905">
     <span class='ocr_line' id='line_1_85' title="bbox 965 1867 1752 1905; baseline 0.005 -12"><span class='ocrx_word' id='word_1_649' title='bbox 965 1867 1029 1893; x_wconf 86' lang='lat' dir='ltr'><strong>dem</strong></span> <span class='ocrx_word' id='word_1_650' title='bbox 1051 1874 1110 1894; x_wconf 84' lang='lat' dir='ltr'><strong>esse</strong></span> <span class='ocrx_word' id='word_1_651' title='bbox 1135 1875 1194 1893; x_wconf 84' lang='lat' dir='ltr'><strong>cum</strong></span> <span class='ocrx_word' id='word_1_652' title='bbox 1211 1868 1348 1901; x_wconf 77' lang='lat' dir='ltr'><strong>sectmdis,</strong></span> <span class='ocrx_word' id='word_1_653' title='bbox 1365 1870 1435 1902; x_wconf 88' lang='lat' dir='ltr'><strong>qttod</strong></span> <span class='ocrx_word' id='word_1_654' title='bbox 1449 1870 1552 1896; x_wconf 72' lang='lat' dir='ltr'><strong>scilicet</strong></span> <span class='ocrx_word' id='word_1_655' title='bbox 1578 1870 1681 1905; x_wconf 81' lang='lat' dir='ltr'><strong>Didymi</strong></span> <span class='ocrx_word' id='word_1_656' title='bbox 1708 1871 1752 1897; x_wconf 88' lang='lat' dir='ltr'><strong>lilii</strong></span> 
     </span>
    </p>
   </div>
   <div class='ocr_carea' id='block_1_86' title="bbox 965 1913 1541 1948">
    <p class='ocr_par' dir='ltr' id='par_1_86' title="bbox 965 1913 1541 1948">
     <span class='ocr_line' id='line_1_86' title="bbox 965 1913 1541 1948; baseline 0.003 -9"><span class='ocrx_word' id='word_1_657' title='bbox 965 1920 1016 1939; x_wconf 89' lang='lat' dir='ltr'><strong>una</strong></span> <span class='ocrx_word' id='word_1_658' title='bbox 1034 1919 1094 1939; x_wconf 91' lang='lat' dir='ltr'><strong>cum</strong></span> <span class='ocrx_word' id='word_1_659' title='bbox 1108 1913 1220 1948; x_wconf 85' lang='lat' dir='ltr'><strong>Didymo</strong></span> <span class='ocrx_word' id='word_1_660' title='bbox 1233 1913 1292 1946; x_wconf 87' lang='lat' dir='ltr'><strong>ipso</strong></span> <span class='ocrx_word' id='word_1_661' title='bbox 1304 1914 1385 1940; x_wconf 83' lang='lat' dir='ltr'><strong>vitam</strong></span> <span class='ocrx_word' id='word_1_662' title='bbox 1403 1914 1541 1948; x_wconf 77' lang='lat' dir='ltr'><strong>degerent.</strong></span> 
     </span>
    </p>
   </div>
   <div class='ocr_carea' id='block_1_87' title="bbox 999 1958 1754 1994">
    <p class='ocr_par' dir='ltr' id='par_1_87' title="bbox 999 1958 1754 1994">
     <span class='ocr_line' id='line_1_87' title="bbox 999 1958 1754 1994; baseline 0.005 -10"><span class='ocrx_word' id='word_1_663' title='bbox 999 1958 1108 1991; x_wconf 84' lang='lat' dir='ltr'><strong>Quinto,</strong></span> <span class='ocrx_word' id='word_1_664' title='bbox 1123 1964 1217 1986; x_wconf 74' lang='lat' dir='ltr'><strong>aut-tor</strong></span> <span class='ocrx_word' id='word_1_665' title='bbox 1239 1965 1331 1986; x_wconf 79' lang='lat' dir='ltr'><strong>noster</strong></span> <span class='ocrx_word' id='word_1_666' title='bbox 1350 1968 1410 1994; x_wconf 75' lang='lat' dir='ltr'><strong>pag.</strong></span> <span class='ocrx_word' id='word_1_667' title='bbox 1429 1960 1481 1987; x_wconf 81' lang='grc'><strong>519</strong></span> <span class='ocrx_word' id='word_1_668' title='bbox 1494 1961 1530 1987; x_wconf 82' lang='lat' dir='ltr'><strong>ait</strong></span> <span class='ocrx_word' id='word_1_669' title='bbox 1547 1970 1554 1987; x_wconf 93' lang='lat'><strong><em>:</em></strong></span> <span class='ocrx_word' id='word_1_670' title='bbox 1583 1960 1670 1988; x_wconf 82' lang='lat' dir='ltr'><strong>Simul</strong></span> <span class='ocrx_word' id='word_1_671' title='bbox 1696 1969 1754 1988; x_wconf 83' lang='lat' dir='ltr'><strong>runt</strong></span> 
     </span>
    </p>
   </div>
   <div class='ocr_carea' id='block_1_88' title="bbox 963 2004 1752 2041">
    <p class='ocr_par' dir='ltr' id='par_1_88' title="bbox 963 2004 1752 2041">
     <span class='ocr_line' id='line_1_88' title="bbox 963 2004 1752 2041; baseline 0.004 -11"><span class='ocrx_word' id='word_1_672' title='bbox 963 2004 1038 2038; x_wconf 80' lang='lat' dir='ltr'><strong>ﬁliis.</strong></span> <span class='ocrx_word' id='word_1_673' title='bbox 1064 2012 1129 2038; x_wconf 75' lang='lat' dir='ltr'><strong>quos</strong></span> <span class='ocrx_word' id='word_1_674' title='bbox 1153 2004 1223 2031; x_wconf 83' lang='lat' dir='ltr'><strong>dedit</strong></span> <span class='ocrx_word' id='word_1_675' title='bbox 1257 2005 1322 2031; x_wconf 79' lang='lat' dir='ltr'><strong>milii</strong></span> <span class='ocrx_word' id='word_1_676' title='bbox 1355 2005 1460 2041; x_wconf 75' lang='lat' dir='ltr'><strong>lberis),</strong></span> <span class='ocrx_word' id='word_1_677' title='bbox 1489 2011 1511 2032; x_wconf 78' lang='lat' dir='ltr'><strong>et</strong></span> <span class='ocrx_word' id='word_1_678' title='bbox 1538 2006 1652 2041; x_wconf 79' lang='lat' dir='ltr'><strong>filiorum</strong></span> <span class='ocrx_word' id='word_1_679' title='bbox 1679 2007 1752 2041; x_wconf 70' lang='lat' dir='ltr'><strong>ﬁliis,</strong></span> 
     </span>
    </p>
   </div>
   <div class='ocr_carea' id='block_1_89' title="bbox 963 2050 1752 2087">
    <p class='ocr_par' dir='ltr' id='par_1_89' title="bbox 963 2050 1752 2087">
     <span class='ocr_line' id='line_1_89' title="bbox 963 2050 1752 2087; baseline 0.008 -13"><span class='ocrx_word' id='word_1_680' title='bbox 963 2055 1068 2084; x_wconf 80' lang='lat' dir='ltr'><strong>propter</strong></span> <span class='ocrx_word' id='word_1_681' title='bbox 1093 2058 1158 2084; x_wconf 78' lang='lat' dir='ltr'><strong>quos</strong></span> <span class='ocrx_word' id='word_1_682' title='bbox 1186 2050 1267 2077; x_wconf 87' lang='lat' dir='ltr'><strong>etiam</strong></span> <span class='ocrx_word' id='word_1_683' title='bbox 1307 2051 1418 2078; x_wconf 74' lang='lat' dir='ltr'><strong>virentes</strong></span> <span class='ocrx_word' id='word_1_684' title='bbox 1454 2051 1615 2079; x_wconf 74' lang='lat' dir='ltr'><strong>laboramus.</strong></span> <span class='ocrx_word' id='word_1_685' title='bbox 1655 2051 1752 2087; x_wconf 75' lang='lat' dir='ltr'><strong>Pagina</strong></span> 
     </span>
    </p>
   </div>
   <div class='ocr_carea' id='block_1_90' title="bbox 964 2095 1755 2134">
    <p class='ocr_par' dir='ltr' id='par_1_90' title="bbox 964 2095 1755 2134">
     <span class='ocr_line' id='line_1_90' title="bbox 964 2095 1755 2134; baseline 0.005 -12"><span class='ocrx_word' id='word_1_686' title='bbox 964 2103 1029 2123; x_wconf 90' lang='lat' dir='ltr'><strong>vero</strong></span> <span class='ocrx_word' id='word_1_687' title='bbox 1045 2096 1097 2123; x_wconf 78' lang='lat'><strong>307</strong></span> <span class='ocrx_word' id='word_1_688' title='bbox 1112 2095 1176 2122; x_wconf 90' lang='lat' dir='ltr'><strong>illud</strong></span> <span class='ocrx_word' id='word_1_689' title='bbox 1196 2103 1210 2122; x_wconf 88' lang='lat' dir='ltr'><strong>a</strong></span> <span class='ocrx_word' id='word_1_690' title='bbox 1230 2101 1324 2123; x_wconf 82' lang='lat' dir='ltr'><strong>sancta</strong></span> <span class='ocrx_word' id='word_1_691' title='bbox 1351 2096 1484 2124; x_wconf 83' lang='lat' dir='ltr'><strong>Trinitate</strong></span> <span class='ocrx_word' id='word_1_692' title='bbox 1506 2099 1582 2132; x_wconf 73' lang='lat' dir='ltr'><strong>prlii,</strong></span> <span class='ocrx_word' id='word_1_693' title='bbox 1606 2103 1634 2125; x_wconf 93' lang='lat' dir='ltr'><strong>nt</strong></span> <span class='ocrx_word' id='word_1_694' title='bbox 1652 2106 1684 2134; x_wconf 90' lang='lat' dir='ltr'><strong>po</strong></span> <span class='ocrx_word' id='word_1_695' title='bbox 1701 2099 1755 2126; x_wconf 89' lang='lat' dir='ltr'><strong>sint</strong></span> 
     </span>
    </p>
   </div>
   <div class='ocr_carea' id='block_1_91' title="bbox 122 2141 1754 2182">
    <p class='ocr_par' dir='ltr' id='par_1_91' title="bbox 122 2141 1754 2182">
     <span class='ocr_line' id='line_1_91' title="bbox 122 2141 1754 2182; baseline 0.006 -13"><span class='ocrx_word' id='word_1_696' title='bbox 122 2141 171 2170; x_wconf 90' lang='lat' dir='ltr'><strong>ris.</strong></span> <span class='ocrx_word' id='word_1_697' title='bbox 187 2141 307 2170; x_wconf 72' lang='lat' dir='ltr'><strong>Aﬂernttt</strong></span> <span class='ocrx_word' id='word_1_698' title='bbox 320 2143 395 2177; x_wconf 88' lang='lat' dir='ltr'><strong>prius</strong></span> <span class='ocrx_word' id='word_1_699' title='bbox 406 2142 534 2176; x_wconf 84' lang='lat' dir='ltr'><strong>leviores,</strong></span> <span class='ocrx_word' id='word_1_700' title='bbox 551 2147 608 2171; x_wconf 90' lang='lat' dir='ltr'><strong>tum</strong></span> <span class='ocrx_word' id='word_1_701' title='bbox 627 2145 732 2172; x_wconf 83' lang='lat' dir='ltr'><strong>veniam</strong></span> <span class='ocrx_word' id='word_1_702' title='bbox 753 2146 786 2173; x_wconf 84' lang='lat' dir='ltr'><strong>ad</strong></span> <span class='ocrx_word' id='word_1_703' title='bbox 807 2148 912 2182; x_wconf 78' lang='lat' dir='ltr'><strong>gravio—</strong></span> <span class='ocrx_word' id='word_1_704' title='bbox 928 2145 950 2172; x_wconf 92' lang='lat' dir='ltr'><strong>D</strong></span> <span class='ocrx_word' id='word_1_705' title='bbox 965 2142 1083 2169; x_wconf 69' lang='grc' dir='ltr'>ιιιιίνθνδὶ</span> <span class='ocrx_word' id='word_1_706' title='bbox 1107 2142 1140 2168; x_wconf 73' lang='grc' dir='ltr'><strong>ίῖε</strong></span> <span class='ocrx_word' id='word_1_707' title='bbox 1157 2150 1201 2177; x_wconf 63' lang='lat' dir='ltr'><strong>li!“</strong></span> <span class='ocrx_word' id='word_1_708' title='bbox 1226 2142 1353 2177; x_wconf 67' lang='grc' dir='ltr'><strong>ίηάίθθιιίν</strong></span> <span class='ocrx_word' id='word_1_709' title='bbox 1376 2143 1468 2178; x_wconf 69' lang='grc' dir='ltr'><strong>ίπνέιίιί</strong></span> <span class='ocrx_word' id='word_1_710' title='bbox 1491 2152 1537 2177; x_wconf 72' lang='grc' dir='ltr'><strong>1)ιό</strong></span> <span class='ocrx_word' id='word_1_711' title='bbox 1553 2145 1659 2177; x_wconf 56' lang='lat' dir='ltr'><strong>ritibus.</strong></span> <span class='ocrx_word' id='word_1_712' title='bbox 1686 2145 1754 2172; x_wconf 75' lang='grc' dir='ltr'><strong>ίίιοῖ-</strong></span> 
     </span>
    </p>
   </div>
   <div class='ocr_carea' id='block_1_92' title="bbox 122 2195 174 2216">
    <p class='ocr_par' dir='ltr' id='par_1_92' title="bbox 122 2195 174 2216">
     <span class='ocr_line' id='line_1_92' title="bbox 122 2195 174 2216; baseline 0.019 -1"><span class='ocrx_word' id='word_1_713' title='bbox 122 2195 174 2216; x_wconf 89' lang='lat' dir='ltr'><strong>res.</strong></span> 
     </span>
    </p>
   </div>
   <div class='ocr_carea' id='block_1_93' title="bbox 160 2232 911 2268">
    <p class='ocr_par' dir='ltr' id='par_1_93' title="bbox 160 2232 911 2268">
     <span class='ocr_line' id='line_1_93' title="bbox 160 2232 911 2268; baseline 0.005 -8"><span class='ocrx_word' id='word_1_714' title='bbox 160 2232 292 2260; x_wconf 83' lang='lat' dir='ltr'><strong>Nimirum</strong></span> <span class='ocrx_word' id='word_1_715' title='bbox 308 2233 394 2268; x_wconf 91' lang='lat' dir='ltr'><strong>primo</strong></span> <span class='ocrx_word' id='word_1_716' title='bbox 409 2234 435 2260; x_wconf 90' lang='lat' dir='ltr'><strong>in</strong></span> <span class='ocrx_word' id='word_1_717' title='bbox 452 2233 655 2262; x_wconf 88' lang='lat' dir='ltr'><strong>commentariis</strong></span> <span class='ocrx_word' id='word_1_718' title='bbox 677 2235 703 2261; x_wconf 88' lang='lat' dir='ltr'><strong>iu</strong></span> <span class='ocrx_word' id='word_1_719' title='bbox 732 2234 853 2263; x_wconf 72' lang='lat' dir='ltr'><strong>Psalmas</strong></span> <span class='ocrx_word' id='word_1_720' title='bbox 878 2236 911 2264; x_wconf 90' lang='lat' dir='ltr'><strong>ad</strong></span> 
     </span>
    </p>
   </div>
   <div class='ocr_carea' id='block_1_94' title="bbox 121 2279 914 2316">
    <p class='ocr_par' dir='ltr' id='par_1_94' title="bbox 121 2279 914 2316">
     <span class='ocr_line' id='line_1_94' title="bbox 121 2279 914 2316; baseline 0.005 -10"><span class='ocrx_word' id='word_1_721' title='bbox 121 2280 219 2307; x_wconf 77' lang='lat' dir='ltr'><strong>versic.</strong></span> <span class='ocrx_word' id='word_1_722' title='bbox 236 2279 296 2316; x_wconf 77' lang='lat'><strong>157_</strong></span> <span class='ocrx_word' id='word_1_723' title='bbox 313 2281 407 2314; x_wconf 91' lang='lat' dir='ltr'><strong>psalmi</strong></span> <span class='ocrx_word' id='word_1_724' title='bbox 421 2288 517 2311; x_wconf 76' lang='lat' dir='ltr'><strong>cxvm,</strong></span> <span class='ocrx_word' id='word_1_725' title='bbox 536 2288 595 2315; x_wconf 68' lang='lat' dir='ltr'><strong>pag.</strong></span> <span class='ocrx_word' id='word_1_726' title='bbox 614 2280 666 2307; x_wconf 75' lang='lat'><strong>502</strong></span> <span class='ocrx_word' id='word_1_727' title='bbox 691 2287 792 2309; x_wconf 72' lang='lat' dir='ltr'><strong>catena:</strong></span> <span class='ocrx_word' id='word_1_728' title='bbox 811 2283 914 2310; x_wconf 86' lang='lat' dir='ltr'><strong>Corde-</strong></span> 
     </span>
    </p>
   </div>
   <div class='ocr_carea' id='block_1_95' title="bbox 123 2326 913 2363">
    <p class='ocr_par' dir='ltr' id='par_1_95' title="bbox 123 2326 913 2363">
     <span class='ocr_line' id='line_1_95' title="bbox 123 2326 913 2363; baseline 0.008 -11"><span class='ocrx_word' id='word_1_729' title='bbox 123 2327 208 2353; x_wconf 77' lang='lat' dir='ltr'><strong>riame</strong></span> <span class='ocrx_word' id='word_1_730' title='bbox 224 2327 335 2361; x_wconf 85' lang='lat' dir='ltr'><strong>perinde</strong></span> <span class='ocrx_word' id='word_1_731' title='bbox 350 2327 420 2361; x_wconf 88' lang='lat' dir='ltr'><strong>loqui</strong></span> <span class='ocrx_word' id='word_1_732' title='bbox 449 2327 555 2354; x_wconf 87' lang='lat' dir='ltr'><strong>videtur</strong></span> <span class='ocrx_word' id='word_1_733' title='bbox 579 2326 716 2362; x_wconf 78' lang='lat' dir='ltr'><strong>Didymus,</strong></span> <span class='ocrx_word' id='word_1_734' title='bbox 744 2329 821 2363; x_wconf 87' lang='lat' dir='ltr'><strong>quasi</strong></span> <span class='ocrx_word' id='word_1_735' title='bbox 845 2337 913 2358; x_wconf 77' lang='lat' dir='ltr'><strong>uxor</strong></span> 
     </span>
    </p>
   </div>
   <div class='ocr_carea' id='block_1_96' title="bbox 121 2372 913 2411">
    <p class='ocr_par' dir='ltr' id='par_1_96' title="bbox 121 2372 913 2411">
     <span class='ocr_line' id='line_1_96' title="bbox 121 2372 913 2411; baseline 0.005 -12"><span class='ocrx_word' id='word_1_736' title='bbox 121 2372 171 2406; x_wconf 90' lang='lat' dir='ltr'><strong>ipsi</strong></span> <span class='ocrx_word' id='word_1_737' title='bbox 190 2373 279 2405; x_wconf 79' lang='lat' dir='ltr'><strong>fuerit,</strong></span> <span class='ocrx_word' id='word_1_738' title='bbox 294 2381 325 2399; x_wconf 92' lang='lat' dir='ltr'><strong>ac</strong></span> <span class='ocrx_word' id='word_1_739' title='bbox 341 2373 417 2400; x_wconf 88' lang='lat' dir='ltr'><strong>liberi</strong></span> <span class='ocrx_word' id='word_1_740' title='bbox 432 2382 439 2400; x_wconf 86' lang='lat'><strong>:</strong></span> <span class='ocrx_word' id='word_1_741' title='bbox 456 2373 492 2400; x_wconf 91' lang='lat' dir='ltr'><strong>ita</strong></span> <span class='ocrx_word' id='word_1_742' title='bbox 511 2373 582 2400; x_wconf 83' lang='lat' dir='ltr'><strong>enim</strong></span> <span class='ocrx_word' id='word_1_743' title='bbox 599 2374 639 2400; x_wconf 87' lang='lat' dir='ltr'><strong>ait</strong></span> <span class='ocrx_word' id='word_1_744' title='bbox 653 2384 659 2400; x_wconf 88' lang='lat'>:</span> <span class='ocrx_word' id='word_1_745' title='bbox 677 2375 842 2403; x_wconf 71' lang='lat' dir='ltr'><strong>Adversoria:</strong></span> <span class='ocrx_word' id='word_1_746' title='bbox 866 2385 913 2411; x_wconf 81' lang='lat' dir='ltr'><strong>po-</strong></span> 
     </span>
    </p>
   </div>
   <div class='ocr_carea' id='block_1_97' title="bbox 121 2419 912 2456">
    <p class='ocr_par' dir='ltr' id='par_1_97' title="bbox 121 2419 912 2456">
     <span class='ocr_line' id='line_1_97' title="bbox 121 2419 912 2456; baseline 0.005 -10"><span class='ocrx_word' id='word_1_747' title='bbox 121 2423 225 2446; x_wconf 71' lang='lat' dir='ltr'><strong>testates</strong></span> <span class='ocrx_word' id='word_1_748' title='bbox 240 2426 286 2452; x_wconf 83' lang='lat' dir='ltr'><strong>per</strong></span> <span class='ocrx_word' id='word_1_749' title='bbox 306 2419 473 2449; x_wconf 69' lang='lat' dir='ltr'><strong>tlontestt&#39;cos,</strong></span> <span class='ocrx_word' id='word_1_750' title='bbox 497 2427 543 2453; x_wconf 84' lang='lat' dir='ltr'><strong>per</strong></span> <span class='ocrx_word' id='word_1_751' title='bbox 571 2427 680 2447; x_wconf 73' lang='lat' dir='ltr'><strong>uxorem</strong></span> <span class='ocrx_word' id='word_1_752' title='bbox 705 2420 859 2456; x_wconf 69' lang='lat' dir='ltr'><strong>litigiosam,</strong></span> <span class='ocrx_word' id='word_1_753' title='bbox 886 2427 912 2450; x_wconf 82' lang='lat' dir='ltr'><strong>et</strong></span> 
     </span>
    </p>
   </div>
   <div class='ocr_carea' id='block_1_98' title="bbox 120 2465 912 2500">
    <p class='ocr_par' dir='ltr' id='par_1_98' title="bbox 120 2465 912 2500">
     <span class='ocr_line' id='line_1_98' title="bbox 120 2465 912 2500; baseline 0.008 -10"><span class='ocrx_word' id='word_1_754' title='bbox 120 2465 268 2499; x_wconf 80' lang='lat' dir='ltr'><strong>garrulam,</strong></span> <span class='ocrx_word' id='word_1_755' title='bbox 281 2470 304 2492; x_wconf 84' lang='lat' dir='ltr'><strong>et</strong></span> <span class='ocrx_word' id='word_1_756' title='bbox 320 2466 475 2492; x_wconf 70' lang='lat' dir='ltr'><strong>iracundum</strong></span> <span class='ocrx_word' id='word_1_757' title='bbox 492 2474 538 2492; x_wconf 81' lang='lat' dir='ltr'><strong>nos</strong></span> <span class='ocrx_word' id='word_1_758' title='bbox 563 2470 673 2496; x_wconf 76' lang='lat' dir='ltr'><strong>tentant,</strong></span> <span class='ocrx_word' id='word_1_759' title='bbox 686 2471 713 2492; x_wconf 84' lang='lat' dir='ltr'><strong>ut</strong></span> <span class='ocrx_word' id='word_1_760' title='bbox 732 2475 912 2500; x_wconf 56' lang='lat' dir='ltr'><strong>peruentum...</strong></span> 
     </span>
    </p>
   </div>
   <div class='ocr_carea' id='block_1_99' title="bbox 120 2510 913 2550">
    <p class='ocr_par' dir='ltr' id='par_1_99' title="bbox 120 2510 913 2550">
     <span class='ocr_line' id='line_1_99' title="bbox 120 2510 913 2550; baseline 0.004 -12"><span class='ocrx_word' id='word_1_761' title='bbox 120 2510 161 2537; x_wconf 79' lang='grc' dir='ltr'><strong>Τὰ</strong></span> <span class='ocrx_word' id='word_1_762' title='bbox 171 2511 227 2547; x_wconf 80' lang='grc' dir='ltr'><strong>γὰρ</strong></span> <span class='ocrx_word' id='word_1_763' title='bbox 241 2511 351 2547; x_wconf 73' lang='grc' dir='ltr'>κρυπτὰ</span> <span class='ocrx_word' id='word_1_764' title='bbox 367 2512 462 2548; x_wconf 77' lang='grc' dir='ltr'>Κυρίῳ</span> <span class='ocrx_word' id='word_1_765' title='bbox 476 2511 514 2547; x_wconf 84' lang='grc' dir='ltr'><strong>τῷ</strong></span> <span class='ocrx_word' id='word_1_766' title='bbox 529 2511 588 2547; x_wconf 81' lang='grc' dir='ltr'><strong>Θεῷ</strong></span> <span class='ocrx_word' id='word_1_767' title='bbox 601 2511 696 2547; x_wconf 83' lang='grc' dir='ltr'><strong>ἡμῶν·</strong></span> <span class='ocrx_word' id='word_1_768' title='bbox 710 2512 743 2539; x_wconf 76' lang='grc' dir='ltr'><strong>τὰ</strong></span> <span class='ocrx_word' id='word_1_769' title='bbox 760 2513 788 2539; x_wconf 78' lang='grc' dir='ltr'><strong>δὲ</strong></span> <span class='ocrx_word' id='word_1_770' title='bbox 808 2515 913 2550; x_wconf 78' lang='grc' dir='ltr'>φανερὰ</span> 
     </span>
    </p>
   </div>
   <div class='ocr_carea' id='block_1_100' title="bbox 121 2557 914 2594">
    <p class='ocr_par' dir='ltr' id='par_1_100' title="bbox 121 2557 914 2594">
     <span class='ocr_line' id='line_1_100' title="bbox 121 2557 914 2594; baseline 0.004 -10"><span class='ocrx_word' id='word_1_771' title='bbox 121 2558 186 2593; x_wconf 78' lang='grc' dir='ltr'>ἡμῖν</span> <span class='ocrx_word' id='word_1_772' title='bbox 204 2560 251 2585; x_wconf 78' lang='grc' dir='ltr'><strong>καὶ</strong></span> <span class='ocrx_word' id='word_1_773' title='bbox 264 2559 320 2591; x_wconf 84' lang='grc' dir='ltr'><strong>τοῖς</strong></span> <span class='ocrx_word' id='word_1_774' title='bbox 333 2557 439 2590; x_wconf 78' lang='grc' dir='ltr'><strong>τέκνοις</strong></span> <span class='ocrx_word' id='word_1_775' title='bbox 453 2558 544 2594; x_wconf 82' lang='grc' dir='ltr'><strong>ἡμῶν.</strong></span> <span class='ocrx_word' id='word_1_776' title='bbox 562 2558 703 2592; x_wconf 87' lang='lat' dir='ltr'><strong>Similique</strong></span> <span class='ocrx_word' id='word_1_777' title='bbox 720 2559 798 2587; x_wconf 89' lang='lat' dir='ltr'><strong>tnodo</strong></span> <span class='ocrx_word' id='word_1_778' title='bbox 824 2560 850 2587; x_wconf 88' lang='lat' dir='ltr'><strong>itt</strong></span> <span class='ocrx_word' id='word_1_779' title='bbox 882 2560 914 2588; x_wconf 92' lang='lat' dir='ltr'><strong>li-</strong></span> 
     </span>
    </p>
   </div>
   <div class='ocr_carea' id='block_1_101' title="bbox 121 2603 913 2642">
    <p class='ocr_par' dir='ltr' id='par_1_101' title="bbox 121 2603 913 2642">
     <span class='ocr_line' id='line_1_101' title="bbox 121 2603 913 2642; baseline 0.005 -12"><span class='ocrx_word' id='word_1_780' title='bbox 121 2603 171 2631; x_wconf 86' lang='lat' dir='ltr'><strong>bro</strong></span> <span class='ocrx_word' id='word_1_781' title='bbox 185 2607 310 2632; x_wconf 71' lang='lat' dir='ltr'><strong>advenas</strong></span> <span class='ocrx_word' id='word_1_782' title='bbox 325 2604 495 2637; x_wconf 75' lang='lat' dir='ltr'><strong>Munia/imos,</strong></span> <span class='ocrx_word' id='word_1_783' title='bbox 509 2613 570 2640; x_wconf 83' lang='lat' dir='ltr'><strong>pag.</strong></span> <span class='ocrx_word' id='word_1_784' title='bbox 584 2605 647 2632; x_wconf 71' lang='grc'><strong>213.</strong></span> <span class='ocrx_word' id='word_1_785' title='bbox 665 2605 799 2637; x_wconf 78' lang='lat' dir='ltr'><strong>Videmus,</strong></span> <span class='ocrx_word' id='word_1_786' title='bbox 815 2607 913 2642; x_wconf 85' lang='lat' dir='ltr'><strong>inquit,</strong></span> 
     </span>
    </p>
   </div>
   <div class='ocr_carea' id='block_1_102' title="bbox 122 2648 912 2686">
    <p class='ocr_par' dir='ltr' id='par_1_102' title="bbox 122 2648 912 2686">
     <span class='ocr_line' id='line_1_102' title="bbox 122 2648 912 2686; baseline 0.005 -10"><span class='ocrx_word' id='word_1_787' title='bbox 122 2648 178 2676; x_wconf 73' lang='lat' dir='ltr'><strong>lucc</strong></span> <span class='ocrx_word' id='word_1_788' title='bbox 194 2657 296 2684; x_wconf 78' lang='lat' dir='ltr'><strong>semper</strong></span> <span class='ocrx_word' id='word_1_789' title='bbox 309 2651 335 2678; x_wconf 78' lang='lat' dir='ltr'><strong>in</strong></span> <span class='ocrx_word' id='word_1_790' title='bbox 347 2651 421 2678; x_wconf 77' lang='lat' dir='ltr'><strong>nobis</strong></span> <span class='ocrx_word' id='word_1_791' title='bbox 439 2651 504 2685; x_wconf 74' lang='lat' dir='ltr'><strong>ipsis</strong></span> <span class='ocrx_word' id='word_1_792' title='bbox 519 2650 657 2678; x_wconf 80' lang='lat' dir='ltr'><strong>accidere:</strong></span> <span class='ocrx_word' id='word_1_793' title='bbox 679 2659 738 2685; x_wconf 77' lang='lat' dir='ltr'><strong>qute</strong></span> <span class='ocrx_word' id='word_1_794' title='bbox 753 2652 823 2679; x_wconf 82' lang='lat' dir='ltr'><strong>enim</strong></span> <span class='ocrx_word' id='word_1_795' title='bbox 843 2652 912 2686; x_wconf 77' lang='lat' dir='ltr'><strong>ﬁlios</strong></span> 
     </span>
    </p>
   </div>
   <div class='ocr_carea' id='block_1_103' title="bbox 123 2695 913 2732">
    <p class='ocr_par' dir='ltr' id='par_1_103' title="bbox 123 2695 913 2732">
     <span class='ocr_line' id='line_1_103' title="bbox 123 2695 913 2732; baseline 0.005 -11"><span class='ocrx_word' id='word_1_796' title='bbox 123 2695 258 2728; x_wconf 74' lang='lat' dir='ltr'><strong>docemus,</strong></span> <span class='ocrx_word' id='word_1_797' title='bbox 281 2705 342 2724; x_wconf 76' lang='lat' dir='ltr'><strong>cum</strong></span> <span class='ocrx_word' id='word_1_798' title='bbox 365 2699 486 2725; x_wconf 76' lang='lat' dir='ltr'><strong>uoluntas</strong></span> <span class='ocrx_word' id='word_1_799' title='bbox 509 2705 551 2724; x_wconf 75' lang='lat' dir='ltr'><strong>eos</strong></span> <span class='ocrx_word' id='word_1_800' title='bbox 579 2697 722 2724; x_wconf 82' lang='lat' dir='ltr'><strong>secundum</strong></span> <span class='ocrx_word' id='word_1_801' title='bbox 747 2697 913 2732; x_wconf 73' lang='lat' dir='ltr'><strong>disciplinam</strong></span> 
     </span>
    </p>
   </div>
   <div class='ocr_carea' id='block_1_104' title="bbox 123 2741 912 2776">
    <p class='ocr_par' dir='ltr' id='par_1_104' title="bbox 123 2741 912 2776">
     <span class='ocr_line' id='line_1_104' title="bbox 123 2741 912 2776; baseline 0.003 -9"><span class='ocrx_word' id='word_1_802' title='bbox 123 2741 269 2774; x_wconf 78' lang='lat' dir='ltr'><strong>instituere,</strong></span> <span class='ocrx_word' id='word_1_803' title='bbox 283 2746 311 2768; x_wconf 84' lang='lat' dir='ltr'><strong>ut</strong></span> <span class='ocrx_word' id='word_1_804' title='bbox 325 2743 464 2776; x_wconf 70' lang='lat' dir='ltr'><strong>disciplina</strong></span> <span class='ocrx_word' id='word_1_805' title='bbox 479 2746 599 2774; x_wconf 81' lang='lat' dir='ltr'><strong>utantur,</strong></span> <span class='ocrx_word' id='word_1_806' title='bbox 617 2750 667 2769; x_wconf 87' lang='lat' dir='ltr'><strong>non</strong></span> <span class='ocrx_word' id='word_1_807' title='bbox 682 2741 719 2769; x_wconf 73' lang='lat' dir='ltr'><strong>sic</strong></span> <span class='ocrx_word' id='word_1_808' title='bbox 736 2746 823 2770; x_wconf 80' lang='lat' dir='ltr'><strong>tatnen</strong></span> <span class='ocrx_word' id='word_1_809' title='bbox 836 2748 912 2769; x_wconf 77' lang='lat' dir='ltr'><strong>utim-</strong></span> 
     </span>
    </p>
   </div>
   <div class='ocr_carea' id='block_1_105' title="bbox 123 2787 555 2821">
    <p class='ocr_par' dir='ltr' id='par_1_105' title="bbox 123 2787 555 2821">
     <span class='ocr_line' id='line_1_105' title="bbox 123 2787 555 2821; baseline 0.002 -7"><span class='ocrx_word' id='word_1_810' title='bbox 123 2792 176 2821; x_wconf 82' lang='lat' dir='ltr'><strong>tur,</strong></span> <span class='ocrx_word' id='word_1_811' title='bbox 193 2792 219 2814; x_wconf 84' lang='lat' dir='ltr'><strong>ut</strong></span> <span class='ocrx_word' id='word_1_812' title='bbox 235 2787 347 2815; x_wconf 72' lang='lat' dir='ltr'><strong>instituti</strong></span> <span class='ocrx_word' id='word_1_813' title='bbox 363 2798 377 2815; x_wconf 85' lang='lat' dir='ltr'><strong>tl</strong></span> <span class='ocrx_word' id='word_1_814' title='bbox 395 2789 467 2815; x_wconf 62' lang='lat' dir='ltr'><strong>nobis</strong></span> <span class='ocrx_word' id='word_1_815' title='bbox 485 2793 555 2815; x_wconf 70' lang='lat' dir='ltr'><strong>5&quot;ttl.</strong></span> 
     </span>
    </p>
   </div>
   <div class='ocr_carea' id='block_1_106' title="bbox 965 2188 1754 2223">
    <p class='ocr_par' dir='ltr' id='par_1_106' title="bbox 965 2188 1754 2223">
     <span class='ocr_line' id='line_1_106' title="bbox 965 2188 1754 2223; baseline 0.001 -8"><span class='ocrx_word' id='word_1_816' title='bbox 965 2188 1070 2223; x_wconf 82' lang='lat' dir='ltr'><strong>pientes</strong></span> <span class='ocrx_word' id='word_1_817' title='bbox 1086 2197 1100 2215; x_wconf 87' lang='lat' dir='ltr'><strong>a</strong></span> <span class='ocrx_word' id='word_1_818' title='bbox 1117 2188 1285 2222; x_wconf 78' lang='lat' dir='ltr'><strong>propinquis,</strong></span> <span class='ocrx_word' id='word_1_819' title='bbox 1304 2193 1331 2215; x_wconf 91' lang='lat' dir='ltr'><strong>ct</strong></span> <span class='ocrx_word' id='word_1_820' title='bbox 1356 2189 1577 2223; x_wconf 73' lang='lat' dir='ltr'><strong>consanguineis,</strong></span> <span class='ocrx_word' id='word_1_821' title='bbox 1598 2195 1679 2223; x_wconf 86' lang='lat' dir='ltr'><strong>atque</strong></span> <span class='ocrx_word' id='word_1_822' title='bbox 1704 2190 1754 2216; x_wconf 91' lang='lat' dir='ltr'><strong>do-</strong></span> 
     </span>
    </p>
   </div>
   <div class='ocr_carea' id='block_1_107' title="bbox 965 2234 1756 2270">
    <p class='ocr_par' dir='ltr' id='par_1_107' title="bbox 965 2234 1756 2270">
     <span class='ocr_line' id='line_1_107' title="bbox 965 2234 1756 2270; baseline 0.003 -8"><span class='ocrx_word' id='word_1_823' title='bbox 965 2235 1096 2262; x_wconf 87' lang='lat' dir='ltr'><strong>tncsticis.</strong></span> <span class='ocrx_word' id='word_1_824' title='bbox 1125 2234 1187 2261; x_wconf 66' lang='lat' dir='ltr'><strong>Haec</strong></span> <span class='ocrx_word' id='word_1_825' title='bbox 1211 2240 1301 2262; x_wconf 89' lang='lat' dir='ltr'><strong>autem</strong></span> <span class='ocrx_word' id='word_1_826' title='bbox 1328 2240 1353 2262; x_wconf 89' lang='lat' dir='ltr'><strong>et</strong></span> <span class='ocrx_word' id='word_1_827' title='bbox 1382 2236 1522 2270; x_wconf 85' lang='lat' dir='ltr'><strong>aptissime</strong></span> <span class='ocrx_word' id='word_1_828' title='bbox 1551 2237 1575 2263; x_wconf 89' lang='lat' dir='ltr'><strong>ei</strong></span> <span class='ocrx_word' id='word_1_829' title='bbox 1600 2238 1756 2265; x_wconf 88' lang='lat' dir='ltr'><strong>tritmuutur</strong></span> 
     </span>
    </p>
   </div>
   <div class='ocr_carea' id='block_1_108' title="bbox 963 2281 1754 2317">
    <p class='ocr_par' dir='ltr' id='par_1_108' title="bbox 963 2281 1754 2317">
     <span class='ocr_line' id='line_1_108' title="bbox 963 2281 1754 2317; baseline 0.001 -9"><span class='ocrx_word' id='word_1_830' title='bbox 963 2281 1066 2313; x_wconf 85' lang='lat' dir='ltr'><strong>omnia,</strong></span> <span class='ocrx_word' id='word_1_831' title='bbox 1083 2281 1124 2307; x_wconf 90' lang='lat' dir='ltr'><strong>cui</strong></span> <span class='ocrx_word' id='word_1_832' title='bbox 1143 2281 1190 2307; x_wconf 88' lang='lat' dir='ltr'><strong>lilii</strong></span> <span class='ocrx_word' id='word_1_833' title='bbox 1219 2281 1343 2308; x_wconf 77' lang='lat' dir='ltr'><strong>carnales</strong></span> <span class='ocrx_word' id='word_1_834' title='bbox 1359 2281 1425 2313; x_wconf 86' lang='lat' dir='ltr'><strong>sint,</strong></span> <span class='ocrx_word' id='word_1_835' title='bbox 1452 2289 1501 2309; x_wconf 87' lang='lat' dir='ltr'><strong>nec</strong></span> <span class='ocrx_word' id='word_1_836' title='bbox 1521 2287 1634 2317; x_wconf 82' lang='lat' dir='ltr'><strong>possunt</strong></span> <span class='ocrx_word' id='word_1_837' title='bbox 1659 2288 1754 2310; x_wconf 78' lang='lat' dir='ltr'><strong>cuncta</strong></span> 
     </span>
    </p>
   </div>
   <div class='ocr_carea' id='block_1_109' title="bbox 964 2325 1754 2361">
    <p class='ocr_par' dir='ltr' id='par_1_109' title="bbox 964 2325 1754 2361">
     <span class='ocr_line' id='line_1_109' title="bbox 964 2325 1754 2361; baseline 0.003 -9"><span class='ocrx_word' id='word_1_838' title='bbox 964 2326 996 2352; x_wconf 91' lang='lat' dir='ltr'><strong>de</strong></span> <span class='ocrx_word' id='word_1_839' title='bbox 1011 2325 1150 2359; x_wconf 68' lang='lat' dir='ltr'><strong>discipulis</strong></span> <span class='ocrx_word' id='word_1_840' title='bbox 1167 2325 1345 2360; x_wconf 90' lang='lat' dir='ltr'><strong>probabiliter</strong></span> <span class='ocrx_word' id='word_1_841' title='bbox 1375 2326 1485 2361; x_wconf 68' lang='lat' dir='ltr'><strong>intelligi</strong></span> <span class='ocrx_word' id='word_1_842' title='bbox 1501 2335 1508 2352; x_wconf 89' lang='lat'><strong>:</strong></span> <span class='ocrx_word' id='word_1_843' title='bbox 1530 2327 1553 2353; x_wconf 85' lang='lat' dir='ltr'><strong>si</strong></span> <span class='ocrx_word' id='word_1_844' title='bbox 1571 2328 1642 2354; x_wconf 88' lang='lat' dir='ltr'><strong>enim</strong></span> <span class='ocrx_word' id='word_1_845' title='bbox 1661 2328 1694 2354; x_wconf 86' lang='lat' dir='ltr'><strong>de</strong></span> <span class='ocrx_word' id='word_1_846' title='bbox 1713 2328 1754 2355; x_wconf 91' lang='lat' dir='ltr'><strong>bis</strong></span> 
     </span>
    </p>
   </div>
   <div class='ocr_carea' id='block_1_110' title="bbox 964 2371 1754 2407">
    <p class='ocr_par' dir='ltr' id='par_1_110' title="bbox 964 2371 1754 2407">
     <span class='ocr_line' id='line_1_110' title="bbox 964 2371 1754 2407; baseline 0.004 -9"><span class='ocrx_word' id='word_1_847' title='bbox 964 2372 1050 2406; x_wconf 86' lang='lat' dir='ltr'><strong>primo</strong></span> <span class='ocrx_word' id='word_1_848' title='bbox 1065 2372 1091 2398; x_wconf 89' lang='lat' dir='ltr'><strong>in</strong></span> <span class='ocrx_word' id='word_1_849' title='bbox 1105 2371 1164 2398; x_wconf 79' lang='lat' dir='ltr'><strong>[om</strong></span> <span class='ocrx_word' id='word_1_850' title='bbox 1179 2372 1347 2407; x_wconf 86' lang='lat' dir='ltr'><strong>loqueretur,</strong></span> <span class='ocrx_word' id='word_1_851' title='bbox 1362 2371 1432 2399; x_wconf 82' lang='lat' dir='ltr'><strong>ﬁlios</strong></span> <span class='ocrx_word' id='word_1_852' title='bbox 1448 2373 1579 2400; x_wconf 79' lang='lat' dir='ltr'><strong>duntaxat</strong></span> <span class='ocrx_word' id='word_1_853' title='bbox 1589 2381 1754 2401; x_wconf 85' lang='lat' dir='ltr'><strong>commemo-</strong></span> 
     </span>
    </p>
   </div>
   <div class='ocr_carea' id='block_1_111' title="bbox 965 2417 1754 2454">
    <p class='ocr_par' dir='ltr' id='par_1_111' title="bbox 965 2417 1754 2454">
     <span class='ocr_line' id='line_1_111' title="bbox 965 2417 1754 2454; baseline 0.005 -12"><span class='ocrx_word' id='word_1_854' title='bbox 965 2421 1061 2448; x_wconf 76' lang='lat' dir='ltr'><strong>rasset,</strong></span> <span class='ocrx_word' id='word_1_855' title='bbox 1085 2425 1137 2444; x_wconf 90' lang='lat' dir='ltr'><strong>non</strong></span> <span class='ocrx_word' id='word_1_856' title='bbox 1154 2425 1217 2444; x_wconf 89' lang='lat' dir='ltr'><strong>vero</strong></span> <span class='ocrx_word' id='word_1_857' title='bbox 1232 2417 1346 2444; x_wconf 90' lang='lat' dir='ltr'><strong>liliormn</strong></span> <span class='ocrx_word' id='word_1_858' title='bbox 1367 2419 1448 2444; x_wconf 88' lang='lat' dir='ltr'><strong>etiam</strong></span> <span class='ocrx_word' id='word_1_859' title='bbox 1461 2417 1529 2445; x_wconf 80' lang='lat' dir='ltr'><strong>tilios</strong></span> <span class='ocrx_word' id='word_1_860' title='bbox 1544 2429 1550 2445; x_wconf 87' lang='lat'><strong>:</strong></span> <span class='ocrx_word' id='word_1_861' title='bbox 1568 2427 1629 2445; x_wconf 87' lang='lat' dir='ltr'><strong>nam</strong></span> <span class='ocrx_word' id='word_1_862' title='bbox 1645 2424 1754 2454; x_wconf 75' lang='lat' dir='ltr'><strong>propter</strong></span> 
     </span>
    </p>
   </div>
   <div class='ocr_carea' id='block_1_112' title="bbox 964 2463 1752 2498">
    <p class='ocr_par' dir='ltr' id='par_1_112' title="bbox 964 2463 1752 2498">
     <span class='ocr_line' id='line_1_112' title="bbox 964 2463 1752 2498; baseline 0.003 -8"><span class='ocrx_word' id='word_1_863' title='bbox 964 2463 1034 2490; x_wconf 91' lang='lat' dir='ltr'><strong>lilios</strong></span> <span class='ocrx_word' id='word_1_864' title='bbox 1046 2464 1153 2497; x_wconf 82' lang='lat' dir='ltr'><strong>quidem</strong></span> <span class='ocrx_word' id='word_1_865' title='bbox 1171 2464 1260 2491; x_wconf 78' lang='lat' dir='ltr'><strong>dicere</strong></span> <span class='ocrx_word' id='word_1_866' title='bbox 1277 2469 1392 2498; x_wconf 85' lang='lat' dir='ltr'><strong>poterat,</strong></span> <span class='ocrx_word' id='word_1_867' title='bbox 1418 2473 1447 2492; x_wconf 86' lang='lat' dir='ltr'><strong>se</strong></span> <span class='ocrx_word' id='word_1_868' title='bbox 1469 2465 1602 2492; x_wconf 85' lang='lat' dir='ltr'><strong>viventem</strong></span> <span class='ocrx_word' id='word_1_869' title='bbox 1621 2466 1652 2492; x_wconf 89' lang='lat' dir='ltr'><strong>la:</strong></span> <span class='ocrx_word' id='word_1_870' title='bbox 1664 2473 1752 2498; x_wconf 85' lang='lat' dir='ltr'><strong>orare,</strong></span> 
     </span>
    </p>
   </div>
   <div class='ocr_carea' id='block_1_113' title="bbox 964 2509 1750 2547">
    <p class='ocr_par' dir='ltr' id='par_1_113' title="bbox 964 2509 1750 2547">
     <span class='ocr_line' id='line_1_113' title="bbox 964 2509 1750 2547; baseline 0.004 -12"><span class='ocrx_word' id='word_1_871' title='bbox 964 2517 1016 2536; x_wconf 88' lang='lat' dir='ltr'><strong>non</strong></span> <span class='ocrx_word' id='word_1_872' title='bbox 1037 2517 1101 2536; x_wconf 84' lang='lat' dir='ltr'><strong>vero</strong></span> <span class='ocrx_word' id='word_1_873' title='bbox 1120 2514 1231 2544; x_wconf 87' lang='lat' dir='ltr'><strong>propter</strong></span> <span class='ocrx_word' id='word_1_874' title='bbox 1253 2509 1313 2537; x_wconf 91' lang='lat' dir='ltr'><strong>illos</strong></span> <span class='ocrx_word' id='word_1_875' title='bbox 1325 2511 1370 2545; x_wconf 89' lang='lat' dir='ltr'><strong>qui</strong></span> <span class='ocrx_word' id='word_1_876' title='bbox 1389 2518 1441 2537; x_wconf 92' lang='lat' dir='ltr'><strong>non</strong></span> <span class='ocrx_word' id='word_1_877' title='bbox 1464 2516 1543 2538; x_wconf 88' lang='lat' dir='ltr'><strong>erant</strong></span> <span class='ocrx_word' id='word_1_878' title='bbox 1557 2511 1616 2547; x_wconf 72' lang='lat' dir='ltr'><strong>ejus</strong></span> <span class='ocrx_word' id='word_1_879' title='bbox 1634 2512 1750 2546; x_wconf 75' lang='lat' dir='ltr'><strong>discipu-</strong></span> 
     </span>
    </p>
   </div>
   <div class='ocr_carea' id='block_1_114' title="bbox 963 2555 1755 2592">
    <p class='ocr_par' dir='ltr' id='par_1_114' title="bbox 963 2555 1755 2592">
     <span class='ocr_line' id='line_1_114' title="bbox 963 2555 1755 2592; baseline 0.004 -10"><span class='ocrx_word' id='word_1_880' title='bbox 963 2555 992 2587; x_wconf 79' lang='lat' dir='ltr'><strong>li,</strong></span> <span class='ocrx_word' id='word_1_881' title='bbox 1010 2558 1056 2582; x_wconf 85' lang='lat' dir='ltr'><strong>sed</strong></span> <span class='ocrx_word' id='word_1_882' title='bbox 1073 2556 1265 2590; x_wconf 85' lang='lat' dir='ltr'><strong>discipulorum</strong></span> <span class='ocrx_word' id='word_1_883' title='bbox 1291 2564 1401 2583; x_wconf 88' lang='lat' dir='ltr'><strong>suorutn</strong></span> <span class='ocrx_word' id='word_1_884' title='bbox 1422 2557 1556 2591; x_wconf 83' lang='lat' dir='ltr'><strong>discipuli,</strong></span> <span class='ocrx_word' id='word_1_885' title='bbox 1582 2565 1631 2592; x_wconf 89' lang='lat' dir='ltr'><strong>pro</strong></span> <span class='ocrx_word' id='word_1_886' title='bbox 1659 2559 1755 2592; x_wconf 86' lang='lat' dir='ltr'><strong>quilms</strong></span> 
     </span>
    </p>
   </div>
   <div class='ocr_carea' id='block_1_115' title="bbox 963 2602 1754 2640">
    <p class='ocr_par' dir='ltr' id='par_1_115' title="bbox 963 2602 1754 2640">
     <span class='ocr_line' id='line_1_115' title="bbox 963 2602 1754 2640; baseline 0.006 -13"><span class='ocrx_word' id='word_1_887' title='bbox 963 2603 1075 2637; x_wconf 88' lang='lat' dir='ltr'><strong>proinde</strong></span> <span class='ocrx_word' id='word_1_888' title='bbox 1091 2610 1144 2630; x_wconf 94' lang='lat' dir='ltr'><strong>non</strong></span> <span class='ocrx_word' id='word_1_889' title='bbox 1163 2603 1294 2638; x_wconf 91' lang='lat' dir='ltr'><strong>Didymus</strong></span> <span class='ocrx_word' id='word_1_890' title='bbox 1318 2603 1375 2637; x_wconf 83' lang='lat' dir='ltr'><strong>ipse</strong></span> <span class='ocrx_word' id='word_1_891' title='bbox 1398 2602 1547 2638; x_wconf 85' lang='lat' dir='ltr'><strong>laborabat,</strong></span> <span class='ocrx_word' id='word_1_892' title='bbox 1570 2605 1616 2632; x_wconf 85' lang='lat' dir='ltr'><strong>sed</strong></span> <span class='ocrx_word' id='word_1_893' title='bbox 1641 2604 1691 2640; x_wconf 88' lang='lat' dir='ltr'><strong>ipsi</strong></span> <span class='ocrx_word' id='word_1_894' title='bbox 1716 2604 1754 2632; x_wconf 50' lang='lat' dir='ltr'><strong>di‘</strong></span> 
     </span>
    </p>
   </div>
   <div class='ocr_carea' id='block_1_116' title="bbox 964 2648 1069 2683">
    <p class='ocr_par' dir='ltr' id='par_1_116' title="bbox 964 2648 1069 2683">
     <span class='ocr_line' id='line_1_116' title="bbox 964 2648 1069 2683; baseline 0.01 -7"><span class='ocrx_word' id='word_1_895' title='bbox 964 2648 1069 2683; x_wconf 79' lang='lat' dir='ltr'><strong>Scipuli.</strong></span> 
     </span>
    </p>
   </div>
   <div class='ocr_carea' id='block_1_117' title="bbox 1001 2694 1740 2733">
    <p class='ocr_par' dir='ltr' id='par_1_117' title="bbox 1001 2694 1740 2733">
     <span class='ocr_line' id='line_1_117' title="bbox 1001 2694 1740 2733; baseline 0.005 -12"><span class='ocrx_word' id='word_1_896' title='bbox 1001 2694 1094 2728; x_wconf 84' lang='lat' dir='ltr'><strong>Sexto,</strong></span> <span class='ocrx_word' id='word_1_897' title='bbox 1108 2695 1333 2730; x_wconf 89' lang='lat' dir='ltr'><strong>quemadmodum</strong></span> <span class='ocrx_word' id='word_1_898' title='bbox 1351 2703 1383 2723; x_wconf 85' lang='lat' dir='ltr'><strong>ex</strong></span> <span class='ocrx_word' id='word_1_899' title='bbox 1404 2695 1499 2724; x_wconf 88' lang='lat' dir='ltr'><strong>lsidori</strong></span> <span class='ocrx_word' id='word_1_900' title='bbox 1526 2697 1669 2726; x_wconf 63' lang='lat' dir='ltr'><strong>Pelusiotae</strong></span> <span class='ocrx_word' id='word_1_901' title='bbox 1697 2698 1740 2733; x_wconf 88' lang='lat' dir='ltr'><strong>epi</strong></span> 
     </span>
    </p>
   </div>
   <div class='ocr_carea' id='block_1_118' title="bbox 964 2741 1752 2779">
    <p class='ocr_par' dir='ltr' id='par_1_118' title="bbox 964 2741 1752 2779">
     <span class='ocr_line' id='line_1_118' title="bbox 964 2741 1752 2779; baseline 0.005 -10"><span class='ocrx_word' id='word_1_902' title='bbox 964 2741 1041 2770; x_wconf 86' lang='lat' dir='ltr'><strong>stolis</strong></span> <span class='ocrx_word' id='word_1_903' title='bbox 1053 2749 1146 2775; x_wconf 92' lang='lat' dir='ltr'><strong>unam,</strong></span> <span class='ocrx_word' id='word_1_904' title='bbox 1159 2749 1219 2776; x_wconf 71' lang='lat' dir='ltr'><strong>qua:</strong></span> <span class='ocrx_word' id='word_1_905' title='bbox 1233 2741 1349 2778; x_wconf 76' lang='lat' dir='ltr'><strong>Evagrio</strong></span> <span class='ocrx_word' id='word_1_906' title='bbox 1362 2742 1492 2779; x_wconf 89' lang='lat' dir='ltr'><strong>inscripta</strong></span> <span class='ocrx_word' id='word_1_907' title='bbox 1505 2748 1556 2777; x_wconf 90' lang='lat' dir='ltr'><strong>est,</strong></span> <span class='ocrx_word' id='word_1_908' title='bbox 1570 2745 1669 2772; x_wconf 85' lang='lat' dir='ltr'><strong>celebri</strong></span> <span class='ocrx_word' id='word_1_909' title='bbox 1681 2744 1752 2774; x_wconf 78' lang='lat' dir='ltr'><strong>Eva-</strong></span> 
     </span>
    </p>
   </div>
   <div class='ocr_carea' id='block_1_119' title="bbox 965 2788 1753 2823">
    <p class='ocr_par' dir='ltr' id='par_1_119' title="bbox 965 2788 1753 2823">
     <span class='ocr_line' id='line_1_119' title="bbox 965 2788 1753 2823; baseline 0.008 -9"><span class='ocrx_word' id='word_1_910' title='bbox 965 2788 1023 2823; x_wconf 74' lang='lat' dir='ltr'><strong>grio</strong></span> <span class='ocrx_word' id='word_1_911' title='bbox 1044 2788 1148 2823; x_wconf 86' lang='lat' dir='ltr'><strong>Didymi</strong></span> <span class='ocrx_word' id='word_1_912' title='bbox 1172 2788 1303 2823; x_wconf 88' lang='lat' dir='ltr'><strong>discipttlo</strong></span> <span class='ocrx_word' id='word_1_913' title='bbox 1331 2789 1458 2822; x_wconf 85' lang='lat' dir='ltr'><strong>scriptam</strong></span> <span class='ocrx_word' id='word_1_914' title='bbox 1484 2790 1539 2818; x_wconf 80' lang='lat' dir='ltr'><strong>vult</strong></span> <span class='ocrx_word' id='word_1_915' title='bbox 1567 2789 1753 2820; x_wconf 74' lang='lat' dir='ltr'><strong>Tillomontins</strong></span> 
     </span>
    </p>
   </div>
  </div>
