1904 3054
155 81 207 110 ΙδἹ

737 77 1024 107 COMMENTARIUS.
1045 93 1080 98 —
1100 76 1166 104 LIB.
1184 75 1206 104 I.

1738 75 1791 104 158

154 145 229 168 tome
242 137 277 172 Χ,
297 137 323 165 1η
339 136 471 172 Evagrio;
492 141 520 165 et
543 135 684 172 epistolam
702 135 753 163 125
770 136 830 164 libri
857 144 864 164 ι
886 135 954 164 Gre—
966 142 987 170 Α
1005 143 1058 162 non
1085 134 1257 168 ignorarent;
1288 132 1359 167 quod
1382 131 1527 168 Egyptius
1544 131 1695 166 exstiterit;
1719 133 1790 167 quod

154 185 232 220 gorio
257 185 380 221 Nysseno
407 184 517 211 missam
542 183 613 211 idem
638 182 786 210 arbitratur
808 188 873 210 tom.
891 182 948 217 XV,

153 231 200 258 ubi
213 230 268 262 agit
283 230 315 256 de
331 229 359 256 S.
372 228 474 256 Isidoro
489 229 623 256 Pelusiota
641 237 648 260 ;
670 236 702 255 ac
718 229 825 256 dentntu
838 228 948 261 cpistola

155 276 208 304 109
233 276 293 303 libri
312 283 332 308 ι,
353 275 520 303 Marathonio
538 276 670 302 monacho
686 275 870 308 inscripta,ad
887 283 948 301 eutn

155 322 356 350 Maratltoniunt
382 322 443 347 data
465 322 571 347 videtur
593 322 638 355 qui
660 323 802 356 epist-opus
825 321 950 349 Nicome—

155 368 252 394 dtenus
271 372 377 394 creatus
392 366 442 394 fuit
457 376 463 392 ε
482 367 515 392 ita
529 375 588 393 cunt
604 373 657 394 tt-t-s
668 368 748 394 etiam
765 368 816 394 sint
829 368 947 400 ejusdem

154 411 184 438 S.
204 410 296 437 Isidori
309 412 476 443 Eltlslv-lﬂ'ﬂll
491 413 579 438 uttmui
597 421 657 444 pag.
675 413 738 444 477,
754 421 868 447 quarunt
890 416 949 440 dine

154 457 338 484 inscribuntur
354 457 476 492 Didytno,
493 465 587 492 nempt-
603 458 656 485 350
674 464 702 486 et
727 459 776 485 551
808 459 866 485 libri
893 461 949 494 pti-

155 503 203 531 mi.
228 502 303 528 tertia
323 508 411 528 autem
440 502 551 538 ltiv'ymo
567 504 740 535 scltolaSIit-o,
775 512 870 538 nempe
895 506 948 533 ‘206

154 546 216 574 libri
233 547 312 574 sexti.
327 549 451 574 ridentur
466 548 506 575 IIIB
519 556 629 582 quoque
641 550 751 584 Didymo
767 556 860 577 nostro
877 552 947 578 seri-

157 596 220 627 ptae.
239 591 304 619 Nam
322 593 393 625 quod
411 593 506 620 attinet
520 597 552 620 ad
568 594 645 622 binas
659 603 774 629 priores,
790 597 815 622 in
833 603 948 632 utraque

155 638 188 665 de
202 638 361 672 quibusdam
395 638 503 667 Davidis
522 640 610 667 verbis
639 641 693 675 agit
718 641 746 668 S.
775 642 901 674 lsidortts,
920 644 946 670 itt

155 685 273 712 secunda
295 692 358 711 vero
384 684 538 720 Didymum,
564 686 596 712 ad
617 693 695 721 quem
721 687 827 717 scribit.
856 696 889 714 ex
915 696 947 716 eo

154 729 354 764 Iandat,qnod,
381 739 439 757 cum
470 736 495 758 et
522 732 620 765 ingenii
642 733 762 759 acumine
788 733 894 768 polleat,
919 739 944 761 et

154 774 354 809 Scripturarum
366 784 468 802 sensum
481 777 612 810 sagaciter
623 783 810 811 perscrntetur,
828 779 892 805 nihil
909 784 946 806 est

1001 181 1131 208 doctrina:
1147 187 1202 206 sua:
1217 180 1323 214 copiam
1339 178 1398 205 aliis
1423 178 1538 211 fecerit;
1563 178 1634 213 quod
1660 183 1740 206 noctu
1763 183 1791 206 et

1001 227 1117 254 interdiu
1136 225 1275 256 docuerit;
1301 225 1371 258 quod
1390 224 1472 251 lilium
1490 224 1613 250 habuerit
1627 231 1679 250 non
1705 231 1790 258 pecu-

1000 272 1118 300 niosum.
1138 271 1230 304 Itaque
1248 271 1339 297 tamlin
1352 271 1385 296 dc.
1407 270 1518 304 Didytno
1530 275 1622 296 nostro
1636 277 1789 296 sermonem

1000 326 1014 344 a
1035 317 1146 344 Libanio
1165 317 1258 344 ltaberi
1287 318 1396 342 credere.
1417 316 1489 345 lit-ct.
1504 315 1623 349 quauditt
1650 321 1696 342 aut
1723 316 1791 342 alius

1002 363 1130 398 Didymus
1141 362 1325 396 deprrhettsus
1339 362 1383 392 sit,
1396 364 1442 396 qul
1463 361 1566 388 Libanit
1580 367 1659 389 :tttalo
1673 361 1788 388 Alexan-

1000 410 1065 436 dria:
1083 410 1216 437 llarnrrit.
1231 417 1261 435 ar.
1282 409 1393 444 llidymo
1409 414 1501 434 noslru
1517 409 1615 439 notior,
1632 408 1671 434 vel
1692 409 1788 435 saltem

1002 461 1173 490 mquenolus
1190 455 1281 487 fuerit,
1309 460 1355 480 aut
1384 455 1452 480 ratio
1479 454 1567 487 aliqua
1588 453 1728 486 :tll‘enttttr,
1755 456 1789 480 ob

999 509 1080 537 quam
1102 503 1134 528 de
1151 501 1264 536 Didymo
1281 507 1374 528 ttostro
1393 500 1519 527 Libanius
1532 505 1647 533 nequeat
1666 498 1788 534 intelligi.

998 548 1033 574 At
1049 548 1166 582 inquies,
1183 548 1326 583 lltdyn-nm
1351 546 1425 573 illunt
1453 545 1583 573 Libanius
1599 552 1676 572 vocat
1704 545 1789 579 Inagi-

999 599 1096 623 strunt,
1113 600 1144 620 ae
1174 599 1368 627 praereptorem
1390 600 1492 619 suum:
1514 592 1539 618 id
1558 597 1646 618 autem
1678 591 1790 627 Didytno
1816 588 1822 591 ’

999 644 1094 666 nostro
1114 639 1158 665 vix
1173 646 1204 665 ac
1223 645 1257 665 ne
1275 639 1318 665 vix
1335 638 1443 671 quidem
1467 637 1589 672 congruit
1612 645 1619 664 :
1644 645 1692 664 nec
1717 637 1788 664 ettitn

999 683 1131 711 Libauius
1147 683 1341 710 Alexandriam
1357 683 1493 716 prolectus
1509 691 1626 716 ttnqnam
1639 690 1699 710 esse
1715 684 1790 710 vide-

1000 734 1052 761 tur,
1068 737 1117 756 nec
1137 729 1280 764 Didyututn
1307 734 1430 756 nostruut
1456 733 1547 764 utpote
1573 736 1673 755 caecum
1695 729 1789 756 Antio-

998 775 1099 805 chiatn,
1118 779 1164 801 attt
1175 775 1304 806 Athenas,
1320 779 1366 800 aut
1383 774 1576 805 Nicomediam,
1592 778 1638 800 aut
1655 773 1789 801 Constan-

154 822 224 854 quod
236 829 295 847 eum
313 821 395 847 latere
411 823 490 853 possit
508 829 517 847 .'
532 830 592 848 nam
609 831 667 848 cum
682 825 781 855 omnia,
807 824 902 858 inquit,
918 825 941 851 in

999 819 1148 854 tiuopolim,
1168 826 1212 846 aut
1235 819 1351 846 Nicteam
1369 820 1522 854 porrexisse
1542 819 1688 847 verisimile
1726 823 1789 847 est:

151 866 266 900 juvenili
288 872 365 894 rotate
378 868 504 900 pra'clare
518 868 663 902 col/egeris,
681 870 820 903 requietem
835 869 862 896 in
875 878 948 897 scite-

157 918 226 939 ctute
243 914 331 940 habes.
349 913 410 940 lltcc
431 921 494 941 veto
517 915 606 941 Omnia
632 915 742 950 Didymo
759 922 851 943 nostro
875 917 948 944 miri-

159 956 209 983 ﬁce
227 958 399 984 conveniunt.
420 958 517 991 Quidni
549 967 614 993 ergo
644 960 813 994 suspicemur
841 962 947 989 tertiam

156 1009 263 1036 quoque
277 1003 363 1030 eidem
378 1004 488 1038 Didynto
498 1005 627 1038 scriptam
643 1006 723 1033 esse?
741 1005 798 1033 Non
814 1009 899 1034 attsiut
922 1008 947 1035 id

154 1049 280 1083 equidem
302 1057 468 1077 asseverare.
491 1051 652 1078 Scholastiri
684 1057 770 1079 tamen
795 1053 897 1085 titulus,
915 1055 948 1081 de

153 1101 209 1128 quo
233 1094 372 1128 legendum
402 1096 494 1130 Caugii
516 1095 694 1130 Glossarium,
713 1105 786 1126 reete
811 1100 836 1126 ei
866 1101 946 1128 tribui

153 1140 251 1174 potuit,
269 1141 313 1174 qui
332 1146 358 1169 et
373 1142 472 1169 scltolzc
484 1142 671 1170 Alexandrina:
687 1150 813 1179 praeerat,
828 1151 854 1174 et
868 1146 947 1182 pluri-

155 1185 205 1212 bus
220 1186 341 1213 scientiis
355 1187 477 1215 eruditus
495 1194 564 1216 erat.
587 1188 662 1222 Quod
679 1191 700 1217 si
724 1191 758 1218 ad
779 1193 864 1226 ipsum
891 1192 948 1227 t‘pi-

155 1231 224 1258 stola
243 1232 336 1260 illltmc
352 1234 432 1261 missa
448 1239 501 1268 est,
518 1234 625 1263 luerunt
642 1237 667 1263 ei
682 1236 741 1264 sine
763 1237 843 1264 dubio
858 1237 945 1272 liberi,

154 1277 229 1311 iique
248 1277 347 1311 plures,
367 1283 396 1306 ut
413 1279 492 1307 allata
515 1281 595 1308 etiam
625 1281 742 1317 theologi
763 1283 846 1310 nostri
865 1283 946 1310 verba

155 1324 286 1353 indicant.
303 1324 348 1352 Sic
368 1326 440 1353 ettim
466 1326 559 1361 incipit
583 1327 719 1362 epistola:
746 1327 846 1355 Filium
873 1335 946 1355 tuum

154 1371 299 1398 maximum
317 1379 334 1398 ιι
360 1378 422 1399 natu
443 1373 551 1399 miniata
568 1373 712 1405 dissidere,
736 1380 809 1410 teque
827 1375 883 1409 ejus
908 1375 946 1401 rei

154 1416 242 1450 [erunt
257 1418 401 1448 conscium,
422 1419 519 1452 ﬁngere
531 1423 617 1445 tamen
641 1420 717 1455 quasi
743 1421 852 1447 nesciat.
881 1421 946 1454 Qua:

152 1461 250 1488 mirum
274 1463 299 1488 in
315 1463 422 1489 ntodttm
440 1464 604 1491 conveniunt
627 1465 731 1493 auctori
750 1472 843 1494 nostro
859 1474 866 1494 :
883 1475 943 1494 eum

153 1507 224 1534 enim
243 1507 342 1542 quietis
357 1509 570 1536 amantissimum
589 1510 686 1544 fuisse,
703 1519 735 1538 ac
760 1519 941 1546 mansuetum,

152 1557 234 1588 atque
245 1553 278 1580 ab
294 1554 425 1586 ejusmodi
438 1556 655 1583 contentiOuibus
673 1556 802 1589 alienum,
829 1558 943 1593 plurima

151 1596 232 1632 huius
247 1599 280 1626 de
294 1599 426 1627 Trinitale
442 1601 530 1633 operis
555 1601 611 1628 loca
637 1602 821 1630 ntanil'estaut.

187 1646 313 1677 Deutum,
330 1646 463 1675 Libanius
478 1649 503 1675 in
522 1648 632 1682 epistola
643 1649 691 1675 5‘2l
714 1649 873 1678 Sebastiano
889 1650 944 1677 Illa-

152 1691 266 1723 nicltaao,
283 1690 391 1726 [Egypti
407 1693 478 1724 duci,
496 1693 654 1719 lthetorintn
671 1695 852 1726 commendat,
864 1703 942 1730 quem

150 1740 179 1763 et
195 1736 354 1771 discipulum
367 1745 445 1764 suum
462 1738 537 1769 dicit.
553 1743 580 1765 et
597 1738 731 1765 hominem
749 1747 800 1766 uoti
817 1741 944 1774 pecunio-

150 1789 222 1816 sum,
236 1789 262 1809 et
280 1783 304 1810 in
328 1784 481 1811 oratoribus
506 1792 537 1812 ac
562 1785 647 1820 poetis
663 1790 810 1818 versatum,
840 1787 943 1821 Didymi

153 1834 243 1855 autent
262 1828 343 1855 lilittttt
361 1839 366 1856 :
386 1828 456 1861 Duo,
475 1830 571 1862 inquit,
588 1831 614 1856 in
630 1830 722 1864 primis
739 1839 777 1858 nte
792 1832 841 1863 ipsi
858 1831 942 1867 (libe—

151 1875 232 1910 toriu)
249 1875 397 1902 benevolum
418 1877 537 1902 reddunt.
552 1875 617 1903 Cum
632 1878 699 1903 enim
717 1885 788 1904 meus
809 1879 843 1904 sit
864 1878 943 1904 disci-

150 1921 239 1956 pulus,
254 1921 324 1955 [ἱίιιε
341 1926 467 1954 prwterea
486 1927 521 1948 est
534 1921 705 1952 διδασκάλου.
726 1923 752 1950 id
767 1928 804 1949 est
819 1923 941 1954 doctoris,

151 1973 197 1994 seu
216 1968 345 2001 magistri.
371 1967 510 2002 Didymutn
528 1976 592 1994 sane
606 1973 633 1994 tu
649 1976 699 1994 non
717 1969 832 2003 ignorat,
849 1969 899 1995 nisi
918 1975 943 1996 et

151 2021 275 2047 magnam
290 2013 421 2040 civitatein
439 2014 554 2047 ignores.
571 2015 597 2041 in
619 2022 671 2049 qua
686 2015 813 2042 doctrinm
829 2023 886 2042 sua:
900 2024 943 2043 co-

149 2059 220 2094 piam
238 2060 300 2086 aliis
317 2059 372 2092 ipse
395 2059 469 2094 fecit,
486 2066 562 2087 noctu
580 2066 603 2088 et
624 2061 740 2087 interdiu
754 2062 850 2097 ﬂuens.
866 2063 897 2089 Et
915 2063 941 2089 in

149 2104 261 2138 epistola
279 2103 344 2137 320,
374 2103 514 2131 It'ltetortus
532 2106 580 2132 iste
601 2106 734 2133 nobiscum
756 2112 870 2133 versatus
889 2112 942 2138 est;

999 866 1098 899 quibus
1116 865 1142 892 in
1159 865 1270 892 ttrbibus
1289 871 1420 892 moratum
1435 873 1495 892 esse
1511 870 1616 892 constat
1632 865 1789 893 Libanittm.

1000 909 1058 937 Huc
1075 915 1163 937 autem
1182 910 1295 941 accedit.
1314 911 1384 945 quod
1404 911 1507 947 Didymi
1528 912 1612 938 uosuri
1627 912 1738 946 a-qnalis
1752 913 1790 940 1⁵0-

999 963 1040 985 rct
1064 957 1191 984 Libanius
1218 965 1226 985 :
1251 957 1294 984 Itic
1318 957 1390 984 enim
1418 965 1489 983 anno
1515 957 1615 984 Christi
1637 958 1689 985 5H.
1712 964 1789 985 natus

998 1008 1050 1035 est,
1071 1003 1198 1038 Didymus
1224 1009 1314 1030 autem
1334 1011 1404 1030 anno
1427 1003 1535 1030 circiter
1559 1003 1612 1030 510
1632 1010 1708 1032 ortus
1730 1005 1789 1032 fuit.

998 1048 1050 1075 Sed
1080 1048 1212 1083 ejusmodi
1239 1049 1296 1076 ltazc
1320 1057 1372 1075 non
1398 1054 1471 1082 sunt,
1490 1054 1518 1076 ut
1542 1050 1648 1076 inanem
1678 1051 1789 1077 reddant

998 1095 1182 1129 conjecturam
1207 1103 1304 1122 nteant.
1333 1094 1463 1123 Libattius
1493 1097 1565 1123 enim
1586 1101 1678 1128 utpote
1712 1097 1790 1131 paulo

996 1141 1097 1175 junior,
1115 1142 1218 1177 Didymi
1234 1142 1318 1168 nostri
1335 1142 1484 1176 discipulus
1500 1150 1560 1170 esse
1586 1143 1683 1177 putuit,
1709 1149 1790 1178 atqtte

997 1187 1167 1215 Alexandriae
1195 1188 1306 1215 l'orsitatt
1324 1187 1470 1221 aliquando
1504 1187 1565 1220 l'uit,
1592 1196 1653 1216 cum
1675 1189 1702 1216 in
1733 1197 1794 1216 ora-

999 1233 1071 1260 tione
1088 1234 1115 1260 in
1131 1241 1174 1260 eos
1191 1233 1237 1268 qui
1252 1233 1390 1260 molestum
1406 1233 1491 1266 ipsum
1506 1234 1684 1269 appellabunt,
1705 1242 1789 1269 segni.

997 1277 1013 1304 7
1031 1279 1070 1305 sic
1083 1278 1223 1313 loquatur:
1238 1278 1271 1305 In
1284 1278 1401 1313 /Egypto
1414 1279 1624 1314 quampluribns,
1635 1280 1789 1314 apuddthc-

997 1333 1045 1351 nae
1061 1324 1143 1350 tribus
1161 1330 1257 1351 metum
1284 1324 1374 1358 iujeci,
1393 1333 1409 1351 ιι
1432 1325 1507 1352 curia
1523 1325 1660 1360 utrobique
1680 1327 1789 1353 aduoca-

997 1376 1049 1397 tus.
1075 1371 1144 1403 Quin
1164 1371 1217 1397 imo
1237 1371 1259 1398 si
1276 1379 1380 1405 magum
1409 1372 1523 1398 civitati:
1551 1373 1659 1400 nomine
1677 1373 1788 1400 Alexan-

997 1417 1081 1444 driam
1094 1417 1221 1449 superius
1238 1417 1391 1451 designavit
1408 1416 1547 1449 Libauius,
1564 1423 1592 1444 ttt
1611 1419 1728 1450 videtur,
1747 1419 1789 1445 vix

1000 1462 1026 1488 in
1055 1462 1164 1488 dttbittttt
1193 1462 1313 1489 revocari
1340 1466 1439 1496 potest,
1461 1463 1526 1497 quin
1551 1464 1644 1490 eadem
1670 1464 1696 1491 in
1725 1465 1789 1490 urbe

1000 1507 1086 1541 poetis
1104 1507 1129 1534 itt
1153 1506 1257 1542 Didymi
1276 1507 1417 1542 gymnasio
1439 1515 1548 1542 operam
1572 1508 1677 1535 dederit
1698 1509 1782 1536 adole-

996 1560 1083 1580 scens.
1102 1553 1155 1579 Sed
1171 1552 1226 1587 jam
1252 1555 1287 1579 ad
1306 1552 1460 1587 theologum
1485 1558 1607 1580 nostrum
1636 1555 1789 1586 redeamus,

994 1603 1022 1626 et
1037 1606 1090 1634 quo
1112 1598 1211 1626 smenlo
1235 1599 1386 1632 scripserit,
1405 1599 1609 1634 iuvestigemus.

1048 1655 1113 1684 Car.
1140 1654 1185 1682 ΧΙ.
1205 1655 1304 1682 Auctor
1320 1658 1408 1716 iboslter
1426 1655 1523 1681 circulo
1545 1662 1572 1682 tv
1592 1656 1682 1690 ﬂoruit
1707 1660 1737 1682 ιιι

1349 1698 1365 1715 ιι
1378 1698 1462 1716 uinus.

1349 1698 1462 1724 tuyutus.

1031 1736 1086 1764 llos
1103 1738 1136 1764 de
1151 1736 1285 1764 Trinitate
1301 1736 1384 1764 libros
1413 1741 1472 1770 post
1491 1744 1592 1763 annum
1616 1737 1721 1764 Domini
1738 1736 1790 1765 379

999 1783 1115 1816 scriptos
1132 1782 1216 1809 fuisse
1232 1788 1324 1816 aperte
1344 1787 1420 1817 patet
1436 1790 1468 1809 ex
1488 1790 1549 1817 pag.
1564 1782 1617 1809 406
1633 1791 1640 1811 :
1658 1783 1693 1809 ibi
1717 1783 1789 1811 enim

994 1826 1124 1854 Basiliam
1158 1827 1285 1863 Magnum
1307 1828 1372 1854 citat
1386 1832 1481 1854 auctor
1496 1833 1524 1854 ut
1541 1828 1595 1863 jam
1622 1827 1786 1856 defunctum.

996 1874 1048 1902 Sed
1074 1879 1178 1909 tempus
1193 1875 1292 1909 ipsum,
1308 1882 1361 1910 quo
1380 1876 1436 1902 lucc
1449 1875 1551 1902 dictata
1569 1875 1632 1907 sint,
1653 1884 1785 1910 nusquam

995 1921 1021 1947 in
1036 1921 1087 1948 ltoc
1100 1928 1183 1955 opere
1198 1926 1292 1955 aperte
1309 1922 1478 1955 designatur.
1496 1921 1561 1947 'I‘atu
1587 1922 1677 1948 multa:
1696 1927 1785 1949 tamen

995 1973 1058 1995 sunt
1083 1968 1256 2002 cettjcclutae,
1272 1975 1332 2002 qua:
1349 1967 1424 1994 illum
1441 1972 1538 2000 quarto
1561 1968 1659 1994 szcculo
1686 1968 1788 1996 vixisse

994 2015 1138 2047 denotant,
1153 2019 1182 2042 ut
1193 2015 1369 2042 dubitandum
1385 2023 1436 2041 tton
1452 2016 1585 2048 videatur,
1600 2017 1663 2050 qtllll
1690 2023 1791 2051 quarto

999 2060 1100 2087 saeculo
1118 2061 1205 2096 rcipsa
1234 2061 1371 2095 scripserit
1391 2067 1419 2088 ut
1436 2061 1580 2097 Didymus;
1603 2070 1663 2088 nam
1688 2062 1791 2097 primo,

997 2106 1047 2133 etsi
1067 2106 1099 2134 de
1119 2105 1188 2134 Filio
1211 2115 1243 2134 ex
1261 2106 1384 2140 professo
1395 2112 1468 2142 agat,
1486 2115 1617 2142 nusquam
1636 2114 1724 2135 tamen
1741 2114 1787 2136 aut

149 2158 195 2185 ego
214 2159 271 2177 vero
289 2151 371 2185 patria
386 2151 444 2186 ejus
467 2151 607 2186 disciplina
634 2160 696 2179 tuus
723 2160 798 2184 sum;
825 2158 849 2179 et
876 2153 940 2180 nti/ti
958 2164 980 2194 ι)
994 2152 1194 2184 Nestorianam,
1217 2158 1264 2181 aut
1283 2154 1476 2189 Eutychianatn
1503 2154 1625 2181 Ita-resim
1644 2160 1789 2189 memorat,

149 2195 253 2230 quidem
272 2204 317 2230 per
336 2197 411 2223 illum
433 2202 535 2230 poetas,
555 2198 594 2223 illi
616 2206 674 2225 t-ero
700 2207 746 2232 per
765 2207 805 2225 me
823 2199 942 2226 rhetoras

149 2240 245 2278 [XXII]
260 2250 334 2268 nosse
348 2243 489 2276 contigit...
508 2243 558 2270 Ille
578 2251 645 2270 nunc
661 2244 688 2270 in
709 2244 854 2279 Egyptum
874 2246 942 2272 venit

150 2287 262 2321 fundunt
278 2293 414 2322 paternum
429 2297 480 2315 non
495 2290 611 2320 amplqu
633 2296 809 2325 occupaturus
822 2297 942 2326 :putrem

149 2333 218 2360 enim
235 2333 271 2360 ibi
288 2333 374 2361 habet.
393 2334 529 2362 Hactenus
549 2335 685 2363 Libanius.
716 2336 809 2364 Utrum
838 2347 901 2366 vero
919 2340 942 2367 is

149 2379 181 2406 de
204 2378 268 2413 Didy
276 2386 318 2405 mo
350 2384 444 2406 nostro
462 2387 615 2408 sermonem
636 2382 743 2413 habeat,
760 2390 842 2418 pt-nes
861 2384 943 2412 lct‘lO-

150 2431 204 2451 rem
222 2424 349 2458 iudicium
365 2425 411 2452 sit.
428 2425 457 2452 Ei
471 2433 548 2459 sane,
563 2428 595 2453 de
607 2435 660 2461 quo
686 2427 827 2462 Libauius,
850 2431 942 2458 omnia

150 2479 209 2498 ctttu
231 2471 345 2506 Ditlytno
360 2479 453 2499 nostro
470 2475 635 2502 contenimtt
649 2475 813 2502 adamussitn
829 2477 875 2503 :itt
893 2476 939 2504 Di-

148 2516 256 2552 dymunt
273 2517 344 2544 enim
356 2523 476 2545 nostrum
494 2520 612 2553 perbelle
629 2521 754 2555 quadrat,
773 2524 844 2556 quod
860 2530 940 2553 voce-

149 2567 191 2589 tur
205 2563 377 2598 διδάσκαλος,
394 2565 419 2591 id
436 2569 479 2592 est
494 2566 603 2598 doctor;
624 2567 696 2601 quod
709 2567 790 2594 ﬁlium
812 2568 838 2595 in
849 2574 940 2596 orato-

150 2617 207 2636 rutu
225 2617 257 2638 ac
289 2615 428 2646 poetarum
453 2611 568 2640 lectione
596 2613 709 2646 versari,
738 2619 817 2649 atque
836 2614 939 2642 erudiri

149 2656 305 2691 curaverit;
327 2658 398 2691 quod
413 2657 494 2685 fuerit
514 2658 539 2685 in
554 2659 640 2694 poetis
653 2663 681 2687 et
697 2660 754 2694 ipse
769 2668 941 2696 summopere

150 2707 288 2735 versatus;
309 2702 381 2737 quod
400 2702 561 2732 Sebastiano
590 2709 669 2732 notus
687 2713 739 2733 non
758 2713 819 2734 esse
845 2707 941 2742 nequi-

149 2746 234 2778 verit;
258 2747 328 2781 quod
356 2748 390 2776 ab
415 2748 451 2776 iis
475 2749 600 2778 omnibus
625 2751 750 2788 cognitus
775 2751 866 2785 luerit,
893 2752 939 2787 qui

149 2799 273 2827 magnam
292 2792 401 2828 Egypti
419 2795 569 2829 civitatem,
588 2796 712 2825 videlicet
737 2797 937 2833 Alexandriam,

994 2207 1054 2227 cum
1070 2200 1259 2234 plerarumque
1279 2207 1312 2227 ex
1328 2200 1526 2235 antiquioribus
1544 2201 1691 2228 lueresibns
1707 2209 1783 2229 meu-

995 2246 1093 2273 Iionetn
1124 2246 1213 2273 faciat.
1246 2246 1381 2279 Secundo,
1406 2247 1515 2273 Arionis
1542 2248 1702 2280 exprobrat,
1724 2256 1784 2282 pag.

992 2290 1056 2323 227,
1073 2292 1144 2327 quod
1174 2291 1372 2319 lllaratltoniunl
1400 2292 1647 2320 Nicomediensiunt
1676 2295 1784 2328 episeo—

993 2345 1057 2372 putn
1082 2338 1228 2364 creandum
1242 2340 1362 2365 curarint
1377 2347 1383 2365 :
1400 2338 1425 2364 id
1440 2344 1530 2365 autent
1546 2347 1606 2366 cum
1624 2345 1719 2373 qttarto
1737 2348 1786 2367 μωκ

995 2383 1056 2410 culo
1085 2384 1239 2417 contigerit,
1261 2385 1420 2419 scriptorem
1445 2385 1545 2411 iudicat
1562 2386 1650 2420 qttarti
1678 2386 1783 2418 sa-t'uli;

993 2429 1156 2456 Marathonii
1172 2431 1245 2457 enim
1265 2438 1363 2458 llOlIlt'll
1380 2431 1449 2458 haud
1466 2431 1565 2459 multos
1580 2436 1639 2465 post
1650 2431 1707 2464 ejus
1718 2437 1783 2458 a-ta-

993 2481 1046 2504 tem
1061 2483 1147 2503 annos
1163 2477 1206 2510 vix_
1226 2477 1352 2511 cuiquam
1373 2481 1465 2504 notum
1483 2477 1568 2504 fuisse
1585 2478 1701 2504 videtur.
1718 2478 1787 2504 Ter-

993 2522 1040 2555 tio,
1072 2522 1242 2557 Origeniattis
1269 2522 1431 2557 quibusdam
1464 2522 1646 2550 locationibus
1674 2523 1782 2555 utitur,

993 2576 1062 2602 quas
1088 2572 1148 2603 post
1176 2568 1282 2604 Didymi
1309 2569 1411 2595 obitum
1434 2571 1533 2597 saeculo
1559 2569 1653 2603 quinto
1676 2569 1784 2596 circiter

992 2613 1103 2640 ineunte
1117 2619 1259 2648 suspectas
1275 2614 1394 2641 evasisse
1411 2617 1518 2641 constat
1537 2622 1543 2640 :
1562 2614 1594 2640 iis
1612 2618 1702 2640 autem
1719 2621 1783 2641 usus

991 2667 1044 2687 non
1060 2664 1131 2686 esset
1145 2665 1239 2686 auctor
1253 2664 1355 2692 noster,
1374 2659 1397 2686 si
1413 2664 1468 2685 tum
1484 2658 1647 2693 scripsisset,
1670 2666 1732 2686 cum
1748 2660 1787 2687 ab

991 2705 1158 2741 Hieronymo
1175 2705 1231 2740 jam
1254 2706 1397 2741 exagitata:
1414 2705 1531 2738 fuerant,
1557 2710 1637 2740 atque
1659 2714 1674 2732 a
1695 2706 1783 2733 Theo—

990 2752 1063 2787 pltilo
1080 2752 1264 2780 Alexandrino
1286 2752 1489 2786 condemnata;
1510 2753 1582 2787 quod
1598 2752 1710 2787 contigit
1724 2752 1782 2786 ipso

991 2799 1074 2833 quinti
1093 2791 1184 2826 sicculi
1206 2798 1292 2825 initio.
1311 2797 1422 2830 Quarto.
1442 2798 1474 2826 de
1498 2797 1698 2826 Macedonianis
1721 2798 1783 2826 ubi.
