1904 3054
118 56 167 84 159

814 62 856 88 Dii
879 64 1005 92 l‘viUHlO

1705 69 1752 96 iiii)

117 128 132 152 ιι
147 128 168 143 νιε
184 117 222 145 sic
243 117 373 152 loquitur,
403 123 432 145 ut
447 126 538 145 eorum
560 119 682 147 haeresim
711 129 762 147 non
785 126 814 148 ut
837 127 906 149 vetu-
929 125 949 151 Λ
966 130 1068 150 tuatuin
1092 132 1153 152 esse
1179 125 1312 159 conjicere
1339 125 1416 157 licet.
1439 133 1498 152 cmn
1521 131 1545 151 et
1567 125 1627 152 aliis
1648 127 1672 152 in
1691 125 1757 154 locts

117 170 197 193 stam,
215 163 261 189 sed
278 168 305 189 ιιι
334 168 467 190 recentem
485 164 627 192 confutare
647 166 780 200 videnlur,
807 176 838 195 ac
856 169 909 202 pri-

119 216 177 234 nzos
193 208 251 242 ejus
266 209 422 236 defensores
443 210 611 245 impugnare.
643 211 755 239 Deumm
784 214 840 241 sive
863 214 910 240 do-

118 259 209 288 gmata
225 260 392 288 spectentur.
408 264 467 289 qum
492 257 514 283 is
536 258 662 289 inculcat,
677 259 733 285 sive
751 260 908 294 peculiares,

119 301 217 333 quibus
231 302 352 331 adiursit,
377 303 527 337 opiniones.
547 305 603 330 sive
623 305 762 339 tllsClllllllﬂ
779 307 910 333 ecclesia-

119 347 198 377 stica,
214 355 293 381 quam
316 348 413 375 alicubi
430 349 547 384 attingit.
563 350 713 384 enjusmodi
733 356 773 378 est
792 352 910 385 discipli—

121 401 152 419 na
169 394 271 425 arcani,
287 395 423 421 orantium
448 395 589 422 conversio
604 396 636 422 ad
651 397 795 427 orientem,
822 401 911 423 orato-

119 439 222 466 riorum
243 447 308 466 usus
324 446 406 474 alque
432 441 609 474 constructio,
631 441 807 469 ecclesiarum
832 451 911 468 oma-

120 490 163 511 tus
176 492 207 511 ex
222 492 298 514 auro.
314 491 435 518 argento,
451 486 533 513 ebore
553 487 587 513 ab
608 487 771 522 llicruuytno
787 487 868 514 etiam
885 488 911 514 iu

119 531 200 565 epist.
217 531 280 564 150,
298 539 383 565 segni.
401 532 445 564 14,
474 539 651 565 memoratus,
675 534 799 560 coatinua
828 534 913 568 bapti-

121 578 171 604 smi
188 578 396 610 administratio,
409 579 575 606 creberrima
588 579 765 607 Eucharistim
785 580 911 614 sumptio,

120 627 148 649 et
160 623 211 650 alia
231 623 271 650 his
295 623 394 657 alliuia,
420 625 485 652 nihil
514 625 540 652 in
571 626 622 654 hoc
645 634 726 661 opere
750 626 911 659 invenietur,

121 670 192 703 quod
210 671 313 697 auctori
333 670 441 707 [XXIII]
461 672 552 706 quarti
580 673 670 699 sa'culi
693 680 745 699 non
772 677 910 706 congruat.

123 716 188 749 Qua:
204 724 265 743 cum
287 717 322 743 ita
344 717 409 749 sint,
428 718 522 744 eadem
541 719 627 752 ipsum
652 724 732 746 aetate
753 726 805 753 qua
831 718 912 754 Didy-

122 769 197 788 mum
214 762 336 790 ﬂoruisse
352 771 404 790 non
422 763 524 792 dubito.

965 171 1109 206 llidymum
1128 171 1214 206 ipsum
1233 172 1352 198 ituitatus
1366 179 1426 198 esse
1442 171 1574 203 videatur,
1590 177 1616 199 ut
1632 173 1757 206 superius

966 217 1097 251 suspicari
1121 224 1163 243 me
1179 217 1246 244 dixi.
1268 217 1300 244 Et
1314 217 1346 244 de
1367 219 1416 244 hac
1433 217 1541 251 quidem
1563 225 1590 244 re
1611 219 1700 245 satis:
1724 221 1756 246 ad

965 263 1045 290 aliam
1066 264 1156 297 itaque
1171 264 1302 290 rationem
1319 267 1496 290 transeamus.

965 342 1029 368 Car.
1060 340 1128 368 Xlll.
1151 340 1183 367 In
1199 341 1278 375 poetis
1287 345 1420 402 Dredrsatus
1439 345 1494 366 erat
1519 346 1611 366 auctor
1628 345 1716 368 noster
1731 348 1759 368 ut

1314 384 1321 401 ι
1344 384 1428 402 unius.

1314 384 1428 410 zuymus.

1002 443 1068 471 Cutu
1081 442 1189 477 plurimi
1202 451 1234 469 ex
1249 442 1351 470 Graecis
1362 441 1488 468 Patribus
1498 441 1609 478 Didyiuo
1623 443 1749 470 vetustiol

968 488 1041 515 ribus
1060 492 1106 514 alit
1125 487 1296 522 supparibus.
1315 486 1443 521 profanos
1458 487 1604 520 scriptores
1615 509 1622 520 ,
1639 495 1670 513 ac.
1684 495 1753 521 pra:-

969 534 1064 561 sertim
1077 538 1172 568 poetas
1187 533 1280 564 citent,
1296 537 1325 559 ιιι
1339 540 1370 560 ex
1388 539 1481 559 eorum
1495 533 1622 566 operibus
1635 537 1755 567 apparet,

967 579 1064 606 mirmn
1081 586 1133 605 non
1149 582 1201 611 est,
1211 579 1233 604 si
1248 583 1372 604 auctores
1386 582 1517 608 externas.
1536 578 1560 605 id
1576 583 1616 604 est
1631 578 1757 612 profanos

966 624 1111 658 theologus
1135 631 1243 658 quoque
1267 629 1359 650 noster
1383 624 1453 650 haud
1476 631 1538 649 raro
1560 624 1668 658 allegat.
1691 623 1757 652 lllud

968 671 1058 706 potius
1082 670 1181 697 mirum
1206 670 1292 696 videri
1315 669 1409 701 debet,
1439 670 1560 704 potuisse
1584 670 1645 696 hinc
1666 671 1758 698 nescio

966 724 1046 751 quem
1070 715 1219 750 colligere,
1244 723 1311 750 opus
1337 716 1421 742 hocce
1443 715 1548 750 Didymi
1571 720 1650 742 a-tate
1673 715 1757 743 multo

967 762 1105 790 recentius
1126 769 1186 789 esse
1208 771 1215 789 :
1239 762 1281 789 cui
1298 769 1359 788 cum
1383 762 1449 788 satis
1467 762 1522 796 jam
1543 761 1708 788 oecurrerim
1730 762 1756 789 in

122 819 185 847 CAP.
204 820 260 847 ΧΗ.
280 822 379 848 Auctor
395 826 482 848 noster
499 822 580 849 Deum
595 827 668 849 vocat
686 822 811 858 ἀμεγέοη
828 827 854 850 ut
869 823 914 850 Di-

970 809 1046 840 notis,
1066 808 1129 835 mihi
1148 816 1219 835 nunc
1245 808 1365 835 vicissim
1381 808 1474 834 videor
1492 815 1525 834 ex
1544 807 1596 835 hoc
1611 808 1667 842 ipso
1688 816 1755 835 con-

463 858 566 892 (li/mus.

160 901 212 928 Sed
231 901 303 929 aliud
327 902 371 929 hic
391 908 579 935 argumentum
604 903 704 929 addere
721 903 826 938 placet,
843 904 914 937 quod

124 954 176 973 non
192 948 266 982 parvi
283 948 410 982 ponderis
425 955 484 975 csse
499 949 634 976 existimo.
653 949 717 976 lllud
731 955 821 977 autem
837 958 868 976 ex
881 957 914 977 eo

125 993 206 1023 duco,
222 993 292 1026 quod
311 997 406 1019 auctor
420 998 511 1020 uoster
525 993 608 1020 Deum
621 993 718 1028 smpius
731 995 756 1021 in
773 996 822 1022 hoc
833 1003 914 1029 opere

123 1038 194 1064 dicat
211 1046 272 1065 esse
287 1038 410 1074 ἀμεγέοη
436 1047 441 1054 ·
462 1047 543 1073 quam
566 1047 659 1066 vocem
678 1047 737 1066 cum
756 1040 781 1066 in
801 1040 912 1074 epistola

122 1084 155 1110 ad
173 1084 357 1111 clarissimum
375 1085 518 1118 priesulem
536 1085 669 1112 Joannem
684 1085 844 1112 Archintum
860 1085 913 1112 Bo—

123 1130 211 1157 nonia:
230 1137 294 1157 tunc
322 1131 490 1165 prolcgatum
509 1139 784 1163 commemorassent.
805 1140 836 1158 ac
852 1139 914 1159 ver-

124 1177 230 1208 lisseln,
247 1178 394 1211 quantitate
409 1182 556 1208 carentem,
573 1177 693 1204 Gallicus
715 1178 824 1211 quidam
845 1178 914 1205 scri-

125 1227 186 1255 ptor
208 1228 239 1248 ea
265 1222 298 1248 de
319 1222 369 1248 hoc
395 1221 526 1248 \ocabulo
547 1222 748 1256 pronuntiavit,
769 1231 828 1256 qua:
848 1223 912 1250 mihi

124 1267 232 1301 probari
257 1273 404 1301 nequeunt.
428 1266 527 1294 Verum
551 1268 574 1295 ei
593 1269 659 1295 satis
683 1275 817 1303 superque
840 1277 853 1295 a
871 1277 914 1296 me

119 1313 176 1347 jam
202 1321 360 1347 responsum
385 1319 425 1340 est
448 1322 507 1348 pag.
534 1313 583 1345 59.
599 1319 656 1341 not.
673 1315 689 1341 2
702 1335 708 1346 ,
730 1319 756 1341 et
772 1323 831 1350 pag.
851 1315 913 1348 ΗΞ,

125 1363 182 1385 not.
209 1358 235 1385 1.
260 1357 335 1384 Nunc
357 1358 448 1391 itaque
474 1359 538 1385 nihil
564 1358 635 1385 aliud
654 1365 793 1393 superest,
813 1361 862 1387 nisi
885 1367 914 1388 nt

122 1409 312 1438 argumentum
354 1412 442 1430 meum
481 1405 574 1439 paucis
605 1413 748 1439 exponant.
781 1406 913 1434 Nimirum

124 1455 232 1476 constat
245 1451 346 1485 primo,
363 1451 416 1477 Deo
431 1452 642 1484 magnitudim-m
658 1459 671 1478 a
682 1451 807 1479 Palribus
820 1453 912 1487 tribui,

123 1501 152 1522 ut
169 1497 261 1523 citatis
277 1496 342 1524 locis
362 1498 481 1525 diximus
499 1507 505 1524 :
523 1506 611 1533 neque
627 1507 689 1526 vero
705 1507 764 1526 eam
783 1500 913 1528 duntaxat

123 1545 330 1578 magnitudinem
342 1566 348 1576 .
364 1552 422 1578 qum
438 1545 531 1572 Grirce
546 1545 726 1582 μεγαλωσύνη
742 1546 850 1578 dicitur,
868 1552 913 1573 aut

124 1590 318 1625 μεγαλειότης,
336 1592 383 1618 sed
399 1592 480 1618 etiam
501 1592 626 1626 μέγεθος.
643 1592 681 1618 Ita
704 1593 912 1628 Chrysostomus

124 1636 343 1663 tom.leditionis
360 1636 614 1670 lilonti'.-mconi:m:v,
634 1639 693 1671 pag.
707 1639 769 1669 457,
782 1640 820 1665 ait
836 1648 843 1666 :
860 1639 913 1665 Τοῦ

124 1681 257 1716 μεγέθους
280 1681 327 1708 καὶ
353 1682 402 1717 τῆς
430 1683 521 1717 ἰσχύος
547 1683 593 1709 τοῦ
618 1685 798 1718 πεποιηκότος
827 1685 912 1711 αὑτά·

123 1731 150 1752 ιιι,
168 1725 283 1752 Basilius
301 1726 382 1753 Deum
402 1732 479 1754 vocat
497 1728 623 1763 ἀόριστον
643 1728 758 1764 μέγεθος
773 1731 842 1764 apud
861 1729 913 1756 Fa-

125 1772 239 1798 l‘riciiun
253 1773 278 1798 in
293 1772 361 1799 Bibl.
373 1772 460 1800 Gru'c.
472 1774 526 1800 vol.
543 1774 606 1806 \‘lll,
621 1775 757 1809 pzig.100;
771 1784 784 1801 ιι
797 1775 914 1810 Josepho

123 1823 213 1844 autem
236 1817 281 1845 lib.
303 1827 322 1845 ιι
339 1825 429 1845 contra
444 1820 583 1853 Apiouem,
602 1828 687 1854 segni.
707 1820 756 1854 29.,
774 1822 843 1848 Deus
858 1822 914 1855 ipse

124 1864 276 1898 appellatur
298 1864 347 1900 τὴν
371 1865 479 1901 μορφὴν
505 1865 551 1892 καὶ
575 1866 778 1902 μὲγεῡοςςὴμῑν
798 1868 915 1902 (inve:-

121 1918 214 1942 τατος,
227 1911 294 1941 sive,
309 1917 336 1937 ut
353 1911 398 1938 alii
415 1912 516 1945 legunt,
531 1913 644 1946 ἄφθιτος.
660 1913 770 1940 Constat
782 1915 913 1946 secundo,

126 1957 152 1983 in
172 1964 249 1983 sacra
271 1957 424 1992 Scriptura,
441 1958 488 1985 Dei
507 1959 616 1993 quidem
640 1959 850 1996 μεγαλωσΰνην,
869 1966 914 1988 aut

127 2003 327 2039 μεγαλειότητα
342 2005 496 2036 metuorari,
513 2013 646 2039 nusquam
663 2011 762 2037 tamen.
781 2006 806 2032 ni
823 2006 912 2039 fallor,

124 2050 171 2077 Dei
191 2050 307 2086 μέγεθος
325 2056 371 2077 aut
388 2051 506 2086 μέγαθος
526 2051 673 2079 nominari.
691 2051 794 2084 Tertio,
813 2052 913 2079 nullum

128 2097 262 2124 hactenus
279 2097 368 2124 iuri-ni
387 2098 498 2128 llulynio
512 2097 687 2124 vetustiorem
705 2097 821 2130 Patrem,
835 2106 848 2123 a
861 2105 914 2132 quo

126 2143 198 2169 Deus
215 2144 306 2170 dictus
321 2143 356 2169 sit
373 2143 524 2177 ἀμεγέθης.
541 2143 653 2169 Constat
670 2144 784 2177 denique
801 2144 883 2170 Deum
900 2153 913 2170 a

128 2188 244 2223 Didyme
269 2189 454 2216 Alexandrino
478 2189 503 2215 in
526 2191 729 2217 commentariis
751 2191 776 2217 in
795 2190 913 2217 I’mlmos

127 2235 229 2261 dictum
246 2242 305 2261 esse
321 2235 458 2270 ἀμεγὲϐη,
476 2241 504 2262 ιιι
520 2237 611 2262 monui
627 2241 682 2263 not.
697 2236 722 2268 1,
738 2244 796 2270 pag.
813 2236 873 2263 ΗΞ.
890 2236 915 2262 ld

129 2284 218 2307 autem
242 2289 274 2308 ex
300 2289 331 2307 co
355 2281 471 2307 fortasse
493 2282 592 2308 factum
615 2287 665 2313 est,
686 2282 756 2316 quod
775 2283 806 2313 is,
826 2285 917 2317 utpote

132 2326 357 2361 diligentissimus
376 2327 577 2360 Seripturarum
596 2327 747 2360 interpres,
767 2332 914 2359 scrutator,

128 2377 210 2405 atque.
230 2372 380 2405 indagator.
401 2372 562 2404 observarit,
583 2372 696 2408 μέγεοος
715 2381 845 2408 nusquam
863 2373 916 2400 Deo

126 2416 208 2442 tribui
233 2417 258 2442 in
280 2415 438 2451 Scripturis.
463 2417 510 2444 llis
528 2418 675 2452 pra-inissis
693 2427 753 2445 cum
778 2424 804 2445 et
826 2423 919 2445 auctor

129 2470 225 2490 noster
245 2463 327 2489 Deum
351 2464 450 2497 sa‘pius
467 2465 492 2491 in
518 2466 567 2491 hoc
586 2473 666 2499 opere
684 2465 756 2492 dicat
771 2473 831 2492 esse
851 2465 919 2499 ἀμε-

127 2508 206 2544 γέθη,
227 2516 278 2534 ιιοιι
298 2509 438 2535 immerito
458 2509 523 2536 mihi
540 2510 634 2537 videor
648 2510 710 2538 hinc
723 2518 830 2545 quoque
842 2510 916 2537 colli-

128 2563 191 2588 gere
217 2563 312 2590 posse,
335 2555 424 2590 ipsum
445 2563 548 2588 unum,
572 2555 752 2590 eumdemque
774 2563 834 2582 esse
857 2563 917 2582 etilli

133 2601 247 2636 Didymo
261 2601 455 2628 Alexandrino.
471 2601 569 2628 Fateor
584 2601 665 2628 alium
679 2609 786 2636 quoque
801 2601 918 2628 Alexan-

132 2647 239 2674 drinum
270 2647 446 2682 scriptorem,
476 2655 570 2682 nempe
596 2647 625 2675 S.
654 2647 799 2682 Cyrillum,
825 2646 918 2673 eodem

133 2692 214 2719 tundo
229 2693 261 2718 de
278 2692 331 2719 Deo
347 2693 465 2720 locutum
482 2699 574 2728 posma
587 2700 657 2725 esse,
670 2698 699 2720 ut
713 2693 802 2720 monui
819 2697 876 2719 not.
891 2692 918 2724 2,

134 2745 198 2772 pag.
213 2738 258 2769 59,
275 2746 335 2765 cum
353 2739 434 2766 Deum
449 2745 475 2765 et
490 2740 546 2774 ipse
563 2744 656 2774 aperte
672 2738 768 2766 dixerit
784 2738 918 2773 ἁμεγὲοη,

133 2785 182 2811 scd
196 2783 349 2818 huiusmodi
368 2785 530 2813 locutionem
545 2793 577 2812 ex
595 2786 706 2821 Didymo
720 2785 848 2819 Cyrillum
862 2793 919 2813 mu-

968 855 1080 881 trariam
1095 853 1280 888 conjecturam
1294 854 1393 881 ducere
1409 861 1500 888 posse,
1515 859 1544 879 ut
1558 855 1648 888 operis
1663 859 1756 880 aucto-

968 909 1024 928 rem
1053 900 1195 935 Didytnum
1221 908 1282 927 esse
1305 900 1390 935 magis
1415 901 1556 935 magisque
1583 901 1754 927 eoutirmem.

967 947 1109 981 Didymum
1128 947 1199 973 enim
1223 947 1248 973 in
1266 951 1405 981 poetarum
1421 947 1548 978 maxime,
1571 954 1601 973 ac
1617 947 1755 972 rhetorum

971 1001 1079 1028 quoque
1098 993 1226 1028 operibus
1251 999 1387 1020 versatum
1412 993 1494 1019 fuisse
1515 997 1649 1020 testantur
1672 993 1757 1020 Sozo-

966 1048 1075 1071 menus,
1091 1039 1291 1072 Theodorelus,
1307 1047 1338 1065 ac
1351 1039 1518 1073 Nieephorus
1535 1039 1562 1065 in
1577 1038 1755 1071 Testimoniis,

965 1094 1025 1120 qua:
1056 1086 1082 1112 in
1110 1085 1266 1120 Appendice
1289 1085 1375 1112 attuli.
1397 1084 1456 1119 Ipse
1480 1092 1544 1112 vero
1573 1084 1700 1119 Didymus
1729 1084 1756 1110 in

965 1130 1167 1158 commentariis
1205 1130 1234 1156 in
1258 1130 1323 1156 Atta
1349 1129 1526 1164 apoatolorum
1549 1129 1582 1156 ad
1604 1133 1685 1163 caput
1709 1136 1756 1160 vn,

966 1181 1039 1203 tonio
1053 1175 1086 1202 IV
1104 1175 1229 1202 Artem/ot.
1248 1175 1347 1207 Woltii,
1363 1182 1423 1209 pag.
1439 1174 1488 1207 ‘25,
1507 1174 1595 1205 docet,
1609 1174 1756 1200 doctrinam

966 1228 1101 1249 externam
1119 1230 1169 1248 non
1187 1222 1293 1248 omnino
1314 1223 1526 1247 contemnendam
1543 1229 1615 1253 esse;
1631 1221 1658 1246 in
1679 1219 1757 1246 laude

963 1269 1032 1296 enim
1046 1269 1160 1302 ponitur,
1182 1268 1252 1302 quod
1269 1267 1355 1294 Moses
1371 1267 1443 1294 omni
1462 1267 1590 1301 sapientia
1615 1266 1758 1301 .Jigyptt'a—

965 1323 1022 1341 rum
1044 1315 1120 1348 fuerit
1141 1315 1298 1345 instructus,
1322 1314 1387 1340 sicut
1404 1318 1429 1340 et
1449 1314 1480 1340 de
1498 1313 1617 1344 Daniele,
1635 1318 1658 1339 et
1678 1312 1757 1338 sociis

965 1361 1022 1394 ejus
1037 1359 1141 1386 Iudicis
1157 1360 1327 1392 pi'wilicatur,
1344 1359 1414 1394 quod
1429 1367 1517 1385 omnes
1531 1361 1558 1384 in
1570 1357 1757 1384 Cluiltltrorun.

964 1406 1340 1443 rltilosopltia,_ofﬁnibuxque
1367 1406 1480 1432 scientiis
1503 1405 1662 1439 superarint.
1686 1404 1756 1437 Quin

969 1453 1136 1480 eatechistas
1145 1460 1240 1480 omnes
1251 1452 1450 1479 Alexandrinos
1464 1452 1566 1486 Didymi
1577 1458 1756 1486 praecessores

928 1487 951 1517 α
969 1498 1146 1530 Pantmnum,
1173 1498 1357 1529 Clementem,
1391 1496 1554 1532 Origcuem,
1584 1496 1754 1531 Dionysium,

966 1545 1163 1576 Amumnium,
1193 1544 1315 1577 aliosque
1347 1548 1461 1569 exterrito
1488 1550 1594 1577 quoque
1619 1542 1757 1577 sapientiae

967 1599 1077 1626 operam
1100 1590 1265 1625 impendisse
1287 1594 1392 1616 constat
1413 1597 1419 1615 :
1446 1589 1518 1615 inter
1537 1596 1604 1623 quos
1633 1588 1758 1615 Clemens

971 1641 1053 1671 atque
1067 1636 1198 1671 Origenes
1210 1640 1340 1670 quantum
1355 1644 1407 1662 non
1425 1637 1503 1661 modo
1518 1635 1543 1661 in
1560 1643 1648 1667 sacra,
1662 1642 1754 1660 verum

968 1683 1049 1710 etiam
1083 1683 1110 1709 in
1138 1682 1250 1717 profana
1278 1682 1430 1708 eruditione
1455 1681 1649 1710 excelluerint.
1679 1687 1758 1707 nemo

970 1727 1079 1765 [XXIV]
1112 1728 1229 1763 ignorat.
1259 1727 1324 1754 Nam
1356 1727 1503 1754 Clementis
1536 1727 1645 1761 quidem
1675 1733 1756 1761 opera

968 1775 1145 1810 profanorum
1168 1778 1307 1808 poetarum
1327 1780 1357 1800 ac
1377 1773 1597 1807 philosophorum
1614 1771 1756 1807 allegatio-

972 1821 1050 1847 nibus
1067 1821 1166 1854 ubique
1187 1819 1286 1846 referta
1306 1823 1379 1845 sunt.
1398 1819 1474 1846 Alter
1487 1827 1551 1845 vero
1567 1827 1619 1845 non
1636 1818 1714 1845 modo
1731 1818 1756 1844 in

970 1866 1046 1893 libris
1064 1873 1156 1893 contra
1171 1865 1275 1893 Celsum
1292 1873 1341 1900 pro
1353 1865 1508 1892 Christiana
1532 1866 1661 1899 religione
1688 1865 1756 1893 scri-

970 1912 1026 1947 ptis
1042 1911 1199 1947 Euripidetn
1211 1931 1218 1944 ,
1236 1911 1394 1944 llmuerum,
1413 1911 1532 1945 aliosque
1546 1912 1627 1944 citat,
1644 1917 1671 1937 ut
1687 1915 1758 1945 patet

967 1968 999 1987 ex
1015 1959 1103 1987 tom.l
1128 1967 1189 1994 pag.
1218 1958 1280 1990 διε),
1306 1958 1369 1990 595.
1389 1963 1416 1984 et
1443 1957 1504 1989 750,
1530 1958 1656 1985 editionis
1683 1957 1757 1984 Pari-

968 2006 1065 2033 sieusis
1084 2006 1145 2032 anni
1171 2005 1259 2034 1755;
1284 2011 1375 2031 verum
1399 2003 1480 2030 etiam
1504 2003 1662 2038 discipulam
1679 2011 1757 2030 suum

969 2052 996 2080 S.
1006 2053 1163 2086 Gregorium
1174 2051 1403 2084 Thaumaturgum
1413 2049 1602 2085 hortaturpag.
1612 2049 1628 2076 5
1637 2048 1757 2083 ejusdem

968 2099 1043 2130 lotlll,
1069 2103 1097 2124 ut
1114 2097 1279 2132 geometriae,
1299 2101 1380 2130 atque
1395 2097 1567 2122 astronomiae
1583 2103 1693 2130 operam
1712 2103 1757 2120 ua-

970 2149 1023 2175 γει,
1042 2143 1116 2177 quod
1133 2143 1285 2176 bnjusmodi
1302 2143 1422 2170 scientia:
1439 2142 1593 2170 Christiano
1610 2141 1711 2168 homini
1724 2141 1757 2167 al

969 2190 1165 2224 intelligendas,
1176 2189 1403 2223 explicaudasquc
1415 2196 1507 2216 sacras
1519 2188 1758 2222 Scriptor-ascen-

969 2235 1040 2262 l'erre
1068 2239 1177 2270 queant.
1196 2235 1260 2268 Qum
1284 2243 1344 2262 emn
1364 2236 1401 2262 ita
1430 2235 1500 2266 sitit,
1528 2234 1659 2260 rationem
1687 2234 1757 2260 hanc

971 2281 1066 2314 paucis
1078 2281 1113 2308 ita
1124 2281 1321 2308 concludimus.
1334 2280 1486 2314 Theologus
1499 2285 1591 2307 noster
1600 2279 1758 2312 Pindarum,

969 2326 1118 2353 llomerum
1132 2346 1139 2359 ,
1159 2327 1341 2360 Sophoclem,
1357 2326 1512 2361 Orpheum,
1528 2326 1680 2361 Diagoram,
1700 2325 1758 2352 Pla-

972 2377 1063 2399 tonem
1087 2372 1247 2404 Comicum,
1272 2372 1403 2408 Sibyllina
1430 2373 1566 2403 carmina,
1591 2372 1759 2406 aliorumque

974 2424 1133 2454 poetarum,
1152 2426 1266 2454 quorum
1286 2419 1394 2445 nomina
1418 2419 1531 2450 reticet,
1549 2426 1641 2445 versus
1662 2417 1759 2452 sacpius

974 2467 1056 2498 citat;
1076 2464 1215 2492 Platonem
1230 2473 1338 2500 quoque
1352 2465 1466 2498 allegat,
1483 2464 1671 2497 Aristotelem,
1689 2464 1754 2491 Por-

971 2511 1111 2546 phyrium,
1133 2517 1165 2538 ac
1181 2509 1345 2537 Mercurium
1371 2509 1595 2544 Trismegistum,
1614 2510 1692 2541 cujus
1710 2518 1759 2537 uo-

970 2556 1044 2583 mine
1062 2555 1187 2590 inscripti
1213 2555 1274 2582 libri
1301 2559 1330 2582 ut
1354 2554 1462 2588 genuini
1485 2559 1549 2581 tttnc
1573 2554 1754 2581 habebantur.

968 2602 1049 2636 Atqui
1071 2602 1123 2629 hoc
1147 2601 1171 2629 ei
1195 2601 1312 2628 maxime
1333 2600 1475 2632 convenit,
1499 2608 1579 2635 quem
1601 2601 1627 2627 in
1649 2601 1755 2635 poetis,

969 2649 1084 2682 aliisque
1126 2647 1305 2681 scriptoribus
1338 2646 1454 2673 ethnicis
1497 2651 1633 2673 versatum
1675 2645 1758 2672 fuisse

969 2698 1095 2726 constat,
1123 2691 1274 2727 cuiusmodi
1308 2691 1360 2718 fuit
1386 2691 1525 2727 Didymus.
1555 2691 1626 2726 Ergo
1652 2695 1756 2717 tantum

971 2740 1060 2770 abest,
1075 2742 1104 2765 ιιι
1120 2739 1171 2765 hoc
1186 2738 1305 2772 opinioni
1324 2742 1424 2765 nostrae
1439 2737 1585 2771 quidquam
1603 2736 1714 2770 ofﬁcial,
1726 2741 1757 2764 ut

972 2783 1065 2820 potius
1081 2784 1138 2812 haec
1155 2784 1224 2812 ratio
1245 2791 1298 2811 non
1315 2791 1436 2812 seorsum
1453 2783 1560 2818 quidem
1577 2787 1695 2818 sumpta,
1707 2781 1756 2810 sed
