1904 3054
186 96 233 123 Nil

769 96 1054 125 COMMENTARIUS.
1076 112 1111 117 —-
1130 97 1192 126 ΜΒ.
1215 97 1233 124 l.

1763 101 1818 129 162

185 154 245 180 aliis
265 151 448 186 conjecturis,
465 160 497 180 ac
519 152 778 186 rationibusiuncta
806 152 970 180 sententiam
986 158 1011 184 Α
1027 159 1078 179 non
1101 160 1162 179 raro
1183 158 1338 187 utrumque,
1364 153 1428 181 dum
1454 154 1601 190 Scriptura!
1621 156 1678 185 loca
1703 157 1817 193 allegat.

187 204 307 226 nostram
325 197 536 232 probabiliorem
554 198 660 226 reddat.

185 255 251 283 (ὶιιιδ.
272 253 341 281 XIV.
367 254 543 289 Origenianas
568 256 714 282 locutiones
735 255 812 282 habet
839 255 974 291 theologus

381 297 468 317 noster
487 296 512 316 ut
529 290 669 325 Didymus.

222 337 422 370 Apertissimum
436 336 557 371 Origenis
570 342 792 372 propugnatorem
804 341 883 364 vocat
897 336 976 372 Didy-

185 389 261 409 muni
284 381 475 416 Hieronymus.
499 381 557 414 Quo
574 387 665 409 autem
689 390 770 409 sensu
789 383 816 409 id
840 381 975 416 accipien-

185 428 251 455 dum
266 428 311 460 sit,
328 435 422 462 quaere
433 429 499 461 sint,
514 434 560 455 aut
575 429 669 463 quales
682 428 808 464 Origenis
821 429 972 464 opiniones,

184 474 283 508 quibus
308 474 454 500 adhaeserit
477 473 626 510 Didymus.
646 482 698 501 non
722 475 858 510 inquiram
883 477 972 502 tnodo.

186 520 255 546 illud
274 520 339 547 mihi
356 521 381 546 in
398 527 517 554 praesens
536 520 648 554 sulIieit,
665 522 932 555 utquemadmodnm
947 521 972 548 in

187 568 311 603 Didyme,
330 568 364 594 ita
379 572 403 594 el
426 568 451 594 in
471 567 596 602 theologo
613 574 707 594 nostro
721 568 809 594 multae
827 572 974 595 occurrant

185 621 219 640 ex
238 614 270 640 iis
285 613 475 643 locationibus,
499 621 565 647 (pias
590 615 616 640 in
634 614 731 641 lluiino
752 614 929 648 Aquileiensi,
946 614 972 640 iti

184 659 288 687 Joanne
308 660 436 694 episeopo
459 658 715 694 Hier-Osolymitano,
739 660 853 694 aliisque
868 664 897 686 ut
912 659 973 687 Ori-

187 706 317 740 genianas
335 705 483 732 insectatus
498 711 540 732 est
555 705 735 740 Hieronymus
751 706 819 740 ipse,
836 705 973 740 Theophi-

186 750 227 777 lus
251 750 465 783 Alexandrinus,
497 755 523 777 et
551 751 595 778 alii
621 751 725 779 Patres.
753 753 788 778 At
815 752 969 786 hujusmodi

187 797 274 831 reipsa
288 802 352 824 sunt
374 798 461 831 primo
477 805 536 832 quze
549 798 582 825 de
601 799 716 833 imagine
736 798 783 825 Dei
806 798 840 824 ab
863 798 971 825 homine

186 850 233 877 per
249 847 389 877 peceatum
402 845 500 870 amissa
517 844 596 870 docet
610 849 705 870 auctor
716 848 809 871 noster
823 851 883 878 pag.
898 843 970 876 255;
988 833 1010 862 Β
1024 841 1096 867 enim
1121 849 1127 867 :

185 890 281 916 deinde
305 897 365 924 quae
390 889 487 923 saepius
510 890 605 916 scribit
635 890 668 916 de
693 889 833 924 aput/tein,
863 890 888 916 id
916 894 969 919 est.

186 936 431 970 imperturbntione,
446 939 491 962 aut
505 935 676 962 immunitate
689 943 703 962 a
722 936 973 970 perturbationibus

184 982 287 1015 animi,
314 990 382 1016 quas
407 981 485 1016 vulgo
513 981 646 1016 passiones
673 981 783 1013 dicunt;
810 989 842 1008 ac
866 982 974 1008 demum

184 1028 255 1063 quod
280 1036 357 1063 pagg.
374 1028 408 1054 52
423 1033 450 1055 et
470 1028 516 1055 151
535 1028 665 1061 atlirmat,
684 1035 744 1055 eum
762 1029 788 1056 in
805 1028 848 1055 illa
866 1029 973 1063 quidem

184 1075 222 1101 ait
237 1084 244 1101 :
262 1074 415 1108 Quicunque
427 1075 533 1101 initium
550 1075 636 1101 dicere
648 1074 788 1106 valuerint,
801 1076 879 1108 ﬁnem
894 1076 974 1102 etiam

184 1122 342 1154 conﬁtentur
357 1129 367 1148 :
385 1121 411 1148 in
431 1121 480 1148 hac
495 1129 559 1149 vero
573 1131 580 1148 :
596 1121 665 1148 Nam
681 1129 769 1148 ret-cra
782 1122 909 1156 quidquid
923 1122 974 1148 iui-

184 1167 248 1193 tium
263 1168 373 1200 accepit,
394 1167 496 1193 habebit
510 1167 588 1193 etiam
605 1168 694 1201 ﬁnem.

218 1213 316 1240 Fateor
333 1217 388 1240 tres
405 1213 486 1240 hasce
499 1213 617 1247 theologi
633 1213 729 1246 nostri,
743 1212 864 1248 aliasque
880 1212 974 1246 hujus-

184 1258 255 1285 modi
272 1259 422 1286 locutiones
437 1263 512 1286 recto
531 1266 612 1286 sensu
632 1259 716 1293 accipi
737 1267 826 1294 posse,
841 1267 872 1286 ac
887 1260 972 1293 reipsa

184 1305 218 1332 ab
238 1305 297 1332 aliis
320 1305 447 1332 Pali-ibus
463 1313 523 1332 esse
544 1305 691 1333 adhibitus.
714 1306 748 1332 At
768 1314 800 1333 ne
820 1307 845 1333 in
868 1306 973 1341 Didymi

183 1352 293 1386 quidem
316 1352 444 1386 operibus
467 1360 525 1386 qua:
547 1357 671 1385 exstant,
701 1353 755 1379 ulla
787 1353 904 1380 fortasse
931 1357 973 1380 est

185 1397 349 1433 Origeniana
377 1397 497 1430 locutio,
515 1405 596 1432 quam
617 1398 749 1425 eatholice
769 1398 904 1433 explicare
923 1406 972 1425 ne—

184 1451 337 1477 queamus:
353 1451 421 1478 quas
440 1452 503 1471 vero
524 1445 549 1471 in
570 1444 694 1477 theologo
712 1449 804 1473 nostro
823 1445 973 1479 reperimus

186 1490 388 1525 Origenismum
410 1490 563 1518 redulcntes
576 1511 582 1522 ,
602 1490 744 1525 plerasque
762 1495 790 1517 ut
807 1490 968 1525 Origeniana
984 1511 1005 1538 ϐ

185 1536 245 1563 labe
264 1536 376 1563 infectas
390 1536 423 1563 ab
444 1535 625 1571 Hieronymo,
640 1536 736 1563 aliisve
758 1536 865 1564 habitas
885 1537 970 1564 fuisse

185 1582 290 1610 ostendi
307 1582 332 1608 in
348 1582 430 1615 notis,
447 1587 475 1608 ut
493 1582 605 1616 proinde
618 1582 684 1609 nihil
702 1590 771 1609 imnc
788 1587 871 1609 restet
885 1582 970 1616 aliud,

185 1629 235 1655 nisi
257 1634 285 1655 ut
301 1628 334 1655 de
347 1628 492 1660 sententia,
511 1636 591 1662 quam
606 1636 666 1663 pag.
684 1628 718 1654 52
741 1633 768 1655 et
797 1628 843 1656 151
863 1634 972 1656 exstare

184 1673 254 1706 dixi,
272 1673 372 1708 aliquid
398 1674 513 1706 addam;
533 1674 598 1701 nihil
614 1675 686 1701 enim
712 1675 745 1702 de
769 1675 825 1710 ipsa
850 1675 875 1702 in
900 1676 971 1702 notis

184 1719 285 1746 dictum
302 1719 361 1746 fuit.
386 1720 412 1746 ln
435 1719 597 1755 Origenistis
615 1721 696 1755 igitur
714 1722 782 1748 hanc
799 1729 907 1756 quoque
926 1729 970 1748 re-

184 1766 344 1799 prehensam
359 1765 442 1794 fuisse
457 1767 536 1794 didici
554 1774 568 1793 e
585 1767 613 1794 S.
628 1767 775 1794 Anastasio
791 1767 906 1799 Sinaita,
925 1767 970 1801 qui

184 1813 210 1839 in
232 1812 340 1847 llodego
361 1813 430 1848 apud
451 1813 609 1841 Gretserum
630 1819 694 1840 tum.
714 1813 794 1846 XIV,
814 1822 875 1848 pag.
902 1813 969 1846 149,

185 1859 242 1885 lucc
265 1859 372 1892 scripsit
398 1868 404 1885 :
434 1867 443 1884 ι
459 1858 504 1885 Ait
522 1864 633 1886 sanctus
653 1859 767 1886 Basilius
793 1867 918 1886 sermone
944 1860 971 1887 in

186 1902 367 1929 Hexaemeron
388 1910 397 1929 .'
418 1903 500 1930 Omne
521 1904 586 1929 illud
610 1904 678 1938 quod
700 1904 857 1938 principium
884 1904 968 1939 habet,

184 1948 278 1975 [tubere
292 1949 380 1975 itidem
393 1949 482 1982 ﬁnem.
496 1969 502 1975 .
518 1969 524 1976 .
539 1969 545 1975 .
564 1949 640 1982 Quod
658 1950 760 1977 dictum
774 1951 870 1977 crebro
891 1951 970 1978 nobis

184 1994 317 2029 objiciunt
328 1995 467 2022 vanissimi
483 1994 652 2030 Origenislm,
666 2000 693 2022 ut
705 1996 766 2022 inde
781 1997 971 2031 pratexsislcn-

185 2040 248 2066 tiam
264 2040 414 2067 animarum
433 2041 459 2066 in
477 2041 554 2068 cmlis
572 2047 636 2068 ante
649 2048 763 2076 corpora
781 2043 941 2068 extundant.
958 2051 967 2068 ι

185 2085 221 2112 ita
237 2086 405 2114 Anastasius.
424 2087 478 2121 Ego
494 2095 558 2114 vero
571 2095 632 2114 cum
649 2089 742 2119 verba,
757 2095 818 2122 quae
836 2088 857 2114 is
871 2088 971 2115 Basilio

185 2132 286 2165 tribuit,
306 2133 332 2159 in
350 2133 441 2160 Basilii
458 2134 573 2161 bomiliis
591 2135 617 2160 in
631 2133 811 2160 Hexaemeron
827 2142 879 2160 non
897 2135 970 2161 inve-

185 2179 280 2209 nerim,
299 2184 389 2205 utrum
407 2187 438 2206 ea
456 2179 545 2206 Basilii
560 2181 624 2211 sitit,
641 2180 745 2214 ignoro.
764 2180 816 2207 Sed
832 2181 927 2207 cadent
942 2181 967 2207 in
984 2181 1008 2211 ι)

185 2223 309 2258 theologo
324 2228 416 2250 nostro
431 2231 540 2252 exstare
554 2229 657 2251 certum
671 2230 722 2251 est.

219 2270 294 2302 Quod
312 2277 375 2296 vero
393 2271 526 2298 hactenus
538 2271 594 2297 dixi
616 2272 648 2298 de
666 2271 836 2305 Origenianis
854 2271 970 2297 locutio-

185 2315 280 2347 nibus,
296 2315 322 2342 id
341 2315 429 2349 ipsum
445 2317 478 2343 de
502 2315 535 2344 iis
557 2316 659 2343 dictum
678 2317 748 2348 volo,
765 2324 825 2351 qua:
844 2322 906 2351 post
925 2317 970 2343 [ii-

184 2361 255 2395 dymi
276 2361 380 2388 obitum
400 2361 549 2396 Pelagiana:
571 2367 618 2388 aut
636 2362 861 2398 Semipclagiaua’
879 2362 970 2389 rut-ari

183 2412 336 2441 (ceperunt,
354 2415 468 2442 quisque
484 2415 497 2434 a
517 2408 642 2442 theologo
657 2413 750 2434 nostro
766 2408 830 2434 item
849 2413 878 2434 ut
892 2417 906 2433 ει
924 2408 970 2433 Dio

183 2455 263 2486 itynio
277 2459 411 2487 usurpata:
423 2459 485 2480 sunt
499 2463 505 2480 ;
521 2452 670 2486 cujusmodi
685 2457 728 2480 est
741 2454 796 2486 illa,
811 2462 861 2487 qua
876 2460 972 2480 auctor

183 2506 276 2526 uoster
297 2501 335 2526 ait
355 2508 414 2535 pag.
433 2500 503 2533 9.70,
519 2502 597 2535 ﬁderit
620 2510 635 2528 (ι
662 2501 735 2528 nobis
755 2502 876 2535 incipere.
904 2501 970 2527 Nam
983 2517 989 2522 η

184 2548 241 2574 ista:
260 2556 368 2583 quoque
386 2549 456 2576 inter
474 2549 654 2583 Origenianas
682 2549 819 2576 reccnseri
839 2553 970 2582 possunt,

183 2595 283 2628 tpiippc
300 2602 368 2629 quas
393 2600 488 2622 auctor
506 2599 598 2621 noster
616 2602 648 2622 ex
665 2593 782 2629 Origene
809 2589 971 2628 desumpsit,

185 2644 213 2665 ut
230 2640 318 2665 nionni
336 2645 392 2667 not.
410 2640 435 2672 Ι,
453 2646 513 2674 pag.
527 2638 599 2666 ιιι).-

184 2693 282 2731 [XXV]
301 2695 365 2732 Cap.
388 2695 444 2722 XV.
465 2695 548 2722 Iidem
565 2697 590 2722 in
602 2695 719 2729 t/teologo
737 2701 833 2727 nostro,
851 2702 929 2732 atque
945 2697 971 2723 in

314 2731 426 2765 Uulme
437 2737 574 2757 occurrunt
588 2733 720 2758 memoritt'
728 2731 828 2765 t‘upsus.

221 2775 258 2802 Ne
275 2777 339 2804 illud
352 2778 466 2811 .quidetn
487 2779 561 2812 parvi
583 2777 733 2805 faciendum
748 2785 800 2810 est,
821 2775 891 2813 ipttnl
909 2787 970 2805 cum

185 2821 211 2849 in
229 2822 360 2857 srripture
385 2828 488 2857 nostro,
510 2829 563 2851 tum
591 2825 616 2851 in
641 2825 753 2860 Didyme
779 2815 967 2857 auitnndrcui,

1028 197 1166 224 memorim
1189 198 1254 224 vitio
1278 197 1381 232 lapsum
1407 207 1478 227 esse.
1497 201 1530 228 Et
1546 202 1617 236 quod
1644 203 1742 230 attinet
1756 203 1819 238 qui-

1028 244 1088 271 dem
1118 245 1150 271 atl
1179 244 1335 278 theologum
1362 251 1502 279 nostrum,
1533 248 1637 284 singula
1665 249 1818 284 hujusmodi

1026 293 1115 316 errata
1134 289 1279 325 diligenter
1294 291 1350 326 ipse
1366 292 1393 318 in
1417 293 1575 328 paginarum
1595 295 1717 330 margine
1733 295 1818 322 aduo-

1027 335 1079 361 tari
1099 343 1106 367 ;
1126 336 1208 362 multa
1229 336 1312 363 etiam
1331 337 1358 363 in
1380 345 1467 365 rerum
1491 339 1582 366 Indice
1598 341 1631 367 ad
1651 348 1743 368 vocem
1762 341 1819 368 Me-

1024 383 1116 410 moritt
1136 383 1254 410 indicata
1270 388 1345 409 sunt.

1062 430 1138 462 Quod
1155 434 1244 456 autem
1259 434 1365 463 spectat
1386 430 1419 456 ad
1433 428 1587 465 Didymum,
1607 433 1658 459 etsi
1679 433 1816 468 pleraque,

1025 478 1070 501 aut
1094 474 1196 507 omnia,
1215 482 1275 508 quae
1295 478 1415 506 exstant,
1431 475 1505 501 illius
1524 483 1607 510 opera
1630 476 1717 503 tribus
1739 478 1816 505 hisce

1025 521 1058 548 de
1076 519 1209 547 Trinitate
1225 520 1302 546 libris
1316 520 1439 547 breviora
1460 521 1523 550 sint.
1552 522 1706 555 hujusmodi
1728 528 1817 551 tamen

1024 565 1114 600 lapsus
1131 566 1158 592 in
1175 566 1208 593 iis
1226 573 1334 600 quoque
1356 565 1600 603 deprellendislta,
1626 569 1699 595 verbi
1718 569 1816 603 gratia,

1024 611 1050 638 in
1071 611 1139 638 libro
1158 611 1218 637 adv.
1238 611 1401 638 Manichwoa
1420 619 1480 647 pag.
1501 612 1563 645 207,
1584 619 1726 648 postquam
1741 620 1815 642 attit-

1023 656 1053 683 lit
1071 664 1103 684 ex
1126 656 1208 684 Paulo
1231 657 1288 684 hate
1311 658 1406 690 verba,
1428 657 1462 684 Ut
1485 659 1518 685 sit
1537 664 1640 692 sancta,
1658 665 1685 687 et
1705 667 1816 694 caetera,

1022 711 1082 737 quin
1096 709 1205 730 exstant
1227 704 1252 730 in
1273 703 1347 738 Ep.l
1381 705 1414 730 ad
1444 704 1610 738 Corinthios,
1629 708 1719 733 statim
1751 708 1816 734 sub-

1020 748 1132 783 jungit:
1153 748 1211 776 lmo
1231 751 1308 776 etiam
1331 750 1359 776 in
1384 749 1501 784 Epistula
1536 753 1570 778 ad
1590 751 1748 784 Corinthios.
1763 758 1815 781 etc.

1023 795 1092 827 Quin
1107 795 1237 822 continuo
1260 800 1321 830 post
1345 797 1402 823 htec
1425 797 1507 823 verba
1526 805 1621 824 rursus
1640 798 1761 832 labitur;
1779 801 1817 827 ait

1153 839 1188 867 Et
1211 841 1293 875 paulo
1311 847 1368 876 post
1385 843 1488 869 eosdem
1504 843 1681 880 (Corinthios)
1703 845 1817 880 alloqui-

1025 891 1078 918 tur,
1095 891 1169 919 etc.;
1189 888 1270 914 verba
1291 888 1376 920 enim,
1398 896 1457 922 quae
1482 889 1506 915 is
1528 889 1635 923 allegat.
1659 898 1711 916 non
1735 892 1816 925 paulo

1024 935 1091 965 post,
1110 932 1157 958 sed
1175 931 1255 966 paulo
1267 938 1341 963 ante,
1358 933 1412 959 imo
1429 934 1553 967 proxime
1570 935 1693 968 superius
1708 941 1816 962 CXstattl

1024 977 1095 1011 apud
1123 976 1246 1004 Paulum.
1279 977 1366 1004 Simili
1391 979 1470 1005 modo
1501 979 1526 1005 in
1559 982 1761 1007 commentariis
1788 982 1817 1008 in

1024 1022 1090 1048 Acta
1110 1023 1301 1057 apostolorum,
1319 1032 1434 1058 quorum
1455 1027 1712 1052 cmmnenlariorum
1730 1034 1814 1060 pantn

1024 1068 1177 1103 fragmenta
1193 1069 1308 1096 Wolﬁus
1322 1071 1416 1101 edidit,
1440 1070 1535 1098 Petrus
1557 1079 1605 1106 pro
1619 1071 1703 1098 Paulo
1725 1073 1813 1099 nomio

1024 1121 1104 1142 natur
1139 1123 1199 1150 pag.
1235 1116 1271 1142 23
1317 1121 1382 1142 tom.
1417 1116 1449 1143 iV
1474 1117 1666 1144 Auerdotorum
1694 1118 1814 1152 ejusdem

1023 1160 1126 1188 Wollii.
1142 1161 1168 1187 In
1187 1161 1254 1188 libro
1269 1162 1350 1188 etiam
1368 1162 1404 1188 De
1423 1161 1468 1196 Sp.
1483 1168 1573 1189 sancto
1586 1163 1662 1197 plura
1675 1170 1709 1190 ex
1722 1163 1814 1198 hujus‘

1024 1207 1095 1233 modi
1128 1207 1227 1234 erratis
1251 1207 1351 1240 inveni,
1382 1215 1414 1234 ac
1440 1208 1473 1234 de
1503 1207 1536 1234 iis
1568 1207 1694 1235 lectorem
1723 1210 1814 1235 monui

1023 1260 1085 1288 pag.
1100 1253 1127 1285 5,
1143 1259 1199 1280 not.
1215 1254 1242 1286 ἓ,
1259 1259 1285 1280 et
1300 1262 1359 1288 pag.
1375 1253 1419 1287 62,
1433 1259 1488 1280 ιιοι.
1510 1254 1537 1281 2.
1556 1254 1666 1281 Demum
1687 1255 1713 1281 in
1729 1254 1815 1281 Ennr-

1024 1300 1169 1326 rationibus
1193 1300 1219 1325 iu
1244 1299 1381 1334 Epistolas
1402 1300 1546 1326 catholicas
1568 1300 1683 1334 plurima
1707 1302 1814 1335 quidem

1024 1345 1172 1379 Scriptura:
1191 1345 1345 1371 testimonia
1362 1345 1482 1378 profert,
1499 1346 1546 1372 scd
1574 1346 1615 1372 vix
1641 1346 1754 1379 duobus,
1769 1347 1816 1372 tri-

1023 1390 1106 1417 busre
1127 1391 1152 1417 in
1177 1391 1242 1418 locis
1272 1391 1356 1418 libros
1382 1392 1513 1425 nominat,
1541 1400 1573 1419 ex
1590 1393 1688 1426 quibus
1715 1401 1745 1419 ea
1767 1394 1814 1419 de-

1022 1443 1126 1472 sumpta
1153 1442 1226 1470 Sunt,
1244 1438 1322 1472 quasi
1356 1443 1483 1464 vereatur
1502 1447 1533 1464 ne
1558 1439 1582 1464 in
1604 1438 1753 1472 hujusmodi
1772 1447 1815 1465 er-

1023 1487 1080 1509 rata
1096 1483 1196 1509 incidat
1218 1491 1223 1510 :
1247 1490 1339 1509 rerum
1356 1490 1450 1510 omnes
1468 1483 1604 1509 memoria:
1624 1483 1713 1517 lapsus
1731 1484 1815 1509 vitare

1023 1537 1074 1556 non
1101 1529 1206 1564 potuit;
1234 1536 1375 1563 exponens
1405 1529 1476 1555 enim
1499 1534 1625 1563 quartum
1652 1535 1734 1563 caput
1759 1530 1816 1563 cpi-

1023 1573 1097 1601 stola:
1126 1574 1135 1600 Ι
1158 1574 1241 1606 Petri,
1283 1574 1383 1610 allegat
1405 1580 1531 1601 octavum
1560 1575 1720 1601 versiculum
1747 1577 1815 1609 capi-

1023 1620 1056 1646 tis
1076 1627 1092 1646 v
1115 1619 1240 1654 Epistola:
1261 1620 1294 1647 ad
1311 1620 1457 1653 Romanos,
1490 1626 1544 1647 tum
1564 1621 1621 1647 huic
1635 1621 1710 1647 addit
1727 1633 1732 1648 ;
1753 1630 1762 1646 ι
1784 1621 1815 1647 Et

1023 1673 1084 1692 mox
1101 1666 1138 1692 ait
1156 1675 1163 1692 :
1178 1665 1231 1692 Pro
1244 1666 1340 1700 impiis.
1355 1676 1364 1692 ι
1381 1665 1461 1699 Quasi
1476 1666 1532 1693 hinc
1544 1667 1635 1698 verha,
1649 1675 1696 1701 pro
1713 1667 1814 1700 impiis.

1022 1715 1082 1745 post
1101 1715 1225 1737 octavum
1250 1710 1415 1737 versiculum
1438 1714 1596 1744 sequantur,
1625 1719 1687 1738 cum
1707 1717 1814 1738 exstent

1023 1756 1156 1783 versiculo
1171 1761 1249 1783 sexto
1264 1757 1386 1791 ejusdem
1398 1757 1507 1790 capitis.

1059 1802 1110 1829 Sed
1131 1806 1158 1829 et
1179 1803 1260 1829 aliam
1281 1803 1397 1836 adjicere
1424 1803 1511 1837 placet
1531 1803 1807 1833 animadversionem,

1022 1854 1082 1881 qua:
1109 1847 1192 1881 pluris
1220 1847 1308 1874 adhuc
1331 1847 1453 1874 facienda
1479 1852 1543 1880 est;
1566 1848 1657 1882 aliqua
1682 1849 1752 1874 enim
1779 1857 1812 1875 ex

1023 1891 1098 1918 hisce
1120 1892 1218 1918 erratis
1246 1900 1299 1918 non
1324 1893 1404 1919 modo
1425 1892 1534 1925 similia,
1557 1894 1602 1919 sed
1620 1893 1713 1919 eadem
1735 1893 1814 1927 plant:

1023 1937 1050 1964 in
1081 1942 1197 1971 utroque
1223 1942 1333 1964 auclore
1360 1945 1419 1965 esse
1447 1939 1576 1972 comperi.
1616 1938 1671 1971 lla,
1695 1939 1811 1972 exempli

1022 1984 1118 2018 gratia,
1138 1984 1210 2010 l’auli
1224 1985 1316 2014 verba,
1333 1983 1366 2009 Ut
1383 1984 1416 2010 sit
1431 1990 1522 2010 sancta
1538 1992 1656 2018 corpore,
1669 1990 1692 2011 et
1705 1985 1811 2019 spiritu,

1024 2030 1161 2065 theologus
1180 2030 1287 2064 quidem
1305 2023 1405 2062 noster,
1435 2039 1496 2065 pag.
1517 2031 1576 2064 160,
1599 2032 1709 2065 reperiri
1727 2032 1764 2057 ait
1788 2032 1813 2058 in

1022 2075 1140 2111 Epistula
1165 2077 1197 2102 ad
1223 2077 1366 2108 llebrmus,
1394 2085 1455 2103 cum
1482 2082 1589 2103 exstent
1619 2077 1644 2103 in
1671 2078 1756 2111 prima
1780 2078 1814 2103 ad

1022 2121 1188 2149 Corinthios.
1217 2121 1346 2157 Didymus
1368 2130 1434 2149 vero
1453 2123 1477 2148 in
1504 2123 1570 2149 libro
1584 2124 1707 2149 adversus
1728 2122 1814 2149 Mani-

1023 2169 1109 2194 rhwos
1132 2169 1227 2194 eadem
1244 2168 1326 2194 verba
1354 2168 1394 2194 sic
1414 2167 1503 2200 all'ert,
1521 2174 1548 2193 ut
1568 2175 1599 2193 ea
1616 2175 1667 2194 non
1684 2168 1709 2194 in
1728 2169 1813 2201 prima

1022 2213 1055 2239 ad
1067 2212 1223 2239 Corinthios
1238 2218 1347 2239 exstare
1370 2212 1495 2243 allirmet,
1515 2213 1561 2239 sed
1582 2213 1635 2238 alio
1653 2213 1679 2240 in
1699 2213 1767 2245 loco,
1786 2219 1814 2240 ut

1023 2259 1113 2286 inermi
1136 2267 1198 2294 pag.
1224 2259 1285 2292 160,
1310 2264 1367 2286 not.
1394 2259 1438 2286 10.
1468 2259 1562 2286 Simile
1583 2259 1646 2294 quid
1672 2267 1732 2294 pag.
1751 2259 1812 2292 388,

1023 2309 1078 2331 ιιοι.
1096 2303 1122 2337 9,
1141 2310 1167 2331 et
1183 2304 1247 2331 alibi
1262 2305 1434 2332 observatum
1448 2308 1499 2331 est.

1022 2374 1087 2400 CAP.
1100 2373 1167 2400 XVI.
1180 2373 1308 2400 Meritoria
1320 2378 1406 2400 tamen
1419 2374 1531 2408 pollebat
1541 2374 1670 2409 singulari
1680 2375 1812 2410 theologus

1276 2414 1363 2434 uoster
1379 2415 1404 2435 ut
1424 2410 1563 2443 Didymus.

1044 2456 1111 2483 ‘Sed
1128 2464 1188 2482 cum
1210 2463 1285 2489 opere
1298 2455 1324 2481 in
1341 2455 1418 2490 longo
1435 2455 1476 2490 {us
1492 2456 1527 2482 sit
1541 2453 1662 2490 obrepere
1682 2465 1813 2487 somnum,

1024 2509 1051 2530 ut
1065 2503 1177 2530 Flaccus
1190 2502 1238 2533 ait,
1255 2502 1352 2531 mirum
1368 2503 1467 2529 nemini
1483 2502 1564 2529 videri
1582 2503 1671 2535 debet,
1685 2503 1756 2537 quod
1769 2511 1815 2528 nu—

1023 2553 1125 2577 ctorcm
1144 2555 1274 2580 nostrum,
1290 2549 1351 2575 dum
1368 2549 1574 2575 innumerabilia
1585 2549 1648 2575 citat
1666 2548 1815 2582 Scriptura:

1024 2595 1104 2627 loca,’
1117 2596 1246 2622 memoria
1278 2594 1413 2621 interdum
1443 2594 1570 2621 felelleril
1596 2604 1602 2621 :
1631 2593 1695 2620 illud
1725 2596 1814 2628 potius

1022 2650 1118 2669 omnes
1136 2641 1317 2673 mirabuntur,
1337 2645 1411 2667 tanta
1430 2648 1490 2667 eum
1510 2640 1639 2666 memoria
1657 2640 1768 2674 pollere,
1786 2645 1814 2666 nt

1024 2693 1077 2715 tam
1112 2687 1194 2714 multa
1226 2691 1328 2721 praesto
1352 2694 1459 2719 semper
1487 2682 1753 2712 habentBiblinrnnt
1775 2693 1814 2713 lc»

1023 2733 1160 2760 stiiuonia.
1185 2733 1218 2759 At
1235 2733 1259 2758 id
1280 2734 1365 2765 ipsum
1394 2731 1505 2766 Didymi)
1525 2728 1708 2759 Alexandrino
1723 2733 1825 2771 :qrpri—D

1026 2777 1067 2805 nle
1098 2779 1242 2812 congruit,
1269 2778 1339 2812 quod
1370 2777 1443 2803 ilium
1473 2779 1604 2805 memoria
1639 2785 1813 2812 summopere

1026 2825 1141 2852 Voluisse
1157 2832 1217 2851 cum
1231 2831 1326 2853 omnes
1342 2832 1394 2853 uno
1406 2832 1453 2854 ore
1468 2828 1601 2852 testentur
1616 2831 1732 2858 veteres,
1756 2829 1811 2850 tum
