1904 3054
97 102 146 128 Ιῦἳ

810 95 854 120 DF.
879 93 1008 120 [tlUYAIO

1668 90 1720 120 I65

98 160 152 194 ejus
169 165 250 192 opera
269 156 440 188 conﬁrment,
462 154 579 181 maxime
602 161 666 181 vero
681 153 748 180 liber
765 152 802 179 De
817 152 880 186 Spi-
894 155 917 182 Α
937 150 994 184 ejus
1007 150 1034 175 in
1046 148 1137 180 vobis;
1154 148 1249 194 Latina
1268 154 1330 174 vero
1346 147 1442 180 Biblia,
1457 153 1561 181 propter
1573 147 1723 194 innutritu-

98 205 148 230 ritu
166 207 269 232 sancto,
285 200 475 227 Ennrrationu
493 199 519 225 in
533 197 668 232 Epistolas
684 197 836 228 catholicas,
851 202 879 224 et

98 257 155 283 qua:
172 252 313 280 supersunt
327 246 474 279 fragmenta
487 245 742 271 commentariorum
757 243 840 278 ipsius
854 243 880 270 in

99 302 172 322 sacra
189 293 271 320 Biblia
296 300 302 319 :
325 291 475 324 huiusmodi
505 290 576 318 enim
603 290 686 316 libros
707 298 721 315 a
742 296 814 316 eteco
839 290 882 315 di-

99 340 166 369 ctari
186 339 306 374 potuisse
325 338 366 363 vix
385 338 411 363 itt
427 337 546 363 animum
565 334 832 369 induceremnshnisi
848 341 882 361 ex

97 385 254 413 indubitatis
282 389 420 410 constaret
450 382 631 408 monumentis
660 389 721 407 etntt
748 388 799 406 non
827 380 883 407 Int'c

100 431 193 462 modo,
219 437 312 456 verum
335 428 388 454 alia
413 428 492 462 longe
515 428 601 461 plura,
626 426 689 457 into.
705 431 735 453 ιιι
752 425 883 460 Hierony-

99 483 160 503 mus
184 476 321 509 loquitur,
346 474 546 500 innumerabilia
568 479 649 506 opera
669 472 795 498 dictasse.
818 470 883 498 Novi

99 521 223 553 equidem
250 518 343 553 primis
368 518 494 545 ΕυιιΙθδίιυ
510 517 616 544 saeculis
645 517 776 551 plurimos
803 517 885 544 fuisse

100 566 278 597 Christianos,
294 566 339 599 qui
359 565 448 591 divina
471 564 604 590 volumina
621 569 750 590 nocturna
773 563 885 589 diurna-

101 619 154 646 qne
184 619 262 637 manu
297 615 433 636 versantes
471 609 626 636 memoriter
651 616 683 635 ea
716 608 883 635 edisrebant.

101 659 169 691 Quin
188 658 276 692 plures
292 657 373 683 etiam
393 655 530 682 exstitisse
539 662 592 683 non
611 654 763 685 iuliciabor,
778 653 826 687 qui
846 653 886 678 iu-

103 711 175 740 tegra
193 703 278 730 Biblia
304 702 418 729 Iideliler
434 702 492 728 sine
511 701 613 735 scripto
633 701 750 726 recitare
764 702 885 732 possunt,

102 756 131 778 ut
147 751 202 776 vult
218 755 311 776 auctor
324 749 511 782 Antiquitatum
525 746 633 773 Critices
647 751 710 772 lum.
727 745 745 775 I,
761 752 792 771 ac
805 743 887 771 Joan-

102 804 150 824 nes
174 797 295 831 Lyrouus
318 794 466 821 monachus
489 793 518 820 S.
539 792 623 818 Mauri
645 797 710 818 Ictu.
739 791 770 817 lll
792 791 886 817 tierunt

936 200 998 227 tem,
1013 199 1065 221 etc.
1083 202 1091 226 ;
1107 193 1246 226 theologus
1266 196 1355 218 autent
1371 197 1462 218 uoster
1478 199 1529 218 non
1544 192 1631 219 solum
1644 192 1719 227 legit,

932 249 978 276 per
998 239 1201 272 inliabitantem,
1217 238 1264 265 sed
1281 235 1432 265 et’alteram
1448 238 1591 266 lectionem
1614 244 1645 266 ut
1661 239 1718 266 Ma-

933 286 1108 314 Cedonianatn
1133 285 1271 318 improbat
1291 292 1298 311 :
1323 289 1350 310 at
1371 283 1500 318 Didymus
1520 284 1600 311 etiam
1617 285 1643 310 in
1659 284 1719 312 libr.

935 333 972 360 De
1000 332 1100 366 Spiritu
1121 337 1213 358 sant‘lo
1234 331 1308 366 legit,
1332 339 1378 365 per
1402 331 1601 363 inltubitautrm,
1620 336 1647 357 ut
1666 332 1720 358 dixi

934 388 996 415 pag.
1020 379 1082 410 180,
1109 383 1167 405 ιιοι.
1187 378 1214 405 5.
1237 378 1339 410 Tertio,
1361 382 1455 404 auctor
1469 383 1563 404 noster
1581 386 1641 411 pag.
1657 377 1720 409 247,

936 425 1075 454 haereticos
1116 424 1265 458 redarguit,
1281 424 1351 458 quod
1371 423 1396 450 iu
1412 424 1559 450 Biblioruut
1581 424 1721 457 exetnpla-

937 472 1012 499 ribus
1035 479 1066 498 ex
1081 470 1198 505 quodam
1224 471 1308 496 Amos
1327 470 1465 504 propheta:
1488 469 1546 496 loco
1565 477 1657 496 Vocem
1675 477 1722 504 ego

935 517 1120 550 abstulerint;
1158 517 1286 551 Didymus
1322 523 1385 542 vero
1417 516 1540 544 enmdetn
1582 515 1722 551 prophetat

936 567 1036 588 textum
1062 561 1179 588 atterens
1206 561 1232 586 in
1255 560 1325 587 libro
1344 560 1380 586 De
1404 559 1505 591 Spiritu
1537 567 1628 586 ranrto
1647 569 1720 586 nuttt.

937 607 970 634 Η
987 613 1013 634 et
1033 607 1077 638 59.
1100 611 1178 633 cavrt
1201 613 1234 633 ne
1256 607 1361 633 omittat
1374 607 1517 634 dictionem
1536 614 1591 640 ego.
1609 607 1721 639 Quarto,

936 661 996 680 cum
1014 654 1083 687 apud
1098 653 1230 679 Joannem
1251 660 1308 686 cap.
1325 659 1344 681 I.
1359 660 1429 678 vers.
1452 652 1496 684 18,
1510 659 1604 678 omnI-s
1624 653 1721 678 sditio-

940 707 988 726 ncs
1012 704 1066 725 tam
1096 697 1208 729 (inerte,
1233 706 1312 732 quam
1338 697 1449 729 Latinae,
1473 699 1527 724 i-uo
1544 704 1570 724 et
1600 698 1718 724 Alexan-

938 745 1032 771 drinus
1053 744 1137 770 codex
1164 744 1269 772 habent.
1294 742 1447 777 Unigenitux
1465 742 1559 776 Filius,
1580 743 1624 776 qui
1645 749 1680 770 est
1696 744 1723 770 in

937 790 996 815 sinu
1014 788 1102 816 Patris
1118 790 1171 823 ipse
1201 790 1354 821 enarravit;
1373 789 1511 823 theologus
1527 794 1615 816 tamen
1631 795 1723 817 noster

103 843 275 875 :ingnlarium
292 840 325 866 ad
334 840 451 870 litteras,
476 838 662 871 historiamque
674 837 857 870 spectantium,
871 844 885 862 a
902 831 923 858 Β
938 843 998 870 pag.
1016 835 1061 866 76,
1087 839 1115 861 ct
1140 834 1202 861 alibi
1225 843 1273 868 pro
1289 833 1444 868 Unigenitus
1464 834 1550 861 Filius
1569 835 1630 870 legit
1656 835 1722 862 Uni-

103 889 161 915 \iro
183 887 288 913 t'lariss.
314 885 394 913 Casio
424 885 568 911 lnnoccnte
591 883 720 910 Ansaldio
745 883 886 917 allegatus.

104 935 138 959 At
169 932 307 966 theologus
334 935 426 957 noster
459 938 511 957 non
550 934 653 956 tantum
687 936 780 956 sacros
806 929 888 955 libros

105 979 220 1004 niaxitna
234 978 327 1004 saltem
344 984 376 1003 ex
390 982 465 1010 parte
485 976 614 1002 memoria
631 975 752 1002 tenuisse
770 975 887 1007 videtur,

105 1030 196 1048 verum
214 1021 295 1048 etiam
313 1020 404 1047 onmia
424 1020 570 1054 Scriptura:
589 1019 656 1049 loca,
675 1027 734 1053 quin
754 1019 813 1046 usui
828 1027 889 1047 esse

104 1061 626 1102 possent,quotiesmnqueusitifXXVIj
640 1066 727 1092 futura
740 1071 826 1097 erant,
835 1073 889 1100 pra:

106 1112 192 1139 oculis
221 1111 324 1138 habuit.
349 1108 547 1143 Aliud’iutem
573 1115 613 1136 est
643 1108 783 1141 Psalmos,
814 1109 887 1136 verbi

105 1162 255 1190 cutsa,aut
275 1157 377 1190 integra
402 1155 484 1181 Biblia
509 1155 545 1181 ita
570 1155 697 1182 memoria
717 1155 843 1186 retinere.
860 1160 889 1181 ιιι

107 1205 164 1230 hinc
190 1203 216 1229 in
238 1201 353 1228 ecclesia
373 1201 415 1228 vel
435 1201 584 1227 dormitans
606 1201 761 1228 memoriter
775 1202 889 1228 recitare

106 1247 220 1280 valeas;
245 1247 317 1273 aliud
338 1253 402 1272 vero
425 1253 458 1272 ex
485 1245 731 1273 innumerabilibus
757 1250 888 1280 praeterea

110 1293 308 1327 Seriplnrartnn
333 1291 496 1319 testimoniis
527 1299 557 1318 ea
586 1297 694 1324 semper
714 1291 740 1317 in
763 1296 887 1325 promptu

107 1340 205 1365 habere
217 1343 297 1372 atque.
310 1336 415 1369 afferre,
432 1344 491 1371 qua:
505 1337 538 1363 ad
557 1344 612 1364 rem
635 1336 744 1363 faciant.
762 1335 828 1363 Illud
842 1344 889 1364 ex-

105 1384 228 1411 cellentis
247 1384 382 1411 memorite
395 1388 457 1416 est;
474 1383 525 1410 hoc
539 1389 614 1413 vero.
633 1387 662 1409 ut
675 1383 798 1417 equidem
816 1383 890 1410 arbi-

106 1435 172 1463 tror,
191 1429 428 1456 excellentissuma
448 1438 454 1456 :
471 1436 503 1455 ac
529 1429 592 1455 illud
615 1429 723 1463 quidem
748 1429 887 1464 Didymum

106 1475 193 1503 facere
211 1475 330 1509 potuisse
344 1475 410 1501 satis
425 1474 563 1508 probabile
580 1479 640 1506 est;
660 1475 710 1502 hoc
728 1481 792 1501 vero
807 1474 887 1501 theo-

105 1522 192 1557 logum
209 1527 342 1552 nostrum,
357 1528 402 1547 seu
417 1520 557 1556 Didymutn
574 1521 659 1554 ipsum
673 1521 769 1548 fecisse
782 1525 887 1548 certum

104 1576 135 1594 ac
149 1567 320 1594 manifestum
341 1571 391 1594 est.

104 1614 168 1640 CAP.
182 1613 261 1639 XVII.
279 1611 383 1638 Ean/em
405 1611 432 1646 in
449 1610 566 1646 theolnga
588 1617 694 1642 nostra,
709 1617 786 1646 alque
802 1613 829 1638 in
847 1611 890 1638 Di-

140 1649 215 1682 dynto
230 1648 403 1679 quorumdam
419 1645 564 1680 Scriptura:
583 1651 700 1672 tantum
720 1647 852 1674 lectiones.

141 1704 263 1739 Magnam
290 1703 373 1730 fuisse
396 1703 498 1738 Didymi
519 1707 598 1729 a‘tale
618 1704 644 1729 in
667 1702 768 1730 Graecis
786 1703 887 1730 Biblio-

105 1759 163 1776 rmn
181 1749 378 1783 exemplaribus
390 1755 434 1774 alit
450 1748 605 1781 lectionum,
617 1754 662 1775 aut
682 1749 888 1777 translationum

105 1796 273 1826 varietatem,
294 1802 372 1820 neruo
394 1794 500 1820 nescius
515 1798 565 1822 est.
584 1800 610 1820 ιιι
627 1795 751 1828 superius
765 1794 888 1822 dicebam

104 1849 165 1875 cap.
181 1840 249 1867 \‘Ill.
271 1841 414 1866 Videamus
431 1848 506 1874 ergo,
523 1845 611 1865 utrum
630 1839 770 1874 theologus
784 1847 887 1872 noster.

105 1893 137 1913 ae
162 1887 289 1920 Didymus
307 1886 414 1912 easdem
434 1884 596 1912 Btblicornm
621 1890 741 1912 textnnm
760 1886 889 1914 lectiones

104 1933 189 1959 secuti
210 1933 283 1964 sint;
308 1932 329 1958 si
355 1932 427 1958 enim
453 1932 560 1958 easdem
593 1933 662 1965 apud
679 1937 823 1966 utrumque
838 1933 888 1960 de-

104 1978 339 2012 prchenderimns,
351 1977 402 2004 erit
418 1977 468 2004 hoc
481 1984 588 2011 quoque
609 1985 660 2004 non
673 1977 730 2005 leve
746 1977 887 2012 iudicium,

103 2025 173 2058 quod
186 2023 305 2058 opinioni
320 2028 418 2050 nostra:
430 2023 601 2058 solii-agetur.
616 2022 714 2050 Verum
728 2032 780 2051 non
793 2032 888 2052 omnes

106 2069 181 2103 parvi
203 2069 283 2095 etiam
302 2069 429 2095 momenti
444 2068 585 2095 varietates
608 2069 776 2095 attendendte
800 2074 886 2103 sunt;

103 2122 174 2148 saepe
193 2115 264 2140 enim
285 2114 416 2147 contingit
436 2118 467 2141 ut
497 2121 579 2140 unum
607 2114 786 2148 eamdemque
809 2115 887 2142 Scri-

938 881 1039 915 genitus
1065 880 1133 907 Deus
1154 888 1163 907 .'
1188 880 1327 916 Didymum
1350 888 1412 907 vero
1442 881 1540 916 legisse
1569 881 1722 916 Unigem‘tus

940 927 1021 958 Deus,
1034 926 1158 961 quamvis
1180 932 1255 953 certe
1279 927 1393 960 probare
1411 935 1554 962 nequeam,
1572 929 1642 962 quod
1663 928 1723 954 nul-

939 972 981 999 lus
1005 979 1076 998 nunc
1104 976 1246 999 succurrat
1270 972 1355 1004 locus,
1386 973 1412 999 in
1439 980 1492 1007 quo
1517 978 1619 1000 textum
1648 973 1720 1001 hunc

939 1018 1042 1050 ali‘erat,
1056 1018 1107 1045 hoc
1121 1024 1209 1045 tamen
1221 1019 1298 1045 modo
1309 1024 1335 1045 et
1349 1026 1410 1046 eum
1425 1018 1521 1053 legisse
1535 1020 1642 1053 opinor.
1663 1028 1721 1047 cum

939 1064 999 1098 ejus
1016 1071 1122 1098 quoque
1137 1071 1285 1098 praecessor
1299 1063 1429 1098 Origenes
1444 1065 1590 1092 catechista
1607 1064 1724 1091 Alexan-

940 1108 1034 1135 drinus
1055 1109 1149 1135 eadem
1181 1109 1286 1135 ratione
1311 1108 1416 1143 legerit,
1442 1114 1470 1136 ιιι
1496 1110 1551 1136 diu
1585 1118 1648 1144 pag.
1676 1111 1720 1143 76,

940 1158 995 1181 not.
1014 1154 1039 1180 5.
1059 1154 1188 1189 Denique,
1209 1154 1337 1181 lectorem
1362 1163 1436 1190 rogo,
1455 1160 1482 1182 ιιι
1502 1163 1533 1182 ea
1558 1156 1646 1184 videat
1662 1164 1722 1191 qua:

939 1208 1000 1236 pag.
1020 1201 1127 1234 quidem
1150 1201 1215 1233 246,
1233 1206 1290 1228 ιιοι.
1307 1201 1334 1232 I,
1355 1202 1450 1236 scripsi
1467 1202 1501 1229 de
1517 1202 1589 1229 Pauli
1612 1203 1700 1230 verbis
1712 1222 1721 1235 ,

939 1243 1049 1279 Spiritui
1065 1245 1110 1272 Dei
1122 1247 1284 1278 seruientes;
1301 1246 1363 1273 alibi
1380 1255 1442 1274 vero
1455 1247 1488 1274 de
1505 1248 1565 1274 aliis
1582 1249 1698 1275 textihus
1713 1257 1721 1274 :

938 1298 988 1326 ego
999 1291 1069 1318 enim
1082 1299 1143 1318 cum
1153 1299 1247 1319 vet-ear
1263 1301 1295 1319 ne
1309 1293 1414 1327 longior
1429 1294 1493 1326 sim,
1508 1294 1559 1321 alia
1571 1293 1723 1328 huiusmodi

939 1337 1059 1371 exempla
1073 1337 1117 1364 hic
1133 1336 1230 1365 δῦθι-ιε
1246 1334 1418 1372 supersedeo.

973 1382 1013 1408 At:
1031 1382 1093 1408 illttd
1108 1383 1196 1417 potius
1217 1383 1297 1414 addo.
1325 1383 1359 1411 ab
1378 1389 1487 1411 auctore
1507 1385 1614 1418 quidem
1631 1390 1724 1414 nostro

939 1425 1084 1460 Scriptura:
1105 1427 1162 1455 loca
1179 1428 1217 1455 sic
1232 1435 1305 1463 saepe
1323 1428 1423 1461 aIIerri,
1440 1434 1467 1455 ut
1486 1430 1623 1457 sententia:
1637 1431 1723 1465 magis

939 1473 1087 1504 adhaereat,
1121 1482 1200 1508 qttam
1234 1475 1351 1506 verbis;
1387 1480 1412 1502 at
1437 1476 1530 1503 eadem
1561 1484 1590 1503 se
1622 1477 1724 1505 ratione

940 1519 1055 1553 gessisse
1075 1520 1214 1555 Didymum
1234 1520 1257 1547 is
1277 1521 1424 1554 comperiet
1440 1522 1484 1555 qui
1505 1522 1619 1549 Biblicos
1634 1527 1723 1550 textus

940 1565 975 1592 ab
1004 1573 1037 1593 eo
1064 1566 1194 1601 allegatos
1223 1574 1283 1593 cum
1307 1566 1409 1595 Grtccis
1445 1567 1538 1595 Bibliis
1566 1569 1722 1596 contulerit.

939 1610 1064 1638 Attamen
1089 1619 1149 1649 cum
1172 1612 1222 1639 hoc
1249 1613 1333 1648 ipsum
1353 1621 1405 1640 non
1429 1621 1491 1640 raro
1512 1615 1545 1641 ab
1566 1615 1626 1642 aliis
1641 1616 1721 1643 etiam

938 1655 1038 1684 factntu
1066 1665 1126 1684 esse
1151 1657 1307 1690 videamus,
1327 1667 1379 1685 non
1396 1665 1482 1693 potest
1504 1668 1551 1694 pro
1572 1666 1632 1687 nota
1652 1669 1721 1696 qua-

939 1702 999 1729 dam
1013 1702 1116 1734 haberi,
1126 1710 1178 1738 qua
1192 1704 1319 1739 Didymus
1332 1712 1346 1731 a
1363 1705 1473 1741 reliquis
1491 1705 1618 1734 Patribus
1635 1715 1723 1735 secrr—

939 1751 1030 1773 natur.

938 1801 1002 1829 CAP.
1016 1801 1106 1829 XVIII.
1116 1801 1227 1829 Easdem
1239 1809 1344 1838 uterque
1352 1805 1428 1838 a/I'ert
1440 1811 1567 1834 certarunt
1578 1807 1723 1842 Scriptura

1148 1842 1263 1865 textuum
1278 1841 1510 1874 interpretationes.

973 1894 1167 1922 Alexandrinos
1197 1896 1358 1924 catechistas
1382 1897 1527 1931 allegoriis,
1555 1898 1618 1926 dum
1639 1899 1715 1928 Scri—

942 1945 1039 1974 pturas
1063 1940 1322 1975 intetpretabantur,
1354 1942 1500 1971 delectatos
1531 1951 1592 1971 esse
1624 1950 1723 1973 norunt

939 1985 1066 2020 theologi.
1086 1985 1122 2012 De
1137 1986 1249 2021 [)idytno
1265 1992 1353 2013 autem
1370 1992 1461 2014 nostro
1478 1990 1601 2022 equidem
1617 1999 1648 2017 ea
1665 1999 1721 2025 pne

937 2029 1022 2056 oculis
1046 2030 1158 2063 habens,
1182 2037 1242 2065 quae
1266 2030 1292 2058 in
1317 2031 1400 2065 ipsius
1425 2033 1563 2066 operibus,
1584 2040 1630 2061 aut
1651 2035 1722 2071 (rag-

938 2075 1035 2103 tnentis
1060 2077 1205 2102 observare
1232 2084 1274 2103 me
1301 2077 1420 2109 tuemini,
1445 2078 1494 2104 tria
1527 2079 1583 2105 hinc
1603 2084 1722 2109 statuere

938 2128 1017 2155 posse
1033 2121 1096 2147 mihi
1127 2121 1229 2148 videor.
1246 2121 1265 2147 l.
1286 2121 1352 2148 Eum
1377 2123 1421 2148 ubi
1450 2123 1591 2152 luereticos
1613 2125 1720 2159 refellit,

103 2165 189 2193 ptum
205 2160 291 2186 locum
315 2167 385 2186 nunc
401 2167 454 2186 uno
469 2160 548 2186 modo
562 2159 662 2193 legant,
679 2168 751 2187 nunc
766 2161 831 2194 alio,
844 2161 885 2189 vel
901 2171 924 2198 υ
939 2172 991 2192 ιιυιι
1020 2165 1161 2199 allegorias
1185 2166 1281 2192 sectari
1305 2167 1488 2204 consuevisse'
1508 2169 1554 2195 sed
1568 2176 1599 2197 ex
1613 2170 1720 2198 littt-rali

103 2206 173 2239 quod
189 2206 344 2232 memoriter
356 2206 448 2235 citent.
468 2205 510 2232 vel
524 2207 594 2240 quod
607 2206 744 2238 minimas.
764 2207 885 2234 minimi-

102 2258 154 2284 que
183 2250 260 2284 pretii
290 2251 487 2285 discrepantius
517 2251 663 2285 negligant,
693 2252 736 2279 vel
775 2252 884 2280 detnum

102 2296 173 2330 quod
200 2297 278 2321 modo
301 2303 381 2322 unum
405 2295 545 2322 let-tionem
578 2297 654 2330 sequi
678 2297 781 2329 malint,
806 2298 884 2326 modo

102 2341 194 2367 aliam.
215 2342 339 2368 Attamen
363 2342 487 2375 qua-datu
506 2346 570 2368 tunc
595 2347 673 2368 erant
695 2343 720 2369 in
739 2342 883 2370 Btbliortnn

102 2387 239 2412 rodit-ibus
255 2391 411 2417 varietates,
424 2395 490 2421 quas
505 2387 633 2421 peculiari
652 2389 885 2416 :Initnudrerstone

102 2433 195 2465 dignas
226 2440 332 2459 censeo.
370 2432 425 2464 Ita,
455 2433 571 2467 exi-nqili
603 2439 707 2468 gratia,
737 2435 828 2462 Primo
858 2436 883 2463 itt

101 2477 186 2510 Epist.
202 2477 220 2504 ll
234 2479 267 2505 ad
280 2478 386 2509 Titi-55..
401 2486 460 2512 cap.
475 2487 505 2510 ιι,
523 2486 592 2506 vers.
609 2480 652 2512 15,
665 2480 756 2507 (ira-ca
777 2481 883 2515 quidem

101 2524 183 2550 editio
205 2525 297 2555 habet,
316 2523 369 2550 ἀπ’
386 2524 487 2559 ἀρχῆς,
502 2525 526 2550 id
544 2528 585 2551 est
605 2526 636 2551 ab
650 2526 742 2556 initio;
757 2526 884 2562 Didymus

101 2577 163 2595 Vero
184 2571 209 2596 in
225 2570 292 2597 libro
305 2569 340 2596 De
355 2569 456 2603 Spiritu
473 2575 564 2597 sancto
575 2571 637 2605 legit
654 2571 789 2607 ἀπαρχήν,
806 2573 830 2598 id
843 2577 885 2600 est

99 2616 247 2652 primitiae;
261 2620 289 2642 ut
310 2622 404 2643 auclor
420 2624 526 2651 quoque
548 2622 640 2643 noster
659 2617 723 2653 legit
738 2618 882 2652 primitias,

100 2666 131 2687 ut.
151 2662 205 2688 dixi
230 2670 290 2697 pug.
315 2662 376 2694 I23,
400 2667 455 2690 not.
479 2663 511 2690 4.
532 2662 665 2695 Secundo,
691 2665 716 2690 in
735 2663 822 2698 Epist.
850 2665 883 2692 ad

101 2705 236 2734 Romanos
262 2714 323 2741 Cap.
347 2715 408 2740 vni,
424 2716 493 2735 vers.
510 2708 554 2739 Η,
570 2709 654 2735 codex
670 2709 880 2744 Alexandrinus,

99 2755 128 2779 et
142 2750 234 2778 Graeca
251 2752 334 2780 editio
350 2753 464 2780 habent:
481 2761 530 2788 per
542 2753 732 2788 inhabitgntem
752 2754 882 2789 Spiritum

135 2805 144 2820 ‘
164 2805 172 2832 l
192 2804 254 2832 Cor.
273 2814 300 2838 ι,
327 2807 370 2834 Η.

938 2210 1086 2245 Scriptura:
1099 2218 1178 2237 sensu
1201 2215 1357 2244 argumenta
1379 2216 1470 2246 petere
1487 2213 1520 2239 ad
1538 2222 1584 2241 eos
1601 2214 1719 2252 [XXVII]

936 2255 1121 2282 conl'utatulos.
1140 2255 1172 2283 Il.
1184 2254 1251 2282 Dntn
1265 2255 1370 2284 Veteris
1385 2257 1549 2286 ’I‘cstamenti
1564 2260 1655 2291 lihros,
1674 2266 1719 2287 attt

938 2306 1030 2327 textus
1047 2301 1211 2335 explicabat.
1227 2301 1362 2334 allegoriis
1378 2303 1519 2331 indulsisse
1541 2313 1548 2331 :
1565 2312 1718 2340 propterea,

936 2352 965 2373 ιιι
997 2348 1107 2380 opinor,
1143 2349 1212 2381 quod
1249 2349 1336 2374 omnia
1370 2349 1395 2376 in
1421 2350 1507 2384 ﬁgura
1536 2353 1720 2387 contingebant

937 2392 1057 2419 Hebraeis
1070 2393 1091 2419 ‘.
1112 2392 1155 2419 Ill.
1171 2393 1200 2420 In
1213 2392 1280 2420 Novi
1298 2393 1460 2422 Testatueuti
1476 2397 1563 2424 verbis
1586 2407 1646 2425 raro
1659 2407 1719 2427 cum

936 2438 1078 2472 allegorias
1118 2440 1284 2473 cxpiscmum
1310 2448 1384 2472 esse,
1420 2442 1466 2468 seti
1493 2443 1599 2471 litterali
1629 2445 1719 2473 sensui

935 2484 1111 2520 plerumque,
1127 2489 1173 2511 aut
1185 2485 1242 2513 fere
1258 2493 1364 2520 semper
1379 2487 1534 2516 adhmsisse.

969 2529 1003 2555 At
1026 2530 1074 2556 tria
1091 2529 1147 2556 haec
1163 2531 1217 2564 ipsa
1237 2531 1262 2557 in
1280 2531 1402 2565 theologo
1423 2537 1502 2559 etiam
1519 2540 1612 2562 nosuo
1625 2534 1722 2562 obser-

934 2573 1005 2600 vavi.
1034 2575 1108 2601 Sicut
1123 2575 1195 2614 enim
1222 2575 1350 2610 Didymus
1367 2577 1392 2603 ιιι
1410 2577 1478 2604 libro
1501 2577 1537 2606 De
1553 2578 1600 2614 Sp.
1628 2585 1721 2608 sancta

935 2618 1146 2646 Macedoniuuos.
1166 2613 1338 2648 validissimis
1364 2622 1485 2650 conl'utat
1510 2626 1677 2658 argumentis
1706 2632 1722 2652 θ

936 2664 1045 2691 lilturali
1074 2665 1220 2699 Scriptura:
1250 2673 1330 2694 sensu
1359 2668 1491 2702 deductis,
1519 2670 1557 2697 ita
1580 2676 1606 2698 et
1628 2677 1721 2698 noster

934 2710 1053 2742 scriptor
1075 2712 1209 2744 Arianos,
1236 2711 1434 2747 Eunomianos,
1451 2715 1658 2745 Macedoniauos
1680 2718 1721 2745 sic

935 2756 1050 2789 refellit,
1076 2761 1104 2783 ut
1123 2757 1180 2784 fere
1196 2759 1286 2786 omnia
1304 2766 1461 2794 argtunenta
1476 2770 1492 2790 c
1509 2761 1656 2797 Scriptum
1672 2762 1718 2792 Iit-
