1904 3054
154 105 207 133 165

734 104 1016 135 COMMENTARIUS.
1036 120 1070 126 -—
1090 104 1154 132 LIB.
1174 103 1195 134 I.

1723 106 1773 135 I66

153 164 274 192 tet-aliter
289 163 431 197 explicatis
453 165 565 193 derivet.
589 166 629 194 Ac
643 166 868 201 quemadmodum
895 165 938 192 Di-
953 167 975 196 Α
989 165 1034 197 qui
1052 169 1172 191 uenturus
1189 171 1215 190 es
1228 162 1269 190 “?
1284 170 1364 198 quam
1381 163 1462 191 habet
1481 170 1543 198 pag.
1560 163 1605 196 2t,
1629 163 1699 191 haud
1713 164 1773 192 scio

153 210 250 246 dymus
260 210 380 245 quinque
396 210 620 245 Ezplanatianum
635 212 718 240 libros
731 213 759 240 in
777 211 936 239 Zachariam

155 257 193 283 ita
214 256 340 288 dictavit,
359 255 523 292 Ilieronymo
542 262 627 289 teste,
643 265 672 285 ut
694 262 748 285 tota
772 266 861 285 eorum
894 257 938 290 ὲξ-

153 301 255 338 ήγησις
264 301 403 336 allegorica
411 303 488 336 luerit
499 323 506 335 ,
522 310 544 329 et
560 304 678 332 ltistorite
694 305 738 331 vix
754 312 836 336 pauca
850 305 939 338 tetige-

153 352 216 375 rint.
238 349 272 372 ita
286 347 425 382 theologus
442 354 533 375 noster
546 348 590 375 Iib.
608 357 639 380 ιι,
653 357 713 384 cap.
732 350 776 381 M,
795 350 884 383 plures
899 349 938 376 si-

153 392 206 417 tnul
223 391 360 419 Zacharitc
376 393 458 424 ipsius
472 397 560 420 textus
577 394 698 429 allegatis
719 395 745 421 iu
766 396 881 429 quadam
897 396 938 422 di-

152 439 303 472 gressione,
333 438 476 472 allegorice
498 447 593 467 omnes
618 440 823 474 interpretatur.
845 449 876 469 ac
904 449 937 469 ea

153 484 267 510 fortasse
285 484 310 510 in
328 485 516 518 compendium
537 485 643 520 redigit,
662 494 721 520 qua:
738 485 765 512 in
783 486 835 513 illis
848 486 939 519 expla-

154 530 304 556 mttionibus
317 530 402 556 fusius
414 531 577 558 disseruerat
592 540 600 558 :
616 531 680 558 alibi
695 539 759 558 vero
773 533 871 566 smptus
885 532 937 558 alia

154 575 259 602 Veteris
275 575 439 602 Tcstzuncnti
453 576 510 602 loca
526 576 668 611 allegorice
679 577 798 611 exponit.
815 577 936 610 Demutn,

153 626 182 647 ut
208 622 234 647 in
254 621 382 656 Didymo,
401 622 437 648 ita
456 627 483 648 et
500 622 525 649 in
549 627 659 649 auctore
676 628 769 650 nostro
792 631 936 658 perpauca,

154 667 180 693 ni
198 667 283 699 fallor,
299 673 445 695 occurrunt
460 667 526 695 Novi
543 667 707 697 Tcstamenti
721 669 779 697 loca
794 669 938 705 allegorice

153 713 303 747 explanata.

193 758 301 791 Verum,
318 759 390 792 quod
411 759 497 795 magis
511 760 658 787 notandum
681 764 735 792 est,
750 760 839 788 multae
853 760 879 787 in
896 761 937 788 his

155 803 193 831 De
211 803 340 832 Trmitate
355 805 430 833 libris
443 811 590 833 occurrunt
604 811 723 834 textunm
735 807 882 841 Scriptura:
894 806 936 833 itt-

155 851 371 883 terpretatitutcs,
389 859 457 886 quas
471 852 494 877 si
511 860 572 878 cum
587 852 620 879 iis
636 861 824 889 comparemus
836 863 896 889 qua!
910 855 935 882 iu

154 893 266 928 Didymo
280 895 414 929 leguntur,
432 896 539 923 easdem
554 904 615 924 esse
634 898 796 932 invenimus,
811 905 839 926 ut.
854 900 937 934 pluri-

155 939 205 965 mis
221 940 246 965 in
262 940 445 967 notismouui.
466 940 533 968 Nam
558 941 578 974 I,
608 942 690 971 Joelis
715 944 805 977 verba,
822 946 936 981 exempli

154 985 248 1018 gratia,
262 984 405 1020 E/fundam
420 986 452 1013 de
467 986 568 1021 Spiritu
586 996 642 1015 mea
658 997 735 1024 super
754 999 855 1018 omnem
875 999 936 1018 car-

153 1031 242 1062 nem',
256 1032 347 1058 eodem
362 1032 440 1059 tuodo
458 1033 575 1068 explicat
587 1034 717 1069 Didymus
729 1035 777 1062 lib.
795 1036 834 1063 De
844 1037 891 1071 Sp.
905 1036 934 1065 S.

153 1083 228 1103 ιιιιιιι.
246 1076 288 1107 11,
305 1085 336 1104 ac
357 1077 496 1113 theologus
515 1083 607 1106 noster
628 1087 690 1115 pag.
712 1081 771 1108 117,
788 1081 819 1109 ll.
841 1082 936 1111 Psaltis

153 1122 245 1154 verba,
259 1121 400 1156 Signatum
413 1130 449 1150 est
465 1132 542 1159 super
555 1133 601 1153 nos
615 1126 702 1163 tamen
717 1128 803 1156 vultus
817 1130 866 1161 tui,
882 1130 937 1156 Do-

152 1168 221 1194 mine
232 1167 252 1200 ί,
269 1175 363 1196 auctor
375 1175 467 1197 noster
478 1172 510 1198 de
527 1171 628 1206 Spiritu
645 1178 737 1200 sancto
750 1175 858 1209 exponit
872 1183 932 1211 pag.

151 1213 214 1246 278,
229 1215 378 1250 eademque
395 1217 499 1244 ratione
517 1216 561 1244 illa
580 1219 686 1252 accepit
703 1219 830 1254 Didymus
850 1221 933 1254 pluri-

153 1258 203 1285 bus
220 1260 245 1286 in
264 1260 340 1293 locis,
355 1266 384 1288 ιιι
399 1262 454 1290 dixi
468 1263 567 1290 ibidem
584 1268 639 1291 not.
655 1265 681 1290 6.
697 1263 741 1291 III.
755 1264 803 1293 Ubi
817 1266 934 1300 Scripto-

153 1313 196 1333 ινδ
212 1306 316 1334 Veteris
328 1308 493 1337 Testameuti
510 1310 646 1338 brachium
662 1312 726 1344 Dei,
741 1318 787 1340 attt
801 1313 934 1341 dexteram

153 1350 200 1378 Dei
222 1353 372 1386 nominant,
394 1355 522 1390 Didymus
546 1355 642 1390 Filium
669 1356 713 1385 Dei
732 1358 933 1393 interpretatur,

151 1404 179 1422 nt
192 1398 247 1425 dixi
265 1405 320 1426 not.
337 1400 354 1427 6
376 1409 437 1436 pag.
455 1403 499 1433 ης
511 1403 580 1430 idem
593 1411 657 1430 vero
668 1403 734 1431 facit
749 1405 829 1432 tlteol.
843 1411 934 1433 noster

149 1443 178 1469 iu
194 1445 287 1471 eadem
306 1447 411 1480 pagina.
430 1446 474 1474 IV.
499 1448 598 1475 Christi
614 1449 713 1480 verba,
735 1449 794 1477 Non
809 1451 865 1478 ueni
886 1459 934 1485 pa-

150 1497 205 1516 cem
235 1491 347 1524 mittere,
363 1493 408 1518 sed
437 1493 595 1528 gladium’,
622 1496 662 1522 sic
690 1496 814 1532 intelligit
841 1503 933 1525 auctor

150 1541 242 1562 noster
262 1544 322 1571 pag.
340 1537 401 1570 H7,
417 1543 445 1564 ιιι
466 1546 563 1566 nomen
577 1539 659 1574 gladii
673 1540 805 1574 signiticet
827 1541 931 1576 sapien-

142 1579 224 1612 ‘tiam,
242 1587 293 1613 qua
310 1580 424 1614 Spiritus
446 1588 553 1609 sanctus
575 1583 704 1610 obdurato
725 1585 805 1611 corda
828 1585 931 1613 incidit.

151 1624 236 1651 Simili
251 1627 329 1652 modo
343 1626 469 1662 Didymus
483 1630 509 1655 iu
522 1628 741 1656 Enurrationibus
758 1631 790 1657 ad
812 1635 891 1665 caput
907 1639 933 1658 tv

151 1669 274 1704 Epistula».
286 1670 377 1699 Jacobi
395 1681 402 1699 :
421 1673 532 1701 Veniens
562 1674 639 1701 Jews
657 1675 791 1710 (inquit).
808 1695 816 1703 .
830 1695 838 1703 .
854 1695 861 1702 .
875 1677 934 1711 gla‘

150 1716 222 1741 dium
242 1716 310 1743 misit
327 1718 354 1744 in
376 1723 483 1746 terram.
505 1719 596 1747 Sermo
621 1729 742 1755 namque,
767 1727 790 1748 et
811 1723 932 1750 doctrina

149 1761 219 1787 illius
233 1762 336 1793 dividit,
353 1769 375 1790 et
390 1764 508 1799 abiuugit
526 1774 541 1791 α
559 1766 680 1798 terrenis,
697 1772 773 1801 atque
787 1767 932 1794 materiali-

151 1804 198 1832 ὀίω
213 1808 296 1834 rebus.
317 1808 347 1835 V.
365 1808 451 1836 Verba
475 1810 560 1843 I'auli,
583 1811 666 1846 Elegit
688 1821 735 1839 nos
754 1813 779 1838 in
795 1813 850 1847 ipso
873 1819 933 1840 tmte

150 1853 361 1880 constitutionem
381 1856 470 1882 mundi
484 1856 517 1888 '°,
531 1856 563 1883 de
576 1856 622 1883 Dei
639 1858 808 1892 prmseientia
824 1858 933 1893 exponit

152 1897 292 1932 theologus
311 1905 401 1926 noster
431 1908 490 1935 pag.
508 1901 578 1934 3M;
594 1904 740 1937 eademque
764 1903 866 1930 ratione
887 1903 931 1930 illa

154 1942 276 1978 intelligit
293 1943 422 1980 Didymus
439 1946 464 1973 in
483 1946 711 1979 Enorrationibus,
730 1953 758 1975 ut
774 1948 871 1975 ibidem
888 1949 931 1975 in-

155 1987 252 2015 dicari.
273 1989 395 2022 Detnunt,
413 1999 445 2017 ne
462 1992 567 2026 singula
588 1993 717 2026 atl‘eratn,
738 1993 848 2028 legenda
870 1998 933 2021 sunt

149 2040 208 2066 qua-
215 2034 309 2068 scripsi
320 2036 430 2070 p:tg.50,
440 2041 494 2063 not.
505 2037 532 2067 2.
543 2045 603 2071 pag.
615 2037 661 2070 28,
677 2043 731 2064 ιιυι.
743 2038 770 2069 5,
789 2046 848 2073 pag.
870 2038 930 2071 127,

150 2088 176 2106 ιι.
186 2079 278 2115 5,p:tg.
295 2081 354 2113 I77,
371 2087 426 2109 not.
439 2082 465 2114 2,
475 2091 535 2118 pag.
545 2082 606 2116 185,
620 2088 675 2110 ιιοι.
689 2083 715 2115 6,
729 2091 753 2118 p.
767 2083 894 2116 252.1t0t.
902 2086 929 2118 5,

150 2133 208 2160 pag.
225 2125 287 2158 277,
305 2133 361 2153 uol.
382 2127 410 2160 6,
428 2136 488 2162 pag.
506 2127 568 2160 259,
586 2135 643 2156 ιιοι.
658 2129 684 2161 7,
701 2135 728 2156 et
741 2130 802 2156 alibi
818 2131 928 2164 passim.

989 218 1022 238 an
1044 210 1133 237 multis
1147 209 1268 237 arridere
1281 214 1371 244 queat.
1384 209 1453 243 Quin
1475 209 1556 237 etiam
1571 209 1682 237 levicula
1696 218 1774 237 cont-

989 257 1109 292 pluribus
1134 255 1294 283 videbuntur
1315 263 1374 290 quae
1401 261 1548 282 occurrunt
1575 263 1635 290 pag.
1659 255 1724 288 515,
1740 255 1775 284 de

988 303 1077 330 verbis
1105 301 1216 329 Joannis
1245 301 1372 336 Tltcologi
1402 311 1409 328 :
1436 300 1469 328 Et
1491 301 1602 328 Ver‘mm
1618 308 1674 329 erat
1702 303 1774 336 apud

988 348 1116 376 Deum".
1142 347 1273 375 Nonnulla
1300 355 1363 374 vero
1385 347 1434 374 alia
1456 348 1576 382 eiusdem
1595 348 1702 382 generis
1721 355 1774 374 non

988 394 1151 425 indicamus,
1165 393 1236 428 qttod
1259 393 1315 419 fieri
1337 392 1414 419 facile
1433 394 1525 427 possit,
1542 397 1570 419 ιιι.
1586 401 1645 427 qua:
1665 400 1680 419 a
1698 393 1775 420 nobis

988 440 1068 472 levia,
1084 441 1177 466 eadem
1203 440 1236 466 ab
1251 439 1386 474 aliquibus
1402 439 1493 472 gravia
1521 439 1680 466 habeantur.
1705 438 1772 466 Illud

989 494 1052 513 vero
1061 485 1166 513 dillitcri
1184 493 1262 512 nemo
1276 490 1373 519 potest,
1386 486 1452 511 duos
1460 485 1553 512 saltem
1563 493 1595 512 ex
1613 485 1774 520 apocryphis

993 533 1099 559 Veteris
1119 531 1282 558 Trstautenti
1306 531 1382 558 libris
1404 532 1437 558 ab
1452 531 1510 566 ipso
1526 531 1616 561 citari,
1634 531 1728 557 librum
1741 529 1774 558 III

987 577 1088 609 Esdra',
1104 586 1129 612 p.
1140 577 1202 608 291,
1216 582 1242 604 et
1252 576 1549 606 oratiouenﬂlanas‘is.
1565 585 1591 610 ι).
1605 577 1656 605 599
1671 581 1697 604 ct
1711 576 1773 604 154.

1024 625 1058 652 At
1071 625 1169 652 similia
1188 625 1265 658 plane
1278 624 1303 650 in
1326 623 1437 659 Didymo
1451 623 1532 650 etiam
1547 624 1644 656 reperi.
1660 622 1687 649 In
1706 623 1775 649 libro

987 672 1094 706 quidem
1113 670 1150 697 De
1163 669 1264 703 Spiritu
1278 675 1367 697 sancto
1382 669 1549 704 gravissimis
1565 668 1770 696 Muci-douiatius

991 716 1130 752 redarguit
1162 716 1322 748 rationibus,
1353 720 1434 750 atque
1464 715 1501 741 ita
1537 715 1682 749 Scriptum
1713 715 1770 741 loca

987 763 1087 796 ubique
1101 762 1156 789 fere
1174 763 1284 796 exponit
1301 766 1330 788 ιιι
1354 761 1506 795 theologum
1527 761 1612 787 dccct.
1634 757 1772 795 [XXVIII]

989 808 1042 836 Sed
1057 808 1208 842 explicatio,
1228 815 1306 841 quam
1324 815 1398 833 nttnt.
1414 806 1448 833 50
1462 806 1571 832 adhibet
1585 805 1674 832 verbis
1688 804 1771 836 Isaiae,

987 853 1152 889 Congregans
1167 854 1272 880 dextera
1290 851 1405 886 Moysen;
1422 851 1454 882 ”,
1469 851 1495 876 itt
1512 850 1609 884 quibus
1628 849 1708 876 Mosis
1725 856 1773 875 no-

987 900 1061 927 mine
1087 899 1198 934 intelligi
1224 898 1305 926 etiam
1331 905 1410 932 posse
1437 897 1475 922 ait
1501 896 1587 930 legem
1615 894 1771 926 Mosaicam,

987 946 1058 974 haud
1072 947 1128 973 scio
1142 953 1175 972 an
1193 945 1316 980 ejusdem
1333 952 1393 969 cum
1411 942 1516 970 cmtcris
1540 941 1772 975 interpretationi-

986 992 1037 1019 bus
1064 990 1263 1025 sitgravitatis.
1285 990 1323 1016 Ac
1348 988 1411 1016 illud
1429 995 1536 1023 quoque
1563 994 1614 1013 non
1641 990 1708 1013 satts
1726 986 1771 1012 lir-

986 1045 1058 1065 mum
1082 1037 1215 1064 videbitur
1231 1035 1347 1070 cuipiam
1372 1035 1443 1069 quod
1468 1033 1506 1060 ait
1524 1033 1549 1060 itt
1568 1031 1770 1059 commentariis

986 1082 1018 1110 ad
1042 1089 1101 1116 cap.
1119 1081 1302 1112 vttActorum,
1321 1084 1393 1106 tomo
1410 1078 1442 1106 ιν
1457 1078 1649 1104 Anccdotorum
1668 1075 1769 1106 Wollii.

985 1136 1081 1163 nempe
1108 1128 1188 1154 verba
1217 1125 1383 1158 Salomonis,
1409 1132 1469 1159 quat
1497 1127 1605 1150 exstant
1626 1123 1652 1149 itt
1674 1121 1771 1149 Grteca

986 1172 1190 1200 Proverhiorum
1215 1171 1390 1198 translatione
1416 1177 1475 1204 cap.
1492 1177 1519 1202 v,
1548 1166 1589 1194 Ne
1612 1168 1710 1194 multus
1735 1167 1771 1194 sis

986 1226 1043 1245 cum
1069 1218 1172 1250 aliena,
1201 1217 1235 1244 de
1261 1223 1344 1243 uxore
1364 1216 1462 1243 tnarito
1483 1214 1576 1248 juncta
1604 1213 1690 1248 accipi
1716 1221 1768 1240 non

986 1270 1074 1297 posse,
1088 1263 1134 1290 sed
1151 1263 1183 1289 de
1199 1262 1369 1289 ethnicorum
1385 1261 1514 1296 sapientia
1525 1259 1686 1295 'accipienda
1700 1267 1770 1287 esse.

984 1309 1110 1336 Levicula
1131 1314 1206 1336 certe
1226 1313 1268 1335 est
1291 1307 1436 1342 explicatio
1453 1307 1495 1333 illa
1525 1306 1681 1337 verborum,
1706 1305 1772 1337 Quis

983 1354 1096 1382 ostendit
1108 1355 1180 1380 nobis
1193 1353 1259 1380 bona
1274 1352 1311 1379 “?
1321 1360 1401 1386 qttatn
1422 1352 1472 1378 etsi
1488 1358 1521 1378 ex
1538 1350 1648 1377 aliorum
1665 1355 1773 1376 senten-

983 1401 1019 1428 tia
1046 1400 1159 1432 all'erat,
1174 1407 1226 1426 non
1249 1398 1350 1432 respuit
1373 1403 1463 1424 tamen
1482 1397 1508 1423 in
1531 1397 1683 1431 fragmento
1701 1396 1772 1430 quod

983 1446 1054 1474 edidi
1071 1454 1132 1481 pag.
1154 1444 1217 1477 278,
1242 1449 1299 1472 ιιοι.
1315 1444 1332 1471 6
1367 1443 1557 1470 Leviusculum
1573 1442 1663 1468 itidem
1685 1441 1770 1468 videri

986 1495 1074 1526 potest
1090 1491 1161 1526 quod
1179 1490 1247 1524 apud
1264 1489 1383 1516 Nicetam
1401 1487 1607 1515 Heracleensem
1625 1487 1650 1513 in
1672 1490 1769 1513 catena

986 1546 1036 1565 ms.
1056 1539 1082 1564 in
1095 1537 1190 1564 Jobum
1214 1537 1264 1572 legi
1282 1538 1315 1564 ad
1337 1540 1417 1570 caput
1439 1543 1458 1564 ι.
1481 1541 1551 1561 vers.
1569 1532 1596 1560 2.
1617 1533 1682 1560 Cum
1698 1531 1770 1559 enim

983 1583 1051 1611 Jobo
1071 1589 1166 1617 septem
1187 1583 1266 1618 ﬁlios,
1291 1590 1322 1608 ac
1348 1587 1398 1607 tres
1420 1581 1490 1614 [ilius
1511 1580 1594 1607 fuisse
1619 1584 1710 1605 narret
1735 1577 1770 1604 ibi

984 1637 1062 1657 sacer
1073 1629 1200 1663 scriptor,
1215 1628 1341 1663 Didymus
1354 1627 1424 1654 binis
1434 1627 1507 1653 hisce
1521 1626 1641 1652 numeris
1657 1624 1771 1659 mystice

984 1674 1101 1708 acceptis
1118 1679 1213 1707 septem
1229 1672 1347 1707 Spiritus
1361 1672 1447 1699 sancti
1467 1671 1535 1698 dona
1548 1690 1555 1702 ,
1574 1678 1604 1697 ac
1620 1670 1770 1696 divinarum

983 1726 1158 1753 personarum
1178 1719 1322 1744 trinitatem
1344 1717 1478 1751 designari
1505 1717 1552 1748 ait,
1575 1716 1618 1742 ἴνα
1638 1715 1771 1750 μάθωμεν

983 1765 1032 1801 τὴν
1049 1766 1079 1791 ὲν
1103 1764 1199 1800 Τριάδι.
1214 1764 1305 1790 πίστιν
1319 1764 1369 1798 τῆς
1384 1763 1499 1798 ἑϐδόμης
1515 1763 1624 1798 χάριτος
1639 1759 1710 1789 εἶναι
1723 1760 1771 1796 δη-

984 1809 1125 1845 μιουργόν,
1140 1810 1164 1835 id
1184 1813 1236 1840 est,
1257 1815 1283 1835 ut
1299 1809 1441 1838 discamus.
1455 1808 1535 1842 [idem
1558 1816 1610 1841 qua
1629 1807 1656 1833 iu
1679 1806 1769 1833 Trini-

983 1859 1060 1880 tatem
1072 1854 1211 1885 credimus,
1227 1852 1398 1887 septemplicis
1411 1854 1506 1886 gratia:
1531 1852 1681 1878 creutriceut
1703 1859 1767 1878 esse.

983 1899 1172 1927 Leviusculum
1189 1900 1317 1933 denique,
1334 1903 1364 1925 ut
1379 1898 1431 1925 alia
1448 1898 1573 1925 nonttulla
1595 1903 1766 1931 prtclereaut,

982 1944 1009 1972 id
1025 1945 1117 1977 etiam,
1132 1944 1158 1971 ni
1176 1944 1264 1976 fallor,
1277 1951 1329 1976 est,
1342 1943 1413 1977 quod
1430 1951 1462 1970 ex
1479 1942 1696 1970 Euarratiouibus
1708 1949 1769 1969 mox

983 1990 1138 2018 aﬂ'eremus.

1017 2037 1092 2071 Quod
1119 2043 1183 2064 vero
1214 2036 1368 2071 apocrypha
1393 2035 1498 2063 Veteris
1517 2039 1562 2061 aut
1585 2033 1651 2062 Novi
1675 2034 1769 2061 Testa-

982 2083 1062 2110 menti
1076 2083 1224 2117 opusculaa
1241 2083 1350 2119 Didymo
1365 2078 1446 2109 etiain
1466 2086 1546 2108 cttata
1562 2080 1695 2107 interdum
1711 2081 1769 2107 fue-

982 2129 1046 2160 rint,
1062 2129 1149 2155 tribus
1168 2130 1282 2156 ostendo
1309 2129 1450 2162 exemptis.
1481 2127 1545 2154 Nam
1563 2125 1583 2158 l,
1605 2127 1674 2160 apud
1690 2125 1768 2153 Nice-

149 2172 213 2199 CAP.
234 2171 304 2200 XIX.
326 2172 522 2208 Ft'iyidiuscala
537 2177 658 2209 quwdum
688 2181 733 2202 aut
748 2181 817 2203 certe
831 2176 929 2204 ιενίοηι
946 2183 968 2210 Ι)
984 2178 1036 2199 tatu
1056 2173 1082 2200 in
1098 2171 1200 2200 Catena
1218 2171 1369 2200 Cnet-orum
1392 2171 1503 2198 Patrum
1519 2172 1544 2198 in
1559 2170 1591 2198 B.
1610 2169 1672 2202 Jub,
1695 2169 1768 2196 Lon-

385 2210 459 2235 habet
474 2216 577 2243 uterque
590 2215 691 2238 auctor,

182 2251 238 2279 Etsi
263 2258 356 2280 auctor
372 2260 464 2281 noster
489 2255 585 2282 validis
609 2257 777 2291 plerumque,
799 2258 853 2284 imo
876 2257 932 2285 fere

148 2306 255 2332 semper
273 2301 440 2334 argumentis
469 2301 609 2327 lucreticos
637 2301 757 2330 refellere
781 2303 882 2336 soleat,
901 2312 932 2331 ac

150 2351 179 2370 ea
197 2345 325 2376 SCrIbt'l'e,
341 2353 400 2379 qua:
417 2353 524 2379 gravem
542 2347 691 2381 theologum
707 2347 814 2379 dect-nt,
831 2348 932 2375 nihilo-

150 2390 238 2417 minus
253 2398 335 2424 pauca
349 2392 470 2424 quaedam
484 2391 510 2417 in
525 2399 557 2417 eo
571 2392 697 2426 leguntur
711 2399 781 2426 qua),
799 2401 859 2419 meo
873 2393 932 2428 qui-

149 2436 325 2469 tIt‘tltjlltIit'IU.
341 2438 520 2471 lrigidinscnla
535 2443 610 2470 sunt,
624 2443 669 2464 aut
681 2444 755 2465 certe
773 2439 931 2466 Ieviuscula.

150 2481 303 2515 llnjnsntodi
322 2490 382 2509 esse
406 2484 501 2517 opinor
521 2485 592 2519 quod
618 2492 678 2518 pag.
704 2484 756 2511 264
782 2485 878 2512 Scribit
900 2486 933 2512 de

148 2527 255 2554 nomine
270 2528 434 2564 περιστερά..
458 2537 622 2564 numeroque
644 2537 730 2563 DCCCI,
747 2537 824 2564 quem
849 2538 882 2557 ex
900 2537 933 2558 eo

149 2574 265 2604 nomine.
280 2575 343 2601 item
362 2580 391 2600 ut
407 2582 439 2601 ex
455 2574 540 2602 literis
559 2583 588 2607 α,
605 2581 632 2602 et
645 2584 668 2602 ω
679 2583 791 2610 magno,
809 2576 869 2603 elici
884 2576 933 2603 ob-

148 2623 246 2645 servat.
263 2619 368 2654 Frigida
381 2619 462 2646 eliam
478 2620 602 2647 videntur
615 2626 675 2656 quae
687 2629 747 2656 pag.
769 2620 803 2649 I8
821 2626 933 2649 exstant

148 2663 181 2691 de
202 2663 303 2691 Latinis
323 2666 471 2698 vocabulis,
496 2665 562 2693 l’ltts
585 2674 664 2702 quam
684 2668 823 2702 perfectus.
843 2666 929 2696 Inter-

149 2711 263 2743 pretatio
284 2716 373 2738 autem
392 2711 536 2739 verborum
557 2711 667 2740 Ioannis
687 2712 825 2747 Baptistae,
844 2712 883 2740 Tu
903 2722 930 2741 es

180 2766 259 2795 'Juél
280 2775 309 2802 tt,
329 2767 374 2795 28.
411 2768 423 2785 ⁸
438 2766 509 2796 Psal.
532 2776 567 2801 tv,
588 2770 614 2796 'l.

149 2809 223 2836 ant,
240 2803 281 2830 t2.
321 2803 343 2818 “
358 2803 427 2830 Psal.
444 2810 481 2837 tv,
493 2804 520 2830 t5.

980 2219 1036 2246 ditti
1056 2228 1127 2246 anno
1148 2219 1214 2247 1657
1229 2221 1310 2251 edita,
1327 2219 1424 2246 librum
1460 2218 1579 2245 I’us'oris
1595 2217 1691 2252 allegat
1706 2225 1766 2252 pag.

981 2264 1033 2291 202
1050 2274 1057 2292 :
1078 2265 1122 2300 qui
1141 2270 1228 2293 tamen
1244 2266 1277 2291 ab
1295 2265 1442 2292 Athanasio
1457 2271 1563 2299 quoque
1584 2268 1649 2290 tom.
1669 2262 1689 2295 1,
1705 2271 1765 2298 pag.

981 2309 1044 2342 893,
1061 2316 1087 2337 et
1100 2310 1163 2337 alibi
1183 2311 1313 2346 allegatus
1336 2310 1431 2337 fuerat.
1447 2308 1479 2336 Il.
1504 2309 1530 2335 In
1548 2308 1767 2335 lt'mtrrationibus

981 2355 1014 2380 ad
1037 2361 1095 2389 cap.
1121 2363 1150 2382 ιιι
1167 2355 1290 2389 Epistula:
1308 2354 1442 2382 [Joannis
1462 2354 1644 2389 apOt-ryphum
1666 2354 1764 2380 librum

982 2401 1058 2432 citat,
1077 2402 1121 2435 qui
1139 2400 1342 2435 λεπτογένεσις,
1367 2406 1413 2427 aut
1441 2400 1641 2436 μικρογένεσις,
1663 2399 1687 2426 id
1713 2403 1765 2430 est,

980 2453 1060 2480 parva
1075 2446 1192 2479 Genesis,
1216 2447 1439 2482 nuncupabatur:
1456 2447 1513 2473 hch
1526 2446 1597 2472 euittt
1620 2445 1655 2471 ibi
1672 2444 1766 2478 legun-

981 2496 1025 2518 tttt'
1040 2500 1047 2518 :
1065 2491 1135 2518 Nam
1153 2498 1174 2519 et
1192 2493 1218 2519 in
1244 2492 1310 2518 libro
1330 2493 1374 2525 qui
1397 2491 1589 2527 vatopeucsis
1604 2489 1763 2524 appellatur,

981 2538 1018 2564 ita
1040 2538 1145 2572 legitur,
1158 2539 1220 2572 quin
1239 2537 1306 2566 Cain
1323 2538 1418 2570 lapide,
1444 2543 1489 2564 ttat
1513 2537 1584 2571 ligno
1608 2537 1765 2570 percusserit

981 2581 1045 2608 Abel
1058 2588 1068 2607 :
1080 2584 1148 2610 unde
1164 2583 1341 2616 deputandum
1353 2591 1404 2609 non
1417 2587 1466 2614 est.
1480 2582 1646 2616 percussione
1657 2583 1708 2607 dict
1719 2589 1763 2607 so-

980 2625 1113 2653 lummodo
1127 2628 1186 2661 fieri
1204 2628 1311 2660 vulnus,
1325 2629 1370 2655 sed
1391 2628 1508 2654 absolute
1524 2635 1626 2654 onmem
1646 2626 1764 2662 plagam,

978 2679 1037 2706 quw
1049 2672 1231 2700 lacerationem
1246 2674 1310 2709 facit
1325 2673 1351 2700 in
1364 2680 1483 2707 corpore.
1496 2671 1540 2699 III.
1555 2672 1582 2699 Ιιι
1594 2678 1765 2699 commenta-

981 2717 1030 2744 riis
1048 2718 1080 2744 ad
1107 2724 1189 2754 caput
1201 2727 1248 2747 vut
1275 2720 1415 2752 Actorum,
1433 2723 1499 2745 tom.
1518 2716 1552 2745 IV
1574 2717 1766 2745 Anecdotornm

663 2769 780 2798 'Matth.
800 2778 827 2804 ι,
845 2771 888 2798 51».
929 2773 933 2787 ‘

985 2772 1065 2811 Iphes.
1093 2785 1111 2809 ι,
1137 2776 1163 2804 4.
1203 2777 1222 2792 ⁸⁸
1239 2776 1331 2805 Matth.
1345 2784 1382 2809 XI,
1393 2776 1419 2804 5.
1444 2774 1552 2812 “‘Joan.
1581 2775 1636 2808 ι,1.
1678 2774 1700 2790 ’³
1715 2773 1766 2804 Im.
