1904 3054
140 82 191 108 567

852 84 896 111 DE
916 84 1047 112 DIDYMO

1715 81 1767 109 ma

144 136 230 166 Wolﬁi
246 147 306 174 pag.
323 141 357 167 Εὖ
379 150 385 168 :
408 141 476 173 Quit:
493 148 562 171 tero,
581 141 676 175 inqttit,
695 143 720 168 in
737 143 870 169 canonicis
890 143 924 169 li-
940 146 961 173 Α
977 152 1008 169 at:
1025 144 1150 169 rhetorica
1165 143 1289 176 factmdia
1305 142 1395 177 procul
1409 142 1511 168 abesse.
1526 140 1638 167 Demum
1663 139 1726 166 illud
1738 143 1765 167 e‘.

138 184 190 210 bris
209 193 260 212 non
276 186 441 219 exprimitur.
458 194 508 220 quo
533 188 673 219 pervenerit
696 188 843 221 (Enocltus
856 189 876 224 ),
898 189 926 216 in

137 231 291 264 apocrynliis
314 232 339 257 in
354 232 506 264 paradisum
520 232 638 258 sublatus
653 239 823 261 memoratur.

137 275 201 302 CAP.
217 275 277 303 XX,
294 276 411 314 Plurima
431 277 565 314 theologus
582 283 669 303 noster
681 278 737 304 loca
757 278 832 305 habet
849 284 925 314 atque

173 318 324 349 argumenta
349 312 559 349 tirpersimilia,
585 321 644 347 qua:
667 313 693 339 in
713 314 790 340 editis
820 312 926 349 Didymi

172 346 292 378 operibus
305 348 480 378 reperiuntur.

172 411 257 444 Quam
272 412 386 446 plurima
403 413 428 439 in
449 412 572 447 theologo
587 419 680 440 nostro
691 414 750 441 loca
766 422 825 442 esse
841 420 923 450 atque

136 464 294 492 argumenta
318 459 350 486 iis
366 460 443 486 valde
459 460 559 492 omnia,
573 468 632 495 quae
648 461 673 487 in
690 461 793 496 Didymi
811 470 924 496 opuscu-

136 503 180 533 lis.
199 505 369 539 maximoque
394 506 420 532 in
443 505 511 532 libro
537 505 572 532 De
597 506 698 540 Spiritu
721 513 811 534 sancto
827 516 923 535 occur-

136 557 208 583 runt,
225 557 302 578 ettra
328 558 434 578 omnem
461 554 675 580 controversiam
693 555 808 587 positum
826 559 876 582 est.
894 554 923 582 ιιι

135 597 206 623 enim
230 597 330 631 possint
348 597 452 624 ostendi
480 598 505 624 in
534 599 613 625 nolis.
637 599 674 625 Νι
699 607 764 626 vero
784 607 842 633 qu:c
866 600 921 634 jam

136 642 244 675 scripsi,
265 651 357 670 rursus
380 644 468 671 dicere
486 652 577 678 cogar,
592 645 718 672 lectorem
735 654 809 681 rogo,
829 651 856 673 ιιι
872 647 922 674 has

136 693 287 720 percurrat,
310 697 341 716 ac
360 698 406 716 eas
422 691 570 724 prtesertim
594 699 654 725 qum
669 697 773 718 exstant
793 700 807 718 a
824 693 921 726 pagina

139 732 187 758 1ῦο
202 733 233 758 :ul
254 733 313 760 170.
329 733 387 761 Jam
402 742 465 761 vero
480 740 579 762 tantam
596 743 702 770 quoque
718 737 919 764 similitudinem

136 777 264 804 indicium
276 786 336 805 esse
347 780 443 812 opinor
455 787 507 806 non
519 782 754 811 contemnendum,
768 789 820 815 quo
837 782 919 808 nostri

977 188 1034 222 ipse
1048 189 1113 222 petit
1133 188 1230 214 ibidem
1252 195 1324 215 ntuu.
1343 187 1431 221 65,1”
1451 187 1495 220 qui
1515 188 1570 220 ejus
1586 185 1705 212 volumen
1725 187 1766 212 le-

976 240 1035 266 gere
1063 233 1189 264 voluerit,
1215 224 1320 260 munde!
1348 241 1374 259 se
1397 232 1428 258 ab
1451 231 1521 259 omni
1542 240 1617 265 opere
1636 232 1715 263 malo,
1740 236 1765 258 et

978 278 1181 312 cogitationibus
1206 278 1335 312 pessimis.
1359 278 1485 305 Potestne
1507 277 1592 309 maior
1612 278 1662 304 hac
1683 277 1765 305 etiam

978 322 1004 349 in
1023 331 1052 349 re
1071 323 1141 350 inter
1157 328 1299 357 utrumque
1313 323 1482 350 intercedere
1499 323 1657 349 similitudo.

1030 368 1094 396 CAP.
1110 369 1193 396 XXII.
1212 367 1351 403 Utriusque
1368 368 1451 403 stylus
1467 369 1533 394 idem
1549 369 1652 394 omnino
1669 373 1717 395 est.

1011 413 1089 440 Aliud
1113 421 1183 440 nunc
1198 419 1385 448 argumentum
1407 421 1440 440 ex
1457 414 1576 440 auctoris
1601 414 1695 448 nostri.
1716 413 1762 440 Di-

977 459 1102 494 dymique
1126 459 1196 493 stylo
1212 460 1354 486 deductum
1372 459 1550 493 adjiciendqu
1571 463 1624 486 est.
1642 460 1694 485 Sed
1713 468 1762 486 aa-

976 508 1085 539 teqnam
1100 505 1125 531 id
1142 505 1248 537 faciam,
1268 513 1387 538 quaerere
1403 512 1512 531 necesse
1535 510 1587 538 est,
1606 511 1696 532 utrum
1718 505 1763 532 Di-

975 549 1071 584 dymus
1097 549 1225 584 eloquens
1244 557 1276 577 ac
1295 550 1411 577 disertus
1433 550 1485 577 dici
1503 555 1593 585 queat.
1615 551 1670 583 Qua
1690 551 1715 577 in
1733 558 1763 578 re

975 596 1061 622 dicant
1088 595 1202 630 ingenue
1223 596 1293 630 quod
1310 596 1407 623 sentio.
1424 596 1554 631 Equidem
1571 597 1643 623 illum
1663 597 1762 623 doctis—o

974 640 1071 667 simum
1086 640 1178 674 fuisse,
1193 647 1274 676 atque
1290 642 1315 668 in
1335 641 1482 675 Scriptura:
1499 643 1646 676 prmsertim
1659 643 1759 675 studio,

973 691 1000 713 et
1017 687 1239 721 interpretatione
1255 691 1310 714 tam
1326 692 1461 714 versatum
1476 696 1555 722 quam
1573 689 1618 722 qui
1633 689 1759 720 maxime,

974 731 1087 759 libenter
1112 733 1247 765 concedo;
1265 734 1329 768 quin
1353 734 1453 766 multis,
1472 734 1558 767 iisque
1575 734 1700 769 gravibus
1715 742 1761 760 ra-

973 779 1091 806 tionibus
1121 779 1261 806 haereticos
1279 779 1312 806 ab
1337 786 1368 806 eo
1399 779 1494 810 refelli,
1514 779 1573 813 iure
1598 787 1677 806 nemo
1698 779 1760 806 inﬁ-

134 823 224 855 npcris
241 829 335 850 auctor
350 825 499 856 delegatur,
521 833 552 852 ac
566 835 635 853 unus
653 827 776 862 idemque
798 836 858 856 cum
876 829 922 856 Di-
937 813 958 840 Β
977 824 1041 851 ciari
1061 829 1156 858 potest.
1168 823 1220 850 Sed
1233 824 1254 851 si
1272 825 1304 850 de
1316 832 1347 851 ea
1364 824 1515 858 eloquentia
1530 833 1619 851 sermo
1630 825 1664 851 sit
1678 832 1759 859 quam

135 869 214 902 dymo
234 877 294 896 esse
317 870 460 898 indicetur.
479 872 513 898 At
531 874 626 906 putuit.
649 874 765 908 inquies,
784 875 924 910 theologus

134 913 184 940 iste
202 915 340 949 Didymum
355 917 464 944 imitari.
481 917 537 944 Non
555 919 679 946 dil'ﬁteor.
695 920 747 947 Sed
767 921 858 955 primo
871 931 922 949 non

133 959 197 986 illud
211 969 280 987 nunc.
295 963 433 995 quzeritur,
449 964 512 997 quid
529 964 585 990 ﬁeri
605 965 715 992 omnino
732 968 860 999 potuerit,
876 968 923 994 sed

133 1005 196 1038 quid
216 1007 381 1040 probabilius
408 1008 452 1036 sit.
479 1009 579 1036 Deinde
603 1010 638 1036 ita
658 1012 779 1045 qumdam
807 1013 922 1047 theologi

135 1052 220 1078 nostri
238 1053 292 1079 loca
308 1054 469 1087 quilmsdam
489 1055 593 1090 Didymi
614 1057 679 1083 locis
692 1057 789 1084 similia
806 1064 877 1091 sunt,
895 1064 923 1086 ut

131 1103 202 1130 srepe
225 1100 323 1125 ca-dcm
350 1099 492 1133 utrobique
517 1100 648 1128 lectiones
675 1103 921 1137 deprehendantur,

132 1142 210 1168 iidem
235 1144 382 1178 Scriptura:
407 1151 496 1173 tostus
523 1155 583 1173 cum
612 1149 704 1174 iisdem
721 1149 919 1181 atlditamcntis.

131 1186 211 1213 Iidem
230 1189 365 1214 memoria:
380 1189 481 1223 lapsus,
502 1191 570 1218 idem
590 1192 704 1226 denique
720 1193 814 1228 stylns,
831 1202 861 1220 ac
877 1202 920 1220 ra-

131 1231 275 1259 tiocinandi
295 1233 388 1262 modus
405 1244 411 1262 :
432 1243 491 1269 qua:
514 1237 602 1263 omnia
620 1242 648 1264 ut
664 1237 688 1264 in
705 1238 808 1266 duobus
823 1244 919 1267 aucto-

131 1278 207 1305 ribus
223 1284 275 1305 tam
292 1280 388 1307 similia
411 1282 476 1314 sint,
496 1283 539 1309 vix
557 1283 613 1310 ﬁeri
628 1292 706 1319 posse
720 1286 834 1314 videtur.

129 1324 194 1351 Car.
226 1325 296 1352 ΧΧΙ.
331 1326 473 1367 (priusque
505 1331 604 1367 scripta
643 1337 773 1359 auctorem
805 1332 919 1367 produnt

324 1363 420 1389 eisdem
444 1365 559 1391 moribus
575 1367 724 1399 prteditum.

168 1415 313 1442 Videndum
333 1426 404 1445 nttnc
420 1420 511 1450 etiam,
526 1421 622 1455 quibus
638 1422 758 1449 moribus
776 1425 916 1458 prtedilum

128 1467 158 1487 se
171 1461 266 1495 prodat
284 1468 397 1497 uterque
413 1470 524 1497 auctor;
547 1465 602 1492 ﬁeri
627 1467 698 1493 cuitu
718 1473 804 1501 potest
823 1473 850 1495 ιιι
867 1469 916 1496 ali-
930 1481 950 1508 ο

127 1506 197 1540 quod
223 1512 250 1533 et
265 1507 308 1534 isti
324 1509 401 1535 nobis
421 1510 548 1536 indicium
567 1511 781 1539 subministreut.
800 1513 864 1546 Quae
888 1515 913 1540 in

129 1551 253 1585 theologo
278 1554 386 1586 quidem
415 1560 507 1581 nostro
533 1556 634 1587 notavi,
661 1556 718 1582 ham.
745 1558 914 1591 potissimum

127 1603 188 1624 sunt
205 1607 211 1625 :
232 1598 252 1626 1.
265 1599 391 1626 Summus
413 1607 462 1633 pro
480 1601 611 1627 catholica
638 1601 662 1627 in
689 1601 848 1629 Trinitatem
864 1603 915 1630 lide

127 1645 201 1671 zelus
222 1645 247 1670 in
271 1649 326 1671 toto
349 1652 429 1678 opere
446 1645 550 1676 elucet,
571 1646 741 1680 maximeque
763 1655 823 1681 pag.
849 1647 912 1680 202,

128 1690 172 1717 ubi
187 1695 310 1724 paratum
333 1697 362 1717 se
375 1698 436 1717 esse
450 1690 590 1724 profitetur
606 1699 705 1718 omnem
718 1692 831 1718 laborem
849 1699 915 1719 stre-

127 1745 185 1766 nne,
199 1744 229 1762 ιιι·
243 1736 398 1770 periculum,
412 1737 434 1762 si
448 1745 511 1769 opus
528 1737 617 1770 fuerit,
631 1738 718 1764 subire
734 1746 779 1770 pro
792 1739 840 1764 lmt:
850 1739 911 1772 ﬁde.

125 1781 156 1808 11.
176 1782 212 1808 De
229 1789 258 1809 se
278 1782 336 1816 ipso
360 1782 417 1808 lucc
436 1782 490 1808 lere
506 1783 598 1809 scribit
617 1791 678 1816 pag.
694 1784 746 1810 255
766 1792 772 1811 :
798 1785 914 1811 Maxime

125 1827 197 1853 nobis
210 1832 263 1854 toto
277 1828 335 1853 vitm
350 1827 471 1859 decursu,
484 1834 510 1855 ut
520 1829 592 1854 nobis
605 1829 708 1863 quidem
721 1830 832 1862 videtur,
843 1839 913 1857 curta

124 1873 185 1912 fuit,
205 1878 231 1899 ut
256 1873 332 1900 nihil.
363 1893 369 1900 .
396 1894 402 1899 .
421 1875 651 1908 pronuntiaremus
674 1874 783 1912 [XXIX]
806 1885 837 1903 ex
853 1877 912 1903 odio

123 1919 149 1944 in
166 1910 330 1953 quamquam,
348 1923 372 1945 et
394 1919 541 1946 convicium
565 1921 707 1953 quodlibet,
736 1923 839 1948 tametsi
861 1931 912 1950 non

122 1964 262 1998 injustam.
284 1964 432 1991 vitavimus.
453 1964 625 1992 lll.Demisso
640 1974 671 1992 ac
694 1968 814 1994 modeste
836 1968 868 1994 de
883 1976 912 1995 se

123 2010 179 2045 ipse
196 2011 288 2043 sentit,
306 2019 336 2038 ac
354 2012 479 2046 loquitur,
499 2014 561 2040 (lum
577 2022 605 2040 se
627 2015 790 2047 indisertum,
806 2024 836 2042 ac
851 2025 911 2049 prc-

122 2062 235 2082 catorem
252 2062 330 2082 vocat
347 2065 406 2091 pag.
429 2058 490 2090 519,
509 2064 589 2092 atque
606 2061 741 2094 indignum
761 2069 822 2095 pag.
848 2062 909 2088 10L

122 2101 164 2128 IV.
185 2101 233 2134 Qui
249 2102 282 2128 de
295 2102 434 2129 divinitate
450 2103 582 2131 disserere
596 2105 669 2137 velit,
686 2106 709 2132 ci
731 2107 909 2133 necessariam

977 868 1003 895 in
1020 869 1148 900 isocrale,
1162 870 1188 896 in
1199 869 1388 900 Demosthene,
1409 869 1434 896 in
1452 869 1590 898 Eschine.
1601 875 1682 904 atque
1694 870 1760 897 adeo

977 915 1005 940 in
1024 914 1130 946 Basilio,
1146 914 1171 941 in
1188 913 1288 940 Joanne
1308 913 1510 949 Chrysostomo,
1522 914 1547 940 in
1563 914 1692 948 Gregorio
1710 915 1760 941 Na-

974 961 1102 987 zianzcno
1126 961 1297 994 suspicimus,
1325 961 1359 986 ab
1382 960 1432 987 hac
1453 960 1531 992 longe
1558 961 1642 995 ipsum
1666 963 1759 988 abesse

973 1006 1111 1034 existimo.
1128 1005 1255 1038 Quamvis
1267 1006 1337 1032 enim
1355 1005 1477 1032 Graecum
1494 1007 1632 1040 etemplar
1649 1007 1708 1034 libri
1722 1007 1759 1034 De

974 1052 1073 1087 Spiritu
1105 1058 1195 1079 sani-to
1216 1057 1296 1086 alqtte
1327 1052 1531 1079 Enarranonum
1549 1054 1693 1085 interierit,
1719 1058 1758 1079 ta-

973 1107 1033 1125 mcn
1049 1107 1079 1125 ex
1105 1098 1198 1125 Latina
1218 1098 1312 1125 horum
1339 1106 1449 1132 operum
1481 1099 1715 1132 interpretatione,
1731 1103 1758 1126 et

971 1151 1003 1170 ex
1021 1145 1121 1171 Grtrcis
1139 1153 1197 1178 qua:
1214 1149 1357 1179 supersunt
1371 1143 1427 1177 ejus
1441 1145 1585 1178 opusculis,
1600 1150 1680 1178 atque
1703 1145 1758 1171 fra-

972 1191 1087 1224 gmentis
1103 1198 1157 1217 rem
1175 1190 1210 1217 ita
1226 1199 1284 1218 esse
1306 1191 1488 1225 intelligimus.
1505 1190 1578 1218 Talis
1591 1191 1694 1218 scilicet
1712 1191 1758 1217 Di-

971 1235 1043 1268 dymi
1074 1236 1159 1262 oratio
1184 1237 1288 1262 videtur
1313 1236 1388 1268 tnihi,
1405 1237 1490 1270 qualis
1516 1237 1633 1263 auctoris
1659 1237 1754 1263 nostri.

973 1280 1039 1307 Nam
1065 1281 1237 1308 doctissimus
1259 1287 1284 1308 et
1303 1282 1351 1308 iste
1374 1287 1425 1313 cst,
1454 1287 1477 1307 et
1507 1282 1532 1308 in
1555 1282 1754 1315 Scripturarum

971 1333 1067 1360 campo
1092 1327 1189 1353 mirum
1214 1327 1240 1354 in
1269 1328 1375 1354 modutn
1401 1328 1573 1360 exercitatus,
1593 1332 1702 1356 strenue
1727 1329 1754 1356 in

970 1372 1140 1399 adversarios
1166 1373 1295 1404 decertat,
1312 1373 1532 1407 gravissimisque
1553 1378 1581 1400 ut
1608 1374 1754 1408 plurimunt

970 1419 1137 1453 argumentis
1154 1417 1200 1446 eos
1217 1419 1347 1452 conlutat,
1370 1423 1450 1454 atque
1474 1419 1607 1454 proﬁigat.
1634 1420 1686 1446 Sed
1715 1421 1756 1446 fa-

970 1465 1084 1498 cumlus,
1098 1465 1227 1497 disertus,
1245 1465 1373 1500 eloquens
1388 1473 1447 1493 meo
1466 1465 1574 1500 quidem
1588 1465 1689 1499 judicio
1702 1466 1754 1493 dici

968 1511 1069 1544 nequit.

1001 1555 1036 1581 At
1053 1561 1186 1583 emunctae
1209 1556 1283 1583 naris
1300 1556 1340 1583 vir
1365 1555 1554 1591 Hieronymus,
1582 1556 1702 1590 inquies,
1727 1556 1752 1583 in

967 1599 1086 1633 Epistola
1115 1601 1149 1626 84
1173 1601 1205 1627 ad
1233 1600 1436 1628 Pammachium
1458 1605 1484 1627 et
1514 1601 1661 1633 Oceanum,
1683 1600 1753 1633 Quid

966 1645 1136 1678 prudentior.
1168 1645 1222 1677 ait,
1258 1646 1377 1678 doctior,
1401 1646 1562 1681 eloquentior
1585 1645 1698 1673 Eusebio
1722 1654 1752 1672 ac

968 1691 1105 1725 Didymo?
1120 1691 1247 1718 Socrates
1260 1699 1322 1718 vero
1339 1693 1383 1718 lib.
1402 1699 1438 1725 tv,
1462 1700 1520 1726 cap.
1542 1692 1587 1723 23,
1611 1692 1753 1728 ἐλλόγιμον

966 1737 1050 1770 ipsum
1071 1737 1210 1772 Didymum
1227 1743 1316 1769 vocat,
1333 1737 1385 1765 hoc
1404 1742 1456 1771 est,
1473 1739 1598 1773 ut_vertit
1619 1739 1752 1770 Valesius,

964 1782 1172 1808 disertissimum.

999 1826 1106 1854 Fateor.
1128 1827 1226 1853 Verum
1252 1826 1366 1854 Ruﬁnus
1388 1835 1495 1862 quoque
1519 1828 1545 1854 in
1568 1827 1638 1855 Hist.
1660 1828 1750 1856 eules.

964 1872 1020 1899 haec
1037 1872 1070 1899 de
1087 1873 1198 1907 Didymo
1214 1877 1327 1900 testatus
1340 1878 1391 1901 est.
1409 1873 1497 1900 Etiam
1513 1883 1581 1900 num:
1607 1875 1634 1901 in
1656 1883 1750 1909 magna

965 1917 1140 1943 admiratione
1164 1917 1292 1944 habentur
1319 1917 1434 1952 (Didymi
1462 1919 1564 1953 opera).
1586 1917 1642 1944 Nos
1664 1923 1750 1944 tamen

962 1964 1006 1998 qui
1025 1969 1047 1989 et
1065 1964 1129 1990 vivat
1144 1965 1212 1990 cocis
1233 1963 1289 1998 ejus
1310 1972 1342 1990 ea:
1360 1969 1434 1997 parte
1460 1964 1547 1998 aliqua
1561 1964 1659 1998 fuimus
1673 1965 1750 1991 audi—

962 2014 1041 2041 tores,
1058 2015 1080 2036 et
1101 2018 1143 2041 ea,
1159 2018 1217 2044 qua?
1240 2019 1255 2036 ιι
1277 2010 1410 2036 nonnullis
1432 2010 1533 2036 dicente
1552 2019 1581 2036 eo
1607 2011 1747 2044 descripta,

962 2055 1070 2089 legimus
1093 2056 1169 2089 longe
1186 2055 1314 2089 majorem
1334 2056 1458 2089 gratiam,
1481 2061 1504 2082 et
1528 2056 1643 2082 divinum
1664 2056 1748 2082 nescio

961 2100 1034 2134 quid,
1051 2108 1080 2126 ac
1094 2109 1174 2134 supra
1194 2101 1337 2126 humanam
1356 2108 1443 2126 vocem
1459 2109 1566 2132 sanans,
1581 2103 1607 2127 in
1623 2101 1676 2128 illis
1690 2096 1748 2128 ma-

122 2154 181 2172 esse
202 2147 279 2174 docet
294 2155 353 2180 pag.
378 2147 438 2180 105,
464 2156 514 2174 non
540 2150 620 2176 modo
644 2151 840 2183 eruditionem,
861 2153 907 2179 sed

970 2145 1000 2177 iis
1026 2146 1199 2178 sermonibus,
1228 2146 1273 2180 qui
1298 2145 1330 2172 de
1359 2154 1402 2172 ore
1425 2146 1508 2177 ipsius
1537 2147 1747 2181 proferebantur,

121 2191 246 2225 pietatem
263 2199 378 2225 quoque,
397 2191 466 2219 bona
486 2200 578 2227 opera,
594 2201 625 2221 ac
643 2195 854 2223 meditationem.

155 2236 295 2270 Didymum
315 2238 394 2264 modo
407 2246 467 2265 cum
483 2238 635 2271 huiusmodi
659 2244 780 2273 auctore,
797 2242 903 2276 qualem

120 2281 323 2315 descripsimus,
339 2290 537 2316 comparemus.
553 2284 697 2313 Liliaxixno
711 2294 759 2321 pro
774 2289 905 2316 catholica

121 2327 154 2353 de
172 2326 304 2355 Trinitate
316 2329 438 2355 doctrina
455 2330 513 2357 zelo
524 2338 584 2357 eum
602 2331 796 2360 inﬂammatum
813 2334 905 2366 fuisse,

119 2380 231 2400 necesse
246 2381 299 2400 non
314 2377 355 2400 est
369 2375 511 2403 ostendere
527 2385 533 2402 ε
558 2378 624 2404 adeo
643 2378 782 2405 manifesta
807 2387 849 2406 res
868 2385 906 2406 cst

119 2426 180 2446 cuin
204 2426 236 2445 ex
264 2419 388 2446 omnibus
407 2420 464 2454 ejus
480 2422 619 2456 operibus,
640 2428 697 2450 tum
728 2432 759 2451 et
785 2430 905 2452 rctcrum

121 2465 288 2492 testimoniis.
307 2464 338 2492 ll.
355 2465 374 2492 A
389 2468 483 2500 quovis
498 2469 633 2500 convicio,
651 2471 722 2503 quod
747 2471 830 2504 probo
849 2472 906 2498 viro

120 2509 256 2542 indignum
276 2509 321 2540 sit,
340 2510 375 2536 ita
393 2511 543 2543 abhorruit,
557 2517 585 2539 ιιι
603 2514 628 2540 in
649 2513 717 2540 libro
742 2514 781 2541 De
804 2514 905 2548 Spiritu

117 2559 207 2581 sancto
239 2554 439 2588 Macedoninm,
475 2565 506 2585 ac
535 2557 750 2592 Macedonianos,
776 2561 906 2586 adversus

117 2608 185 2635 quos
199 2610 230 2628 ex
250 2602 372 2636 professo
384 2604 488 2636 scribit,
506 2612 538 2631 uc
551 2605 634 2632 semcl
647 2606 755 2640 quidem
772 2607 904 2638 nominet,

119 2650 145 2670 ut
164 2652 223 2680 pag.
245 2644 296 2673 173
326 2654 380 2675 not.
408 2650 419 2675 1
447 2651 634 2676 animadverti.
665 2651 707 2677 ill.
732 2651 851 2679 Dcmisse
879 2657 906 2679 et

119 2691 204 2723 ip-tmt
227 2693 258 2717 de
279 2701 306 2719 se
333 2695 467 2731 sensisse,
493 2703 523 2721 ac
540 2691 656 2722 Iorntuu‘t
672 2705 731 2724 esse
747 2702 851 2724 constat.
872 2706 904 2725 ex

119 2745 192 2762 num.
212 2737 246 2763 33
263 2743 287 2765 et
311 2739 343 2765 65
367 2737 483 2773 ejusdem
511 2742 595 2768 libri:
621 2744 762 2777 utrobique
787 2744 857 2770 cnim
876 2752 904 2771 se

119 2782 272 2809 indisertum
289 2792 347 2811 esse
371 2785 478 2816 fatetur,
501 2793 580 2821 atque
599 2789 629 2814 ab
646 2779 741 2824 eloquii
759 2795 902 2823 venustate,

959 2191 1122 2224 agnovimus.
1140 2191 1206 2218 Cum
1224 2192 1314 2225 itaque
1337 2199 1406 2225 stcpe
1425 2193 1580 2226 contingere
1597 2193 1746 2224 videamus,

961 2238 991 2260 ut
1006 2234 1087 2269 aliqui
1110 2235 1216 2270 ingenio
1235 2236 1350 2269 prmditi,
1369 2237 1433 2263 dum
1461 2237 1618 2271 l0qnuutur,
1640 2237 1746 2264 facundi

960 2281 1112 2314 videantur,
1142 2281 1196 2308 imo
1217 2281 1352 2307 interdum
1382 2282 1469 2315 reipsa
1497 2284 1567 2313 sint,
1600 2282 1671 2316 iique
1697 2282 1746 2315 ipsi

959 2335 1018 2354 cum
1030 2327 1163 2353 calamum
1176 2326 1355 2360 prehendunt,
1367 2326 1490 2358 ﬁaccida,
1502 2332 1547 2353 aut
1562 2327 1643 2353 etiam
1658 2328 1746 2361 inepta

959 2373 1098 2404 scribant,
1126 2373 1162 2400 ita
1183 2372 1239 2399 ﬁeri
1266 2377 1363 2407 potest,
1392 2377 1421 2399 ιιι
1446 2373 1586 2408 Didytnnm
1614 2373 1746 2400 dicentem

958 2421 1064 2454 quidem
1084 2420 1124 2447 vis
1141 2420 1239 2454 ingenii
1266 2425 1347 2453 atque
1372 2419 1453 2446 animi
1474 2420 1512 2446 sic
1530 2419 1696 2450 incenderet,
1718 2424 1746 2446 ιιι

957 2467 1085 2501 eloquens
1109 2466 1258 2498 videretur,
1289 2471 1316 2492 et.
1342 2466 1427 2499 l'oret;
1455 2465 1617 2492 scribentem
1644 2470 1745 2496 autem,

958 2520 1005 2539 seu
1034 2512 1123 2546 potius
1148 2512 1294 2538 dictantem
1323 2511 1404 2538 ardor
1430 2511 1474 2537 ille
1498 2511 1580 2538 animi
1607 2511 1744 2542 deﬁceret,

958 2566 1043 2591 eaque
1061 2559 1092 2585 de
1106 2565 1187 2585 causa
1202 2557 1260 2592 ejus
1277 2556 1448 2585 ﬁaccesceret
1466 2557 1564 2584 oratio.

973 2628 976 2635 .
993 2604 1124 2632 Cancrum
1145 2604 1215 2639 quod
1229 2609 1334 2638 spectat
1351 2604 1382 2630 ad
1402 2603 1558 2638 Hieronymi
1580 2603 1611 2629 de
1634 2602 1745 2637 Didymo

954 2650 1098 2686 judicium,
1126 2651 1148 2677 is
1171 2656 1215 2676 aut
1236 2650 1351 2676 Eusebio
1374 2650 1523 2681 duntaxat,
1549 2657 1601 2675 non
1632 2647 1745 2683 Didymo

957 2697 1136 2732 eloquentiam
1158 2698 1275 2724 tribuere
1296 2696 1446 2737 censendus
1460 2701 1512 2729 est,
1538 2701 1584 2722 alit
1600 2695 1744 2735 dicendum

957 2744 1056 2777 politis,
1079 2744 1250 2778 eloquentem
1268 2744 1302 2770 ab
1328 2744 1386 2778 ipso
1403 2743 1493 2778 vocari
1516 2743 1668 2778 Didymum,
1690 2747 1743 2782 non

957 2781 1027 2823 quod
1043 2790 1100 2823 ejus
1115 2790 1214 2823 scripta
1231 2797 1292 2816 cum
1308 2790 1414 2825 scriptis
1433 2790 1596 2818 disertorum
1611 2781 1742 2821 virorum,
