1904 3054
126 128 187 154 ’171

859 129 900 155 DE
919 127 1049 157 DIDYMO

1723 129 1775 158 172

135 195 188 224 qua
204 187 365 215 Manichaaos
378 187 459 214 alium
476 186 560 214 Deum
577 187 676 214 bonum
693 207 699 220 ,
719 187 800 214 alium
823 187 925 221 justum
940 189 965 217 Α
979 187 1048 214 rium
1062 188 1175 215 Icctione
1185 188 1273 216 minus
1282 193 1388 216 versam
1400 188 1483 216 videri
1501 188 1609 223 potest),
1626 196 1773 223 nusquam,

137 237 269 269 tingentes
303 233 410 260 relellit.
436 232 593 266 llujustnodi
617 240 680 259 vero
699 233 880 268 digressiones
895 233 923 260 in

138 285 231 306 nostro
247 279 328 306 etiam
345 279 469 313 theologo
484 279 601 306 inveniet
617 278 712 306 lector.
735 279 800 306 Nam
821 287 847 314 p.
861 279 927 311 ι295,

139 325 214 352 verbi
231 326 329 360 gratia,
346 325 430 352 Marci
445 330 547 352 textum
567 325 636 352 haud
657 326 765 353 brevem
783 326 817 353 ita
843 326 928 353 inter-

137 378 268 405 pretatur,
284 377 312 398 ιιι
331 379 361 399 ea
377 372 459 398 etiam
475 372 600 406 explanet
625 379 684 405 qua?
700 372 732 398 ad
757 372 925 406 propositum

138 422 323 451 argumentum
342 417 409 444 nihil
425 417 549 444 attinent.
568 418 605 445 Ac
620 418 708 444 simile
723 418 785 451 quid
809 419 928 445 occurrit

137 470 197 497 pag.
215 463 277 496 260,
303 468 330 490 et
343 463 528 496 sequentibus,
545 463 589 489 ubi
606 461 746 490 Zachariae
768 464 857 490 locum
889 464 929 492 sic

136 508 263 541 explicari
283 507 395 540 ridebis,
421 512 450 534 ut
467 508 522 541 jam
546 515 597 533 non
618 508 770 543 theologum
792 509 823 535 de
845 509 930 543 Spiri-

138 558 182 580 tus
200 553 285 580 sant-ti
313 553 454 580 divinitate
481 558 604 586 agentem
622 553 710 588 lcgerc
740 559 764 581 te
778 558 866 589 putus,
880 555 928 582 sed

139 599 313 633 interpretem
329 599 484 633 Scripturas
499 599 698 632 explanantem.
709 599 784 633 Quod
805 601 928 635 paginam

137 653 244 678 quoque
256 645 317 677 Elii,
334 645 451 678 aliasque
478 645 619 672 nonnullas
635 645 732 678 legenti
749 648 896 679 continget.

172 691 214 719 III.
238 692 380 719 ΠῙεὶΙιιειῘεΕ
405 700 436 719 ac
465 692 599 719 subtiliter
623 693 649 719 in
673 693 742 719 l.bro
765 692 802 719 De
828 692 928 726 Spiritu

138 745 228 764 sancto
247 737 375 772 Didymus
392 738 578 769 ratiocinatur,
604 739 655 765 etsi
678 738 712 765 ibi
743 744 898 773 argumenta
915 746 930 765 e

139 784 285 818 Scriptnris
315 790 418 811 tantum
442 785 520 811 ducta
544 784 674 819 proferat.
703 784 730 811 ld
746 786 832 819 ipsum
864 785 929 812 facit

136 835 162 856 ει
178 835 278 857 noster.

172 877 214 903 IV.
237 877 380 905 Vorabnlis
409 883 522 911 uterque
545 878 630 904 utitur
657 878 773 905 maxime
806 878 924 913 propriis

136 923 169 949 ad
186 923 353 957 explicanda,
371 931 417 950 seu
431 923 597 958 designanda
614 924 704 958 potius
728 930 786 958 qua:
801 925 834 951 ad
857 923 927 951 Tri-

136 969 228 996 nitatis
247 970 403 1004 mysterium
422 974 556 1003 spectant.

173 1013 202 1039 V.
225 1014 260 1040 Ea
279 1014 425 1047 Scriptura:
450 1014 517 1046 loca,
549 1022 581 1041 ex
608 1014 706 1048 quibus
737 1016 926 1043 haereticorum

135 1060 313 1093 blasphemias
332 1059 440 1092 refellit,
455 1068 535 1088 sensu
552 1061 651 1094 accipit
667 1057 857 1096 .I'ere’scmper
875 1070 926 1090 nou

135 1106 259 1140 mystico,
290 1105 336 1132 sed
355 1105 463 1132 littcrali
478 1126 485 1137 ,
506 1114 559 1132 non
580 1106 710 1138 violento,
735 1107 783 1133 sed
807 1108 925 1135 naturali

134 1159 195 1177 cum
209 1151 347 1184 theologus
360 1157 460 1183 noster,
478 1155 532 1177 tum
550 1151 688 1186 Didymus.

169 1194 214 1222 VI.
234 1194 350 1221 Nimium
375 1195 480 1222 subtilis
494 1203 546 1222 non
563 1201 605 1222 est
621 1195 763 1230 Didymus.
787 1196 836 1222 etsi
855 1197 918 1223 sub-

135 1241 218 1268 tiliter
233 1250 264 1268 ac
280 1241 417 1268 dialectice
446 1245 658 1276 argumentatur.
687 1241 841 1276 Eademque
870 1243 928 1270 laus

135 1287 258 1322 tln'ologo
273 1293 364 1314 nostro
378 1287 499 1314 debetac.

171 1332 227 1360 VII.
248 1334 283 1360 Sc
310 1334 394 1366 ipstun
411 1333 476 1360 citat
495 1340 546 1360 non
574 1341 636 1361 raro
661 1333 803 1369 theologus
827 1339 920 1361 noster

135 1379 197 1406 item
217 1385 243 1406 nt
264 1379 405 1414 Didymus.
421 1379 539 1414 Uterque
560 1380 640 1406 etiam
657 1380 802 1414 scriptores
815 1380 902 1406 citans
919 1400 926 1413 ,

135 1431 179 1452 aut
196 1425 262 1452 alios
280 1425 383 1459 aliquos
399 1426 550 1457 nominans,
576 1426 656 1452 breve
670 1426 788 1460 ipsorum
806 1425 922 1460 elogium

134 1473 233 1506 passim
250 1471 381 1506 adjungil.
398 1471 516 1506 Uterque
533 1472 647 1500 lectores
662 1473 795 1499 interdum
823 1473 856 1499 ad
875 1473 925 1499 alia

943 861 965 888 Β

134 1522 232 1551 prtcter
251 1518 305 1550 illa,
322 1524 382 1551 qua:
398 1517 486 1549 all'ert,
511 1518 658 1551 Scriptura:
677 1518 829 1544 testimonia
853 1526 926 1552 qn:c-
939 1534 960 1563 ο

136 1565 217 1588 rcnda
243 1564 359 1595 excitat;
384 1568 476 1589 noster
500 1563 625 1596 quidem,
648 1570 673 1589 v.
686 1570 739 1597 gn,
757 1571 815 1598 pag.
834 1564 887 1589 227
899 1569 926 1591 et

131 1608 184 1635 544
197 1617 203 1642 ;

133 1654 177 1680 tis.

171 1699 236 1726 \‘III.
257 1699 388 1726 Nonnulla
406 1701 503 1727 iterum
524 1707 555 1727 ac
585 1700 664 1728 tertio
679 1700 848 1728 inculcantur
864 1709 923 1729 cum

133 1746 159 1773 in
179 1746 246 1772 libro
260 1746 295 1772 De
311 1745 412 1780 Spiritu
426 1752 530 1778 sancto,
547 1751 602 1772 tttm
622 1747 646 1772 in
666 1747 717 1773 hoc
733 1754 826 1781 opere.

172 1791 218 1820 IX.
248 1792 320 1818 Satis
353 1793 431 1827 longa
466 1792 594 1819 cxscribit
628 1792 760 1819 interdum
795 1793 923 1828 Didymus

134 1839 280 1873 Scripturm
300 1839 355 1866 loca
367 1859 374 1871 ,
391 1839 471 1874 idque
488 1839 544 1866 sine
563 1846 659 1873 magna
685 1839 846 1866 necessitate
859 1859 866 1871 ,
894 1844 924 1866 ut

133 1886 222 1912 monui
247 1893 308 1920 pag.
335 1886 396 1913 5n.
429 1886 457 1912 Id
486 1886 571 1920 ipsum
597 1894 612 1912 a
642 1892 734 1912 nostro
766 1886 822 1912 lieri
850 1890 922 1919 patet

131 1941 192 1959 cum
208 1940 241 1959 ex
265 1934 358 1960 eadem
375 1941 437 1967 pag.
453 1933 515 1967 3W,
529 1937 584 1959 tum
601 1940 632 1959 ex
648 1939 725 1968 pagg.
742 1931 794 1965 56,
810 1932 854 1966 57,
868 1932 920 1966 at,

131 1979 176 2011 58,
195 1979 255 2010 194.
274 1979 325 2006 258
338 1985 364 2006 et
379 1979 441 2006 583.

167 2026 287 2060 Denique
299 2026 452 2052 dubitanter
466 2025 536 2060 loqui
554 2031 626 2052 amat
648 2025 789 2061 Didymus,
807 2024 844 2053 ita
867 2025 921 2052 sci—

131 2071 193 2097 licet
221 2076 251 2097 ut
274 2078 325 2097 non
342 2070 405 2104 quid
430 2072 486 2104 ipse
509 2073 617 2104 sentiat,
645 2071 760 2098 delinire
775 2070 848 2103 velit,
874 2070 919 2097 sed

131 2117 218 2151 aliqua
246 2116 340 2143 lectori
369 2117 547 2143 examinanda
588 2121 731 2151 proponat.
768 2116 853 2151 Ilujus
881 2116 919 2143 rei

130 2162 249 2195 exempla
267 2161 293 2187 itt
316 2161 537 2188 Eum-rationibus
564 2161 683 2188 invenies
699 2169 776 2196 pagg.
802 2161 846 2191 50.
861 2161 895 2188 54
911 2181 918 2193 ,

223 1608 352 1643 Didymus
371 1616 434 1636 vero
451 1609 477 1635 in
501 1609 567 1636 locis
581 1616 596 1635 a
618 1617 660 1636 tne
675 1617 735 1644 pag.
757 1609 807 1636 227
825 1610 925 1645 allega-

980 234 1099 268 inqnam,
1114 233 1248 262 lnereticis
1270 234 1364 270 objicit
1392 242 1442 262 nec
1474 235 1579 262 celebre
1597 233 1711 262 Joannis
1728 241 1769 263 ω.

980 280 1092 314 pitulntn
1102 302 1109 313 ,
1131 280 1194 308 Tres
1205 286 1266 308 sunt
1278 281 1323 314 qui
1337 281 1512 307 testimonium
1531 281 1594 306 danl
1615 280 1643 307 in
1658 279 1722 307 calo
1737 280 1771 314 “,

980 331 1008 352 et
1025 327 1139 360 reliqua.
1156 334 1243 362 neque
1260 326 1358 353 Nicatni
1370 326 1490 358 concilii,
1505 334 1591 360 neque
1612 325 1771 353 Constanti-

976 372 1129 405 nopolilaui
1143 393 1150 405 ,
1167 372 1305 406 multoque
1322 373 1410 400 minus
1422 372 1534 398 alterius
1551 371 1710 406 cujusquam
1725 378 1771 401 sv-

981 418 1042 444 nodi
1068 417 1249 445 deﬁnitiones.
1268 418 1403 445 I’rtnterca
1429 422 1616 452 argumentum
1633 425 1666 444 ex
1689 417 1771 444 tradi-

982 464 1053 491 lione
1070 464 1181 499 petitum
1199 465 1306 500 attingit
1330 463 1454 500 [XXXII]
1472 464 1580 498 quidem
1596 463 1703 496 alicubi,
1724 463 1772 490 sed

981 518 1032 536 non
1054 515 1142 545 urget.
1161 511 1224 537 illttd
1238 516 1340 537 tantum
1364 511 1498 538 haereticis
1521 510 1601 537 veluti
1623 510 1711 537 obiter
1726 517 1773 536 ex-

984 556 1114 590 probrare
1126 561 1279 588 contentus,
1297 564 1391 583 novatn
1404 563 1464 583 esse
1479 563 1572 582 eorum
1597 555 1746 582 doctrinam
1760 575 1770 588 ,

972 602 1105 637 ipsosque
1121 610 1153 629 ea:
1182 604 1336 629 inconcussa
1361 602 1438 628 domo
1455 622 1462 633 ,
1492 605 1521 627 ut
1562 601 1618 635 ipse
1653 600 1771 635 loquitur

981 656 1040 683 pag.
1060 648 1121 680 I74,
1144 655 1240 682 nempe
1254 655 1286 675 ex
1302 647 1419 674 Ecclesia
1431 667 1439 679 ,
1453 655 1578 682 egressos
1596 653 1667 674 esse.
1692 647 1770 673 Insu-

982 702 1029 729 per
1042 695 1166 728 quamvis
1182 702 1278 721 omncs
1293 693 1350 721 frre
1361 693 1509 727 Scriptum
1520 693 1610 719 libros
1632 693 1707 723 citet,
1733 692 1766 718 li-

980 741 1045 768 bros
1077 745 1166 768 tamen
1190 739 1415 771 Macltabteorum,
1441 739 1538 766 librum
1557 738 1660 771 .ludtlh,
1687 746 1720 765 ac
1734 738 1766 765 li-

981 787 1058 814 brum
1082 785 1179 813 Esther
1206 793 1342 820 nunquatu
1366 785 1474 819 allegat.
1504 784 1581 818 Saepe
1607 785 1687 811 etiant
1704 784 1767 810 dum

982 833 1038 860 loca
1059 841 1074 860 e
1102 832 1258 867 Scriptura,
1290 832 1383 859 aliisve
1401 831 1476 858 libris
1504 831 1592 863 all‘ert,
1606 836 1767 863 auctorum,

980 883 1026 905 aut
1042 878 1183 910 librorunt,
1199 879 1271 904 unde
1284 878 1425 912 desumpta
1444 882 1516 908 sunt,
1533 877 1642 903 nomina
1662 876 1766 903 reticet.

978 924 1055 957 Quod
1070 932 1133 952 vero
1153 924 1255 959 majore
1269 924 1374 950 videtur
1397 922 1631 950 animadversione
1645 922 1767 957 dignum,

979 971 1097 997 Ariatms
1124 970 1244 1004 quidem,
1279 969 1495 999 Macedonianos,
1527 976 1559 996 ac
1587 968 1768 996 Eunomianos

979 1017 1119 1048 nominat,
1143 1017 1190 1044 sed
1207 1016 1449 1047 Setuiariatmrum,
1467 1017 1674 1046 Anommortttn,
1693 1014 1767 1040 aliis-

979 1070 1030 1097 que
1047 1063 1182 1090 similibus
1196 1063 1443 1098 nuncupationibus
1457 1070 1593 1096 nunquam
1609 1061 1702 1092 utitur,
1716 1061 1767 1088 etsi

979 1108 1131 1141 lmjusmodi
1153 1108 1283 1134 vocabula
1310 1113 1407 1143 quarto
1422 1107 1504 1135 etiam
1520 1107 1648 1135 Ecclesiae
1665 1106 1768 1134 smculo

979 1153 1150 1186 invaluerint,
1166 1158 1194 1180 ut
1204 1161 1237 1181 ex
1256 1154 1407 1189 Epiphanio
1421 1159 1537 1185 constat,
1549 1153 1663 1187 aliisque
1677 1152 1767 1179 Patri-

979 1200 1039 1228 bus.
1054 1199 1194 1227 Postremo
1210 1200 1291 1233 Aetii,
1312 1200 1481 1235 Apollinarii,
1498 1199 1767 1234 MarcelliAucyraui

970 1249 1131 1276 nominibus
1159 1248 1266 1283 parcit;
1299 1247 1405 1274 ctiatusi
1431 1247 1502 1274 enim
1528 1247 1634 1273 Aetium
1660 1246 1767 1281 quidem

979 1302 1040 1330 pag.
1060 1295 1093 1322 Μ
1119 1293 1256 1325 confutet,
1276 1294 1330 1321 into
1349 1293 1406 1328 ejus
1427 1293 1508 1321 verba
1535 1292 1644 1324 atl‘erat;
1669 1291 1768 1326 Apolli-

978 1340 1046 1367 narii
1064 1348 1129 1368 vero
1151 1339 1275 1367 haeresim
1293 1345 1422 1366 memoret
1442 1347 1519 1373 pagg.
1537 1338 1589 1365 593
1603 1343 1631 1365 et
1650 1337 1702 1365 596
1714 1346 1722 1370 ;
1736 1344 1768 1364 ac

978 1385 1133 1412 Marcellum
1163 1385 1284 1417 refellat,
1315 1389 1343 1411 ut
1375 1385 1522 1412 verisimile
1548 1388 1610 1416 est,
1642 1383 1710 1410 libro
1736 1390 1765 1414 ι,

978 1439 1035 1465 cap.
1061 1432 1091 1458 3t
1117 1440 1125 1458 :
1141 1432 1210 1458 Aetii
1230 1436 1334 1463 tamen.
1357 1431 1515 1465 Apolliturii
1532 1438 1563 1459 ac
1581 1429 1696 1456 Marcelli
1715 1436 1767 1456 Ito-

978 1478 1050 1505 mina
1067 1485 1099 1505 ne
1114 1478 1196 1505 semel
1209 1478 1319 1512 quidem
1332 1482 1534 1505 commemorat.

1013 1522 1050 1549 Ita
1069 1522 1175 1556 quidem
1194 1522 1334 1557 theologus
1349 1528 1441 1549 noster
1456 1529 1484 1549 se
1502 1521 1593 1556 gessit.
1610 1521 1679 1554 Quid
1702 1528 1765 1548 vero

976 1566 1131 1602 Didymus?
1163 1567 1255 1594 Nonne
1284 1568 1364 1594 simili
1394 1568 1434 1594 Itis
1465 1575 1572 1603 quoque
1590 1567 1685 1594 modo?
1707 1565 1762 1593 [tuo

975 1613 1071 1639 eodem
1084 1619 1205 1646 prorsus,
1224 1612 1248 1639 ni
1262 1612 1349 1639 fallor.
1370 1611 1409 1639 Ne
1431 1612 1487 1647 ipse
1515 1613 1623 1646 quidem
1651 1611 1763 1639 .loannis

977 1659 1168 1691 testimonium|
1203 1659 1265 1686 Tres
1294 1664 1354 1686 sunt
1375 1664 1404 1686 et
1419 1664 1525 1692 cratera,
1550 1667 1668 1693 unquam
1688 1658 1765 1686 allen

976 1712 1063 1738 neque
1083 1705 1109 1731 in
1130 1703 1354 1731 Enarrotiunibus
1381 1705 1409 1731 in
1425 1705 1637 1738 primam‘ipsitu
1653 1704 1764 1731 Joannis

969 1748 1138 1782 .Epistolnm;
1151 1757 1237 1784 neque
1253 1751 1278 1776 in
1296 1751 1364 1777 libro
1373 1749 1410 1776 De
1425 1749 1525 1784 Spiritu
1534 1755 1633 1781 sancto,
1650 1756 1699 1776 nec
1712 1749 1762 1775 ali-

977 1795 1013 1822 bi.
1045 1795 1073 1822 Id
1100 1801 1189 1823 autem
1210 1804 1243 1823 ex
1263 1804 1295 1823 co
1325 1796 1428 1824 factum
1453 1804 1506 1822 non
1530 1796 1633 1827 dubito,
1649 1796 1763 1830 quodin

979 1842 1171 1869 Alexandrinis
1194 1842 1341 1869 Bibliorum
1371 1842 1571 1876 exemplaribus
1603 1846 1694 1868 textus
1721 1841 1764 1868 ille

975 1888 1175 1916 desideraretur
1196 1900 1201 1916 :
1224 1897 1285 1916 cuin
1307 1888 1415 1915 Arionis
1441 1895 1473 1914 ne
1490 1888 1525 1914 ab
1540 1887 1689 1915 Athanasio
1705 1887 1764 1922 qui-

975 1935 1034 1960 detn
1052 1942 1169 1969 unqttatn
1187 1935 1309 1970 objectus
1329 1935 1373 1967 sit,
1387 1942 1436 1961 nec
1454 1935 1480 1960 in
1498 1934 1689 1965 Alexandrino,
1717 1933 1762 1968 qui

972 1982 1106 2011 superest,
1135 1978 1229 2005 codice
1257 1979 1370 2014 legatur.
1400 1978 1504 2006 Nullius
1528 1985 1636 2013 quoque
1667 1978 1761 2014 synodi

973 2024 1137 2052 tnentionem
1153 2025 1233 2051 ullam
1251 2024 1316 2052 l‘acit
1332 2025 1460 2060 Didymus
1474 2035 1483 2059 ;
1498 2025 1594 2057 satius,
1613 2030 1641 2052 ut
1656 2025 1761 2060 opinor.

971 2075 1033 2096 esse
1058 2070 1159 2097 ducens
1184 2077 1199 2097 e
1242 2070 1401 2104 Scriplttris,
1432 2078 1545 2102 quarum
1574 2070 1761 2097 auctoritatem

970 2117 1151 2152 agnoscebant
1169 2117 1300 2148 lucretici,
1314 2125 1394 2152 quam
1409 2125 1443 2144 ex
1458 2117 1653 2152 synodis,quas
1668 2117 1703 2143 illi
1719 2117 1764 2144 de-

972 2163 1133 2198 spiciebant,
1164 2163 1359 2198 argumentari.
1387 2163 1461 2190 Ilanc
1488 2164 1550 2191 item
1577 2164 1612 2191 ob
1641 2171 1760 2196 causam,

129 2207 174 2239 55,
205 2207 236 2234 71
251 2212 278 2234 ct
298 2207 342 2237 88,
365 2207 535 2234 Bibliotheca!
552 2206 663 2233 Patrum
689 2208 816 2235 editionis
841 2208 914 2235 Pari-
932 2206 955 2233 D
970 2210 995 2236 ni
1012 2210 1099 2241 fallor,
1136 2217 1169 2236 ne
1198 2209 1369 2237 traditionem
1396 2211 1505 2244 quidem
1533 2218 1696 2245 magnopere
1717 2218 1763 2238 us-

129 2254 225 2281 siensis
241 2253 302 2279 anni
319 2252 405 2285 IGM;
423 2253 448 2279 in
462 2252 528 2278 libro
542 2258 631 2279 autem
651 2251 689 2279 De
705 2253 808 2287 Spiritu
826 2257 916 2279 sancto

129 2306 206 2334 pagg.
232 2299 290 2330 I60,
310 2299 370 2330 161,
387 2299 448 2331 162,
466 2299 520 2326 164
535 2299 660 2326 editionis
676 2298 851 2326 Veronensis.
873 2298 916 2326 Si-

130 2345 201 2370 milia
216 2352 280 2371 rero
307 2345 428 2380 exempla
461 2345 486 2371 in
513 2344 636 2380 theologo
649 2350 741 2372 nostro
770 2350 917 2372 occurrunt

128 2399 205 2426 pagg.
222 2390 354 2424 l98,‘28l,
370 2391 431 2424 ΥΠ,
448 2391 501 2418 5M
517 2397 543 2418 et
555 2391 617 2418 417.

126 2448 190 2475 Cm.
212 2448 305 2476 XXIII.
326 2447 462 2475 Notabile:
480 2449 600 2489 garrulam
621 2449 647 2475 in
669 2454 776 2484 utraque
790 2449 916 2484 scriptore

435 2492 596 2510 omtsswnes.

161 2529 234 2556 Satis
255 2528 353 2555 tnultas
373 2527 428 2562 jam
443 2535 476 2554 cx
500 2528 533 2554 iis
547 2535 606 2562 qua:
628 2528 736 2562 scripsit
759 2534 855 2555 auctor
868 2537 916 2556 no-

127 2580 191 2607 Ster,
215 2574 386 2608 conjecturas
409 2574 561 2600 rationesve
578 2573 802 2608 deprompsitntts.
823 2573 912 2607 Quid-

127 2620 153 2646 ni
176 2627 209 2647 ex
233 2620 274 2647 his
295 2620 377 2647 etiam
402 2624 622 2654 argumentemur
645 2626 703 2653 qua:
727 2619 783 2654 ipse
808 2619 913 2646 tacuit?

125 2672 187 2692 cum
215 2666 271 2692 lucc
299 2673 408 2701 quoque
432 2673 485 2692 non
510 2665 681 2692 mediocriter
694 2665 789 2699 jut‘eut
802 2673 912 2693 causam

127 2718 224 2738 meatu.
244 2711 380 2746 Nusquam
395 2712 475 2746 igitur
492 2712 517 2738 in
536 2711 621 2738 tribus
645 2711 720 2738 hisce
736 2711 815 2738 libris
830 2712 912 2746 (quod

127 2757 224 2782 mirum
241 2757 356 2790 cuipiam
373 2757 399 2783 in
413 2763 535 2783 veterum
555 2755 662 2783 Patrum
685 2754 792 2790 Didymi
814 2764 912 2791 suppa-

165 2848 185 2863 “
207 2846 215 2873 I
230 2845 308 2874 Joan.
325 2853 351 2878 v,
364 2845 379 2872 7
392 2853 452 2880 sqq.

971 2263 1050 2289 quam
1065 2260 1150 2290 urget,
1161 2255 1207 2282 sed
1218 2256 1306 2282 obiter
1319 2261 1422 2283 tantum
1439 2263 1498 2283 eam
1510 2257 1617 2292 attingit
1630 2265 1637 2283 :
1654 2261 1682 2284 ut
1697 2264 1759 2284 cum

971 2301 1047 2328 initio
1074 2301 1133 2328 libri
1154 2301 1194 2328 De
1218 2301 1320 2336 Spiritu
1345 2307 1435 2329 sancto
1461 2303 1500 2330 sic
1526 2302 1647 2338 loquitur
1667 2313 1672 2330 :
1696 2302 1760 2330 Hm:

969 2348 1001 2373 de
1016 2347 1115 2380 Spiritu
1129 2353 1219 2374 sancto
1241 2347 1380 2382 jactitant,
1394 2357 1454 2383 qua:
1468 2357 1549 2383 neque
1569 2350 1596 2375 in
1612 2349 1758 2383 Scripturis

969 2393 1046 2425 lecta,
1075 2400 1155 2428 neque
1183 2402 1198 2420 a
1221 2402 1351 2429 quoquam
1379 2395 1618 2423 ecclesiasticarum
1646 2402 1759 2423 veterum

970 2443 1098 2473 usurpata
1137 2444 1207 2466 sunt.
1236 2439 1363 2468 Veterum
1395 2442 1466 2468 enim
1495 2441 1605 2469 Patrum
1635 2443 1759 2470 testiino-

973 2485 1016 2511 nia
1042 2484 1096 2511 illis
1134 2483 1272 2518 objectare
1301 2493 1531 2519 supervacaneum
1559 2487 1678 2519 fuisset.
1713 2487 1756 2521 qui

971 2531 1036 2557 alios
1061 2534 1159 2564 praeter
1186 2531 1291 2564 Arium,
1325 2531 1542 2564 Eunomium,ac
1557 2532 1754 2565 Macedoniam,

966 2586 997 2605 ne
1018 2577 1111 2603 audire
1127 2577 1231 2612 quidem
1252 2578 1380 2612 uolebam,
1399 2585 1426 2606 ut
1447 2580 1484 2606 ait
1504 2580 1644 2615 theologus
1667 2584 1757 2607 noster

967 2631 1027 2658 pag.
1053 2622 1115 2655 260,
1143 2623 1242 2658 quique
1257 2631 1318 2651 cum
1332 2631 1396 2652 suas
1411 2625 1552 2660 opiniones
1573 2626 1633 2652 lldei
1647 2626 1757 2652 Patrum

967 2669 1149 2703 doctrinaeque
1166 2670 1319 2698 contrarias
1349 2678 1410 2698 esse
1432 2679 1485 2699 non
1507 2673 1687 2706 ignorarent,
1707 2671 1756 2698 Ca-

967 2715 1082 2742 tholicos
1111 2714 1144 2742 ad
1171 2714 1340 2749 Scripturam
1372 2717 1456 2744 solam
1487 2717 1669 2752 provocabant
1687 2736 1695 2748 .
1729 2720 1758 2745 ut

968 2759 1058 2786 multis
1088 2765 1147 2794 post
1163 2761 1268 2788 saeculis
1293 2762 1390 2790 nefarii
1415 2767 1545 2798 apostatzc
1563 2762 1687 2790 fecerunt
1703 2762 1757 2790 Lu-
