1904 3054
172 170 221 198 I75

168 231 261 256 therus
287 232 369 262 atque
400 229 525 257 Calvinus
547 239 553 256 ε

169 275 334 302 intoleranda
353 275 397 302 illa
417 282 497 310 atque
514 277 709 304 absurdissima
729 278 821 312 opinio
837 279 862 305 in
878 286 953 306 men-

168 327 221 349 tetn
238 328 358 353 venerat,
376 328 404 349 ιιι
419 323 513 349 Patres
532 322 639 350 Nicaeno
656 324 772 350 concilio
790 325 953 352 vetustiores

167 368 199 394 de
215 367 286 399 Filii,
299 373 345 394 aut
363 368 480 403 Spiritus
496 369 581 396 sancti
598 369 741 396 divinitate
761 378 813 397 non
841 370 876 397 ita
890 378 952 397 sett-

167 414 277 446 sissent,
294 414 520 448 quemadmodum
539 415 668 442 catholica
688 416 773 443 sensit
788 416 916 443 Ecclesia.

167 472 175 487 ν,
203 460 299 487 Libros
316 468 378 487 vero
393 452 618 494 Machabmorum,
633 461 735 494 .luditlt,
757 467 785 488 et
802 462 900 489 Esther
919 469 953 489 ne

168 507 298 542 Didymtts
312 507 419 540 quidem
444 507 469 533 in
488 507 542 533 ttllo
556 515 588 533 ex
600 507 678 534 editis
698 507 826 542 operibus
843 507 952 542 allegat,

171 550 242 584 quod
257 550 341 576 sciam
363 551 440 576 :sive
454 551 524 584 quod
538 550 610 577 nulla
636 551 685 585 ipsi
712 559 759 578 eos
784 553 882 579 eitandi
905 560 951 579 oc-

169 597 243 624 casio
258 596 346 623 oblata
362 597 408 629 sit,
423 597 480 624 sive
492 598 562 630 quod
579 597 648 630 illos,
674 605 766 632 utpote
795 599 949 630 historicos,

170 650 218 670 nec
236 643 373 669 memoria:
387 643 552 676 mandasset,
566 651 654 678 neque
677 645 880 672 commentariis
892 645 952 672 illu-

168 693 291 715 strassel.

201 735 276 768 Quod
300 735 405 762 demum
445 736 564 769 pertinet
577 737 609 764 ad
631 737 748 772 reliquas
769 738 949 768 omissiones.

166 780 294 816 Didymus
318 789 425 815 quoque
448 782 545 815 srepius
576 783 727 810 testimonia
750 784 862 817 profert.
885 785 950 819 quin

166 826 260 858 libros.
274 831 320 854 ant
336 831 472 860 auctores,
485 828 555 854 umle
569 829 708 863 desntnpla
724 834 796 861 sunt,
816 831 948 856 nominet.

165 872 287 905 (ltnnque
310 873 380 899 edita
405 873 537 900 hactenus
566 874 637 901 illitis
654 882 736 908 opera
766 879 813 901 aut
838 874 948 909 legerim

165 917 240 948 olint,
253 923 298 944 aut
311 917 406 944 saltem
419 920 597 952 percurrerim
614 919 669 946 fere
684 920 784 951 omnia,
802 920 949 947 Semiaria-

164 969 277 994 norunt,
311 964 559 998 Anommornmque
583 965 840 999 denominationes,
869 971 950 1001 atque

163 1008 243 1041 Aetii,
261 1009 414 1043 Apollinarii
426 1031 433 1041 ,
449 1017 480 1036 ac
490 1005 611 1037 Marcelli
629 1011 737 1037 nomina
765 1019 901 1045 nunquam
923 1011 948 1038 itt

164 1054 198 1081 iis
212 1055 329 1088 reperire
356 1062 398 1081 me
426 1056 548 1088 ntetuini,
571 1056 676 1083 etiamsi
696 1056 791 1083 horum
807 1049 811 1052 ”
825 1057 945 1084 onmium

165 1100 283 1128 haereses
299 1106 502 1128 commemoret.
531 1101 594 1129 Jure
610 1102 691 1136 igitur
703 1110 734 1130 ac
759 1103 854 1130 merito
884 1111 950 1130 con-

166 1145 274 1173 cludere
291 1146 347 1181 jam
367 1146 439 1178 licet,
456 1147 600 1173 maximam
622 1155 680 1174 esse
696 1148 736 1174 vel
753 1148 778 1174 in
795 1148 949 1175 omissioni-

167 1191 218 1218 bus
232 1192 300 1218 itttcr
317 1197 462 1225 utrumque
476 1192 628 1228 theologum
647 1192 860 1220 similitudinem.

202 1236 297 1263 Fateor
323 1237 469 1271 equidem,
508 1243 694 1273 argumentum
723 1246 755 1265 ex
779 1238 948 1264 ethnicorum

167 1279 286 1313 scriptis,
316 1279 486 1314 maximeque
503 1287 534 1306 ex
552 1280 584 1307 iis
600 1288 658 1314 quae
674 1280 798 1315 Orpheo,
828 1288 859 1307 ac
877 1280 948 1307 Mer-

163 1325 238 1351 curio
263 1324 439 1359 Trismegisto
467 1325 663 1358 tribuebantnr,
697 1327 838 1352 deductum
866 1326 947 1359 objici

162 1375 177 1395 ε
195 1369 316 1402 theologo
333 1375 424 1395 nostro
438 1369 612 1402 adversariis,
637 1378 651 1397 a
680 1369 792 1405 Didymo
818 1375 906 1398 autem
923 1371 948 1398 in

163 1413 231 1440 libro
244 1414 280 1440 De
291 1413 392 1448 Spiritu
408 1420 498 1441 sancto
514 1422 623 1448 prorsus
639 1416 820 1449 prmtermitti.
842 1417 876 1442 At
903 1415 947 1443 Di.

162 1461 258 1494 dymus
285 1460 319 1488 ibi
341 1469 392 1488 non
419 1461 540 1488 ethnicos
560 1462 697 1494 confutat,
728 1462 775 1489 sed
804 1463 947 1490 hmretirus

162 1507 301 1537 duntaxat,
326 1515 340 1533 a
365 1508 463 1541 quibus
481 1508 578 1542 Orphei
593 1516 624 1535 ac
644 1508 768 1535 Mercurii
798 1510 947 1536 auctoritas

162 1552 237 1578 nihili
254 1553 343 1580 tit-bat.
356 1553 507 1588 Tltcologtts
519 1559 607 1580 autem
622 1559 713 1581 noster
726 1554 849 1581 ethnicos
865 1555 945 1581 etiam

161 1599 322 1633 redarguere
345 1599 439 1631 voluit,
462 1605 489 1626 ιιι
511 1590 655 1627 titanil‘esto
679 1604 752 1634 patet
777 1609 809 1628 ex
829 1609 887 1635 cap.
913 1600 948 1628 24

163 1645 234 1671 tertii
248 1646 319 1671 libri.
336 1644 366 1671 Ili
379 1653 443 1672 vero
457 1645 573 1680 Orphei,
591 1645 770 1681 Mercuriique
785 1654 866 1681 opera
880 1648 947 1674 tanti

163 1689 305 1722 faciebant,
320 1696 348 1718 ιιι
361 1692 452 1718 Theon
467 1692 675 1724 Alexandrinus.
689 1694 734 1727 qui
749 1692 855 1729 Didymi
868 1699 947 1721 aetate

163 1736 253 1762 llurnit
283 1736 462 1767 Alexandriae,
490 1744 521 1763 ea
549 1737 653 1771 publice
681 1738 872 1773 interpretatus
901 1739 947 1771 sit,

163 1782 387 1815 quemadmodum
403 1790 464 1817 pag.
478 1783 528 1810 501
545 1783 645 1810 dicttnn
661 1788 712 1812 est.

161 1837 295 1875 [XXXIII]
304 1839 367 1866 CAP.
376 1839 470 1877 XXIX.
477 1839 550 1877 i‘ViItil
560 1840 586 1866 in
597 1841 712 1875 theologo
728 1847 815 1869 nostra
823 1843 950 1877 reperitur

347 1878 414 1909 quod
430 1874 542 1909 Didymo
557 1883 607 1901 non
619 1874 763 1903 conueniat.

199 1917 337 1946 Postremo
359 1927 392 1946 ne
416 1919 480 1946 illttd
503 1920 610 1954 quidem
628 1922 716 1955 exigui
749 1923 877 1949 momenti
894 1927 947 1955 est,

165 1965 235 2000 quod
249 1964 281 1992 de
297 1965 419 1999 theologo
440 1971 534 1993 nostro
552 1971 612 2000 post
644 1967 798 1994 diuturnam
824 1968 948 1995 conside-

165 2011 296 2037 rationem
321 2019 384 2038 vere
406 2011 540 2039 affirmare
567 2020 646 2047 posse
676 2012 742 2040 mihi
761 2013 864 2046 videor,
882 2013 947 2040 nihil

165 2056 308 2084 admodum
329 2058 354 2084 in
374 2065 407 2084 eo
422 2065 493 2090 esse,
522 2059 594 2093 quod
622 2059 649 2086 in
681 2058 823 2094 Didymum
846 2062 947 2094 optime

163 2109 215 2129 non
233 2103 356 2136 quadret.
376 2103 421 2130 Sic
434 2110 464 2130 se
480 2111 523 2131 res
538 2104 628 2136 habet,
644 2104 759 2140 benigne
773 2105 867 2132 lector.
882 2104 947 2132 Nul;

163 2148 205 2175 lus
222 2149 248 2175 in
267 2149 318 2175 hoc
331 2154 413 2183 opere
430 2155 527 2177 auctor
549 2151 659 2182 citatur,
679 2156 725 2177 aut
739 2151 893 2178 nominatur
905 2159 948 2178 re-

162 2195 268 2222 centior
281 2195 409 2231 Didymo;
426 2196 497 2223 nulla
517 2203 745 2225 commemoratur
757 2198 878 2230 haeresis,
888 2206 948 2232 quas

162 2240 235 2267 illum
251 2249 302 2268 non
321 2244 506 2276 pnecesserit;
527 2243 628 2271 nullum
643 2252 675 2271 cx
688 2244 828 2272 catholicis
837 2245 947 2278 dogma-
962 2249 984 2276 ι)

163 2285 233 2313 tibus
250 2287 409 2320 inculcatur,
424 2289 495 2322 quod
522 2289 566 2316 alii
590 2289 684 2317 Patres
707 2295 754 2317 aut
771 2290 944 2322 vetustiores,

164 2337 210 2357 ant
224 2339 354 2366 suppares
369 2341 420 2360 non
437 2334 615 2368 inculcarint;
629 2335 719 2362 nullus
740 2336 808 2363 liber
820 2336 946 2363 laudatur

166 2383 194 2404 nt
209 2380 367 2411 canonicus.
388 2387 466 2414 quem
482 2379 568 2407 aliiex
580 2381 946 2416 Alexandrinispotissimum

163 2422 288 2451 Palribns
305 2429 334 2451 ut
346 2425 425 2451 talem
438 2430 515 2452 antea
529 2433 581 2452 non
608 2426 788 2461 allegassent;
806 2427 878 2454 nulla
889 2432 949 2454 tan-

163 2470 223 2495 dent
242 2471 267 2496 itt
286 2478 318 2497 eo
345 2471 479 2505 reperitur
498 2471 592 2504 dictio,
615 2472 686 2498 nulla
715 2473 861 2505 sententia,
890 2480 949 2507 quae

163 2514 266 2550 Didymi
278 2516 362 2548 atati,
378 2517 507 2549 utoribus,
524 2517 604 2553 stylo,
631 2517 762 2545 doctrinae
778 2519 948 2554 perapposita

163 2568 215 2587 tton
232 2562 277 2588 sit.

199 2607 236 2633 Ac
257 2614 290 2633 ne
300 2607 363 2634 illud
383 2608 488 2642 quidem
514 2609 630 2636 alientttu
656 2617 670 2636 a
702 2611 841 2645 proposito
857 2617 949 2639 nostro

162 2657 214 2684 est,
229 2653 300 2686 quod
321 2654 364 2680 vix
382 2662 463 2681 unum
478 2656 567 2689 operis
595 2657 779 2691 apographum
805 2659 946 2692 supersit;

163 2705 231 2732 opus
249 2706 314 2726 vero
335 2699 421 2733 ipsum
433 2700 521 2728 nullus
534 2709 566 2728 ex
579 2702 682 2730 Graecis
701 2703 780 2730 medii
811 2704 860 2730 sevi
881 2704 949 2731 scri-

163 2744 295 2778 ptoribus,
316 2745 350 2772 iis
362 2747 510 2781 prasertim
525 2748 569 2782 qui
587 2754 647 2783 post
663 2748 807 2777 Instiniani
824 2754 948 2785 tempora

163 2790 340 2824 scripserunt,
352 2795 614 2821 comtuetnuraveril.
628 2793 681 2821 Nec
693 2795 764 2822 eiiiiu
778 2795 859 2822 ultam
872 2797 950 2830 hujus

165 2836 202 2862 rei
233 2837 439 2870 probabiliorem
469 2846 578 2866 causam
613 2841 767 2875 excogitare
795 2842 868 2877 licet,
898 2843 948 2870 nisi

165 2881 234 2914 quod
250 2881 306 2915 ejus
332 2889 424 2911 auctor
449 2884 583 2919 Didymus
612 2885 680 2912 male
693 2887 727 2914 ob
745 2885 946 2922 Origenismum

743 171 1024 201 COMMENTARIUS.
1046 188 1082 194 -
1099 163 1163 202 LIB.
1184 174 1210 202 ι.

576 231 692 257 nondum
727 234 799 259 enim
829 231 954 267 cuiquam
970 234 994 262 Α
1008 234 1125 262 audiret.
1143 234 1244 262 Eadem
1261 242 1377 269 namque
1387 243 1420 263 ex
1430 244 1510 264 cattsa
1526 237 1623 266 factum
1636 245 1687 270 est,
1704 243 1727 268 ni
1741 243 1790 269 l‘al-

1737 181 1790 208 175

1004 278 1055 312 lor,
1069 285 1098 306 ιιι
1110 279 1316 307 Enarrationum
1327 288 1432 315 qttoque
1447 282 1473 309 in
1490 282 1622 317 Epistolas
1636 287 1790 322 catholicas,

1005 332 1037 358 ac
1051 325 1111 351 libri
1130 326 1254 352 adversus
1271 325 1445 359 Μανιίιὴαιοσ,
1464 329 1588 363 quamvis
1612 331 1791 360 orthodoxam

1005 371 1152 398 doctrinam
1176 372 1348 405 continentis,
1380 375 1488 402 unicum
1518 377 1656 410 exemplar
1681 387 1731 406 ms.
1747 386 1789 406 re-

1005 423 1108 452 pcrtum
1121 418 1166 450 sit,
1178 426 1209 445 ex
1236 426 1289 453 quo
1312 420 1550 455 imprimerentur;
1591 422 1702 451 Griecus
1724 433 1790 452 vero

1005 469 1094 491 textus
1111 472 1171 491 cum
1189 465 1248 492 libri
1268 465 1306 492 De
1319 465 1420 499 Spiritu
1432 473 1534 500 sancto,
1556 473 1612 496 tum
1632 471 1788 498 Euurratio-

1004 518 1065 536 num
1079 511 1191 538 omnino
1216 511 1360 545 interierit,
1388 518 1417 540 ut
1445 514 1560 542 videtur.
1589 516 1663 543 Adeo
1686 518 1790 545 scilicet

1004 555 1141 586 monachi,
1172 560 1252 590 atque
1282 564 1465 585 amanuenses
1490 560 1523 586 ab
1544 559 1576 586 iis
1593 560 1787 594 abhorrebant,

1003 601 1047 634 qni
1062 601 1095 628 de
1114 601 1212 628 violata
1231 602 1281 629 [ide
1295 604 1414 637 suspecti
1433 610 1534 637 essent,
1547 610 1594 633 aut
1613 607 1745 639 damnati,
1760 615 1789 635 ut

1004 646 1123 680 ipsorum
1139 655 1220 681 opera
1242 648 1282 675 vel
1296 649 1370 676 nullo
1383 657 1476 677 errore
1501 651 1599 678 infecta
1620 654 1786 684 exscribere.

1002 693 1237 720 autexscribenda
1267 702 1364 722 cttrare
1390 695 1581 724 detrectarent.
1608 697 1675 725 Ilittc
1688 699 1787 726 factum

1003 739 1085 773 igitur
1099 744 1176 773 puto,
1192 744 1222 766 ut
1236 747 1297 767 cum
1313 741 1425 769 aliorum
1441 742 1628 777 plurimorum,
1641 753 1708 780 quos
1721 754 1789 774 eun-

1004 792 1108 812 merare
1125 793 1236 813 necesse
1258 795 1310 814 non
1340 792 1392 820 est,
1414 793 1468 815 tum
1485 791 1567 817 etiam
1586 791 1689 826 Didymi
1706 799 1787 827 opera

1003 836 1050 858 aut
1068 832 1232 864 interierint,
1254 838 1300 860 aut
1316 834 1453 869 plerisque
1475 836 1564 870 ignota
1584 837 1704 865 fuerint:
1720 840 1788 866 adeo

1003 882 1033 904 ut
1047 877 1190 914 Egyptius
1207 881 1325 915 scriptor
1340 881 1453 910 Cosmas
1466 883 1723 919 lndicoplenstes,p.
1735 885 1788 913 485

1001 931 1015 949 a
1032 931 1073 950 me
1093 924 1237 958 allegatus.
1251 925 1395 954 manifesto
1414 928 1514 955 indicet
1526 929 1576 956 sibi
1594 930 1788 964 ignotasluisse

1001 968 1120 1004 JEgyptii
1155 971 1240 997 nostri
1268 971 1384 1007 theologi
1414 972 1625 1008 linarratioues,
1653 984 1714 1003 cum
1739 979 1786 1009 ait.

1002 1017 1128 1042 nemiuem
1142 1017 1228 1049 exiis,
1246 1019 1291 1052 qui
1313 1019 1340 1045 in
1364 1019 1467 1046 divinas
1488 1019 1639 1054 Scripturas
1654 1031 1786 1050 commen-

1000 1062 1068 1088 taria
1087 1063 1233 1096 ediderunt,
1249 1065 1439 1092 catholicarum
1450 1066 1628 1100 Epistolarum
1645 1069 1727 1096 ullam
1743 1078 1788 1097 ra-

1000 1108 1096 1134 tionem
1123 1108 1256 1136 habuisse.
1283 1110 1409 1144 Qttinimo
1427 1112 1537 1140 Pltotius
1567 1113 1633 1148 ipse,
1664 1116 1713 1142 etsi
1730 1123 1783 1142 non

1000 1152 1098 1178 minori
1115 1159 1183 1180 esset
1204 1155 1356 1182 eruditione
1375 1164 1455 1188 quam
1477 1157 1658 1192 improbitate.
1685 1161 1785 1187 nullutn

1000 1197 1026 1224 in
1042 1197 1205 1226 Bibliotheca
1220 1206 1251 1226 ex
1272 1204 1324 1227 tant
1343 1201 1433 1228 tnttltis
1460 1201 1564 1237 Didymi
1588 1205 1714 1238 operibus
1732 1214 1787 1232 mc-

1000 1244 1135 1277 moravit;
1153 1245 1178 1272 in
1194 1245 1262 1272 libro
1275 1252 1364 1274 autetn
1380 1247 1467 1282 primo
1483 1249 1607 1277 adversus
1627 1250 1785 1279 Manio/unas

1001 1289 1090 1323 plttres
1105 1290 1213 1324 quidem
1235 1297 1375 1319 enumerat
1389 1293 1434 1328 qui
1461 1299 1554 1321 contra
1577 1302 1623 1323 eos
1644 1297 1786 1326 luereticos

1001 1335 1178 1369 scripserant,
1198 1337 1340 1372 Didymum
1360 1346 1422 1366 vero
1435 1341 1628 1373 prmtermiltit.

1226 1392 1288 1420 CAP.
1311 1393 1394 1421 XXV.
1415 1395 1563 1425 Conclusio.

1034 1447 1123 1482 Atque
1148 1449 1204 1476 luet:
1230 1451 1400 1482 potissitnum
1427 1459 1491 1480 suttt
1504 1462 1564 1488 qnte
1592 1464 1640 1490 pro
1653 1460 1784 1486 sententia

1002 1499 1059 1518 mea
1078 1492 1215 1520 adercnda
1236 1496 1340 1523 cenSui.
1354 1496 1424 1524 Nihil
1452 1498 1542 1533 itaque
1561 1500 1631 1527 aliud
1653 1510 1722 1531 nunc
1744 1512 1786 1531 re-

1002 1537 1104 1571 liqnunt
1121 1543 1172 1570 est,
1193 1539 1242 1566 nisi
1257 1544 1286 1567 ut
1301 1541 1354 1568 duo
1373 1542 1482 1569 tandem
1498 1551 1530 1570 ex
1546 1544 1598 1577 his,
1612 1553 1672 1581 quae
1695 1548 1787 1575 hacte-

961 1578 983 1607 C
1002 1590 1052 1609 nns
1064 1583 1131 1615 dixi,
1160 1584 1285 1620 colligant
1315 1592 1484 1621 argumenta,
1509 1597 1568 1622 qua:
1592 1578 1718 1625 quantam
1733 1594 1786 1621 vim

1000 1628 1126 1662 habeant,
1144 1630 1255 1658 lectoris
1278 1632 1330 1659 erit
1353 1633 1486 1667 judicare.
1505 1635 1624 1664 Primum
1634 1643 1676 1665 est
1694 1639 1786 1673 hujus—

1001 1675 1084 1706 modi,
1109 1676 1179 1703 sicut
1209 1677 1285 1705 initio
1315 1679 1444 1707 diximus.
1470 1681 1541 1709 Fieri
1571 1691 1623 1710 non
1649 1691 1745 1719 potest,
1758 1691 1786 1714 ut

1001 1721 1070 1748 alius
1086 1728 1100 1747 ιι
1115 1722 1227 1758 Didymo
1239 1724 1275 1751 sit
1289 1729 1382 1752 auctor
1396 1726 1448 1759 ille,
1464 1727 1491 1754 in
1509 1736 1563 1763 quo
1576 1737 1708 1758 summam
1725 1740 1785 1760 cum

1001 1765 1114 1801 Didymo
1129 1769 1217 1802 quoad
1232 1771 1321 1796 omnia
1333 1771 1535 1800 similitudinem
1548 1774 1784 1810 deprehendimus.

1000 1811 1073 1839 Talis
1084 1818 1172 1840 autem
1186 1819 1227 1841 est
1240 1816 1380 1851 theologus
1397 1823 1498 1850 noster,
1519 1825 1546 1846 ut
1562 1826 1700 1849 ostensum
1723 1823 1784 1850 fuit.

999 1857 1057 1884 Non
1069 1864 1110 1885 est
1125 1860 1204 1893 igitur
1212 1861 1280 1888 alius
1296 1869 1310 1888 a
1322 1863 1443 1898 Didymo.
1458 1865 1578 1893 Alterum
1595 1867 1633 1894 sic
1646 1875 1675 1895 se
1692 1869 1784 1896 habet.

998 1903 1115 1939 Didymo
1130 1906 1301 1934 tribuendttm
1318 1914 1359 1935 est
1375 1910 1425 1937 hoc
1438 1918 1515 1945 opus.
1529 1912 1550 1939 si
1565 1913 1652 1941 nullus
1663 1916 1784 1947 omnino,

999 1956 1098 1983 praeter
1112 1951 1266 1987 Didymum,
1286 1954 1440 1982 inveniatur
1466 1956 1608 1992 Aﬂgyptins
1636 1959 1784 1995 theologus,

1000 1996 1027 2022 in
1041 2003 1120 2030 quem
1137 2005 1182 2030 ea,
1199 2006 1257 2033 qua:
1268 2001 1392 2034 superius
1405 2003 1539 2035 recensui,
1553 2005 1713 2032 conveniant
1723 2007 1767 2033 uni
1778 2021 1785 2026 -

999 2050 1088 2070 versa.
1107 2044 1189 2078 Atqui
1210 2045 1311 2073 nullum
1328 2046 1409 2073 alittm
1438 2049 1563 2083 reperiet.
1591 2051 1616 2077 ni
1636 2051 1723 2083 fallor,
1739 2053 1783 2086 qni

1001 2096 1057 2115 rem
1077 2089 1146 2116 hanc
1161 2091 1290 2118 attentius
1302 2093 1459 2120 examinare
1472 2094 1598 2128 voluerit,
1618 2104 1649 2124 ac
1663 2098 1784 2132 singulos

998 2142 1033 2161 ex
1051 2135 1195 2170 Egyptiis.
1209 2137 1433 2166 Alexamlrinlsve
1446 2139 1570 2168 Patribus
1584 2150 1644 2168 cum
1662 2143 1784 2179 theologu

999 2185 1094 2208 uosuo
1110 2181 1243 2210 conferre.
1263 2183 1367 2219 Didymi
1395 2193 1460 2220 ergo
1478 2194 1538 2214 esse
1567 2195 1618 2215 non
1651 2189 1785 2217 itntncrito

999 2225 1163 2254 allirmamus
1182 2232 1236 2256 tres
1253 2229 1335 2257 ltosce
1363 2229 1398 2257 De
1425 2231 1556 2260 Trinitate
1585 2234 1676 2262 libros.
1709 2235 1783 2269 Quod

999 2277 1058 2299 erat
1076 2274 1282 2302 ostendendum.

999 2339 1088 2367 Caru‘r
1106 2348 1276 2370 posrnsnuu.
1302 2342 1438 2384 Nonnulla
1460 2346 1610 2374 iudicantur
1621 2356 1679 2383 qua:
1705 2349 1784 2384 objici

1289 2379 1361 2405 nobis
1376 2385 1494 2413 possunt.

1034 2432 1117 2460 Libro
1132 2434 1222 2468 itaque
1235 2435 1297 2462 huic
1316 2436 1394 2463 tinem
1421 2438 1527 2465 tandem
1559 2440 1693 2474 imponam
1708 2461 1715 2474 ,
1735 2442 1785 2469 hu-

1000 2479 1158 2507 manissime
1173 2480 1267 2509 lector.
1289 2482 1461 2517 Quaecunque
1474 2485 1545 2512 enim
1562 2488 1704 2514 sententia:
1719 2496 1785 2515 mem

999 2525 1078 2559 objici
1093 2533 1174 2560 posse
1193 2528 1344 2562 suspicatus
1361 2536 1431 2561 sum,
1447 2533 1619 2564 quantumvis
1634 2532 1711 2564 levia,
1726 2535 1785 2560 uni-

1001 2578 1077 2598 versa
1095 2576 1141 2598 attt
1160 2572 1186 2598 in
1204 2574 1325 2600 secundo
1339 2574 1407 2601 libro
1421 2577 1454 2602 ad
1483 2577 1613 2603 trutinam
1634 2580 1784 2606 revocaturi

1001 2625 1104 2648 sumus.
1127 2624 1173 2644 aut
1199 2618 1260 2646 alibi
1285 2620 1340 2653 jant
1357 2620 1500 2648 diluimus:
1520 2623 1614 2657 pagina
1634 2631 1727 2658 nempe
1740 2625 1783 2657 IS,

1001 2662 1049 2692 9i.
1070 2662 1139 2695 I24,
1164 2663 1217 2691 258
1234 2669 1261 2692 et
1287 2665 1348 2693 556.
1379 2666 1444 2699 Quae
1472 2672 1560 2694 tamen
1587 2669 1612 2694 iu
1642 2668 1784 2697 Litterariu

1000 2708 1162 2742 ephemeride
1178 2708 1301 2737 Parisinu
1316 2710 1421 2744 objecta
1439 2711 1558 2745 luerunt,
1572 2721 1695 2742 seorsum
1709 2724 1785 2743 COlll-

1000 2755 1172 2781 memoranda
1182 2754 1305 2788 bicsunt,
1321 2755 1456 2793 [XXXIV]
1469 2766 1587 2786 noncum
1606 2761 1714 2795 reliquis
1724 2769 1784 2794 pcr-

1000 2800 1151 2832 miscenda,
1170 2809 1203 2828 ne
1217 2802 1400 2830 adversarium
1417 2804 1508 2831 videar
1527 2807 1602 2839 parvi
1622 2807 1785 2834 facerezsed

1000 2846 1092 2880 paucis
1108 2847 1196 2874 verbis
1213 2855 1254 2874 me
1266 2849 1420 2882 expediam,
1434 2851 1510 2884 quod
1526 2857 1553 2878 et
1567 2853 1633 2879 alias
1654 2854 1697 2880 his
1719 2861 1786 2888 quo-

999 2899 1051 2926 que
1065 2893 1242 2926 occurret-im,
1259 2897 1286 2920 ct
1301 2894 1334 2921 ad
1350 2895 1428 2922 linem
1448 2895 1503 2930 jam
1536 2903 1662 2932 properet
1685 2899 1782 2926 oratio.
