1904 3054
190 73 242 100 η-

777 74 1059 104 (ΙΟΜΜΕΝΤΑΒΙΕΞ.
1082 91 1115 96 —~
1136 76 1198 104 ΜΒ.
1221 76 1251 104 li.

1768 81 1818 108 HS

186 133 257 166 furtu
285 132 392 164 diaboli,
418 137 512 159 natura
534 141 584 159 non
612 132 697 160 mulus
722 139 770 160 est.
792 133 857 167 Cur,
875 143 976 169 quzeso,
994 137 1013 164 A
1030 136 1137 170 dymum
1156 145 1206 162 non
1224 137 1301 163 modo
1329 145 1379 164 non
1406 137 1518 170 iulicior,
1535 137 1580 166 sed
1597 143 1623 165 et
1641 139 1718 171 addo,
1738 139 1778 168 bis
1791 140 1817 168 id

188 179 277 206 addita
295 179 388 206 vocula
404 179 473 212 quod
491 179 651 205 sementium
667 187 773 206 omnem
802 181 975 214 perturhasti,

187 230 271 258 atque
286 225 313 250 in
326 223 451 251 Latinam
469 224 657 259 Didyrnearum
675 225 878 253 lz'narrutionum
894 227 977 254 inter-

186 270 377 303 pretationem,
402 278 460 304 qua:
482 271 547 298 satis
561 271 705 305 cteteroqui
729 279 776 306 per
791 280 819 298 se
839 272 976 306 inelegans

184 323 237 348 est,
257 324 353 343 novum
368 317 563 344 barbarismum
598 317 742 344 invexisti?
757 318 812 345 Cur
828 319 885 346 loco
905 319 976 345 vocis

135 378 140 382 -
186 362 373 393 rationalibus,
398 369 458 396 quae
488 368 598 390 naturas
626 365 730 390 ratione
759 372 810 390 non
836 365 976 392 destitutas

186 408 309 439 denotat,
328 409 460 443 subrogas
482 417 573 436 vocem
602 409 760 438 animabus?
783 410 837 437 Cur
862 412 977 445 denique

188 455 357 486 vocabulum,
374 462 480 486 natura,
506 456 575 489 quod
601 457 673 482 nullo
693 457 772 483 modo
798 457 975 485 omittendum

191 505 260 532 crat,
279 500 411 527 omisisti?
424 500 530 527 Falsum
557 508 622 528 sane
640 506 689 532 est,
703 501 835 528 diabolum
857 511 908 530 non
923 512 977 531 esse

188 545 286 572 malum
301 552 309 571 :
326 545 371 572 sed
394 553 487 572 verum
509 550 560 578 est,
578 547 711 573 diabolum
734 556 785 574 non
807 556 862 575 esse
881 555 976 576 natura

188 591 299 618 malum.
319 591 385 618 lllud
407 591 476 619 falso
493 593 588 619 tribuis
609 592 737 626 Didymo;
756 593 807 620 ltoc
834 602 895 622 vere
910 595 978 622 dixit

190 636 339 670 Didymus:
355 643 387 663 eo
410 632 481 663 enim
499 644 578 664 sensu
598 643 677 672 negat
700 639 834 666 diabolum
853 647 914 667 esse
930 649 977 667 mr-

189 676 248 708 tura
267 683 375 714 malum,
392 689 445 716 quo
463 688 557 709 natura
575 684 672 710 malum
698 692 758 712 eum
775 686 899 714 dicebant
917 688 976 715 Ma-

191 727 298 759 uicbzei,
315 735 382 762 quos
406 728 442 755 ibi
463 728 560 755 refellit
584 730 724 765 theologus
741 737 831 758 noster
847 742 853 759 :
868 733 903 759 ita
923 733 975 760 sris

189 774 252 802 licet
268 775 324 802 vult
347 776 432 810 ipsum
459 784 517 803 esse
543 777 651 811 malum,
669 783 738 805 uter
755 778 877 806 electione
891 780 976 808 malus

190 821 278 848 factus
295 822 340 855 sit,
353 830 404 849 nou
422 831 454 850 ea:
470 825 620 850 necessitate
644 830 745 851 natura?
758 834 811 852 sure
826 827 859 853 sit
878 827 973 853 malus.

224 867 300 899 Quod
324 876 388 895 vero
411 874 515 903 spectat
534 870 566 897 ad
589 871 684 898 diaboli
705 873 908 904 conversionem,
933 881 974 900 re-

189 914 310 942 ctissime
331 923 390 942 eam
413 916 521 943 admisit
546 917 671 952 Didyutus
692 925 750 945 cum
767 919 792 945 in
810 919 973 953 allatoloro,

189 961 283 988 tumin
300 969 391 996 opere,
406 962 474 996 quod
491 970 562 990 nunc
581 964 641 993 edo,
660 971 719 998 pag.
739 964 824 991 lSOet
838 967 974 1000 sequenti,

189 1012 244 1034 tum
262 1007 368 1034 demum
383 1008 409 1034 in
426 1009 493 1035 libro
511 1008 548 1035 De
569 1008 669 1042 Spiritu
685 1015 785 1042 saucio.
802 1019 875 1038 num.
899 1012 931 1038 1'2
948 1017 976 1039 ct

189 1054 262 1080 alibi.
281 1053 335 1082 Nec
348 1055 419 1080 enim
432 1055 576 1087 conversio,
591 1063 671 1089 quam
686 1055 778 1083 Grmce
794 1058 898 1093 τροπήν
912 1059 976 1085 dicit

188 1099 327 1134 Didymus,
343 1101 521 1134 pwnitentiom
538 1102 724 1129 tantummodo
746 1102 890 1137 signiﬁcat,
904 1109 932 1131 ut
948 1109 975 1132 tu

189 1150 280 1179 putas,
294 1146 364 1180 quod
378 1151 484 1173 veteres
501 1146 593 1174 Patres
609 1151 655 1174 aut
672 1155 723 1174 non
738 1147 843 1183 legeris,
862 1155 908 1176 aut
922 1158 974 1177 nou

195 1190 377 1224 intellexeris;
395 1192 440 1218 sed
456 1199 645 1226 quamcunque
663 1192 755 1226 auitui,
774 1198 818 1221 aut
834 1194 977 1223 voluntatis

192 1236 378 1268 mutationem,
395 1236 451 1263 sive
465 1236 533 1263 mala
562 1238 607 1264 Iiat
631 1245 664 1264 ex
690 1238 771 1271 bona,
787 1247 832 1266 seu
859 1241 976 1268 vicissim

190 1281 258 1308 bona
285 1281 416 1309 ellieiatur
442 1289 474 1309 ex
496 1282 575 1309 mala.
597 1282 668 1310 Nihil
686 1291 751 1318 ergo
773 1285 844 1312 aliud
869 1286 923 1313 vult
942 1287 976 1315 ibi

190 1325 329 1360 Didymus,
348 1326 399 1353 nisi
420 1326 554 1353 diabolum
570 1334 622 1354 non
633 1336 692 1356 esse
707 1330 844 1357 conditum
866 1331 976 1364 malum,

188 1371 236 1398 sed
262 1372 337 1406 prius
360 1371 443 1399 fuisse
463 1372 572 1406 bonum,
596 1378 651 1400 tum
671 1374 770 1402 lactant
789 1383 848 1404 essu
868 1376 975 1410 malum,

189 1417 306 1452 ideoque
323 1426 375 1445 non
393 1419 556 1452 necessario,
568 1419 614 1447 sed
632 1420 725 1448 libere.

227 1462 320 1490 Tertio
332 1464 472 1498 Didymum
488 1466 660 1499 reprehendit
677 1466 822 1502 Basnagius
835 1468 909 1496 hisce
919 1477 978 1497 ver-

189 1509 230 1536 bis
244 1516 250 1534 :
266 1517 276 1534 ί
290 1507 385 1535 ludam
399 1510 530 1544 optimum
547 1509 631 1538 fuisse
642 1519 701 1539 cum
711 1512 856 1547 eligeretur
869 1521 883 1540 a
900 1514 979 1542 Citri-

192 1562 246 1590 sto,
264 1557 310 1584 sed
328 1562 420 1591 postea
435 1566 450 1584 a
477 1563 550 1585 recto
578 1559 686 1586 tramite
712 1560 833 1587 deviasse
850 1561 981 1595 probabat

193 1611 225 1630 ex
241 1610 286 1634 eo,
304 1604 375 1638 quod
392 1604 515 1631 Christus
533 1604 637 1632 tuiserit
652 1612 716 1632 oves
738 1605 809 1633 inter
825 1606 912 1641 lupos.
935 1607 981 1634 Ju-

191 1649 241 1676 dzei
262 1649 333 1676 enim
353 1650 460 1676 luerunt
480 1650 516 1678 illi
543 1659 655 1686 rapaces
670 1651 738 1686 lupi;
754 1660 819 1680 ores
841 1661 904 1680 vero
918 1662 979 1688 apo-

189 1695 272 1722 stoli:
288 1694 370 1723 ludas
396 1695 445 1723 fuit
478 1696 554 1729 ovis;
576 1697 669 1724 debuit
697 1698 779 1733 igitur
810 1699 880 1726 inter
899 1700 982 1728 bonos

192 1741 337 1768 recenseri.
355 1751 365 1767 ι
380 1741 417 1769 ita
437 1741 595 1777 Basnagius.
612 1743 708 1771 Verum
725 1752 777 1779 quo
790 1746 886 1773 melius
903 1747 980 1774 iutcl-

190 1786 314 1820 ligamus,
331 1788 352 1814 si
368 1788 424 1815 ﬁeri
438 1793 536 1823 potest,
549 1789 613 1824 quid
629 1790 664 1817 sit
678 1791 704 1817 id
724 1791 795 1825 quod
810 1792 834 1818 ei
850 1800 903 1819 non
918 1800 981 1826 pro-

191 1837 280 1868 batur,
297 1836 402 1873 Didymi
417 1838 498 1864 verba
512 1838 689 1866 exscribenda
706 1845 778 1866 sunt.
794 1840 818 1866 ls
833 1848 897 1874 ergo
914 1840 982 1867 libro

192 1884 250 1910 adv.
274 1882 440 1915 Manicltwos,
469 1891 529 1918 cap.
555 1884 597 1917 ll,
620 1886 660 1912 sic
683 1885 802 1919 loquitur
824 1893 830 1910 :
863 1894 871 1910 ι
896 1885 927 1912 Ει
949 1886 982 1913 de

191 1929 259 1957 Juda
273 1930 400 1964 scriptum
418 1936 469 1962 est,
483 1930 553 1965 quod
576 1935 647 1958 esset
663 1931 732 1958 ﬁlius
748 1931 916 1966 perditionis.
934 1932 978 1959 Sic

192 1976 263 2002 enim
277 1975 405 2003 Dominus
423 1976 456 2003 de
472 1984 504 2003 eo
523 1977 610 2005 dixit:
628 1976 712 2003 Nemo
731 1984 763 2004 ea;
776 1977 912 2011 discipulis
920 1979 982 2004 meis

192 2022 278 2056 periit,
303 2023 353 2048 nisi
367 2022 438 2057 ﬁlius
459 2023 613 2056 perditionis
627 2023 660 2050 ¹⁸.
675 2023 742 2050 Ευιη
759 2025 868 2050 vocavit
895 2024 983 2057 ﬁlium

194 2068 359 2102 perditionis,
374 2069 436 2102 quia
450 2069 514 2095 fecit
527 2076 587 2103 qua:
602 2068 681 2103 digna
697 2069 805 2096 interitu
818 2073 895 2096 erant
910 2077 917 2096 :
932 2076 982 2096 non

193 2115 263 2141 enim
285 2122 345 2140 cum
361 2119 419 2141 erat
439 2122 509 2141 unus
523 2121 557 2141 ex
571 2115 712 2149 apostolis,
730 2120 757 2142 et
774 2123 826 2142 una
843 2123 904 2142 curn
925 2115 977 2142 illis

1028 184 1060 207 at.
1075 190 1105 208 eo
1119 182 1244 208 ullirinari
1267 183 1291 209 in
1305 183 1344 209 bis
1360 185 1439 209 etiam
1459 183 1494 210 De
1514 183 1641 211 Triuitate
1659 185 1741 219 libris,
1753 193 1815 220 pag.

1028 227 1129 258 1δ7,‹-ι
1147 236 1231 260 segni.
1260 228 1303 259 (Π,
1326 236 1371 254 seu
1400 237 1458 263 pag.
1492 229 1552 259 lSl,
1580 234 1634 256 not.
1672 229 1758 257 Tuum
1774 239 1818 258 er-

1027 280 1060 308 go
1077 273 1129 299 erit
1141 274 1292 305 ostendere,
1312 275 1336 300 l-l
1351 274 1416 300 falso
1432 275 1483 301 diei
1501 283 1507 300 :
1523 283 1572 309 ego
1585 283 1650 302 sane
1669 284 1719 310 qua
1734 277 1817 302 ratio-

1029 327 1062 345 ue
1077 320 1192 353 probare
1208 319 1257 346 hoc
1276 320 1374 353 possis,
1393 327 1443 346 uou
1459 320 1544 348 video.
1561 320 1608 347 Sin
1628 327 1717 348 autem
1736 322 1817 357 Didy-

1029 365 1064 390 tni
1080 372 1131 391 neu
1150 366 1308 392 sententiam
1335 367 1482 400 rcdarguis,
1499 367 1545 393 sed
1574 369 1815 399 I'aliuciuutiout‘m,

1030 411 1054 436 id
1071 410 1210 444 redarguis
1236 412 1306 444 quod
1333 419 1385 437 non
1407 411 1541 445 intelligis.
1571 411 1625 439 Nec
1650 413 1816 447 enintargu-

1029 459 1171 486 inculatur,
1192 460 1219 482 ut
1244 461 1269 481 tu
1295 460 1383 490 putas,
1409 455 1590 493 Didymusad
1607 458 1676 483 lmuc
1696 459 1814 486 modum.

1027 501 1109 529 ludus
1134 507 1190 528 erat
1209 502 1267 528 oris
1285 502 1385 529 Christi
1402 511 1407 529 :
1422 510 1486 537 ergo
1507 510 1558 529 non
1572 508 1630 529 erat
1653 504 1746 530 malus.
1763 503 1815 530 Sed

1028 549 1078 575 hoc
1095 554 1183 582 pacto.
1203 548 1285 575 Jtnlas
1302 553 1359 576 erat
1383 549 1441 576 ovis
1463 548 1562 576 Christi
1577 557 1583 573 :
1597 557 1660 584 ergo
1682 558 1734 577 non
1758 555 1817 577 erat

1028 600 1121 621 natura
1137 594 1234 626 malus,
1251 602 1330 621 sensu
1347 593 1510 626 Manichzeo;
1524 595 1570 621 sed
1588 594 1673 621 factus
1688 600 1729 621 est
1743 599 1817 628 post-

1027 648 1058 668 ea
1074 640 1158 667 malus
1182 648 1215 667 ex
1233 641 1379 667 mutatione
1408 640 1499 666 liberas
1519 640 1673 667 voluntatis.
1691 640 1755 673 Qua:
1774 648 1817 667 ar-

1028 687 1192 721 gumentatio
1210 686 1243 713 ab
1265 693 1298 713 eo
1320 689 1423 713 tantum
1441 685 1541 720 despici
1558 690 1654 720 potest,
1671 687 1715 720 qui
1731 686 1816 712 Mani-

1028 734 1162 759 chaeorum
1176 738 1293 767 systema
1311 732 1426 767 ignoret.
1446 733 1472 759 ld
1491 735 1580 758 autent
1597 739 1666 758 nunc
1681 739 1815 766 exponere

1029 786 1116 804 meum
1132 782 1246 805 nonest.

994 810 1014 836 Β
1062 821 1162 855 Quarto
1183 822 1322 857 Didytnutn
1349 823 1384 849 ita
1415 824 1501 857 carpit
1535 823 1690 857 Dasnagius.
1721 822 1818 849 «Inter

1025 875 1071 894 eas
1094 868 1253 900 sententias,
1271 879 1279 894 ι
1300 876 1366 902 quas
1400 876 1496 902 nempe
1522 876 1553 895 ex
1591 869 1702 903 Didyme
1740 867 1816 895 all‘ett

1027 913 1054 940 S.
1066 913 1220 946 Maximus,r
1233 913 1388 948 legitur-oua
1401 915 1442 940 vix
1455 915 1716 949 atllltillt’lldﬂ,_QIlalll
1729 920 1816 942 tamen

1027 958 1157 986 Maximus
1178 959 1230 986 sibi
1257 959 1393 994 propriam
1415 960 1479 986 facit
1495 970 1501 986 :
1515 959 1626 986 Peccata
1645 968 1694 986 non
1719 968 1751 987 ex
1776 969 1817 986 vo-

1027 1005 1135 1037 luntate,
1157 1006 1198 1032 lea:
1219 1006 1358 1037 condonat,
1374 1010 1397 1032 et
1421 1006 1490 1032 Deus
1513 1014 1577 1039 pene
1596 1007 1714 1040 despicit,
1729 1011 1757 1032 ut
1770 1005 1819 1041 qui

1027 1053 1059 1078 sit
1075 1051 1186 1078 clemens
1201 1059 1231 1077 ac
1244 1051 1459 1083 misericors,nec
1482 1051 1520 1078 vel
1535 1059 1634 1082 eorum,
1652 1059 1710 1086 qua:
1726 1051 1818 1078 uolun-

1028 1097 1097 1124 taria
1111 1102 1183 1129 sunt,
1200 1097 1307 1124 immitis
1325 1097 1396 1124 ultor
1413 1098 1532 1124 exsistat.
1547 1107 1556 1123 ι
1570 1097 1704 1125 llactenus
1718 1097 1818 1124 Basna-

1027 1144 1095 1178 gius.
1114 1143 1170 1178 Ego
1189 1151 1252 1170 vero
1268 1147 1412 1177 antequam
1426 1143 1485 1170 dico
1501 1144 1564 1178 quid
1583 1144 1708 1176 sentiam,
1724 1143 1816 1171 Graeca

1028 1189 1131 1225 Didymi
1155 1191 1234 1217 verba
1256 1189 1363 1224 profero
1378 1199 1392 1217 e
1412 1189 1521 1216 Maximi
1547 1190 1672 1216 semione
1690 1190 1734 1223 55,
1754 1198 1815 1225 pag.

1028 1235 1090 1262 660.
1108 1235 1148 1262 Τὰ
1165 1235 1213 1270 μὲν
1225 1235 1342 1262 ἀκούσια
1355 1236 1551 1271 ἁμαρτήματα,
1568 1236 1663 1270 inquit.
1680 1236 1725 1262 καὶ
1738 1235 1818 1271 νόμος

1029 1283 1176 1317 συγχωρεῖ,
1197 1282 1244 1308 καὶ
1258 1281 1323 1313 Θεὸς
1339 1282 1447 1317 παρορᾷ
1462 1281 1651 1318 φιλάνθρωπος
1660 1280 1697 1308 ὢν
1711 1281 1758 1308 καὶ
1769 1281 1819 1308 οῦκ

1028 1327 1136 1364 ἀπηνὴς
1153 1328 1200 1354 καὶ
1210 1328 1264 1353 τῶν
1282 1327 1472 1355 ἐκουσίων.....
1492 1327 1603 1362 Reliqua
1619 1327 1816 1354 desiderantur.

1029 1373 1156 1400 Eamdetu
1179 1379 1276 1400 autem
1293 1374 1454 1400 Sententiam
1476 1375 1570 1400 eodem
1595 1374 1674 1400 modo
1694 1373 1817 1400 affertex

1030 1419 1141 1454 Didymo
1156 1418 1272 1447 Joannes
1294 1420 1477 1448 Damascenus
1505 1420 1530 1447 iu
1546 1419 1698 1452 Paratlelis,
1717 1420 1757 1446 tit.
1772 1419 1817 1451 91,

993 1482 1014 1512 c
1031 1473 1092 1500 pag.
1109 1465 1170 1498 520,
1189 1465 1240 1492 nisi
1264 1466 1336 1500 quod
1363 1473 1411 1500 pro
1431 1466 1564 1500 adjective
1580 1465 1711 1510 éxoosiwv
1725 1465 1819 1501 legitur

1032 1512 1069 1539 ibi
1084 1511 1240 1538 adverbium
1258 1511 1401 1543 ἑκουσίως,
1418 1511 1496 1538 idest
1509 1508 1664 1539 voluntarie.

1068 1557 1115 1584 llis
1130 1557 1285 1591 praaruissis,
1301 1557 1385 1585 fateor
1406 1558 1530 1592 equidem
1544 1558 1719 1585 consuevisse
1732 1557 1819 1593 Didy—

1033 1612 1105 1631 llllllll
1121 1604 1237 1631 divinam
1251 1603 1421 1631 clementiam
1436 1603 1512 1630 valde
1525 1604 1665 1636 extollere,
1684 1609 1712 1630 ut
1729 1611 1762 1631 ex
1779 1604 1820 1631 his

1034 1651 1115 1678 etiam
1132 1649 1170 1677 De
1191 1650 1320 1677 Trinitate
1334 1649 1412 1677 libris
1425 1650 1551 1684 cognosci
1573 1655 1669 1684 potest.
1686 1649 1739 1677 Sed
1753 1648 1820 1676 alla-

1038 1701 1091 1723 tam
1115 1705 1129 1723 u
1153 1696 1270 1724 Maximo
1296 1697 1456 1723 sententiam
1478 1696 1539 1731 jure
1559 1704 1638 1730 pesse
1661 1696 1819 1730 reprehendi

1033 1742 1138 1770 iuticias
1153 1750 1194 1770 eo.
1213 1743 1284 1769 Duas
1305 1750 1401 1777 nempe
1428 1742 1485 1776 ipsa
1508 1743 1588 1769 habet
1613 1747 1712 1776 partes.
1730 1742 1820 1769 Prima

1033 1789 1140 1824 quidem
1157 1789 1197 1816 sic
1226 1788 1260 1816 ad
1281 1789 1390 1815 verbum
1417 1790 1596 1815 convertenda
1615 1793 1656 1815 est
1672 1797 1678 1815 :
1693 1788 1819 1816 lnvalun-

1034 1835 1102 1862 tmia
1117 1835 1220 1870 quidem
1233 1839 1352 1870 peccata,
1369 1840 1392 1861 et
1411 1835 1452 1861 [ex
1465 1835 1604 1866 condonet,
1614 1840 1637 1861 et
1655 1835 1724 1862 Deus
1744 1835 1822 1862 diui-

1034 1882 1198 1914 mulat,cum
1216 1881 1247 1908 sit
1271 1881 1406 1915 benignus,
1432 1889 1482 1907 non
1502 1880 1626 1909 crudrlis.
1650 1881 1684 1907 At
1706 1881 1767 1915 quis
1787 1880 1821 1908 ob

1036 1928 1092 1954 haec
1106 1927 1249 1963 Didymqu
1268 1926 1420 1954 insimulet?
1432 1934 1493 1953 cum
1509 1927 1542 1953 de
1557 1928 1674 1962 peccatis
1687 1927 1819 1961 loquatur,

1034 1980 1093 2007 quae
1112 1973 1166 1999 sint
1187 1972 1347 2006 simpliciter
1375 1971 1565 2004 involuntaria,
1583 1980 1636 2000 non
1661 1973 1695 2000 de
1715 1973 1748 2000 iis
1763 1981 1822 2008 qua:

1035 2019 1150 2053 theologi
1170 2018 1309 2053 appellant
1333 2018 1484 2045 voluntaria
1502 2020 1528 2045 in
1550 2027 1642 2047 causa.
1662 2018 1737 2052 Quod
1758 2027 1820 2046 vero

1034 2065 1130 2092 attinet
1145 2064 1178 2091 ad
1200 2064 1313 2090 alteram
1330 2066 1472 2092 sententia:
1487 2070 1603 2100 partem,
1618 2065 1679 2100 quis
1697 2073 1756 2092 earn
1773 2072 1820 2093 aut

1035 2110 1149 2144 probare
1172 2110 1251 2142 ausit,
1275 2114 1322 2137 aut
1348 2109 1512 2144 improbare,
1533 2117 1594 2137 cum
1617 2111 1653 2137 sit
1674 2111 1768 2137 mutila
1796 2116 1819 2138 et

194 2160 367 2186 ηιίηῙειι-ιιιωι
390 2159 533 2192 salvatori,
555 2161 616 2188 latis
641 2165 717 2194 erat;
743 2161 790 2188 sed
813 2163 874 2187 cum
894 2161 981 2188 racius
997 2154 1019 2182 Ι)
1035 2163 1114 2183 sensu
1139 2155 1252 2182 carens?
1271 2155 1450 2182 Combelisius
1474 2155 1594 2190 quidem,
1610 2156 1686 2190 cujus
1713 2156 1823 2183 trauslw

194 2211 235 2234 cst
258 2207 380 2241 proditor
391 2206 451 2233 Filii
466 2206 524 2239 Dei,
544 2211 570 2234 et
583 2205 716 2242 Magistri,
732 2213 824 2233 amans
843 2210 981 2240 argentum

195 2253 366 2287 perditionis.
382 2252 413 2279 Et
429 2253 490 2287 quia
506 2260 558 2280 non
578 2257 638 2279 crat
661 2256 756 2279 natura
771 2252 864 2281 malus.
883 2252 984 2286 pariter

199 2306 260 2325 cum
275 2298 336 2325 aliis
349 2297 488 2332 discipulis
498 2297 624 2325 omnibus
634 2298 756 2324 audivit:
774 2297 840 2323 Ecce
852 2304 898 2331 ego
910 2298 984 2323 mitto

196 2352 241 2370 eos
262 2348 386 2379 tanquam
404 2351 460 2370 oves
476 2344 502 2370 in
517 2344 602 2370 medio
622 2343 742 2377 luporum
754 2342 786 2369 νδ.
806 2342 834 2369 Si
856 2342 932 2377 lupos
945 2342 986 2368 di-

196 2389 232 2416 cit
249 2397 296 2417 eos
307 2389 353 2424 qui
372 2395 501 2423 peccant;
516 2396 580 2416 oves
595 2396 660 2416 vero
675 2395 733 2421 eos,
747 2388 792 2423 qui
813 2387 904 2415 virtuti
923 2395 986 2422 ope-

198 2443 254 2462 ram
280 2441 397 2467 navant;
412 2435 495 2462 Jndas
516 2439 604 2462 autem
626 2439 723 2461 natura
747 2434 833 2461 tnalus
847 2438 917 2466 erat,
932 2442 984 2461 IIOII

198 2487 256 2508 erat
278 2481 336 2508 ovis
356 2481 469 2513 Christi,
487 2480 549 2515 quia
566 2488 618 2507 nou
636 2484 677 2507 est
691 2484 769 2514 aptus
784 2481 816 2507 ad
838 2479 984 2506 vacandum

198 2527 289 2554 virtttti
306 2527 351 2562 qui
372 2531 466 2554 natura
485 2527 572 2553 ntalus
593 2530 643 2553 est.
660 2534 668 2551 ν
686 2525 789 2552 Amabo
808 2530 843 2559 te,
859 2525 984 2559 Basnagi,

198 2573 262 2607 quid
279 2573 322 2600 his
337 2573 362 2600 in
378 2573 469 2600 verbis
491 2571 700 2607 reprehensione
720 2571 828 2606 dignum
846 2571 985 2606 putas?Si

199 2618 264 2645 illud
284 2618 389 2645 crimini
411 2619 494 2646 Vertis
511 2619 634 2653 Didymo,
657 2617 728 2650 quod
759 2617 868 2648 dixerit,
890 2617 985 2645 ludam

201 2662 335 2700 [XXXVI]
351 2664 434 2691 fuisse
457 2664 567 2696 bonum,
585 2671 646 2690 cum
662 2667 722 2689 erat
737 2670 807 2690 unus
831 2671 863 2690 ex
877 2668 985 2698 aposto-

202 2709 243 2742 lis,
260 2713 285 2736 et
301 2715 443 2743 antequam
462 2709 600 2736 Dominum
617 2709 756 2744 proderet;
776 2709 801 2736 id
820 2709 918 2736 dixisse
939 2709 981 2736 Di-

239 2800 348 2829 "lozm.
370 2808 435 2833 xvu,
456 2801 496 2829 η.
531 2801 552 2818 ι’
566 2801 658 2829 Matth.
671 2809 695 2831 χ,
713 2801 754 2829 16.

1036 2201 1107 2228 tione
1132 2201 1214 2226 utitur
1235 2200 1392 2235 Busuagius,
1414 2201 1450 2228 ita
1476 2201 1637 2228 sententiam
1659 2202 1771 2235 perfecit
1794 2209 1823 2229 ut

1037 2246 1086 2281 ipsi
1102 2246 1212 2281 placuit.
1228 2245 1338 2273 Possem
1352 2254 1400 2281 ego
1412 2246 1507 2273 codem
1519 2246 1580 2280 jure
1593 2246 1671 2274 aliter
1680 2254 1739 2273 eam
1750 2255 1822 2274 corn-

1035 2292 1118 2326 plere,
1133 2299 1165 2318 ac
1180 2291 1279 2326 legere,
1292 2292 1406 2326 exempli
1423 2292 1509 2326 gratia
1522 2301 1529 2318 :
1545 2292 1599 2320 Καὶ
1622 2292 1677 2320 τῶν
1692 2293 1824 2320 ἑκουσίων

1034 2335 1231 2372 τιμωρόςὲστι,
1244 2339 1269 2363 id
1281 2342 1332 2370 est,
1343 2343 1366 2363 et
1382 2337 1587 2365 voluntariorum
1600 2338 1694 2365 vindex
1708 2347 1755 2366 est.
1770 2339 1823 2366 Sed

1036 2384 1163 2417 quidquid
1192 2383 1226 2410 sit
1250 2383 1276 2410 id
1299 2384 1372 2417 quod
1398 2384 1520 2418 suppleri
1541 2389 1674 2418 oporteat,
1689 2384 1752 2411 illud
1776 2392 1824 2418 pro

1035 2434 1110 2456 certo
1125 2429 1223 2456 habere
1246 2437 1323 2464 posse
1346 2429 1412 2456 mihi
1428 2430 1530 2463 videor,
1552 2438 1613 2457 cum
1641 2430 1698 2457 lucc
1721 2431 1823 2465 Didymi

1036 2474 1170 2502 sententia
1198 2475 1315 2501 Maximo
1340 2483 1373 2502 ac
1399 2476 1574 2507 Damasceno,
1599 2483 1666 2510 quos
1693 2476 1823 2510 integram

1039 2521 1135 2556 legisse
1154 2521 1298 2548 verisimile
1321 2525 1373 2552 cst,
1389 2521 1500 2556 probata
1518 2521 1611 2554 fuerit,
1634 2521 1705 2548 haud
1733 2523 1822 2556 magni

1038 2568 1140 2595 referre
1157 2568 1179 2594 si
1196 2576 1247 2594 non
1263 2567 1390 2602 probatur
1403 2567 1546 2602 Basuagio.
1562 2568 1615 2594 Sed
1631 2568 1665 2595 ab
1681 2567 1819 2602 ltiscejam

1040 2615 1113 2642 tricis
1148 2615 1262 2649 expediti
1288 2616 1322 2642 ad
1350 2615 1473 2650 graviora
1504 2620 1682 2647 transeamus,
1709 2616 1826 2650 reliquas

1039 2664 1162 2700 Basnagii
1182 2665 1208 2692 in
1232 2665 1372 2700 Didymum
1398 2662 1582 2691 accusationes
1592 2665 1765 2691 memoraturi
1778 2671 1826 2691 suo

1038 2711 1107 2737 loco.
