1904 3054
75 65 127 93 €79

271 124 335 151 CAP.
355 121 386 149 II.
401 121 438 148 De
454 122 602 148 tisibilitate
616 121 674 148 Dei.

115 170 198 196 Deum
219 175 234 194 a
256 167 341 195 beatis
356 167 492 194 mentibus
510 175 570 194 cum
585 167 726 202 angelicis,
745 172 800 194 tum
818 167 865 194 hu-

83 214 184 246 manis,
201 221 248 248 per
264 214 351 240 lumen
373 213 466 249 gloriae
483 213 605 241 intuitive
618 213 757 248 conspici;
772 221 865 241 eorum

79 268 143 288 vero
162 260 313 292 animabus,
332 259 376 294 qui
399 260 558 294 purgatione
575 267 627 287 non
652 259 799 294 indigeant,
817 259 867 287 hu—

76 306 195 341 jusmodi
211 306 340 333 visionem
363 311 425 333 ante
446 311 596 333 extremum
609 306 702 341 judieii
717 306 787 333 diem
803 313 865 333 con-

79 352 138 380 cedi
152 361 158 379 :
177 353 230 379 duo
247 358 308 380 sunt
322 352 461 380 catholica:
473 352 600 380 Ecclesiae
612 352 748 388 dogmata,
763 352 795 380 de
807 353 866 388 qui-

79 398 130 426 bus
150 399 213 433 quid
230 399 371 426 tradiderit
388 398 527 434 Didymus,
540 399 686 426 videndum
701 403 754 426 est.

115 444 191 477 Quod
205 449 310 479 spectat
332 444 364 471 ad
394 445 522 479 primum,
543 452 595 472 non
617 452 650 472 ea
679 452 751 472 nunc
772 451 866 472 rursus

79 497 313 525 persequar,qua2
336 490 444 525 copiose
474 491 540 518 alias
563 490 618 518 dixi
644 490 670 517 in
699 490 810 524 epistola
832 489 865 516 ad

79 535 184 563 clariss.
201 535 340 570 prmsulem
362 535 460 562 Joann.
483 535 641 562 Archintum
655 543 661 561 :
677 535 722 562 sed
739 542 866 569 quierun-

80 589 132 616 que
148 582 175 609 in
194 581 306 616 Didymo
322 581 423 613 notavi,
440 581 473 608 ad
496 588 591 607 novem
621 581 708 615 capita
725 588 864 612 revocans,

81 628 174 662 paucis
202 635 258 655 rem
280 628 402 661 expedio.
419 627 438 655 I.
456 627 538 654 Deum
552 626 651 653 anulla
679 631 768 654 creata
788 626 866 653 intel-

80 674 190 709 ligentia
206 674 396 708 comprehendi
415 681 494 708 posse
518 673 597 700 docet
624 673 650 700 in
679 673 866 700 Enarrationi-

81 721 128 746 lnts
145 720 171 746 in
194 719 244 753 Ep.
259 719 272 745 I
290 719 370 746 Joan.
387 726 447 753 cap.
462 726 481 751 ι,
501 723 527 746 et
548 718 615 745 libro
631 726 638 744 ι
657 717 693 745 De
709 717 782 745 Trin.
803 725 864 752 pag.

81 766 127 797 ‘26.
147 770 174 792 et
189 765 263 792 alibi.
279 765 308 793 ll.
325 765 507 792 Slultissimos
529 764 711 791 Eunomianos
728 763 786 791 l'use
799 771 864 791 con-

797 61 837 89 Dr;
850 61 976 89 DIDYIIO

883 121 906 149 A
920 119 963 146 nis
982 128 989 146 :
1004 118 1051 145 sed
1062 126 1095 145 ea
1109 118 1277 152 potissimum
1292 123 1350 152 qua:
1370 117 1429 145 fuse
1451 125 1484 145 ac
1498 117 1709 153 Iocupletissime

1659 62 1709 91 £30

922 165 1048 193 edisserit
1074 165 1107 191 ad
1131 169 1211 200 caput
1226 172 1252 192 Iv
1270 165 1390 199 ejusdem
1422 164 1546 199 Epistulae
1569 172 1709 200 exponens

925 211 1038 239 Joannis
1056 210 1160 238 verba:
1182 211 1266 238 Deum
1292 219 1367 238 nemo
1390 211 1455 237 cidit
1477 212 1635 246 unquam".
1654 212 1710 247 Ego

924 258 996 285 enim
1011 257 1154 285 brevitatis
1170 265 1250 284 causa
1263 257 1320 284 haec
1333 264 1385 284 non
1397 256 1489 284 ali'ero.

955 303 1031 337 Quod
1052 311 1117 330 vero
1139 304 1172 330 ad
1197 303 1311 330 alterum
1335 303 1430 338 dogma
1455 303 1582 338 pertinet,
1605 305 1707 331 nullum

922 349 1053 376 hactenus
1071 349 1097 376 in
1118 349 1232 384 Didyme
1247 349 1334 376 locum
1356 357 1398 376 me
1415 349 1504 384 legere
1526 349 1648 381 memini,
1663 349 1708 376 ubi

925 395 1068 431 perspicue
1081 395 1107 422 id
1121 395 1316 422 conﬁrmetur:
1331 396 1380 422 etsi
1395 396 1466 423 enim
1483 401 1590 423 creatas
1606 396 1707 424 intelli-

920 441 1025 476 gentias
1040 448 1102 468 cum
1113 440 1257 475 angelicas,
1274 446 1329 467 tum
1346 441 1478 469 humanas
1503 442 1574 469 haud
1593 443 1709 471 obscure

921 486 1057 519 admittat,
1078 493 1138 521 quae
1154 487 1242 513 beata:
1255 485 1310 519 jam
1334 488 1404 519 sint,
1429 487 1579 523 quibusque
1596 489 1708 523 proinde

926 533 1078 560 beatiﬁcam
1093 533 1223 560 visionem
1240 533 1273 559 ab
1285 540 1317 560 eo
1334 534 1414 560 tribui
1428 535 1556 562 credibile
1571 536 1622 568 sit;
1638 536 1708 563 haud

923 580 979 606 scio
1009 584 1097 606 tamen
1121 587 1153 606 an
1182 580 1337 607 beatitatem
1365 580 1518 614 huiusmodi
1544 589 1573 609 re
1599 582 1654 616 ipsa
1681 583 1707 609 in

923 624 1046 652 intuitiva
1062 624 1106 651 Dei
1118 624 1232 657 visione,
1249 633 1301 659 qua
1314 625 1369 658 jam
1388 626 1523 658 fruantur,
1546 627 1625 654 sitam
1648 635 1708 655 esse

920 670 1036 699 dilucide
1044 669 1157 697 allirmet
1167 671 1219 698 ullo
1230 672 1255 697 in
1267 671 1334 698 loco.
1346 671 1411 699 Illud
1423 677 1524 700 tantum
1533 673 1598 705 scio,
1607 673 1708 700 nullum

921 716 986 743 mihi
999 716 1056 750 ejus
1075 724 1158 751 opera
1179 717 1278 751 legenti
1302 725 1386 752 usque
1408 719 1495 746 adhuc
1524 720 1706 747 testimonium

920 762 1081 794 occurrisse,
1089 763 1160 798 quod
1166 763 1299 791 catholico
1309 764 1370 791 huic
1381 764 1496 799 dogmati
1504 766 1707 793 adversaretur.

82 812 150 838 l‘utat
165 809 341 838 Enarratione
364 811 392 837 in
414 809 464 844 Ep.
483 818 490 837 ι
509 810 589 837 Joan.
607 817 667 844 cap.
693 817 732 840 ιιι,
751 810 820 844 quod
840 817 870 836 se
886 807 906 834 Β
957 807 1089 840 Quocirca
1112 808 1179 835 nihil
1208 809 1281 836 aliud
1308 815 1408 842 restat,
1431 811 1483 838 nisi
1508 817 1537 838 ut
1561 812 1707 846 praecipua,

84 858 166 884 Deum
197 857 318 892 perfecte
339 864 502 890 cognoscere
521 857 696 884 allirmarent.
710 855 753 883 III.
769 855 870 890 Corpo—

81 904 134 934 reis
145 903 230 931 oculis
249 903 333 930 videri
353 903 435 929 Deum
461 910 512 929 non
527 909 604 937 posse
623 902 703 929 tradit
718 901 817 929 Enarr.
835 903 869 928 ad

80 957 137 983 cap.
154 957 179 977 IV
192 950 242 983 Ep.
258 948 273 975 I
290 948 413 980 Joannis,
427 952 454 975 et
472 948 518 975 lib.
536 955 566 975 ιιι
586 947 622 974 De
643 948 717 975 Trin.
745 955 805 982 cap.
824 948 868 974 Ili.

79 995 124 1022 IV.
144 996 225 1025 Deum
252 995 286 1023 ab
307 995 409 1030 Moyse,
436 995 600 1027 Abrahamo,
614 994 690 1024 .Isaia
711 994 797 1021 visum
817 1002 868 1021 non

80 1050 140 1070 csse
155 1042 181 1069 in
199 1042 248 1069 hac
268 1042 331 1074 vita,
351 1041 441 1068 multis
461 1041 551 1068 verbis
571 1042 667 1076 probat
690 1041 724 1068 ad
751 1045 869 1073 caputiv

79 1088 229 1122 Epistolazl
253 1087 374 1120 Joannis,
400 1092 560 1119 argumento
599 1086 660 1113 inde
696 1086 866 1120 potissimum

80 1137 174 1165 ducto,
205 1134 275 1168 quod
310 1132 379 1162 Deus
422 1132 582 1159 sensibiliter
627 1131 712 1158 videri
753 1135 870 1166 nequeat

79 1180 201 1206 omnino.
218 1178 251 1207 V.
277 1178 356 1205 Juxta
369 1178 509 1213 Didymum
522 1177 592 1204 aliud
609 1182 649 1204 est
672 1176 774 1209 videre,
797 1176 870 1204 aliud

82 1226 224 1260 inspicere,
246 1225 296 1252 etsi
316 1231 506 1258 nonnunquam
531 1223 648 1250 alterum
674 1227 797 1250 sumatur
819 1230 869 1258 pro

80 1272 184 1304 altero;
204 1277 231 1301 et
248 1271 318 1298 aliud
332 1277 373 1299 est
387 1271 564 1303 sensibiliter,
587 1271 659 1298 aliud
676 1270 867 1298 intellectuali-

80 1324 122 1346 ter
137 1317 282 1354 [XXXVII]
304 1318 387 1344 Deum
413 1317 563 1352 percipere.
589 1316 634 1344 Sic
653 1316 724 1344 enim
749 1316 868 1351 loquitur

80 1365 115 1391 ad
131 1369 212 1398 caput
236 1372 243 1391 ι
267 1363 317 1398 Ep.
337 1363 345 1391 I
360 1363 473 1390 Joannis
488 1372 495 1390 :
512 1372 521 1388 ι
533 1362 600 1396 Quia
621 1370 685 1390 vero
712 1362 868 1397 inspiciendi

79 1417 170 1438 sermo
184 1409 392 1437 intellectualem
409 1408 542 1444 signiﬁcat
556 1409 765 1443 perceptionem,
782 1409 868 1435 mani-

85 1457 183 1484 l‘cstant
210 1457 290 1484 etiatn
315 1457 364 1484 hoc
388 1454 431 1482 illa
452 1455 551 1482 verba:
567 1454 642 1481 Beati
661 1455 758 1481 mundo
776 1454 865 1486 corde,

78 1503 201 1536 quoniam
210 1502 258 1535 ipsi
269 1501 406 1534 inspiciam
423 1501 506 1527 Deum
517 1501 551 1526 ²⁰.
566 1499 628 1528 ΗΜ
641 1500 730 1534 itaque
741 1499 866 1526 dill‘eren-

81 1550 117 1575 tia
140 1548 243 1575 videndi
268 1552 295 1575 et
321 1547 476 1581 inspiciendi
513 1546 552 1573 sic
580 1550 698 1578 maneat,
731 1545 866 1579 quomodo

79 1599 194 1627 utraque
219 1598 282 1620 sunt
303 1592 392 1620 simul.
421 1592 486 1621 Nam
519 1591 665 1626 aliquando
692 1591 867 1626 intelligibilis

80 1640 211 1674 inspectio
238 1639 346 1666 visionis
372 1646 438 1666 voce
462 1638 645 1673 signiﬁcatur;
662 1642 691 1665 ut
713 1644 754 1665 cst
777 1638 865 1664 illud:

81 1695 91 1710 ι
104 1685 156 1718 Qui
166 1685 231 1712 videt
249 1692 299 1717 me,
313 1683 380 1711 videt
399 1688 422 1711 et
444 1683 606 1716 Patrem",i
618 1691 670 1710 non
685 1683 746 1718 quia
759 1683 866 1710 Patrem

79 1730 141 1764 quis
153 1729 238 1756 oculis
254 1729 343 1756 carnis
357 1729 443 1761 vidit;
462 1728 586 1762 quisquis
602 1728 674 1754 enim
698 1732 739 1755 est
752 1736 785 1754 ex
799 1727 865 1760 Deo,

80 1777 151 1803 videt
169 1776 278 1802 Deum.)
293 1775 336 1802 Vl.
350 1775 431 1801 Deum
447 1781 473 1800 et
483 1774 509 1800 in
519 1773 668 1808 Scripturis
679 1773 770 1800 vocari
782 1773 865 1808 ἀόρα-

78 1831 136 1854 τον.
155 1823 181 1849 id
200 1827 242 1849 est
266 1821 464 1852 inuisibilem",
482 1828 533 1848 nec
555 1821 589 1848 ab
605 1821 658 1848 ulla
672 1825 794 1860 creatura
811 1821 867 1848 sive

79 1869 213 1903 angelica,
230 1868 287 1895 sive
311 1869 428 1895 humana
445 1867 528 1894 vidui
551 1873 629 1901 posse
647 1866 747 1900 pluries
761 1865 800 1892 ait
817 1874 824 1892 :
839 1870 867 1892 ut

81 1913 125 1940 lib.
143 1921 150 1940 ι
167 1913 203 1940 De
229 1913 304 1940 Trin.
321 1921 381 1948 pag.
403 1913 448 1946 26,
471 1912 515 1940 lib.
539 1921 568 1945 ιι,
587 1920 647 1947 pag.
675 1911 734 1944 I9I,
750 1916 777 1939 et
791 1911 864 1940 alibi.

80 1959 142 1987 Ilaec
168 1965 256 1986 autem
272 1959 403 1986 catholico
418 1966 498 1986 sensu
515 1958 549 1985 ab
560 1965 592 1986 eo
609 1958 672 1991 dici,
698 1966 759 1985 mox
782 1966 865 1992 appa-

81 2005 159 2032 i-etit.
188 2004 241 2032 VII.
267 2004 474 2031 Manichaeorum
507 2004 617 2038 impiam
642 2003 796 2038 opinionem
823 2011 866 2030 re-

81 2050 146 2078 fellit
171 2051 203 2078 ad
231 2055 309 2085 caput
334 2057 359 2077 IV
381 2050 507 2084 Epistula:
532 2049 542 2075 l
564 2049 692 2081 Joannis,
710 2050 779 2083 quod
800 2050 867 2076 duos

79 2097 346 2124 comminiscereutur
378 2096 460 2127 deos,
490 2095 603 2122 alterum
632 2095 736 2122 Veteris
770 2094 865 2122 Testa-

880 1484 901 1512 C

921 860 979 888 quae
994 854 1018 879 in
1034 853 1147 888 Didymo
1166 854 1258 881 notavi
1280 854 1338 882 loca
1360 855 1393 882 de
1414 855 1547 889 justorum
1561 861 1631 884 statu
1648 861 1708 892 post

921 903 1046 930 mortem,
1067 898 1161 926 lectori
1182 899 1333 927 exhibeam.
1349 899 1368 927 I.
1394 901 1478 935 Igitur
1499 902 1709 929 Hillenarinrum

919 944 1073 978 Opinionem
1094 950 1184 980 aperte
1201 946 1303 979 respuit
1316 947 1341 972 in
1361 946 1462 974 Ennrr.
1480 949 1514 974 ad
1528 956 1585 981 cap.
1602 956 1609 974 ι
1627 947 1676 982 Ep.
1691 948 1707 975 I

919 989 1006 1017 Petri.
1020 989 1050 1017 Si
1061 999 1120 1026 ergo
1137 991 1164 1017 in
1180 994 1261 1031 uelis,
1275 992 1369 1026 inquit,
1384 992 1505 1026 ﬁdelibus
1519 993 1573 1020 Itan:
1588 999 1708 1022 servatur

919 1038 1070 1071 hereditas,
1086 1038 1181 1072 frivola
1199 1040 1320 1074 quaedam
1338 1045 1361 1067 et
1377 1041 1464 1074 tepida
1475 1041 1610 1075 proferunt
1626 1042 1709 1076 aliqui

919 1089 1039 1118 putantes
1067 1093 1124 1111 eam
1155 1093 1182 1111 se
1207 1086 1339 1120 percipere
1367 1086 1394 1112 in
1422 1090 1525 1113 terrena
1549 1086 1706 1113 Jerusalem.

919 1130 995 1156 Mille
1017 1132 1094 1158 annis
1117 1133 1266 1159 existimant
1280 1140 1334 1158 esse
1350 1132 1504 1159 deliciarum
1523 1134 1631 1166 prwmia
1645 1141 1707 1167 pro-

918 1177 1030 1210 prietate
1060 1183 1228 1211 retepturos,
1267 1184 1294 1205 et
1323 1178 1436 1213 reliqua.
1476 1179 1507 1206 II.
1535 1179 1631 1207 Omnes
1663 1180 1708 1214 qui

919 1223 1061 1248 secundum
1077 1222 1208 1249 Christum
1219 1224 1358 1258 ﬁniuntur,
1377 1225 1403 1251 in
1415 1225 1528 1252 Abraha:
1539 1226 1625 1252 sinum
1644 1234 1705 1259 pro-

919 1267 1001 1302 ﬁcisci
1022 1268 1059 1294 ait
1073 1269 1182 1302 ibidem,
1198 1274 1225 1296 et
1248 1269 1294 1297 lib.
1308 1278 1338 1297 ιιι
1362 1270 1402 1298 De
1419 1271 1545 1299 Trinitate
1562 1280 1621 1306 pag.
1643 1272 1706 1299 425.

919 1313 961 1341 III.
981 1313 1075 1340 Sinum
1100 1315 1252 1350 huiusmodi
1272 1324 1369 1344 vocare
1392 1317 1499 1344 videtur
1523 1317 1607 1345 locant
1626 1318 1707 1345 aethe-

923 1367 997 1386 reum
1016 1360 1041 1387 in
1059 1360 1177 1396 fragmen
1184 1368 1209 1388 to
1222 1363 1292 1394 quod
1306 1363 1437 1396 exscripsi
1453 1371 1485 1390 ex
1498 1364 1591 1398 pagina
1605 1363 1640 1390 9‘2
1654 1372 1704 1391 ms.

919 1406 1022 1433 codicis
1055 1406 1090 1433 ‘23
1130 1407 1216 1434 Grmci
1243 1408 1410 1437 bibliotheca
1434 1409 1539 1437 Veni-las
1567 1410 1594 1437 S.
1624 1410 1709 1438 Marci

920 1452 1025 1478 titulum
1055 1452 1126 1480 hunc
1165 1461 1220 1486 ιιι-ιιι
1251 1462 1280 1481 se
1309 1454 1442 1482 ferentis:
1465 1455 1590 1490 Ἐκλογαὶ
1619 1457 1707 1492 ἑρμη-

917 1497 997 1525 νειῶν
1020 1498 1060 1530 εἰς
1079 1499 1129 1530 τὰς
1145 1499 1299 1536 Παροιμίας
1322 1501 1493 1536 Σολομῶντος
1516 1502 1549 1528 ἐκ
1571 1502 1709 1537 διαφόρων

918 1543 1060 1579 Ματέρων.
1086 1545 1112 1571 id
1128 1550 1180 1579 est,
1203 1545 1312 1573 δρία-ιω
1327 1547 1554 1584 interpretationes
1575 1548 1603 1574 in
1622 1547 1707 1575 Para-

919 1590 989 1617 bolas
1017 1590 1167 1620 Salomonis
1205 1601 1237 1620 ea:
1268 1593 1375 1621 dirersis
1413 1593 1536 1621 Patribus
1567 1600 1704 1628 excerpta.

920 1635 1066 1671 Explicatis
1082 1638 1153 1664 enim
1172 1638 1206 1665 ibi
1227 1638 1357 1673 Didymus
1378 1638 1529 1667 Salomonis
1551 1640 1650 1672 locum,
1664 1640 1706 1666 ὃτι

919 1682 1008 1714 εὐθεῖς
1018 1683 1258 1718 κατασκηνώσουσι
1276 1685 1338 1720 γῆν,
1357 1685 1381 1712 id
1395 1690 1446 1718 est,
1460 1686 1520 1720 quia
1542 1687 1604 1712 recti
1625 1691 1707 1713 Lento-

919 1729 958 1754 ria
974 1729 1051 1764 [igeut
1074 1729 1101 1755 in
1122 1733 1202 1762 terra,
1221 1737 1280 1764 quae
1304 1735 1411 1759 exstant
1431 1739 1502 1759 vers.
1516 1731 1547 1758 2|
1571 1732 1668 1766 capitis
1686 1740 1706 1760 ιι

918 1773 1145 1806 Proverbiorum,
1170 1779 1197 1802 et
1227 1775 1308 1802 verba
1337 1776 1485 1810 respiciens
1511 1776 1611 1804 Christi
1636 1779 1706 1811 apud

917 1818 1073 1846 Malthmum
1102 1820 1256 1854 inquientis,
1285 1821 1361 1848 Beati
1384 1824 1478 1853 mites,
1501 1823 1625 1857 quoniam
1657 1823 1706 1858 ipsi

917 1865 1085 1899 possidebunt
1104 1870 1201 1892 (errant
1225 1866 1259 1898 “,
1281 1866 1320 1893 sic
1343 1866 1461 1901 loquitur
1481 1875 1488 1893 :
1507 1867 1567 1894 Τῶν
1596 1868 1705 1904 πραέωι

917 1910 999 1941 τόπος
1013 1909 1132 1946 αἰθέριος
1147 1911 1185 1938 ὧν
1195 1919 1202 1926 ·
1217 1911 1255 1943 ὡς
1270 1912 1337 1947 πρὸς
1349 1913 1394 1939 τὸν
1408 1913 1605 1949 ὑπερκείμενον
1624 1914 1706 1950 οὐρα-

917 1956 979 1982 νόν·
1005 1957 1041 1992 γῆ
1071 1956 1124 1982 τῶν
1143 1957 1287 1984 οἰκούντων
1312 1958 1393 1984 ἐστίν.
1416 1959 1459 1985 Ἐν
1483 1959 1549 1994 αὐτῇ
1565 1959 1653 1986 τοίνυν
1680 1962 1705 1986 oi

918 2003 1015 2036 πραεῖς
1040 2002 1313 2038 κατασκηνώσουσιν·
1333 2004 1372 2035 εἰς
1395 2005 1475 2031 αὑτὸν
1498 2005 1705 2041 προσδεχόμενοι

917 2048 962 2075 τὸν
978 2049 1090 2084 οὐρανὸν
1111 2049 1309 2085 ἐμφανισθῆναι
1337 2050 1374 2086 τῷ
1395 2050 1532 2086 προσώπῳ
1554 2052 1600 2078 τοῦ
1625 2051 1702 2079 Θεοῦ.

917 2093 1008 2128 Μήπω
1023 2093 1077 2129 γὰρ
1093 2093 1147 2120 τῶν
1164 2094 1335 2128 ἐπαγγελιῶν
1352 2096 1478 2130 τυχόντες
1501 2097 1550 2122 οὐκ
1567 2096 1703 2123 οἰκοῦσιν*

80 2143 161 2170 menti
190 2142 334 2175 visibilem,
358 2141 471 2168 alterum
506 2141 571 2168 Novi
608 2142 774 2168 'I‘estamenti
798 2141 863 2168 invi-

920 2139 985 2165 ἀλλὰ
1005 2139 1220 2174 κατασκηνοῦσιν
1232 2148 1239 2155 ³
1265 2139 1292 2166 id
1315 2145 1365 2172 est,
1386 2140 1491 2167 Mitiunt
1506 2142 1579 2171 locus
1598 2151 1657 2168 cum
1671 2144 1704 2170 sit

79 2187 195 2214 sibilent.
213 2187 276 2215 VIII.
302 2187 410 2222 Angelis
436 2187 532 2213 Filium
559 2191 620 2214 ante
648 2186 865 2214 Iucarnationeut

80 2234 163 2262 fuisse
185 2233 356 2265 invisibilem,
371 2241 446 2267 atque
467 2240 498 2259 ac
513 2233 637 2266 Patrem;
655 2238 714 2268 post
736 2233 864 2261 Incarna-

81 2279 180 2306 tionem
198 2286 261 2306 vero
291 2279 324 2306 ab
354 2279 418 2312 ipsis
443 2278 528 2306 visum
549 2286 610 2306 esse
639 2279 718 2307 docet
740 2279 784 2307 lib.
803 2288 810 2307 ι
827 2279 865 2307 De

81 2322 153 2350 Trin.
169 2330 229 2357 pag.
250 2322 294 2353 84,
312 2330 344 2349 ex
360 2322 432 2349 Pauli
445 2322 558 2356 apostoli
573 2323 737 2350 testimonio.
752 2323 817 2356 Qum
829 2323 864 2349 ita

80 2369 237 2403 accipienda
254 2368 388 2400 existimo,
405 2373 433 2396 ut
447 2369 547 2396 vidisse
572 2369 697 2396 dicantur
717 2377 730 2395 a
751 2368 863 2404 Didymo

80 2416 166 2451 angeli
183 2415 280 2443 Filium
306 2415 473 2442 incarnatum
495 2420 542 2443 aut
555 2416 693 2450 corporeis
703 2415 799 2448 oculis,
818 2419 863 2442 aut

79 2470 112 2490 eo
127 2462 207 2489 modo
219 2469 298 2496 quem
317 2461 342 2488 in
354 2462 435 2488 citata
451 2461 484 2488 ad
507 2461 662 2488 Archintum
686 2461 798 2496 epistola
814 2469 861 2488 ex-

81 2508 185 2541 plicavi.
199 2507 244 2534 IX.
257 2507 424 2535 Catholicam
438 2507 531 2541 dogma
547 2513 599 2533 tam
618 2507 690 2534 clare
703 2506 782 2533 tradit
797 2506 863 2532 mul-

80 2554 113 2581 IIS
133 2554 159 2580 iu
181 2553 257 2585 locis,
271 2554 351 2580 Deum
367 2560 381 2579 a
396 2553 480 2579 beatis
497 2553 629 2579 mentibus
654 2552 736 2579 videri
753 2553 863 2583 docens,

80 2604 109 2625 ut
124 2598 213 2626 nullus
234 2598 299 2626 mihi
320 2605 461 2632 superesse
486 2598 608 2624 videatttr
624 2596 761 2623 dubitandi
779 2596 862 2623 locus.

77 2645 162 2679 Lege,
191 2651 291 2678 quaeso,
313 2651 372 2679 qua:
397 2643 422 2670 in
449 2643 517 2670 hanc
536 2651 591 2670 rem
614 2643 694 2670 habet
722 2642 768 2669 lib.
790 2650 808 2668 ιι
828 2641 863 2669 De

80 2688 153 2715 Trin.
168 2696 228 2723 pag.
243 2688 290 2716 ITI
311 2694 338 2716 et
360 2687 459 2720 2l6,et
471 2689 504 2715 ad
521 2693 600 2724 caput
625 2695 653 2714 Ill
684 2687 731 2722 Ep.
758 2686 863 2714 IJoano

116 2793 137 2807 ’δ
150 2792 242 2821 Matth.
257 2800 282 2826 v,
295 2793 321 2821 8.
361 2793 381 2809 “
399 2792 476 2820 Joan.
494 2801 548 2827 χιι,
567 2795 590 2821 9.
631 2795 652 2809 ¹¹
671 2793 678 2819 l
697 2792 764 2820 Tim.
783 2801 799 2824 ι,
819 2793 858 2820 Π.

920 2186 1058 2217 αἰΙιενεηδ,
1076 2191 1190 2219 respectu
1210 2187 1350 2219 superioris
1367 2187 1440 2218 caeli,
1461 2192 1531 2214 terra
1545 2193 1581 2214 est
1599 2188 1706 2215 illorum

919 2231 963 2266 qui
978 2230 1013 2257 ibi
1029 2231 1157 2257 habitant.
1186 2229 1219 2257 In
1235 2231 1290 2265 ipsa
1306 2240 1366 2266 ergo
1384 2234 1459 2259 miles
1483 2236 1595 2260 tentoria.
1613 2235 1705 2268 ﬁgant,

918 2282 1094 2310 exspectantes
1106 2278 1167 2303 dum
1183 2277 1209 2302 in
1223 2277 1284 2303 caelo
1305 2277 1359 2311 ipso
1380 2283 1521 2311 appareant
1534 2286 1594 2305 ante
1611 2279 1704 2312 facient

917 2323 966 2349 Dei
980 2330 988 2349 :
1002 2331 1059 2349 cum
1081 2323 1161 2361 enim»
1173 2315 1281 2349 necdum
1303 2324 1390 2357 adepti
1408 2325 1459 2351 sint
1482 2326 1703 2359 repromissiavm,

917 2369 945 2395 in
957 2377 987 2394 ea
1002 2376 1052 2394 non
1070 2369 1198 2400 habitant,
1212 2369 1257 2395 sed
1273 2371 1384 2397 tentoria
1403 2371 1507 2398 habent.
1530 2371 1575 2398 IV.
1599 2371 1704 2399 Eiectos

916 2415 1027 2441 salutem.
1047 2415 1176 2449 primum,
1201 2415 1293 2442 deinde
1317 2424 1439 2443 coronant
1463 2417 1555 2451 gloriae
1583 2418 1704 2452 consequi

917 2462 996 2488 docet
1013 2462 1038 2488 in
1054 2461 1121 2488 libro
1144 2461 1181 2488 De
1197 2461 1300 2496 Spiritu
1321 2467 1412 2489 sancto
1430 2471 1504 2492 num.
1531 2463 1558 2491 8.
1594 2463 1625 2491 V.
1640 2464 1703 2496 Eos,

918 2507 964 2542 qui
981 2507 1036 2542 jam
1052 2515 1122 2535 nunc
1141 2508 1212 2535 beati
1230 2508 1292 2539 sint.
1309 2509 1426 2535 admittit
1443 2509 1469 2536 in
1485 2509 1704 2537 Enarrationibus

917 2554 951 2579 tul
966 2558 1042 2586 caput
1070 2561 1088 2584 ι,
1118 2561 1184 2580 vers.
1207 2554 1250 2585 i2,
1269 2553 1353 2586 Epist.
1382 2554 1395 2580 Ι
1415 2554 1498 2588 Petri,
1524 2556 1586 2582 dum
1614 2556 1647 2582 ad
1673 2564 1705 2584 ea

918 2599 1009 2631 verba,
1027 2598 1060 2625 1η
1077 2607 1134 2634 qua:
1155 2601 1339 2634 concupiscunt
1358 2601 1443 2635 angeli
1458 2601 1621 2636 prospicere,
1647 2601 1704 2628 haec

917 2643 1107 2671 scribitzNon
1136 2644 1167 2671 ab
1194 2652 1221 2671 re
1246 2650 1282 2671 est
1311 2645 1390 2671 etiam
1417 2645 1528 2680 intelligi
1551 2646 1583 2672 de
1605 2645 1702 2679 salictis

917 2689 1032 2723 angelis,
1065 2694 1090 2716 et
1122 2690 1272 2724 simpliciter
1299 2691 1397 2717 umetis
1424 2688 1592 2727 [XXXVIII]
1620 2691 1702 2720 beatis

898 2795 919 2810 ’³
934 2793 1010 2820 Joau.
1027 2802 1044 2826 I,
1065 2793 1104 2820 I8.
1143 2793 1165 2810 "'
1182 2793 1274 2821 Matth.
1297 2802 1321 2826 v,
1342 2794 1367 2821 ι.
