1904 3054
136 113 186 141 181

721 113 1005 143 COMMENTARIUS.
1027 130 1059 136 —
1079 116 1144 144 LIB.
1167 116 1204 143 ll.-

1715 115 1765 143 1εέ

136 170 310 199 rationalibus
319 170 366 197 hoc
377 170 486 202 dictum,
500 177 653 198 cumomnes
665 173 807 207 appetitum
817 173 927 200 habeant
942 177 966 204 Α
981 182 1023 201 me
1037 174 1103 202 fallit
1115 182 1191 202 amor
1204 183 1255 201 non
1271 173 1387 205 Didvmi,
1400 173 1447 201 sed
1464 173 1593 201 veritatis.
1609 172 1674 206 Quis
1692 174 1763 200 enim

134 217 281 251 prospicere
292 223 322 243 ea
337 224 396 251 qure
410 216 437 242 in
453 215 505 250 fine
519 216 610 244 urenti
625 221 684 244 sunt
696 220 807 252 agenda.
820 218 864 246 Vl.
878 218 929 246 Eos

134 263 181 299 qui
199 262 244 290 Dei
263 261 431 298 visionejam
449 261 584 295 frtmntur,
602 270 702 297 ponere
716 263 822 291 videtur
834 264 860 291 in
874 264 928 292 alio

134 311 307 346 fragmento,
332 309 403 344 quod
431 310 563 344 exscripsi
584 317 616 337 ex
642 309 738 345 pagina
766 310 800 338 99
826 310 928 338 codicis

136 364 223 391 nuper
236 356 387 388 memorati,
405 356 449 383 ubi
465 355 592 389 explanat
609 355 666 382 base
687 355 767 382 verba
785 364 791 382 :
806 355 927 391 Χρηστοὶ

134 402 242 429 ἔσονται
255 402 396 441 οἰκήτορες
408 401 470 436 γῆς,
487 401 586 428 ἄκακοι
598 401 626 428 δὲ
637 401 879 437 ὑποληφθήσονται
895 402 926 428 ὲν

135 449 216 484 αὐτῇ.
232 447 258 475 id
271 451 323 480 est,
343 446 411 474 Boni
429 451 506 473 erunt
522 446 681 473 habitatores
701 452 795 479 terrae;
817 447 927 474 malitiae

135 502 196 521 vero
206 498 320 528 expertes
335 493 514 527 relinquentur
529 494 556 518 in
583 501 614 519 ea
628 500 636 519 :
650 499 709 526 quae
730 493 810 518 verba
829 492 855 519 in
874 491 927 518 La-

136 541 200 568 tinis
221 539 314 567 Bibliis
331 547 382 567 non
395 539 532 574 leguntur,
549 538 596 565 sed
609 538 635 565 in
651 538 745 565 Gi'aaca
761 537 927 565 Francol’ur-

136 585 205 612 tensi
231 585 350 611 editione
373 589 482 611 exstant
503 591 562 618 cap.
587 591 606 610 ιι
627 583 758 610 Proverb.
786 591 854 611 vers.
880 583 925 611 20.

137 630 199 658 llrc
218 638 284 664 ergo
300 629 334 656 ibi
351 630 430 657 habet
448 629 577 664 Didymus
594 637 600 655 :
615 629 664 656 Διὰ
684 629 730 656 τοῦ
748 629 865 664 χρηστοῦ
881 630 927 656 καὶ

136 675 242 703 ἀκάκου
271 675 397 710 δηλοῦται
420 676 434 702 ὸ
457 675 526 710 ἔχων
550 675 706 711 πρακτικὴν
733 676 850 711 ἀρετήν·
879 675 926 702 τοῦ

136 721 303 758 θεωρητικοῦ
329 722 533 757 παρισταμένου
564 721 622 757 βίου
648 722 682 748 δι’
705 721 851 757 εὐθύτητος
881 721 927 748 καὶ

136 767 283 800 ὁσιότητος.
302 767 339 793 Οὺ
361 766 449 802 μάτην
462 767 491 793 δὲ
504 768 568 802 περὶ
587 767 641 793 τῶν
653 767 782 794 τοιούτων
805 767 835 794 τὸ
858 767 927 793 ὑπο-

136 811 322 848 ληφθήσεσθαι
339 812 437 844 αὐτοὺς
456 814 485 840 ὲν
503 814 536 849 τῇ
552 812 612 848 θείᾳ
629 814 663 848 γῇ
689 813 812 849 εἴρηται·
829 813 859 840 οὐ
872 812 927 849 γὰρ

138 858 345 894 μετῳκίσθησαν
362 859 410 886 ἀπ’
421 859 506 895 αὐτῆς
521 860 544 886 ol
557 860 747 896 περιεχόμενοι
757 860 810 886 τῶν
822 848 926 895 λεχθει-
942 848 965 876 Β

137 904 193 931 σῶν
208 904 323 940 ἀρετῶν.
353 904 450 939 Ἡμῶν
471 905 536 941 γὰρ,
559 907 636 941 φησὶ,
654 906 685 933 τὸ
703 906 868 942 πολίτευμα
892 907 927 933 ἐν

137 951 275 984 οὐρανοῖς
291 950 428 986 ὑπάρχει.
449 952 518 987 Περὶ
541 952 591 988 τῆς
610 953 758 988 εἰρημένης
774 953 825 989 γῆς
846 954 892 980 καὶ
913 954 928 980 ὀ

137 995 290 1032 Ψαλμῳδδς
317 997 404 1031 ἐλεγε⁶
441 998 577 1024 Πιστεύω
602 998 656 1025 τοῦ
682 999 755 1026 ἰδεῖν
772 999 808 1026 τὰ
833 999 928 1034 ἀγαθὰ

139 1041 249 1075 Κυρίου
261 1041 347 1076 ἐν·γῇ
359 1041 484 1075 ζώντων,
503 1043 528 1070 id
544 1047 595 1076 est,
613 1043 664 1070 Per
684 1044 778 1071 bonum
804 1049 831 1071 et
853 1045 933 1072 mali-

138 1087 183 1114 tia'
201 1092 331 1122 expertem
353 1089 497 1115 denotatur
515 1089 538 1116 is
555 1089 600 1123 qui
623 1090 770 1124 practicam
802 1090 928 1118 virtutem

140 1133 238 1165 habet;
251 1140 297 1167 per
314 1135 495 1160 rectitudinent
517 1142 582 1162 vero
604 1139 630 1162 et
645 1136 810 1162 sanctitatem
823 1136 928 1171 signiﬁ-

140 1183 217 1205 catur
242 1179 294 1206 vita
319 1180 540 1214 contemplativa.
570 1180 628 1208 Non
657 1180 757 1208 frustra
782 1186 872 1208 autem
896 1182 930 1209 de

141 1224 292 1259 ltujusmodi
307 1225 462 1252 hominibus
477 1226 578 1253 dictum
592 1230 644 1259 est,
658 1226 714 1261 fore
735 1231 763 1253 ut
778 1227 930 1262 relinquan-

140 1270 220 1296 turin
238 1270 326 1297 divina
345 1276 431 1303 terra;
459 1279 509 1299 nec
531 1272 603 1299 enim
632 1272 754 1299 translati
775 1277 837 1300 sunt
851 1280 883 1300 ex
899 1281 931 1300 ca

145 1315 266 1343 homines
292 1317 448 1344 memoratis
479 1317 624 1344 virtutibus
649 1317 828 1344 adhaerentes.
864 1317 930 1344 Nam

141 1358 240 1387 Paulus
260 1360 296 1387 ait
313 1371 320 1388 ;
335 1360 506 1388 Conversatio
525 1366 614 1388 ucstra
633 1361 660 1388 in
679 1362 750 1388 celi;
771 1356 812 1389 est
828 1362 862 1389 ".
896 1363 932 1389 De

143 1406 269 1439 praedicta
290 1410 362 1434 terra
385 1406 489 1434 Psaltes
508 1415 616 1442 quoque
634 1407 702 1434 dixit
719 1416 726 1434 :
747 1407 831 1434 Credo
848 1409 933 1435 uidere

143 1450 209 1476 bona
226 1450 332 1478 Domini
356 1452 382 1478 in
404 1457 473 1478 terra
487 1453 627 1479 rirentium
650 1452 682 1479 “.
716 1451 769 1479 Vll.
792 1453 932 1480 [iratorth

143 1495 321 1522 Irrereditatem
334 1496 361 1522 in
372 1497 505 1531 inﬁnitum
515 1505 713 1531 permansurum
737 1497 773 1524 ait
789 1497 823 1524 ad
852 1506 910 1533 cap.
924 1506 932 1525 I

145 1541 193 1575 Ep.
215 1541 320 1569 lPetri.
346 1543 466 1578 Denique
488 1551 536 1571 nos
556 1551 617 1571 eum
635 1543 743 1571 Christo
762 1549 823 1578 post
843 1552 932 1572 resur-

145 1586 290 1614 rectionem
303 1593 463 1623 regnaturos
475 1596 536 1616 esse
556 1590 635 1616 docet
653 1589 701 1616 lib.
721 1597 729 1617 ι
744 1589 781 1617 De
805 1589 935 1618 Trinitote

145 1639 205 1667 pag.
222 1633 269 1667 95,
280 1638 308 1661 et
325 1634 370 1661 lib.
387 1642 405 1662 ιι
427 1643 487 1670 pag.
500 1635 563 1662 258.

182 1678 219 1705 Ex
239 1679 280 1706 his
292 1687 373 1713 porro
384 1681 510 1708 omnibus
523 1681 602 1708 simul
618 1681 740 1710 collectis
761 1687 842 1717 atque
855 1682 936 1710 colla-

147 1722 183 1749 tis
195 1723 261 1751 locis
277 1724 377 1751 inlerre
393 1733 471 1760 posse
486 1726 618 1759 videmur,
640 1727 709 1754 hanc
732 1727 815 1755 fuisse
830 1728 934 1763 Didymi

147 1767 180 1795 tle
199 1770 341 1802 proborum
356 1776 426 1797 statu
441 1776 503 1806 post
518 1772 620 1800 obitum
643 1773 814 1800 sententiam.
836 1773 935 1800 Eorum

148 1814 253 1842 scilicet
276 1816 392 1848 animas,
419 1817 470 1844 nisi
488 1818 647 1853 purgatione
664 1819 811 1854 indigeant,
836 1819 862 1846 in
882 1826 937 1846 cm-

149 1860 209 1887 lesti
223 1862 351 1895 quodam.
365 1863 422 1890 sive
435 1864 553 1892 azthereo
567 1865 627 1892 loco
641 1864 755 1892 detineri
766 1885 773 1898 ,
790 1865 880 1900 ibique
892 1869 938 1892 aut

150 1905 196 1932 Dei
215 1906 316 1934 visione
332 1907 396 1941 l'rui,
423 1914 469 1935 aut
491 1914 565 1937 certe
581 1909 710 1937 beatitate
731 1911 822 1945 aliqua
845 1911 938 1938 beatas

149 1958 211 1978 esse
228 1953 355 1980 :easdem
379 1961 443 1981 vero
466 1955 523 1982 sive
544 1960 606 1982 ante
625 1957 862 1988 resurrectionem,
881 1956 938 1983 sive

150 1997 240 2030 potius
262 2003 322 2032 post
354 1999 426 2026 illam
452 2000 478 2026 in
502 1994 626 2035 superius
653 2001 751 2027 caelum
779 2008 938 2028 ascensuras

150 2051 210 2071 esse
225 2054 230 2071 :
247 2049 389 2079 postquam
410 2050 500 2072 autem
526 2046 590 2080 ipsis
611 2047 771 2080 corporibus
795 2047 822 2073 iu
849 2054 940 2073 resur-

152 2088 272 2116 rectione
305 2097 397 2116 rursus
430 2090 580 2125 conjuncta:
607 2090 718 2124 fuerint,
746 2091 804 2118 fore
835 2096 863 2118 ut
891 2099 939 2119 nos

152 2142 257 2168 omnes,
290 2135 374 2163 Electi
402 2143 508 2171 nempe,
535 2144 596 2164 cum
617 2136 726 2164 Christo
755 2137 780 2165 iu
809 2142 939 2165 aeternum

153 2188 306 2216 regnemus,
318 2189 350 2208 ac
367 2182 491 2210 beatitlca
513 2183 558 2210 Dei
573 2183 674 2210 visione
687 2184 870 2217 perfruamur.

327 2228 392 2256 CAP.
417 2228 544 2256 ll|.—De
559 2230 652 2256 timore
663 2230 761 2257 servili.

190 2274 227 2302 De
251 2275 347 2302 timore
364 2274 454 2302 servili
483 2282 534 2301 non
560 2281 633 2302 recte
658 2276 775 2303 sensisse
800 2276 875 2303 visus
898 2280 943 2303 est-

157 2319 285 2355 Didymus
309 2321 412 2348 attetori
440 2321 605 2352 notularnm,
632 2329 692 2355 qua:
720 2321 942 2350 Enarrationibus

154 2367 284 2402 apposita:
298 2367 423 2402 leguntur
451 2367 476 2394 in
498 2367 620 2402 margine
639 2367 777 2400 Parisinus,
796 2376 848 2403 qua
869 2373 940 2400 utor,

154 2412 281 2440 editionis
297 2412 466 2440 Bibliotheca:
484 2412 594 2439 Pntrum
613 2421 685 2440 anno
707 2413 776 2440 16M
800 2414 939 2449 evulgatze.

155 2458 196 2485 Ad
214 2463 293 2493 caput
307 2459 378 2485 enim
396 2466 414 2486 Il
429 2458 553 2493 Epistolas
566 2458 575 2485 l
592 2458 662 2485 Petri
676 2467 735 2494 pag.
746 2459 779 2486 57
791 2459 847 2487 hate
859 2460 942 2487 adno—

157 2505 222 2531 ttvit
242 2513 250 2531 ι
267 2505 348 2532 Caute
372 2505 426 2540 lege
441 2513 450 2532 .'
468 2513 529 2531 nam
547 2504 649 2532 videtur
672 2506 798 2533 damnare
823 2507 942 2533 timorem

156 2559 249 2585 perire.
273 2559 318 2577 seu
335 2552 463 2583 servilem,
483 2557 607 2586 tanquam
634 2551 865 2583 irrutionabilem;
884 2559 943 2578 eum

157 2601 245 2623 tamen
256 2605 288 2623 ea:
299 2605 325 2624 se
342 2599 435 2630 bonus,
451 2605 474 2624 et
492 2599 565 2625 utilis
577 2599 622 2628 ait.
639 2606 668 2624 co
680 2597 756 2624 modo
768 2606 818 2632 quo
830 2596 858 2624 S.
874 2597 944 2624 Tho-

158 2650 214 2669 ntas
246 2643 352 2676 exponit
377 2642 437 2676 2—2,
457 2651 483 2678 q.
509 2643 551 2675 19,
575 2647 627 2670 art.
654 2642 680 2669 4.
713 2641 775 2669 Vide
806 2642 946 2669 concilium

160 2687 234 2715 Trid.
248 2696 314 2716 sess.
327 2697 364 2721 vr,
378 2699 401 2716 c.
417 2690 432 2717 6
447 2695 470 2716 et
482 2698 580 2717 cortone
594 2690 620 2718 8.
636 2688 673 2716 Ita
687 2688 827 2724 Didymntn
838 2693 948 2716 accusat

161 2734 315 2762 notularum
331 2740 437 2762 auctor.
458 2735 510 2762 Sed
528 2735 606 2770 plane
622 2735 771 2766 immerito,
798 2734 848 2762 nisi
874 2741 947 2761 meus

980 220 1012 247 de
1033 221 1130 248 timore
1147 220 1239 248 servili
1265 227 1405 256 perperam
1433 221 1550 248 sensisse
1573 219 1672 247 dixerit
1691 227 1763 250 ellltl,

980 266 1025 301 qui
1042 271 1070 294 et
1081 266 1234 302 hujusmodi
1260 267 1382 294 timorem
1398 266 1489 293 utilem
1507 274 1567 294 esse
1583 265 1722 302 agnoscit,
1739 271 1763 291 et

978 320 1039 340 eum
1065 313 1244 345 commendat,
1271 320 1302 340 ac
1323 313 1404 341 veluti
1427 313 1620 348 paedagogum,
1651 320 1704 348 quo
1732 312 1763 339 ad

978 358 1138 385 charitatetn
1164 358 1304 391 ducamur,
1329 359 1415 393 ipsum
1442 359 1542 386 habet?
1559 359 1604 393 qui
1632 363 1761 393 prmterea

977 402 1052 430 illum
1068 404 1197 430 duntaxat
1212 411 1309 438 parum,
1330 409 1356 430 et
1371 404 1479 438 quidem
1495 403 1650 437 temporalis
1664 423 1671 435 ,
1690 403 1766 429 limo-

978 456 1046 480 rem,
1068 456 1121 483 quo
1134 449 1194 483 quis
1216 450 1249 476 ab
1262 449 1350 476 ollicio
1367 450 1545 481 deterrentur,
1563 449 1701 483 explodit?
1721 449 1764 482 qui

977 493 1084 521 demum
1099 495 1258 521 charitatem
1282 495 1379 522 timore
1396 495 1487 522 servili
1505 494 1691 529 perlectiorem
1703 515 1710 527 ,
1733 501 1765 520 ac

977 538 1190 573 praestantiorem
1221 538 1311 566 ducit?
1333 539 1373 566 Ad
1391 539 1447 566 hz'ec
1463 544 1552 566 tamen
1575 539 1664 572 capita
1692 537 1764 565 redi-

977 588 1086 618 guntur,
1115 584 1140 610 ni
1172 584 1261 616 fallor,
1290 591 1457 619 quascunque
1485 584 1518 611 de
1547 584 1635 611 servili
1671 583 1766 610 timore

977 630 1068 657 docuit
1093 629 1231 666 Didymus,
1261 636 1306 659 aut
1334 636 1406 659 certe
1430 639 1491 667 quar
1515 631 1571 665 ipse
1596 630 1622 656 in
1655 629 1768 664 Didyme

977 675 1108 703 hactenus
1120 676 1268 704 observavi.

1013 719 1080 748 Nam
1107 721 1194 755 primo
1216 721 1273 755 ejus
1298 722 1402 750 timoris
1418 722 1560 749 utilitatem
1591 719 1712 755 agnoscit
1741 720 1766 746 in

978 767 1047 794 libro
1059 767 1190 795 Adversus
1205 768 1365 795 Manichwos
1383 776 1442 802 cap.
1465 768 1509 801 17,
1533 767 1575 794 ubi
1594 767 1652 794 ha-c
1666 766 1745 793 habet
1760 775 1765 792 :

980 812 1062 844 Quem
1077 813 1146 839 enim
1162 821 1282 846 peccasse
1297 815 1414 848 paenitet,
1427 814 1485 840 ideo
1502 813 1622 846 panitet,
1640 816 1666 838 ut
1681 811 1712 837 ab
1727 811 1768 837 ira

979 858 1005 884 in
1021 864 1155 892 peccantes
1179 859 1270 892 futura
1289 859 1386 894 fugiat,
1413 867 1464 885 non
1491 858 1603 892 amplius
1627 858 1764 892 peccando.

981 903 1109 931 Eumdem
1137 905 1308 932 commendat
1337 905 1362 931 in
1394 904 1437 931 illa
1469 904 1663 935 Enarratione,
1687 910 1767 936 quant

979 951 1064 984 carpit
1086 954 1250 977 memoratus
1272 950 1424 977 notularum
1450 956 1553 977 auctor.
1574 949 1638 975 Nam
1659 950 1691 974 ad
1707 955 1768 981 cap.

979 996 1005 1028 ι,
1023 1003 1081 1030 pag.
1096 995 1140 1026 66,
1153 1003 1290 1029 exponens
1306 996 1362 1022 hace
1372 996 1451 1022 verba
1468 1003 1475 1021 :
1493 994 1521 1021 Si
1536 1001 1619 1021 autem
1637 994 1740 1020 initium
1752 1001 1768 1019 (ι

979 1044 1063 1074 nobis,
1088 1043 1144 1077 quis
1158 1042 1218 1076 finis
1236 1048 1336 1075 eorum,
1351 1042 1395 1076 qui
1418 1049 1467 1068 non
1482 1040 1592 1068 credunt
1614 1040 1660 1066 Dei
1683 1039 1769 1066 Euan-

979 1089 1044 1124 gelia
1062 1088 1104 1115 '1?
1128 1088 1174 1115 Sic
1197 1088 1337 1122 loquitur:
1357 1086 1408 1114 Per
1436 1087 1495 1119 ltoc,
1524 1090 1673 1117 certamen,
1700 1085 1769 1111 ntul-

980 1140 1085 1170 tumque
1107 1134 1225 1160 timorem
1251 1133 1371 1167 ﬁdelibus
1399 1133 1500 1167 infert,
1535 1137 1662 1167 quatenus
1694 1136 1770 1158 cnnte

980 1181 1077 1207 discent
1087 1178 1216 1214 judicent,
1233 1179 1267 1204 ad
1284 1185 1359 1214 quem
1378 1177 1471 1204 habere
1484 1182 1602 1211 poterunt
1615 1176 1670 1202 sine
1690 1175 1768 1202 dubio

981 1226 1118 1253 rationem.
1136 1223 1192 1252 llos
1211 1232 1272 1259 ergo
1287 1225 1415 1256 excitans,
1436 1224 1470 1249 ad
1494 1223 1612 1249 timorem
1632 1222 1688 1256 eius
1705 1221 1770 1248 inri-

981 1276 1029 1303 tat,
1042 1271 1141 1302 dicena,
1162 1278 1214 1296 nan
1231 1269 1364 1296 credentes
1382 1268 1476 1295 diuina:
1491 1268 1619 1294 doctrina:
1635 1266 1770 1293 inevitabi-

981 1316 1030 1344 lein
1053 1322 1076 1343 et
1093 1315 1303 1343 indeclinabilem
1317 1319 1482 1347 suscepturos
1499 1315 1596 1340 scilicet
1619 1313 1743 1339 ultionem
1759 1319 1767 1338 :

982 1371 1060 1399 quam
1079 1363 1158 1390 ﬁnem
1174 1370 1264 1389 eorum
1280 1361 1436 1388 nominavit.
1465 1360 1600 1387 Timorem
1623 1356 1770 1395 [XXXIX]

982 1417 1047 1436 vero
1065 1409 1136 1436 htmc
1151 1409 1227 1443 quasi
1245 1408 1423 1442 paedagogum
1439 1405 1593 1440 quemdam,
1608 1412 1660 1439 quo
1675 1404 1707 1430 ad
1723 1404 1768 1430 Dei

984 1461 1104 1482 amorem
1133 1454 1273 1485 ducamur,
1302 1451 1431 1480 describit
1456 1452 1480 1478 in
1512 1451 1673 1485 lragrnento,
1703 1450 1772 1483 quod

985 1501 1048 1528 olim
1065 1499 1194 1534 exscripsi
1230 1507 1263 1526 ex
1279 1506 1341 1533 pag.
1365 1497 1400 1524 92
1426 1496 1590 1524 membranei
1616 1495 1717 1522 codicis
1737 1495 1772 1522 9.5

984 1547 1151 1575 bibliotheca:
1166 1545 1273 1573 Veneta:
1289 1544 1318 1572 S.
1335 1543 1416 1571 Marci
1438 1543 1517 1578 paulo
1528 1547 1590 1569 ante
1609 1548 1774 1568 continemu-

985 1594 1048 1622 rati.
1061 1593 1163 1620 Etenim
1182 1591 1335 1619 Salomonis
1349 1590 1442 1622 verba,
1457 1587 1541 1624 φοϐοῦ
1552 1588 1580 1614 δὲ
1593 1587 1639 1614 τδν
1658 1587 1771 1623 Κύριον,

985 1640 1011 1666 id
1026 1643 1080 1672 est,
1096 1639 1158 1665 time
1173 1642 1260 1664 autem
1277 1638 1428 1669 Dominum,
1446 1644 1506 1671 qum
1526 1641 1632 1663 exstant
1655 1635 1680 1661 in
1694 1634 1774 1662 Prov.

986 1692 1027 1716 ιιι,
1043 1684 1069 1716 7,
1085 1683 1123 1710 sic
1141 1683 1175 1709 ibi
1189 1682 1383 1717 interpretatur
1399 1691 1405 1709 ε
1419 1681 1504 1708 ⁸)όὸου
1518 1690 1559 1712 τις
1573 1680 1677 1716 Κυρίου
1692 1687 1775 1706 κατα-

986 1729 1092 1765 φρονῶν
1108 1729 1160 1764 πρὸ
1174 1729 1224 1763 τῆς
1240 1727 1345 1760 τελείας
1365 1727 1474 1763 ἀγάπης
1488 1727 1537 1763 τῆς
1553 1726 1604 1759 ἔξω
1627 1725 1775 1759 θαλλούσης

986 1775 1032 1802 τὸν
1052 1774 1150 1809 φόόον,
1174 1774 1205 1800 οὺ
1221 1774 1350 1809 κτήσεται
1370 1773 1490 1809 ταύτην·
1517 1773 1578 1799 οὐδὲ
1603 1771 1701 1806 φθάσει
1727 1771 1776 1806 τὴν

985 1821 1141 1856 τελειότητα
1158 1820 1194 1856 μὴ
1212 1820 1431 1855 παιδαγωγηθεὶς
1444 1820 1482 1855 τῷ
1498 1820 1575 1855 φόϐῳ
1586 1819 1715 1846 κωλύοντι
1729 1818 1775 1844 τοῦ

987 1866 1073 1894 κα.κοῦ
1087 1867 1135 1902 τὴν
1148 1867 1298 1902 ἐνέργειαν.
1319 1867 1387 1893 Μεθ’
1400 1867 1429 1893 ὃν
1448 1868 1464 1902 ἡ
1483 1867 1576 1900 ἀγάπη
1592 1866 1723 1901 προσάγει
1738 1865 1777 1900 τῷ

988 1912 1121 1948 κρείττονί
1137 1921 1166 1938 τε
1192 1911 1239 1938 καὶ
1253 1910 1357 1946 ἀγαθῷ.
1381 1910 1432 1944 Qui
1456 1911 1501 1937 Dei
1527 1911 1656 1942 timorem,
1681 1909 1776 1944 inquit,

989 1959 1137 1990 contemnit,
1165 1964 1304 1992 antequam
1330 1958 1472 1991 perfectam
1495 1956 1648 1983 charitutent
1672 1955 1776 1985 habent,

989 2012 1044 2039 qua:
1055 2003 1126 2038 foras
1141 2003 1220 2029 mittit
1232 2003 1361 2033 timorem,
1376 2002 1443 2028 hanc
1454 2010 1504 2028 non
1514 2006 1685 2036 aucqnetur;
1699 2009 1778 2035 neque

990 2051 1023 2076 ad
1036 2049 1217 2084 perfectionem
1232 2048 1370 2082 perveniet,
1387 2048 1435 2074 nisi
1445 2048 1524 2074 timor
1534 2048 1609 2082 quasi
1621 2047 1778 2081 pnedngogur

990 2096 1096 2131 quidam
1118 2103 1176 2122 eunt
1204 2103 1220 2121 a
1244 2095 1416 2129 perpetrando
1447 2094 1516 2120 malo
1545 2093 1696 2127 prohibeat;
1722 2098 1778 2126 post

991 2142 1109 2168 timorem
1128 2148 1187 2167 vero
1206 2141 1321 2167 c/taritas
1344 2141 1378 2166 ad
1403 2139 1429 2166 id
1453 2139 1522 2174 quod
1546 2139 1713 2172 prrrstanlitts
1740 2143 1777 2165 est

993 2186 1062 2223 [vel,
1092 2188 1126 2213 ad
1154 2186 1266 2222 Deum],
1295 2191 1319 2213 et
1341 2186 1380 2212 ad‘
1398 2186 1493 2212 bonum
1522 2185 1641 2211 adducit.
1661 2185 1779 2219 Respicit

991 2239 1080 2260 autem
1098 2233 1141 2259 hic
1163 2232 1290 2266 Didymus
1310 2231 1470 2258 versiculum
1491 2231 1523 2258 18
1541 2238 1600 2264 cap.
1622 2238 1648 2256 tv
1674 2231 1752 2265 epist.
1770 2231 1779 2256 l

989 2275 1099 2303 Joannis
1117 2284 1124 2302 :
1145 2273 1264 2309 Perfecta
1278 2275 1393 2301 εΙιανὶιηι
1408 2273 1487 2299 mittit
1505 2273 1578 2307 foras
1595 2273 1724 2299 timaram.

1026 2321 1127 2348 Deinde
1142 2321 1185 2348 ubi
1207 2321 1330 2347 timorem
1346 2318 1474 2346 servilem
1491 2319 1621 2353 deprimit
1635 2318 1775 2353 Didymus,

991 2367 1026 2395 ibi
1046 2371 1092 2394 aut
1119 2366 1156 2393 illi
1184 2367 1344 2393 cboritatem
1365 2365 1522 2400 anteponit,
1548 2369 1575 2391 ut
1601 2364 1626 2391 in
1652 2364 1720 2391 libro
1743 2363 1785 2391 De

992 2413 1095 2448 Spiritu
1113 2417 1215 2444 sancto,
1237 2419 1316 2438 num.
1328 2411 1373 2443 ΑΞ,
1394 2411 1437 2437 tibi
1455 2411 1512 2438 huic
1528 2411 1660 2445 legimus:
1683 2419 1692 2435 ι
1707 2409 1778 2436 Rur-

995 2468 1053 2488 sum
1081 2459 1234 2486 relocillans
1259 2465 1317 2490 eos,
1340 2462 1368 2484 et
1394 2457 1549 2489 consolans,
1571 2461 1598 2483 et
1624 2463 1778 2490 provocans

995 2512 1106 2540 sperare
1120 2504 1247 2537 meliora;
1264 2503 1361 2537 quibus
1374 2503 1544 2537 loquebatur,
1560 2502 1616 2529 ait:
1635 2501 1695 2528 Non
1712 2501 1780 2527 enim

995 2551 1129 2585 accepistis
1155 2551 1249 2576 iterum
1274 2550 1394 2584 spiritui):
1419 2549 1551 2576 servitutis
1576 2548 1603 2574 in
1624 2548 1730 2578 timore,
1757 2547 1782 2574 id

995 2601 1052 2629 est,
1075 2604 1127 2623 non
1155 2596 1332 2623 similitudine
1358 2603 1516 2626 servorum,
1542 2599 1612 2620 metu
1632 2597 1658 2619 et
1679 2597 1782 2620 terrore

997 2649 1138 2678 pinnarum
1154 2649 1202 2668 vos
1219 2641 1361 2668 abstinetis
1375 2648 1389 2667 a
1404 2641 1490 2672 vitiis,
1505 2639 1566 2673 quia
1583 2639 1688 2666 habetis
1706 2638 1782 2665 vobis

998 2689 1090 2715 datum
1111 2695 1126 2714 ιι
1143 2687 1222 2714 Patre
1242 2687 1373 2722 Spiritum
1399 2686 1566 2720 adoptionis,
1584 2685 1609 2712 id
1629 2691 1671 2712 est
1695 2684 1783 2720 Spiri—

999 2738 1054 2760 tum
1068 2737 1202 2762 sanetum.
1218 2743 1227 2760 ι
1247 2733 1300 2761 Aut
1315 2733 1348 2761 de
1364 2732 1462 2760 timore
1477 2731 1606 2766 loquitur,
1623 2731 1668 2767 qui
1684 2731 1785 2766 injuste

197 2833 220 2851 "
233 2833 346 2868 Philipp.
364 2841 405 2867 ιιι,
421 2832 465 2860 20.
501 2833 522 2848 "
541 2832 612 2861 Psal.
628 2841 698 2866 xxvi,
715 2833 755 2860 15.
792 2833 813 2849 ν’
827 2833 836 2860 l
848 2832 920 2860 Pclr.
937 2841 971 2866 tv,
990 2833 1033 2860 17.
