1904 3054
121 82 173 111 183

121 143 154 169 ab
179 142 336 170 hominibus
362 143 508 176 injiciatur,
531 148 557 171 ut
583 153 632 172 nos
658 146 690 172 ab
708 146 795 173 cilicio
821 147 911 174 deter-

121 193 208 215 rcant.
233 187 271 215 Ita
299 191 327 216 in
350 191 444 216 eadem
464 190 654 223 Enarrationc,
676 193 719 218 cui
749 193 911 220 uolulaitla

120 234 242 266 apposita
268 241 328 266 est,
355 243 415 270 cap.
429 235 456 267 5,
475 243 535 270 pag.
557 236 615 270 64,.
633 238 677 264 ubi
703 237 776 265 Petri
802 238 882 266 verba
903 248 909 266 :

119 278 201 312 Cujus
217 281 279 307 estis
295 281 368 314 ﬁlim,
385 282 445 308 bene
462 282 597 316 facientes,
617 292 662 310 nec
687 285 803 311 timentes
827 285 909 312 ullam

118 327 336 355 perturbationem
355 328 388 359 ’⁵,
414 329 540 360 explanat
565 330 590 355 in
614 330 685 356 hunc
710 331 841 358 modum:
861 331 910 357 In-

119 371 182 396 vitat
202 372 333 404 mulieres,
352 382 397 406 per
416 374 483 400 bona
508 383 585 408 opera
610 380 719 402 matrem
738 376 832 403 habere
857 377 910 404 Sa-

118 424 184 449 rum,
199 422 223 444 ct
237 426 315 451 super
329 419 416 445 omnia
434 420 585 451 consistere,
603 429 648 447 ucc
673 421 767 448 habere
789 423 909 448 timorem

117 463 210 494 illum,
232 471 307 497 quem
330 465 521 490 rntioualntitcr
547 466 662 499 perfecta
688 463 804 492 cltaritas
831 467 910 493 mittit

115 509 204 542 foras;
218 510 340 543 quoniam
353 517 434 543 pama'
452 512 534 544 magis
545 516 592 543 cst,
605 520 655 538 non
671 511 726 538 Dei.
750 511 826 538 lluuc
842 511 908 539 enim

116 563 162 587 per
185 555 273 581 omnia
289 555 391 581 divinus
416 556 545 586 interdici]
566 565 659 588 sermo,
683 557 782 584 alicubi
805 558 909 592 quidem

115 601 203 626 «licens
216 607 225 626 :
240 608 248 623 ι
262 599 326 631 Quis
337 605 385 630 est,
400 605 426 626 ut
442 601 534 627 timeas
546 602 677 628 hominem
697 603 832 629 mortalem
843 604 882 629 "'3
894 613 902 628 ι
920 600 923 606 “

115 646 211 673 alicubi
229 651 314 672 autem
328 654 336 672 :
349 656 357 671 ι
374 645 463 672 Nolite
483 647 571 673 timcrc
586 656 628 674 eos
644 649 687 680 qui
709 649 829 675 occidunt
847 657 905 675 cor-

114 700 163 722 pus
177 691 199 707 ³⁰
211 701 219 724 ;
233 701 247 729 r
259 698 281 717 et
299 691 352 718 alia
371 693 410 718 his
432 693 527 719 uicina.
544 693 577 719 Et.
604 693 675 728 apud
696 692 828 720 Joannem
855 694 907 720 Da—

117 745 271 763 masccuum
286 738 312 763 in
332 737 472 764 I’arnllelis
489 746 549 774 pag.
563 738 626 771 307,
647 739 683 766 ita
702 739 821 774 loquitur
836 740 905 766 idem

115 781 243 816 Didymus
257 792 264 809 :
281 782 354 809 Fieri
370 791 419 810 non
435 788 529 818 potest,
546 788 573 810 ut
587 784 631 818 qui
646 793 702 811 rere
724 787 793 812 timet
810 786 904 818 Deum,

118 829 284 855 mcticulosus
305 830 349 861 sit,
364 838 422 856 cum
440 831 536 857 dictum
556 831 658 865 fuerit:
678 841 687 856 ι
704 832 804 859 Prwter
820 833 902 864 ipsum

116 883 146 900 ne
160 876 251 901 timens
263 877 354 904 hlium.
368 886 377 902 ι

150 921 214 954 Qua:
232 930 292 948 cum
312 922 347 949 ita
373 923 438 956 sint,
455 927 565 958 apparet
586 924 654 959 jam,
671 929 698 951 ut
725 933 795 958 reor,
813 925 904 952 rectis-

114 967 181 994 sime
198 967 338 1003 Didymum
354 968 386 996 de
404 969 500 997 timore
524 971 614 997 servili
637 970 755 997 locutum
779 979 852 997 esse.
869 972 902 996 At

114 1022 167 1039 non
186 1014 221 1040 ita
242 1014 370 1048 loquitur,
389 1015 504 1050 inquies,
523 1017 549 1043 iu
568 1016 639 1048 loco,
654 1024 733 1051 quem
751 1017 902 1044 uotularnm

113 1064 211 1086 auctor
226 1061 410 1094 reprehendit.
426 1061 579 1096 Antequam
598 1063 793 1096 respondeam,
813 1070 845 1088 ac.
866 1062 903 1089 lo-

115 1113 175 1132 cum
202 1106 289 1140 ipsum
319 1107 449 1139 aﬂ'eram,
473 1107 527 1135 duo
552 1108 770 1136 animadvertere
796 1116 905 1136 necesse

114 1158 155 1179 est
171 1161 177 1179 :
194 1153 281 1185 primo
307 1153 498 1182 Euarrationes
523 1155 583 1182 illas
607 1162 666 1182 esse
688 1163 740 1182 non
767 1155 845 1182 modo
863 1155 904 1181 in-

115 1198 256 1232 elcgauter
281 1207 425 1237 conversas
450 1207 466 1227 e
487 1200 601 1233 Graeco,
623 1208 716 1227 verum
742 1201 825 1227 etiam
849 1201 905 1227 sive

117 1246 217 1271 vetusti
247 1246 436 1279 amanuensis,
458 1247 514 1274 sive
540 1246 767 1282 typographorum
790 1246 903 1279 incuria,

117 1289 173 1315 sive
191 1289 241 1315 alia
260 1290 292 1316 de
308 1297 401 1324 causa,
419 1291 524 1318 mendis
542 1291 677 1318 refertas:
697 1291 766 1318 hanc
784 1291 904 1326 itaque'a

118 1335 216 1362 lecture
242 1338 345 1364 veniam
378 1343 454 1374 peto,
483 1344 512 1366 ut
540 1347 600 1367 eum
630 1340 717 1367 locum
747 1348 760 1367 a
788 1348 830 1367 me
854 1348 905 1367 non

116 1384 304 1411 ostentationis
320 1393 412 1418 causa,
433 1386 480 1413 Sed
505 1387 574 1421 quod
598 1387 633 1414 ita
651 1387 799 1414 necessitas
822 1387 905 1418 ferat,

117 1429 287 1456 cmeudatum
309 1431 398 1458 aﬂ‘crri
427 1433 555 1466 patiatur.
581 1433 681 1460 Deinde
704 1441 774 1468 smpe
802 1434 908 1461 contin-

826 87 871 115 ΒΕ
891 88 1019 117 DiDYMO

922 819 942 845 Β

1704 93 1759 121 ιει

926 150 949 179 Α
965 147 1038 184 [XL]
1060 149 1192 176 duntaxat
1215 149 1343 184 Didymus
1367 149 1500 183 improbet
1515 150 1679 183 passibilctn,
1697 153 1758 178 sive

964 194 1086 230 ἐμπαθῆ,
1110 203 1141 222 ac
1168 195 1201 222 de
1228 195 1273 222 illo
1291 195 1387 222 timore
1406 197 1591 222 tantummodo
1616 196 1755 231 loquatur,

963 248 1017 275 quo
1044 241 1114 268 servi
1141 241 1266 268 dominos
1288 241 1364 275 juxta
1389 241 1544 276 Apostolum
1579 243 1674 270 timere
1703 244 1756 270 de-

964 287 1045 319 bent,
1069 291 1114 314 aut
1137 295 1190 314 non
1218 288 1335 314 timere:
1360 295 1452 314 revera
1477 288 1548 314 enim
1575 296 1626 314 non
1647 294 1757 322 propter

963 333 1077 364 verbera,
1100 332 1146 360 sed
1166 337 1271 367 propter
1293 331 1427 359 Christum
1453 332 1534 360 heros
1556 332 1627 360 servi
1657 333 1754 361 timere

930 372 933 383 ⁴
958 377 1068 404 ‘dcbent.

998 423 1061 450 (lar.
1073 423 1199 451 lV.—-De
1213 424 1326 452 hominis
1341 424 1436 459 spiritu
1453 424 1484 451 ab
1499 425 1587 451 anima
1601 425 1712 451 diverso.

997 469 1137 504 Didymum
1154 470 1289 503 redarguit
1306 470 1461 497 Gennadius
1479 471 1505 497 in
1528 470 1597 497 libro
1611 470 1648 497 De
1668 470 1752 497 eccle—

960 514 1074 540 siasticis
1096 516 1270 549 dogmatibus,
1288 516 1358 550 quod
1373 517 1476 543 tertium
1489 517 1517 543 in
1534 517 1681 542 substantia
1698 516 1750 543 ho-

960 560 1037 586 mian
1056 562 1176 594 spiritum
1196 562 1353 588 admiserit:
1371 563 1416 589 sed
1436 563 1553 596 spiritus,
1572 562 1668 596 inquit,
1690 563 1749 595 ipsa

959 610 995 630 est
1013 606 1113 637 anima,
1125 614 1172 640 pro
1188 607 1300 639 spiritali
1316 613 1420 639 natura,
1436 607 1474 634 vel
1489 616 1534 642 pro
1544 616 1574 635 eo
1586 608 1655 642 quod
1668 608 1749 642 spirat

959 650 986 676 in
1002 659 1118 686 corpore,
1131 653 1239 685 spiritus
1252 653 1408 687 appellatus.
1425 653 1524 688 lieipsa
1540 661 1603 681 vero
1617 655 1667 680 etsi
1685 661 1747 681 cum

959 696 985 722 in
996 696 1133 723 iibroAdu.
1142 697 1311 731 llluuichmos,
1321 704 1375 725 ttuu
1386 699 1411 725 iu
1421 698 1488 726 libro
1496 699 1533 726 De
1539 699 1638 733 Spiritu
1646 704 1747 730 sancto;

959 750 1032 768 uuln.
1047 742 1081 769 54
1096 743 1218 770 docuerit
1236 744 1374 779 Didymus,
1398 745 1529 772 vocabulo
1553 745 1663 780 spiritus
1689 745 1749 771 aui-

958 795 1028 815 mam
1052 789 1186 816 interdum
1204 790 1365 825 signiﬁcari;
1383 793 1446 825 quin
1465 796 1552 818 tamen
1581 792 1630 818 tria
1650 792 1704 826 ipse
1720 792 1747 818 iu

956 833 1064 862 homine
1083 835 1252 868 distinxerit,
1277 844 1386 871 corpus,
1415 837 1532 863 animum
1557 842 1583 864 et
1602 837 1746 872 spiritum,

955 879 1071 905 dubitari
1091 881 1192 914 nequit.
1214 880 1247 907 Ut
1269 881 1340 908 enim
1360 882 1419 908 libri
1446 890 1476 909 nt
1494 882 1531 908 De
1552 881 1687 914 Trinitatc,
1703 889 1748 908 ca-

955 930 1002 961 put
1020 926 1052 952 51
1084 927 1305 961 praetermittam,
1330 928 1373 954 ubi
1403 928 1565 955 sententiam
1594 928 1751 962 Irujusmodi-

955 971 1054 999 indicat
1070 972 1168 1005 potius,
1177 980 1256 1008 quam
1272 973 1457 1006 amplectitur;
1473 974 1642 1008 apertissime
1657 981 1705 1008 pro
1715 981 1747 1001 ea

959 1023 1051 1052 ottgnat
1069 1018 1094 1045 iu
1109 1018 1177 1045 libro
1194 1019 1230 1045 De
1245 1018 1345 1052 Spiritu
1357 1026 1458 1052 sancto,
1472 1028 1546 1046 uum.
1556 1020 1600 1052 54,
1613 1019 1647 1047 55
1660 1025 1686 1047 et
1701 1020 1746 1051 59,

954 1065 1130 1099 eamdemque
1153 1066 1296 1092 manifesto
1321 1066 1439 1093 admittit
1457 1067 1525 1100 apud
1543 1066 1699 1092 Corderium
1717 1065 1746 1092 in

955 1105 1053 1138 Catella
1068 1111 1100 1136 ad
1118 1118 1187 1138 vers.
1218 1110 1250 1136 14
1266 1111 1359 1145 psalmi
1376 1119 1400 1144 ι,
1416 1118 1479 1146 pag.
1493 1111 1562 1137 1002
1576 1119 1582 1137 :
1597 1111 1695 1137 etenim
1718 1111 1751 1138 in’

956 1157 1052 1184 Psaltis
1072 1157 1173 1189 verbis,
1189 1156 1290 1189 Spiritu
1305 1157 1444 1191 principali
1461 1156 1587 1191 conﬁrma
1603 1164 1652 1189 me,
1669 1156 1749 1183 intel—

957 1202 1002 1237 ligi
1016 1209 1093 1236 posse
1106 1202 1139 1228 ait
1161 1202 1269 1228 nomine
1283 1202 1392 1236 spiritus
1405 1206 1450 1228 aut
1465 1201 1594 1236 Spiritum
1612 1205 1749 1234 sanctum,

957 1254 1001 1275 aut
1015 1248 1045 1275 τὸ
1059 1247 1104 1274 τοῦ
1122 1247 1265 1283 ἀνθρώπου
1281 1247 1408 1283 (πνεῦμα)
1429 1247 1458 1273 τὸ
1473 1248 1501 1273 ὲν
1519 1246 1593 1281 αὒτῴ
1612 1246 1704 1282 ἓτερον
1716 1245 1755 1272 δυ’

957 1293 1007 1328 τῆς
1021 1292 1068 1319 τοῦ
1082 1292 1228 1328 ἀνθρώπου
1255 1293 1358 1327 ψυχῆς,
1377 1293 1402 1318 id
1421 1297 1461 1318 cst
1478 1292 1590 1318 hominis
1615 1292 1748 1325 spiritum,

957 1340 1001 1374 qui
1016 1341 1041 1366 in
1057 1340 1112 1373 ipso
1130 1345 1176 1371 est,
1193 1339 1223 1365 ab
1241 1339 1352 1365 Immittit
1368 1338 1457 1364 anima
1473 1338 1636 1364 distinctum.

994 1387 1027 1412 At
1055 1386 1188 1412 sententia
1220 1383 1372 1418 hujusmodi
1407 1391 1459 1410 nou
1489 1383 1628 1411 Geuuadio
1659 1383 1752 1410 solutu-

960 1432 1111 1466 di~plicuit,
1135 1431 1180 1458 sed
1203 1435 1230 1457 et
1256 1436 1352 1457 saucto
1378 1430 1479 1457 doctori
1501 1429 1625 1461 Thomas,
1650 1430 1694 1464 qui
1721 1430 1746 1456 in

116 1483 180 1509 gere
197 1479 342 1504 notandum
358 1483 407 1510 est,
426 1485 455 1506 ut
471 1480 496 1506 in
515 1480 626 1506 vetustis
642 1479 808 1519 membranis
827 1487 906 1506 voces
920 1492 941 1520 ρ
961 1477 1157 1512 Explanatione
1173 1476 1300 1510 Episton
1321 1475 1335 1502 Ι
1354 1474 1431 1502 Pauli
1449 1475 1483 1501 ad
1499 1475 1617 1502 Thessal.
1631 1476 1663 1501 ad
1692 1475 1748 1501 iure

118 1521 186 1548 Deus
214 1530 245 1549 ac
261 1522 388 1551 Domitius
407 1525 476 1551 inter
499 1532 528 1551 sc
547 1524 758 1557 contunduntur,
775 1525 905 1559 quemad-

117 1567 225 1603 modum
242 1573 340 1595 norunt.
356 1569 400 1602 qui
418 1569 443 1595 iu
463 1569 495 1595 iis
513 1570 611 1596 versati
631 1574 710 1602 sunt;
730 1570 783 1596 ituo
809 1570 906 1604 smpius

118 1612 216 1639 factum
232 1621 301 1645 esse,
320 1619 349 1640 ut
366 1615 410 1641 ubi
429 1617 593 1642 membrana:
616 1615 752 1642 habebant
768 1615 904 1648 Dominus,

119 1659 280 1693 typographi
297 1659 484 1694 imprcsscriut
501 1661 583 1694 Deus,
603 1666 630 1688 ct
651 1662 786 1688 viceversa
805 1670 811 1688 :
835 1661 906 1696 quod

118 1707 338 1740 compendiarias
353 1709 492 1743 utriusque
505 1710 578 1736 vocis
589 1709 739 1744 scripturas
755 1710 837 1744 probe
853 1718 866 1735 a
879 1718 907 1737 se

118 1752 233 1779 invicem
251 1761 302 1780 non
323 1761 506 1784 secernerent.
528 1755 576 1783 llis
598 1757 731 1783 aduotatis
748 1756 851 1791 Didymi
869 1756 907 1783 lo-

119 1805 178 1822 rttttl
195 1799 329 1826 crscribo.
348 1799 494 1835 Proposilis
509 1801 598 1834 itaque
615 1801 686 1828 Petri
704 1801 793 1828 verbis
808 1811 813 1828 :
833 1801 906 1828 Servi

120 1843 221 1870 nbedite
236 1852 294 1870 cum
311 1846 382 1871 omni
399 1848 492 1873 timore
514 1846 627 1873 dominis
642 1847 732 1872 vestris
743 1846 776 1878 ³³,
793 1852 858 1876 etc..
872 1846 906 1872 ita

119 1888 236 1922 loquitur
251 1890 392 1925 theologus
409 1897 499 1918 noster
513 1901 519 1918 :
536 1891 595 1918 Non
613 1891 762 1926 passibilem
789 1891 909 1917 timorem

119 1942 204 1961 servos
225 1934 319 1962 habere
338 1937 455 1972 prrrcipit
476 1938 545 1970 apud
568 1938 706 1969 dominos;
725 1937 766 1963 hic
782 1939 849 1964 cnim
869 1937 904 1962 ir-

119 1980 294 2011 rationabilis.
310 1986 333 2008 et
350 1982 384 2008 ad
400 1984 595 2010 irrationabilia
612 1984 770 2010 constitutus
785 1988 840 2014 est;
862 1983 907 2009 sed

119 2033 176 2051 eum
199 2027 243 2060 qui
266 2035 325 2053 cum
347 2028 498 2062 disciplina,
513 2033 536 2056 et
556 2034 625 2056 recta
648 2029 749 2055 ratione
772 2028 907 2059 consistit;

119 2071 193 2105 cujus
218 2072 352 2106 proprium
378 2078 415 2100 est
442 2074 594 2100 reverentia.
621 2073 673 2105 Qui
700 2074 770 2100 enim
804 2077 909 2107 propter

119 2116 253 2144 Christum
272 2123 295 2144 ct
313 2119 459 2145 doctrinam
473 2120 530 2154 ejus
553 2119 633 2145 Dcum
662 2119 720 2153 (pro
739 2119 819 2144 Dcnm
844 2123 908 2151 puto

958 1525 1038 1552 verba
1048 1524 1070 1539 ³³
1085 1532 1092 1550 :
1106 1522 1138 1550 Ut
1154 1523 1252 1557 integer
1266 1522 1373 1555 spiritus
1389 1525 1481 1552 vester,
1497 1526 1521 1547 et
1535 1522 1634 1554 (utinm,
1649 1525 1671 1547 et
1689 1528 1747 1547 cor-

957 1572 1022 1607 pus;
1037 1590 1043 1597 .
1058 1590 1064 1597 .
1080 1589 1086 1597 .
1106 1574 1230 1600 servetur,
1245 1568 1284 1595 sic
1300 1567 1417 1602 loquitur
1432 1576 1439 1595 :
1458 1566 1600 1594 Occasione
1613 1567 1749 1593 rcrborunr

958 1618 1068 1644 istorum
1083 1616 1205 1642 dixerunt
1228 1614 1346 1649 quidam,
1362 1614 1431 1648 quod
1450 1613 1477 1640 in
1494 1614 1598 1639 homine
1622 1613 1695 1638 aliud
1710 1618 1751 1638 est

958 1663 1076 1698 spiritus,
1095 1667 1118 1688 et
1146 1661 1218 1688 aliud
1239 1661 1345 1692 anima;
1363 1664 1485 1694 ponentes
1505 1660 1572 1686 cluas
1595 1659 1623 1685 in
1644 1659 1747 1685 homine

959 1710 1082 1736 animus:
1098 1716 1176 1735 rurant
1193 1715 1250 1742 qna-
1274 1707 1392 1738 animat,
1410 1706 1489 1732 aliam
1511 1714 1569 1740 qua:
1603 1705 1745 1731 ratiocina-

959 1761 1012 1783 tur.
1026 1754 1059 1781 Et
1078 1755 1133 1781 lrrec
1156 1758 1218 1780 sunt
1239 1753 1375 1787 "probata
1389 1753 1415 1778 in
1435 1751 1624 1778 Ecclusiasticis
1644 1752 1746 1785 dogma-

958 1801 1040 1827 tibus.
1058 1799 1133 1826 Uutle
1163 1799 1299 1825 sciendum
1323 1798 1391 1831 quod
1411 1797 1467 1824 hu-c
1484 1805 1534 1823 uou
1561 1797 1684 1830 di/ferunt
1708 1804 1747 1822 sc-

959 1847 1074 1874 cuutlum
1105 1845 1259 1876 essentiam,
1291 1845 1335 1871 sed
1369 1845 1509 1870 secundum
1534 1843 1689 1877 potentiam.
1714 1841 1745 1868 In

959 1893 1046 1919 anima
1066 1892 1135 1918 enim
1165 1895 1254 1917 nostra
1279 1894 1339 1916 sunt
1364 1890 1484 1924 quwdam
1508 1889 1589 1921 vires,
1610 1896 1668 1922 quw
1687 1892 1745 1913 sunt

959 1943 1031 1965 artus
1048 1937 1224 1970 corporalium
1253 1943 1428 1970 organorum,
1451 1936 1516 1961 sicut
1545 1939 1606 1961 sunt
1628 1933 1746 1968 potentia:

960 1984 1088 2011 scnsitit'tc
1103 1983 1197 2017 partis.
1217 1983 1282 2008 Alite
1302 1986 1362 2008 sunt
1384 1989 1442 2015 qum
1462 1989 1514 2007 non
1535 1985 1594 2006 sum
1614 1986 1688 2005 actus
1705 1984 1745 2004 ta-

960 2030 1025 2056 lium
1050 2036 1223 2064 organorum,
1242 2030 1287 2055 sed
1309 2033 1368 2054 sttnt
1393 2028 1532 2053 obstructa:
1557 2026 1589 2052 ab
1612 2027 1658 2057 cis,
1681 2025 1746 2052 sicut

959 2080 1020 2102 sunt
1051 2076 1172 2109 potentiae
1197 2074 1359 2100 inte/lectica:
1382 2073 1463 2107 partis
1485 2069 1498 2099 ;’
1516 2077 1538 2098 et
1564 2072 1604 2098 lue
1624 2071 1747 2097 dicuntur

960 2120 1076 2154 spiritus,
1089 2120 1162 2153 quasi
1180 2118 1376 2148 intmuterialcs,
1391 2123 1414 2143 et
1429 2122 1556 2151 separatw
1572 2116 1657 2150 aliquo
1671 2115 1747 2141 modo

119 2163 250 2197 scriptum
273 2163 356 2192 fuisse
375 2165 400 2191 iu
423 2166 585 2192 Iuembrimis
603 2166 747 2194 dominum,
766 2165 790 2190 id
812 2169 853 2190 est
869 2163 909 2189 hc-
926 2160 946 2188 Ι)
961 2173 975 2191 (ι
992 2172 1108 2199 corpore,
1130 2165 1156 2189 in
1181 2170 1306 2198 quantum
1331 2171 1382 2189 non
1403 2167 1463 2189 sunt
1483 2167 1556 2188 actus
1575 2162 1689 2195 corporis
1702 2169 1710 2187 :
1723 2166 1745 2186 et

119 2208 196 2245 rum)
217 2210 306 2242 timet,
320 2219 384 2244 lcum
414 2212 553 2238 reverentia
568 2213 591 2238 ei
616 2211 745 2245 subjectus
768 2216 828 2237 est:
849 2220 907 2238 cum

120 2255 165 2281 ille
182 2256 226 2288 qui
245 2264 289 2290 per
315 2257 371 2290 (aut
397 2257 528 2284 barbarus
555 2258 696 2291 interpres,
717 2262 763 2284 aut
786 2257 908 2284 indoctus

121 2301 247 2328 librarius
265 2303 349 2336 posuit
366 2311 411 2336 per
425 2311 473 2337 pro
486 2305 600 2337 propter)
613 2304 727 2336 verbera,
740 2303 843 2337 aliaque
856 2309 908 2330 tor-

120 2351 207 2373 menta
223 2348 295 2374 timet
318 2348 397 2374 Deum
413 2348 468 2384 (hic
481 2357 586 2383 quoque
602 2357 649 2383 pro
670 2349 751 2375 Deum
769 2349 908 2383 legendum

122 2398 186 2427 puto
215 2394 381 2426 dominum),
406 2395 553 2429 passibilcm
581 2395 698 2422 timorem
727 2395 819 2422 habere
842 2396 908 2422 ridet

124 2437 189 2471 (pro
206 2438 274 2464 videt
297 2438 355 2473 lego
379 2439 502 2473 videtur).
522 2439 579 2466 llac
605 2440 795 2475 signiﬁcatione
813 2445 838 2467 et
856 2441 909 2472 hic,

122 2489 181 2518 post
195 2485 259 2518 alia,
276 2486 360 2512 utitur
373 2487 408 2512 ad
429 2485 538 2520 ferniuas
559 2488 647 2514 tltceus
660 2494 668 2513 :
685 2495 695 2512 ι
710 2486 910 2514 Considrrautes

124 2535 234 2558 castram
258 2531 285 2558 in
314 2533 405 2558 timore
432 2537 531 2559 castam
562 2533 826 2559 conversationem”.
844 2542 852 2558 ι
876 2532 910 2559 Et

124 2578 271 2611 frequenter
284 2578 423 2612 Scriptura
441 2580 496 2606 lucc
511 2580 542 2606 de
560 2581 652 2606 timore
665 2579 712 2605 tali
728 2579 804 2605 modo
823 2579 909 2613 perlo-

122 2624 222 2656 quitur.
239 2623 277 2650 lla
292 2632 321 2651 sc
336 2625 416 2652 habet
437 2623 541 2660 Didymi
558 2625 633 2651 locus
655 2632 668 2649 a
684 2631 797 2650 censore
820 2631 913 2658 vepre—

123 2668 236 2695 hensus.
250 2668 318 2702 Quid
343 2675 430 2697 autem
453 2671 576 2697 censoria
594 2669 697 2703 virgula
722 2669 829 2702 dignum
849 2669 911 2696 insit

125 2711 154 2740 in
171 2713 213 2740 his
234 2714 332 2746 verbis,
349 2723 401 2742 non
422 2716 499 2743 video
517 2726 523 2743 :
541 2715 689 2751 praesertim
711 2722 771 2741 cum
789 2716 911 2742 timorem

163 2801 184 2817 "'
204 2799 211 2826 l
228 2800 298 2827 Pclr.
314 2809 350 2827 ιιι.
366 2802 390 2828 6.
430 2803 450 2817 υ
472 2801 522 2828 lsa.
537 2810 572 2833 LI,
588 2802 630 2830 1‘2.

668 2801 690 2816 ³⁸
710 2801 805 2828 Matth.
820 2810 846 2833 Χ,
861 2801 904 2829 28.
924 2802 931 2816 ⁵

962 2211 1085 2237 dicuntur
1103 2211 1181 2237 etiam
1198 2218 1314 2236 mens....
1331 2208 1362 2235 lu
1379 2213 1505 2244 quantum
1530 2213 1614 2234 autem
1635 2208 1746 2237 animat.

963 2257 1062 2283 dicitur
1081 2257 1181 2287 animo,
1201 2256 1263 2290 quia
1285 2256 1333 2282 hac
1348 2260 1387 2282 est
1409 2255 1432 2281 ei
1452 2255 1595 2288 uropriurn.
1614 2253 1748 2279 llutteuus

963 2302 990 2328 S.
1006 2300 1133 2328 Thomas.

998 2347 1057 2375 Jam
1075 2355 1139 2374 vero
1156 2347 1280 2381 quamvis
1305 2347 1366 2374 huic
1394 2346 1512 2381 opinioni
1541 2346 1682 2380 Didymum
1702 2343 1747 2370 ad-

963 2394 1075 2421 Irarsisse
1100 2393 1290 2425 concedamus,
1315 2394 1386 2428 quod
1405 2401 1418 2418 ει
1440 2393 1557 2422 neruiue,
1580 2392 1624 2426 qui
1643 2391 1748 2417 sincere

965 2446 1035 2475 agat,
1053 2439 1146 2474 negari
1175 2444 1277 2474 potest;
1295 2439 1429 2474 aequitatis
1453 2443 1540 2464 tamen
1557 2445 1633 2464 amor
1652 2443 1683 2462 ac
1705 2443 1748 2461 ve-

965 2486 1052 2513 ritatis
1071 2485 1095 2511 id
1112 2492 1125 2511 a
1139 2485 1216 2511 nobis
1233 2484 1365 2518 exposcit,
1382 2487 1411 2509 ut
1422 2482 1547 2510 nonnulla
1568 2481 1611 2508 hie
1627 2479 1747 2506 animad-

964 2536 1070 2559 vertere
1104 2538 1137 2557 ne
1161 2531 1326 2561 Omittamus,
1350 2537 1409 2564 qua).
1434 2530 1520 2563 ipsum
1561 2528 1666 2554 valeant
1702 2526 1750 2551 ali-

964 2576 1123 2612 quantulum
1145 2583 1286 2603 excusare.
1310 2575 1430 2602 Primqu
1458 2575 1530 2601 enim
1547 2573 1703 2608 longisaime
1717 2573 1749 2612 'is

965 2622 1051 2649 abfuit
1078 2622 1112 2649 ab
1135 2622 1178 2648 illa
1206 2621 1319 2653 haeresi,
1344 2628 1425 2655 quatit
1450 2620 1633 2654 Apollinarius
1656 2618 1748 2645 cadent

967 2667 1024 2694 fere
1041 2667 1169 2701 opinione
1194 2667 1293 2693 abusus
1311 2665 1494 2700 excogitavit:
1513 2665 1557 2698 qui
1574 2672 1633 2690 cum
1655 2663 1679 2688 iu
1704 2663 1750 2688 ho-

968 2713 1040 2740 mine
1065 2713 1115 2739 tria
1136 2717 1162 2739 et
1187 2712 1243 2746 ipse
1268 2712 1461 2746 distingueret,
1481 2718 1590 2745 corpus,
1617 2709 1749 2741 animum,

938 2801 944 2816 '
967 2801 974 2827 l
992 2800 1063 2828 Pctr.
1081 2807 1114 2832 tt,
1130 2800 1169 2827 18.
1210 2801 1232 2816 ³⁵
1253 2801 1259 2828 1
1277 2801 1348 2828 Pctr.
1366 2798 1462 2831 ιιι,16.
1502 2797 1525 2814 ³³
1541 2795 1748 2827 lThcss.v,‘2.‘i.
