1904 3054
164 74 215 102 137

906 76 950 104 DE
964 77 1092 106 DIDYMO
1458 91 1469 103 κ

1742 79 1804 108 188

163 130 261 163 Patre;
287 140 367 167 neque
393 132 446 159 alia
475 133 624 160 substantia
655 138 692 160 est
711 133 827 168 Spiritus
853 135 956 172 sancti,
969 135 994 165 Α
1009 138 1071 167 tem,
1092 133 1149 161 sive
1163 132 1269 160 initium
1285 132 1376 161 ﬁdei?!
1394 132 1435 160 Ab
1452 140 1484 161 eo
1500 141 1576 166 sane,
1590 134 1637 169 qui
1651 139 1712 162 ante
1726 137 1804 163 seri-

162 183 258 212 prater
274 178 302 204 id
315 178 384 213 quod
401 178 480 205 datur
496 180 520 205 ei
538 187 554 206 α
573 178 655 206 Filio.

199 221 236 246 At-
250 221 275 247 in
294 220 369 248 libris
385 220 424 248 De
444 220 583 254 Trinitate,
599 222 718 255 inquies,
735 222 833 257 saepius
850 222 889 250 ait
907 222 953 251 Di—

163 265 259 301 dymus
276 265 406 301 Spiritum
432 272 555 294 sanctum
575 275 590 294 a
607 267 690 296 Patre
716 268 825 304 quidem
854 276 951 303 proce-

163 311 238 341 dere.
255 311 281 338 in
298 311 366 339 Filio
379 318 470 340 autem
485 318 531 340 aut
548 314 616 348 apud
633 313 731 341 Filium
756 322 876 342 manere.
898 315 953 342 Ve-

166 364 226 383 rum
244 357 301 384 hinc
313 361 376 384 item
398 363 426 385 ut
440 358 492 385 alia
507 359 627 392 ejusdem
647 360 730 391 modi,
744 367 804 394 qua:
827 367 954 395 regerere

164 402 223 436 quis
237 407 338 436 posset,
352 403 418 430 satis
433 403 486 437 iam
502 408 616 432 tractata
630 405 752 432 acdiluta
767 411 830 433 sunt
842 414 858 433 a
869 414 911 434 me
926 407 952 434 in

164 448 278 482 epistola
292 449 324 475 ad
341 450 576 483 praeclarissimum
597 451 739 486 praesulem
752 451 884 479 Joannem
900 454 952 479 Ar-

165 495 294 522 chintum.
313 494 415 531 Nempe
426 496 488 523 dum
505 497 543 523 ait
562 497 702 534 Didymus,
731 498 831 525 Filium
848 493 953 526 manere

164 541 235 576 apud
251 541 367 574 Patrem,
389 542 454 569 nihil
470 543 542 570 aliud
561 544 628 577 vult,
654 544 705 572 nisi
734 552 793 571 eam
821 545 952 577 indicare,

165 593 245 626 quam
274 586 388 622 theologi
407 593 504 615 vocant
528 588 681 616 divinarum
700 596 878 624 personarum
898 591 952 617 cir-

165 633 400 660 cuminscssionem.
418 633 500 668 quue
516 641 548 661 ex
573 642 605 662 eo
621 635 702 662 etiam
730 637 893 664 continuare
919 636 951 664 li-

166 680 220 708 cet,
237 677 306 710 quod
323 677 390 705 libro
404 686 434 710 II,
451 687 510 713 pag.
524 679 587 711 500,
606 684 698 714 aperte
718 681 800 712 dicat,
820 680 952 716 Spiritum

167 727 290 749 sanetum
305 731 414 750 manere
428 725 497 758 apud
519 724 643 757 Patrem;
668 733 718 752 nec
730 726 801 752 enim
818 727 888 761 apud
903 725 953 754 Pa-

167 773 235 795 trem
259 769 294 795 ita
325 774 416 796 mauct
445 769 573 804 profecto,
603 776 632 798 ut
658 771 691 799 ab
709 771 766 806 ipso
792 771 872 799 Patre
896 780 951 800 non

166 815 303 849 procedat.
664 828 669 832 -

358 860 423 888 CAP.
441 861 482 887 \"l.
504 860 541 887 De
555 861 642 887 rlivina
662 862 760 896 gratia.

201 905 267 932 Cum
293 911 355 932 ante
390 911 515 946 exortas,~
543 907 720 934 damnatas“:
747 908 952 943 Pelagianorum

166 959 198 978 ac
228 951 502 986 Semipelagianorum
534 954 650 981 lucreses
683 954 781 982 obierit
815 955 953 991 Didymus,

167 997 264 1024 mirum
283 998 382 1024 nemini
398 999 483 1025 videri
501 999 590 1031 debet,
610 1000 631 1026 si
652 1000 687 1026 ita
708 1005 787 1027 caute
810 1001 844 1027 de
864 1002 953 1028 divina

168 1044 252 1076 gratia
269 1043 376 1071 locutus
393 1045 490 1079 ubique
503 1053 555 1072 non
578 1046 625 1078 sit,
641 1051 668 1072 ut
684 1046 702 1073 ii
727 1047 772 1080 qui
791 1052 851 1081 post
880 1047 957 1075 Pela-

165 1089 244 1123 giana
269 1093 385 1123 tempora
406 1091 582 1124 scripserunt.
613 1091 746 1119 Nimirum
776 1093 901 1119 nonnulla
926 1094 953 1120 in

166 1141 199 1159 eo
219 1134 329 1168 reperiri
346 1135 459 1162 candide
477 1135 574 1168 fateor,
586 1144 645 1170 quae
660 1138 681 1164 si
697 1137 801 1172 quinto,
819 1143 864 1164 aut
879 1143 955 1165 sexto

167 1179 294 1208 Ecclesiae
310 1181 408 1208 saeculo
431 1182 529 1209 dictata
550 1182 647 1215 forent,
671 1184 714 1210 vix
730 1191 762 1212 ac
786 1192 821 1212 ne
836 1185 879 1211 vix
895 1185 956 1219 qui-

167 1225 227 1252 dem
255 1233 270 1252 a
307 1226 566 1261 Semipelagiantsmi
596 1229 656 1256 labe
693 1229 821 1256 immunia
848 1231 956 1258 sincero

169 1271 294 1306 theologo
310 1272 394 1300 videri
412 1279 534 1307 possent.
557 1274 655 1302 Verum
674 1283 744 1311 srepe
767 1277 906 1312 contingit,
926 1282 955 1304 ut

167 1325 218 1344 una
239 1319 387 1354 eademque
416 1320 515 1347 locutio
539 1329 590 1348 non
616 1322 737 1349 eamdem
766 1330 873 1357 semper
900 1324 954 1351 vim

168 1363 263 1390 habeat
274 1384 282 1396 ,
305 1372 336 1392 ac
351 1365 526 1397 sententiam,
543 1366 588 1393 sed
605 1368 720 1395 diversis
736 1369 902 1403 teluporibus
915 1369 955 1396 tli-

168 1417 247 1437 verso
265 1412 344 1439 modo
370 1413 528 1448 accipiatur.
546 1414 614 1447 Quid
637 1422 701 1449 ergo
730 1415 869 1449 miremur,
885 1416 906 1442 si
922 1416 956 1443 de

168 1464 201 1484 eo
217 1457 324 1492 quidem
347 1459 466 1487 maxime
488 1460 619 1488 sollicitus
645 1468 752 1496 semper
768 1461 849 1489 fuerit
872 1462 954 1498 Didy-
968 1475 989 1504 α

168 1510 238 1534 mus.
265 1508 294 1530 ut
310 1503 414 1531 arbitrii
432 1505 584 1532 libertatem
613 1511 756 1538 astrueret,
777 1514 891 1542 eamque
916 1508 954 1534 ita

167 1548 326 1581 defenderit,
341 1555 369 1577 ut
383 1551 480 1578 divina:
499 1553 592 1587 gratia:
607 1553 795 1580 necessitatem
812 1561 954 1581 non‘sem-

168 1601 216 1629 per
230 1602 358 1629 expresse
381 1597 536 1628 nominarit,
552 1598 599 1624 sed
615 1598 707 1624 lectori
725 1598 869 1633 aliquando
885 1599 952 1626 sub—

170 1639 367 1674 intelligendam
400 1642 555 1676 reliquerit;
589 1651 650 1670 cum
678 1651 708 1670 ea
734 1643 856 1671 ﬂoruerit
886 1649 955 1672 tern-

168 1690 284 1720 pestate,
298 1694 348 1720 qua
376 1686 513 1714 Manichasi
535 1688 644 1723 quidem
669 1688 821 1717 libertatem
851 1691 954 1718 arbitrii

170 1731 203 1758 de
223 1731 309 1758 medio
337 1732 459 1760 tollentes
490 1733 635 1761 Ecclesiatn
658 1735 801 1768 vexabant,
831 1735 955 1770 Pelagius

169 1785 234 1804 vero
261 1778 409 1806 libertatem
432 1779 534 1806 arbitrii
558 1780 638 1807 nimis
664 1781 826 1813 extollendo,
852 1782 949 1810 divinae

170 1823 262 1858 gratia:
277 1825 309 1851 ad
331 1825 398 1852 bona
415 1833 446 1852 ac
464 1826 590 1853 salutaria
612 1834 692 1860 opera
711 1828 890 1862 perpetranda
906 1835 955 1855 ne-

170 1870 322 1897 cessitatem
345 1871 460 1897 nomium
477 1872 640 1899 sustulerat?

206 1915 270 1948 Quae
283 1923 343 1942 cum
362 1916 397 1942 ita
413 1923 442 1943 se
459 1917 581 1949 habeant,
599 1917 697 1948 nullus,
714 1922 741 1944 ut
758 1926 828 1951 reor,
851 1917 955 1953 Didymi

172 1960 245 1988 llt‘lls
263 1961 386 1996 theologo
397 1962 529 1996 :cquitatis
550 1962 651 1989 amanti
681 1963 742 1990 talis
765 1963 909 1996 videbitur,
928 1968 957 1990 ut

171 2008 332 2042 persuadere
348 2009 446 2040 valeat,
462 2009 603 2044 Didymum
617 2010 763 2041 erroribus,
778 2010 822 2044 qui
839 2011 865 2036 in
881 2009 957 2037 Pela-

171 2053 215 2087 gio
230 2059 275 2079 aut
292 2054 317 2080 in
337 2053 558 2088 Scmipelagianis
574 2060 665 2089 postea
686 2056 805 2082 damnati
820 2061 892 2088 sunt,
907 2056 955 2082 ad-

173 2098 292 2125 lunsisse.
306 2099 345 2126 Ac
360 2098 385 2125 in
402 2098 444 2125 his
458 2099 564 2133 quidem
589 2099 624 2125 De
645 2099 773 2126 Trinitate
787 2099 864 2127 libris
889 2100 956 2127 nihil

1005 179 1097 212 bebat,
1109 186 1190 215 quam
1206 179 1284 206 tidem
1301 178 1474 214 incipientem
1491 179 1697 216 Semipelagiani
1713 190 1727 208 a
1743 182 1805 210 ﬁde

1004 224 1107 256 adulta,
1121 228 1151 252 ut
1164 224 1203 252 sic
1221 224 1328 259 loquar,
1348 230 1532 258 secernerent,
1549 229 1577 252 et
1592 226 1672 258 hanc,
1691 235 1743 254 non
1761 227 1803 255 il-

1004 269 1062 297 lam
1086 270 1184 297 divirae
1200 270 1293 305 gratiae
1318 269 1477 303 tribuerent,
1493 271 1563 304 exigi
1591 271 1651 304 jure
1667 280 1719 299 non
1744 280 1798 308 po-

1005 320 1068 348 test,
1080 320 1108 342 ut
1123 316 1226 349 apertis
1239 315 1329 343 verbis
1343 315 1425 347 dicat,
1451 323 1483 342 ex
1505 316 1596 343 divina
1620 318 1708 352 gratia
1733 326 1802 346 esse

1004 369 1057 389 non
1075 361 1245 395 incipientem
1262 362 1353 393 modo,
1368 363 1413 388 sed
1432 366 1460 388 et
1474 368 1626 395 provectam
1649 363 1738 391 iidem.

1040 407 1165 435 Secundo
1200 407 1288 440 docet,
1323 408 1438 441 gratiam
1474 407 1615 435 nobiscum
1646 411 1797 442 cooperari.

1004 454 1070 481 Nam
1094 453 1183 488 capite
1206 453 1219 480 1
1247 453 1431 480 Enarrationis
1446 454 1473 480 in
1488 452 1571 487 Epist.
1593 453 1710 482 Jacobi:
1741 455 1799 488 Qui

1004 499 1114 531 fruitur,
1127 499 1224 533 inquit,
1240 506 1336 525 corona
1351 498 1515 530 deliciarum,
1529 504 1555 525 et
1570 500 1615 534 qui
1631 500 1713 528 habet
1728 509 1797 534 gra—

1005 545 1068 572 tiam
1080 545 1126 572 Dei
1140 549 1474 578 cooperantem,coronam
1485 545 1631 578 gratiarum
1642 548 1765 581 percipit.
1781 557 1791 574 ι

1004 589 1146 623 Similique
1165 590 1244 617 modo
1263 590 1288 616 in
1314 593 1409 616 catena
1432 588 1596 617 Corderiana
1615 591 1648 617 ad
1675 600 1746 619 vers.
1775 600 1795 619 tl

1003 635 1098 670 psalmi
1116 643 1142 667 ι,
1154 643 1214 670 pag.
1229 634 1283 662 993
1297 643 1304 661 :
1319 634 1367 670 τὴν
1379 635 1448 662 Θεοῦ
1464 635 1635 671 συνέργειαν,
1653 637 1678 664 id
1691 643 1731 665 est
1745 638 1797 666 Dei

1004 681 1223 714 cooperationem,
1236 687 1283 707 seu
1296 681 1412 714 gratiam
1424 686 1622 715 cooperantem,
1634 689 1667 709 ex
1678 690 1729 716 qua
1741 684 1798 710 vir—

1004 730 1047 753 tus
1063 725 1397 760 sit,agnoscit,utpatebit
1416 733 1448 754 ex
1463 726 1552 753 verbis
1562 735 1621 754 mox
1639 727 1794 756 :tﬂ‘ercndis.

1040 771 1133 798 Tertio
1147 771 1235 803 docet,
1252 779 1303 797 non
1317 771 1420 798 viribus
1433 771 1544 804 nostris,
1557 772 1603 798 sed
1615 772 1712 800 divina:
1727 781 1795 808 gra-

968 810 989 838 Β
1006 817 1049 845 tite
1069 816 1241 843 tribuendum
1257 823 1326 847 esse,
1347 817 1369 843 si
1386 825 1438 844 non
1459 817 1655 851 dclinquamus.
1678 818 1745 845 Nam
1765 820 1796 847 in

1005 863 1088 890 citato
1106 867 1209 889 catena:
1223 861 1396 889 Corderiana:
1419 862 1477 890 loco
1491 863 1530 889 sic
1545 863 1662 898 loquitur
1680 874 1686 891 :
1707 864 1757 897 Ne,
1772 866 1799 892 si

1005 917 1056 935 non
1083 908 1272 942 delinquerent,
1297 908 1409 942 propriis
1428 908 1536 940 uiribus,
1561 917 1613 936 non
1642 918 1699 936 vero
1724 910 1797 937 Θεοῦ

1006 954 1160 990 συνεργείᾳ,
1177 954 1204 981 id
1218 958 1260 981 est
1275 953 1322 979 Dei
1333 954 1522 988 cooperationi,
1540 955 1659 981 virtutem
1679 957 1796 982 ascribe-

1005 1006 1072 1028 rent.
1091 1001 1122 1027 Et
1140 1005 1229 1035 capite
1247 999 1264 1027 5
1285 998 1471 1027 Enairationis
1484 1001 1510 1026 in
1528 999 1577 1034 Ep.
1595 1000 1610 1027 1
1625 1001 1735 1028 Joannis
1751 1010 1799 1029 ex-

1005 1046 1108 1079 plicans
1121 1046 1178 1073 [nec
1201 1045 1293 1077 verba,
1311 1045 1362 1077 Qui
1378 1051 1453 1072 natus
1471 1050 1509 1072 est
1526 1054 1558 1072 cx
1571 1045 1635 1078 Deo,
1655 1052 1737 1073 servat
1753 1056 1798 1074 se-

1006 1091 1154 1123 metipsum,
1170 1096 1193 1118 et
1209 1090 1341 1125 malignus
1355 1098 1406 1117 non
1421 1091 1504 1126 tangit
1520 1099 1577 1117 eunt
1589 1091 1623 1122 ⁸⁸,
1641 1097 1732 1125 aperte
1744 1092 1794 1124 ait,

1005 1136 1140 1162 hominem
1154 1144 1207 1162 non
1237 1136 1304 1163 solis
1329 1137 1384 1163 suis
1410 1137 1521 1169 viribus,
1543 1137 1588 1163 sed
1611 1144 1657 1171 per
1680 1138 1795 1171 gratiam

1005 1189 1109 1208 servare
1123 1189 1149 1208 se
1163 1189 1177 1207 a
1195 1188 1323 1216 peccato;
1350 1190 1412 1209 nam
1429 1187 1457 1209 ut
1481 1183 1611 1210 custodiae
1627 1189 1725 1211 nostrae
1752 1184 1796 1211 di-

1006 1230 1067 1255 vina
1087 1227 1193 1264 [XLIII]
1210 1229 1330 1256 custodia
1356 1229 1517 1264 adjungatur
1532 1231 1712 1257 necessarium
1734 1237 1797 1258 esse

1006 1274 1139 1305 aﬂlrnmt;
1165 1276 1204 1302 sic
1223 1276 1293 1301 enim
1309 1275 1428 1309 loquitur
1445 1285 1450 1302 :
1470 1275 1499 1303 Si
1514 1277 1572 1310 quis
1589 1282 1676 1303 autent
1703 1282 1797 1305 semet-

1005 1320 1091 1352 ipsum
1105 1325 1266 1352 seruat,orat
1280 1321 1407 1356 divinitus
1423 1322 1561 1353 custodiri,
1573 1327 1599 1348 ut
1612 1323 1724 1348 into-ctus
1736 1330 1797 1355 per-

1006 1370 1111 1392 maneat
1131 1374 1146 1392 a
1171 1366 1296 1400 maligno.
1326 1365 1493 1401 Praeceptum
1520 1375 1629 1402 namque
1658 1368 1795 1399 custodiw,

1005 1419 1063 1444 qua:
1091 1411 1178 1437 studio
1205 1416 1294 1438 nostro
1308 1411 1349 1445 ﬁt.
1373 1412 1422 1438 Itoc
1436 1416 1474 1438 est
1500 1413 1569 1446 quod
1586 1413 1646 1439 ait:
1664 1422 1673 1438 ι
1686 1412 1797 1439 Custodi

1006 1463 1079 1483 tuum
1092 1465 1137 1483 cor
1150 1456 1182 1489 “;
1200 1466 1209 1482 ι
1227 1463 1252 1484 et
1270 1461 1328 1491 post
1339 1465 1423 1491 pauca
1435 1465 1444 1484 :
1455 1466 1464 1483 ι
1485 1457 1620 1484 Custodite
1634 1467 1676 1485 vos
1688 1459 1719 1485 ab
1736 1460 1796 1485 ido-

1006 1502 1038 1529 lis
1054 1503 1086 1528 ".
1104 1511 1114 1528 ι
1148 1501 1282 1530 Custodia:
1301 1511 1358 1530 vero
1382 1503 1477 1530 diuina:
1497 1505 1640 1537 exemplum
1664 1508 1701 1531 est
1724 1505 1799 1538 quod

1005 1548 1043 1574 ait
1056 1556 1066 1576 :
1086 1557 1095 1573 ι
1111 1548 1352 1581 Domine,servnbis
1364 1557 1420 1581 nos,
1435 1550 1598 1576 etcustodies
1613 1558 1668 1577 nos.
1686 1560 1694 1575 ι
1715 1550 1746 1576 ΕΙ
1761 1551 1795 1577 ει-

1006 1593 1051 1620 lud
1066 1602 1075 1620 :
1094 1603 1103 1619 ι
1118 1593 1171 1621 Sub
1185 1595 1278 1620 umbra
1290 1595 1392 1620 alarum
1408 1599 1512 1620 tuarum
1523 1600 1626 1629 protege
1639 1603 1678 1622 me
1686 1595 1719 1622 “.
1733 1605 1743 1622 ι
1761 1595 1793 1622 Et

1006 1638 1072 1665 illud
1088 1646 1097 1666 :
1119 1647 1128 1664 ι
1145 1638 1225 1665 Pater
1240 1645 1337 1671 sancte,
1351 1639 1453 1665 custodi
1470 1647 1512 1666 eos
1530 1639 1563 1666 “.
1581 1650 1590 1665 ι

1044 1685 1153 1712 Demum
1176 1685 1263 1711 omnia
1284 1685 1394 1711 omnino
1419 1692 1512 1719 opera,
1540 1693 1599 1719 qua:
1622 1686 1655 1712 ad
1676 1686 1789 1713 salutem

1006 1731 1157 1762 conferant,
1184 1730 1298 1765 ideoque
1317 1730 1398 1757 etiam
1423 1731 1528 1757 initium
1554 1731 1625 1762 ﬁdei,
1649 1739 1681 1758 ex
1704 1732 1797 1759 div-ina

1007 1777 1092 1812 gratia
1106 1784 1167 1804 esse
1185 1776 1306 1810 pluribus
1319 1776 1345 1803 in
1362 1777 1428 1804 locis
1443 1782 1592 1804 asseverat.
1606 1777 1643 1804 lta
1656 1777 1681 1803 in
1694 1777 1792 1804 Corde-

1007 1823 1082 1849 riana
1098 1827 1194 1849 catena
1223 1822 1256 1849 ad
1274 1829 1347 1849 vers.
1375 1821 1412 1849 20
1436 1823 1530 1857 psalmi
1554 1830 1616 1850 scut
1639 1831 1698 1857 pag.
1721 1823 1793 1850 936:

1007 1868 1117 1901 Curam,
1139 1868 1236 1902 inquit,
1251 1869 1333 1895 nostri
1351 1869 1439 1900 habes,
1463 1869 1584 1896 Domine.
1607 1868 1679 1896 Unde
1691 1870 1713 1896 si
1732 1871 1794 1905 quid

1007 1915 1079 1941 adest
1090 1914 1163 1941 nobis
1176 1914 1244 1943 boni.
1256 1915 1351 1940 scimus
1361 1913 1386 1940 id
1398 1914 1493 1948 ipsum,
1505 1920 1733 1949 quantumcunque
1746 1920 1793 1947 est,

1006 1967 1023 1986 a
1040 1964 1064 1986 te
1076 1960 1155 1986 etiam
1166 1960 1299 1986 exsistere.
1315 1958 1347 1985 Et
1361 1959 1408 1986 lib.
1429 1967 1446 1986 ιι
1465 1960 1501 1986 De
1513 1959 1586 1986 Trin.
1604 1968 1663 1995 pag.
1678 1961 1726 1987 167
1741 1961 1795 1987 lucc

1007 2004 1109 2032 habet:
1143 2004 1219 2036 Quod
1243 2012 1333 2035 nempe
1355 2004 1410 2030 sine
1439 2004 1555 2038 Spiritus
1580 2005 1664 2031 sancti
1684 2006 1795 2032 adventu

1009 2050 1082 2077 nulla
1096 2051 1168 2077 nobis
1180 2051 1215 2076 ad
1243 2050 1324 2076 Deum
1338 2051 1369 2076 sit
1390 2051 1427 2077 vis
1446 2055 1491 2077 aut
1511 2059 1578 2084 sper.
1604 2050 1637 2077 Et
1661 2058 1722 2086 pug.
1744 2050 1796 2077 282

1009 2096 1141 2129 allirmat,
1160 2096 1260 2122 nullum
1279 2101 1426 2123 creaturam
1439 2097 1535 2122 bonum
1550 2097 1644 2122 habere
1662 2096 1716 2122 sine
1738 2095 1796 2130 Spi-

173 2143 224 2168 tale
239 2149 354 2176 exstare,
373 2143 439 2170 satis
454 2151 468 2169 a
486 2151 527 2170 me
544 2148 680 2170 ostensum
696 2149 759 2178 puto
775 2152 835 2171 cum
849 2144 874 2171 in
901 2145 956 2178 epi-
974 2142 995 2169 D
1010 2144 1061 2169 ritu
1075 2142 1443 2169 sancto.Acdemuminlihro
1457 2142 1492 2168 De
1505 2141 1607 2176 Spiritu
1620 2145 1711 2168 sancto
1723 2150 1795 2168 nutu.

172 2188 250 2220 stola,
265 2196 344 2223 quam
357 2189 434 2222 paulo
451 2194 512 2215 ante
538 2189 693 2221 memoravi,
714 2194 769 2216 tum
787 2190 813 2216 in
843 2190 957 2216 adnota-

172 2234 288 2260 tionibus
304 2242 364 2269 pag.
386 2234 414 2260 Η
431 2239 456 2261 et
474 2234 536 2263 ‘270.
550 2235 625 2268 Quod
642 2242 704 2262 vero
729 2239 831 2269 spectat
846 2236 879 2262 ad
907 2236 958 2263 alia

173 2277 278 2313 Didymi
295 2287 386 2314 opera,
406 2279 430 2305 id
446 2280 531 2313 ipsum
548 2287 618 2307 nunc
634 2281 751 2307 breviter
767 2280 958 2308 demonstran-

173 2324 235 2352 dum
251 2329 302 2351 est.
318 2325 369 2352 Sed
385 2331 527 2360 antequam
551 2326 601 2353 hoc
618 2330 753 2359 praestem,
769 2331 885 2361 quatuor
897 2326 959 2361 pro-

172 2378 271 2406 ponere
286 2371 373 2406 placet
394 2371 484 2404 eli‘ata,
502 2372 560 2398 sive
587 2371 720 2406 dogmata,
737 2380 796 2407 qua:
810 2372 843 2399 ab
857 2380 889 2400 eo
914 2380 960 2407 po-

174 2418 307 2445 tissimum
328 2417 459 2445 inculcata
475 2418 662 2446 animadverti.
893 2425 897 2427 ‘

207 2463 298 2491 Primo
312 2471 405 2498 nempe
416 2465 502 2492 docet.
520 2464 596 2490 iidem
611 2471 669 2490 esse
682 2471 713 2490 ex
721 2463 811 2490 divina
827 2463 922 2498 gratia.
931 2463 958 2490 id

173 2515 265 2544 aperte
281 2510 362 2537 tradit
376 2518 435 2536 cum
449 2510 474 2536 in
491 2509 558 2537 libro
575 2509 611 2537 De
624 2510 724 2543 Spiritu
733 2515 835 2540 sancto.
850 2518 922 2536 niun.
942 2510 958 2536 9

173 2555 310 2583 hisverbis
320 2563 325 2581 :
335 2554 410 2581 Fidei
428 2555 533 2588 c/fectus
545 2556 729 2589 cstparticeps,
743 2563 801 2589 quae
814 2563 846 2581 ea:
859 2554 959 2588 Spiritu

174 2608 266 2629 sancto
285 2602 370 2633 venit;
390 2607 445 2628 tum
470 2601 495 2628 in
523 2602 591 2632 loco,
607 2609 685 2635 quem
712 2609 773 2627 mox
794 2601 903 2627 afferam
927 2609 958 2627 ex

175 2654 236 2682 pag.
254 2647 304 2674 189
333 2652 434 2674 catenm
450 2647 476 2673 in
491 2646 631 2674 Joannem.
650 2646 683 2672 At
697 2646 759 2680 ﬁdei
776 2646 883 2673 nomine
900 2647 960 2680 quis

175 2697 254 2727 neget
267 2691 434 2727 designatum
449 2693 481 2719 ab
497 2700 529 2719 eo
545 2692 627 2719 fuisse
644 2692 723 2718 etiam
742 2692 820 2724 fidem
836 2692 960 2724 incipien-

211 2777 235 2794 “‘
253 2777 353 2807 lloan.
370 2788 393 2813 v,
410 2781 451 2808 18.
490 2780 511 2796 “
533 2780 610 2807 I‘rm'.
630 2788 665 2813 ιν,
685 2780 728 2807 25.

768 2780 789 2795 “
803 2780 898 2808 Elct'll.
916 2788 969 2813 xiv,
988 2779 1013 2807 ὕ.

1007 2189 1052 2221 Η,
1063 2189 1119 2215 haec
1126 2188 1238 2215 dictavit
1252 2197 1259 2215 :
1272 2188 1401 2215 Dominus
1414 2189 1531 2215 videlicet
1541 2194 1637 2217 noster.
1648 2194 1724 2221 atque
1737 2187 1797 2215 Sal-

1010 2241 1084 2262 vator
1112 2234 1190 2269 infert
1226 2234 1300 2261 nobis
1327 2235 1469 2261 secundant
1494 2234 1697 2260 misericordiam
1722 2241 1796 2260 suum

1010 2281 1096 2307 omnia
1107 2288 1164 2311 qua:
1176 2281 1366 2312 nosproucltant
1376 2281 1410 2306 ad
1421 2280 1542 2306 salutem.
1553 2279 1618 2312 Quis
1625 2286 1687 2313 ergo
1696 2278 1797 2305 inlicie-

1013 2332 1058 2353 tur
1069 2327 1125 2361 jam
1144 2331 1218 2354 recte
1236 2325 1377 2359 Didymuut
1394 2325 1428 2352 de
1441 2325 1604 2352 necessitate
1617 2324 1713 2351 divinae
1737 2331 1797 2358 gra-

1014 2373 1056 2399 tiae
1071 2372 1209 2399 sensisse?
1225 2372 1373 2399 Videndum
1389 2376 1478 2397 tamen
1496 2371 1585 2398 adhuc
1608 2375 1650 2398 est
1673 2377 1796 2405 quaenam

1014 2417 1062 2452 ipsi
1077 2417 1234 2452 exprobrari
1248 2424 1326 2451 posse
1338 2417 1490 2449 videantur,
1504 2421 1549 2443 aut
1565 2416 1726 2450 exprobrata
1740 2415 1794 2448 jam

1014 2463 1113 2490 Fuerint
1126 2464 1159 2490 ab
1176 2463 1321 2498 aliquibus.
1345 2462 1466 2495 Quatuor
1478 2467 1580 2495 autent,
1594 2462 1619 2488 ui
1633 2461 1720 2494 fallor,
1742 2461 1796 2488 haec

1012 2509 1181 2544 potissimum
1197 2513 1271 2536 sunt.

1047 2555 1166 2582 Primum
1179 2559 1268 2582 exstat
1286 2554 1312 2581 in
1332 2558 1427 2581 catena
1443 2555 1469 2579 in
1491 2553 1621 2579 Joannem
1648 2561 1706 2588 pag.
1735 2552 1794 2584 189,

1013 2601 1056 2628 ubi
1073 2601 1212 2635 explicans
1235 2599 1339 2626 Domini
1361 2599 1453 2629 verba.
1477 2599 1568 2625 Umnis
1593 2601 1637 2632 qui
1664 2598 1760 2625 audiuit
1780 2605 1796 2624 α

1014 2646 1107 2678 Patre,
1120 2653 1143 2674 et
1153 2646 1255 2676 didicit.
1269 2646 1335 2672 venit
1350 2647 1384 2672 ad
1400 2653 1450 2678 me,
1463 2653 1522 2678 quae
1536 2644 1562 2671 in
1578 2644 1679 2671 Joanne
1692 2647 1796 2670 exstant

1014 2699 1073 2726 cap.
1090 2699 1127 2723 vt,
1142 2699 1212 2718 vers.
1230 2691 1274 2722 45,
1304 2690 1343 2718 sic
1372 2690 1510 2724 loquitur:
1542 2689 1609 2716 Κατ’
1635 2687 1725 2715 εἰκόνα
1751 2688 1796 2715 καὶ

1053 2778 1217 2813 ⁸³Ρεει1πχι,
1252 2779 1278 2807 8.
1317 2779 1502 2807 "‘Joan.xm
1535 2778 1578 2805 11.
