1904 3054
76 88 143 131 m

666 101 955 131 COMMENTARIUS.
975 117 1009 124 ——
1029 101 1094 130 LIB.
1116 103 1146 130 ll.

1664 102 1715 131 190

73 165 219 201 ὁμοίωσιν,
237 166 286 194 καὶ
301 165 367 193 αὐτὸ
385 165 465 193 τοῦτο
488 165 641 201 [legendum
669 166 797 198 fortasse,
822 166 862 193 κω

923 165 1021 200 ipso".
1034 175 1043 192 ι
1058 163 1285 200 Pelagianismum
1294 169 1383 192 autent
1393 162 1515 191 redolere
1523 162 1648 190 videntur
1658 163 1714 190 ltwc

74 212 152 248 αὑτῷ
167 211 271 248 τούτῳ]
288 212 396 247 λογικοῦ
418 212 564 248 γενομένου
578 212 625 240 τοῦ
649 212 807 248 ἀνθρώπου,
830 213 870 238 ἐν-

74 259 249 295 ετπαρμέναι
265 259 333 286 εἰσὶν
345 258 419 294 αὐτῷ
432 259 484 285 ὑπὸ
498 259 566 286 Θεοῦ
593 259 621 286 al.
637 259 701 295 περὶ
720 259 870 286 ἐπαινετῶν

75 305 204 340 πράξεων
224 304 336 336 ἔννοιαι,
357 305 425 332 ἀλλὰ
449 305 496 332 καὶ
518 305 568 340 τῆς
588 305 716 340 γνώσεως
738 305 788 340 τῆς
801 305 869 341 ἁλη-

75 350 161 383 θείας.
184 352 213 378 Ὀ
227 352 317 385 τοζνυν
334 351 406 378 κατὰ
426 352 476 383 τὰς
495 351 587 383 κοινὰς
611 351 715 383 ἑννοίας
738 350 868 384 ἀκούσας,

75 398 125 424 καὶ
143 397 237 434 μαθὼν
251 398 327 434 παρὰ
345 398 392 425 τοῦ
416 398 532 434 Πατρὸς,
559 398 668 434 ἔρχεται
686 397 729 424 διὰ
752 397 869 429 πίστεως

75 445 144 480 πρὸς
161 445 206 472 τὸν
218 445 331 479 Κύριον.
347 444 411 478 Quae
428 445 466 472 sic
479 445 561 471 vertit
581 446 715 478 interpres
728 452 735 470 ι
746 443 785 470 Ad
803 444 870 470 inta-

75 491 166 524 ginem
193 499 224 518 at:
239 491 525 518 timiiitudinemruam
548 490 697 525 efformato,
721 493 799 524 atque
821 489 870 516 hoc

75 537 133 569 ipso
150 537 251 563 ratione
263 537 373 569 prtrdito
385 536 496 569 homini,
512 536 589 572 quasi
611 536 712 562 sentina
734 535 867 570 qumdam,

74 590 107 609 ac
120 590 206 609 rerum
218 587 286 609 recte
299 583 471 617 gerendarum
496 583 640 610 dictuminu
665 583 751 610 indita
772 587 833 610 sunt
852 591 868 608 tt

74 627 142 659 Deo,
158 628 363 662 cognitionisque
375 629 504 656 veritatis.
518 627 642 664 Quisquis
660 629 741 664 igitur
750 637 867 656 commu-

75 683 123 702 ιλιι
135 675 195 702 illo:
211 675 351 702 instinctus
363 675 449 706 audit,
461 682 494 702 ac
506 675 581 703 discit
596 683 613 701 a
629 674 719 708 Putre,
733 683 778 709 per
788 675 868 709 ﬁdem

73 721 110 748 ad
127 719 258 748 Christum
284 721 363 748 uenit.
393 721 430 748 lla
455 721 589 756 interpres
614 721 684 755 :qni
711 728 802 748 vocem
826 720 867 747 ἔνι

73 774 149 796 vetat.
162 774 212 794 cur
225 767 336 794 verterit
349 767 464 801 primum
482 767 626 793 dictamina
638 787 645 799 ,
659 767 756 794 deinde
777 767 868 793 iustin-

73 817 154 847 ctus,
171 812 284 847 ignoro:
302 819 333 839 ea
346 812 418 838 enim
436 812 562 842 notiones.
590 812 660 846 sive,
687 816 716 839 ut
733 811 811 847 vulgo
829 811 868 839 lo—

73 865 198 894 quunlur
222 858 385 893 philosophi,
414 857 487 885 ideas
516 858 650 893 designat.
679 859 718 886 At:
739 866 773 886 ne
803 859 868 886 illud

73 904 184 939 quidem
200 903 269 934 scio.
284 911 334 930 cur
349 903 471 930 voculam
486 902 567 934 κατά,
596 903 623 931 id
644 908 686 931 est
703 903 795 938 juxta,
823 912 867 932 se-

74 951 164 978 cundo
177 950 237 978 loco
256 949 379 977 omiserit
394 949 419 976 in
437 948 535 977 Latina
565 949 800 985 interpretatione.
824 951 869 978 Di-

75 996 148 1031 dymi
171 1003 236 1030 ergo
253 995 341 1023 locum
364 995 397 1022 ad
421 996 533 1022 verbum
560 995 678 1029 imprimi
697 996 838 1024 reddemus
858 1005 866 1025 :

75 1048 126 1069 nec
140 1042 212 1069 enim
225 1049 333 1076 zequnm
347 1047 399 1074 est,
427 1045 457 1068 ut
484 1049 515 1070 ea
542 1041 721 1069 translatione
748 1048 867 1075 utamur,

74 1096 136 1122 qua:
161 1088 265 1122 Didymi
294 1093 410 1115 mentem
437 1093 565 1115 accurate
586 1096 639 1115 non
661 1087 770 1115 referat.
800 1087 866 1116 Cum

75 1134 153 1167 iuxta
170 1135 320 1169 imaginem,
333 1140 356 1161 et
379 1135 580 1162 similitudinem
605 1135 692 1170 factus
718 1136 752 1162 tit
777 1136 867 1168 homo,

73 1184 153 1215 atque
164 1179 212 1206 hoc
229 1180 284 1213 ipso
298 1180 436 1207 rationalis
449 1179 535 1214 [actus
549 1181 593 1213 sit,
615 1181 720 1208 intertw
739 1186 799 1208 sunt
817 1181 868 1213 ipsi

75 1234 91 1253 a
108 1225 165 1252 Deo
181 1226 299 1252 notione:
315 1225 347 1252 de
360 1225 537 1253 luudubiiibut
551 1227 710 1259 actionibus,
727 1227 780 1253 imo
797 1232 820 1253 et
836 1227 868 1254 de

75 1270 226 1305 cognitione
241 1271 368 1301 veritatis.
384 1271 435 1304 Qui
457 1280 517 1306 ergo
529 1271 610 1306 juzla
623 1281 772 1300 communes
784 1273 868 1299 notio-

73 1324 117 1343 nes
137 1324 146 1342 ι
161 1316 272 1348 audivit,
284 1321 308 1343 et
324 1316 416 1343 didicit
436 1325 452 1343 α
474 1316 562 1350 Patre,
580 1318 647 1344 venit
664 1326 673 1343 ι
689 1317 820 1351 perficient
834 1317 867 1344 ad

75 1361 228 1389 Dominum.
245 1371 255 1391 ι
270 1361 330 1391 lum
349 1369 415 1391 vero
434 1362 461 1390 in
480 1362 522 1389 his
542 1362 632 1390 verbis
649 1362 717 1390 nihil
731 1369 791 1389 esse
808 1369 868 1389 cun-

73 1407 168 1439 tendo,
184 1408 256 1442 quod
269 1408 450 1436 orthodoxnm
466 1416 520 1436 non
544 1409 598 1436 sit:
627 1416 677 1436 ncc
706 1409 778 1436 enini
807 1409 865 1436 ait:

73 1452 231 1481 Commutth
249 1457 352 1480 tantum
369 1454 431 1480 recti
456 1454 567 1488 bonique
596 1454 713 1481 notiones
737 1455 867 1489 sufﬁciunt

73 1505 100 1531 ut
114 1500 173 1534 quis
187 1500 272 1527 veniat
288 1500 322 1526 ad
336 1499 498 1527 Dominum:
514 1502 562 1528 sed
582 1500 630 1532 ait,
646 1500 707 1528 illos
726 1508 772 1535 per
787 1501 866 1528 ﬁdem

72 1547 167 1575 venire
181 1547 214 1573 ad
231 1546 386 1580 Dotninum,
403 1547 449 1581 qui
466 1555 517 1574 non
535 1547 615 1574 modo
641 1546 718 1582 juxta
745 1554 866 1573 commu-

74 1600 125 1623 nes
140 1593 265 1621 notiones
281 1594 439 1625 audiverim,
467 1593 516 1622 sed
533 1593 615 1621 etiam
629 1592 769 1619 didicerint
780 1601 795 1619 α
811 1592 866 1619 l’a-

73 1644 133 1667 tre:
151 1639 227 1667 hisce
249 1643 339 1666 autem
362 1639 454 1666 verbis
476 1639 595 1667 divinam
618 1638 733 1674 gratiam
760 1645 822 1665 cum
851 1644 866 1664 a

72 1685 185 1712 Christo
203 1685 318 1713 Domino
332 1686 358 1713 in
372 1685 458 1713 citato
481 1685 550 1716 loco,
577 1689 607 1711 nt
633 1683 715 1712 docet
740 1683 866 1719 Augusti-

76 1739 139 1763 ntts,
153 1735 209 1758 tum
223 1738 236 1757 a
256 1730 370 1766 Didymo
385 1730 427 1758 hic
445 1729 594 1765 signiﬁcari
611 1729 789 1757 dubitanlutn
813 1736 864 1756 non

71 1782 123 1804 est.
141 1776 220 1810 Quod
235 1781 265 1803 ιιι
276 1776 446 1803 manifestius
460 1779 599 1810 appareat,
614 1775 726 1810 legenda
737 1780 865 1808 suntun

71 1823 184 1858 scripsit
195 1823 223 1850 in
243 1823 290 1850 lib.
316 1822 353 1849 De
370 1821 473 1856 Spiritu
487 1826 578 1849 sancto
595 1829 669 1849 mtm.
683 1822 714 1849 51
727 1830 734 1855 ;
746 1821 781 1848 ibi
792 1821 864 1848 enim

71 1868 171 1895 divina:
194 1868 289 1902 gratiae
310 1867 483 1895 tribuendum
505 1875 566 1895 esse
590 1867 678 1899 docet,
705 1867 778 1900 quod
803 1865 864 1900 quis

72 1913 119 1941 ﬂat
135 1913 255 1940 docibilic
271 1913 329 1945 Dei,
344 1913 372 1940 id
386 1918 437 1946 est,
456 1921 472 1940 a
490 1911 570 1940 I’atre
589 1913 695 1945 audiat,
715 1917 738 1939 et
767 1913 862 1940 discat.

71 1959 149 1993 Quod
165 1967 230 1987 vero
242 1960 340 1987 attinet
354 1960 386 1986 ad
402 1966 567 1987 communes
590 1959 657 1985 recti
683 1958 794 1992 verique
814 1966 864 1985 no-

73 2006 163 2033 tiones
181 2005 281 2033 homini
294 2013 309 2032 a
330 2004 384 2033 Deo
402 2005 530 2037 insertas,
545 2011 614 2039 quas
638 2003 756 2031 admittit
784 2003 865 2039 Didy-

73 2058 143 2082 mus,
174 2050 292 2078 viderint
324 2050 380 2082 alii,
407 2055 495 2077 utrum
520 2050 620 2076 innatat
652 2048 772 2076 dicendae
799 2048 863 2082 sint,

73 2102 244 2130 necne:ng
260 2095 323 2122 illud
347 2100 450 2123 tantum
478 2096 558 2129 addo,
589 2101 636 2121 eas
660 2102 721 2122 cum
746 2094 780 2121 ab
804 2094 865 2121 aliis

72 2142 200 2171 Patribus
227 2142 349 2176 agnosci,
373 2146 428 2169 ttttn
455 2142 537 2169 etiam
563 2149 580 2168 a
603 2140 739 2176 Prospero
768 2141 865 2168 divina:

71 2189 165 2224 gratiae
181 2192 379 2224 propugnatore
393 2189 564 2223 gravissimo,
584 2188 628 2223 qui
646 2187 685 2214 ait
710 2194 718 2214 :
745 2186 865 2214 Genitum

70 2236 202 2262 uobiscum
216 2235 346 2269 agnoscite
358 2234 449 2268 legem.

106 2281 184 2308 Alter
199 2280 317 2313 theologi
333 2280 416 2307 nostri
436 2280 510 2307 locus
534 2285 621 2309 exstat.
649 2281 675 2308 in
703 2282 863 2318 fragmentis

74 2332 89 2350 τι
124 2324 322 2359 Christophoro
347 2323 446 2351 Wollio
475 2324 616 2359 cvulgalis,
635 2327 667 2353 ad
686 2334 744 2362 cap.
760 2335 776 2354 ν
791 2335 861 2355 vers.

69 2369 116 2397 ω.
143 2369 260 2404 Exponit
285 2369 357 2396 enim
387 2369 422 2396 ibi
450 2369 507 2397 btet:
533 2371 660 2398 Actorum
694 2372 795 2404 verba,
830 2373 863 2400 lz't

69 2415 178 2448 spiritus
211 2419 342 2446 sanctus,
376 2423 452 2446 quem
488 2415 558 2442 dedit
590 2416 658 2443 Deus
684 2418 862 2445 obedicnlibus

68 2460 162 2494 sibi",
186 2461 211 2487 in
237 2461 308 2488 hunc
331 2461 439 2488 modunt
459 2470 466 2488 τ
483 2461 545 2489 Non
565 2462 650 2489 solum
677 2463 704 2490 in
729 2465 776 2490 hoc
790 2485 796 2496 ,
819 2465 861 2492 in-

70 2507 140 2541 quit,
169 2509 213 2534 sed
231 2511 256 2533 et
278 2506 339 2533 aliis
365 2506 509 2541 Scriptum
528 2507 592 2534 locis
608 2509 781 2542 signiﬁcatur,
803 2509 864 2544 Spi-

70 2554 150 2579 ritum
162 2557 283 2579 sanctum
297 2552 368 2585 duri,
382 2553 404 2579 si
420 2561 465 2579 nos
477 2552 527 2586 ipsi
541 2553 704 2580 occationem
715 2559 738 2580 et
752 2563 862 2582 causam

70 2597 137 2623 itlud
158 2597 517 2632 accipiendisuppeditentus.
535 2598 647 2626 Obedire
666 2601 732 2627 enini
747 2601 800 2628 Deo
824 2607 861 2630 est

71 2650 111 2668 res
134 2642 238 2669 arbitrii
267 2643 362 2675 nostri,
386 2643 452 2669 sicut
475 2648 499 2670 et
530 2645 644 2677 credere,
676 2646 770 2680 quibus
791 2647 863 2674 scili—

70 2692 110 2715 cet
137 2689 319 2716 convenienter
346 2688 461 2722 Spiritus
495 2697 600 2717 satiatus
625 2691 704 2718 datus
729 2698 777 2724 est,
803 2699 862 2720 tun-

69 2742 149 2769 quant
172 2736 249 2763 donis
261 2734 366 2772 [XLIV]
384 2736 478 2770 gratite
501 2736 558 2771 ejus
581 2737 693 2772 a/I‘cctis.
724 2738 775 2765 Ilia
790 2740 864 2774 afﬁne

70 2780 202 2808 (stillttd:
235 2790 245 2806 ι
264 2780 340 2808 Dubtt
369 2781 497 2815 Spiritum
519 2788 636 2809 tunctum
666 2783 809 2816 patentibus
831 2786 861 2811 ub

99 2873 128 2889 "'
143 2873 204 2902 Act.
222 2881 250 2906 v,
265 2873 308 2900 3'2.
349 2874 370 2889 “
387 2873 450 2901 Luc.
464 2881 501 2906 ιι,
515 2874 555 2901 l5.

920 212 1028 241 Wolﬁo.
1045 212 1083 240 Ac
1100 220 1194 240 revera
1203 211 1225 239 si
1237 211 1398 238 denotarent
1410 217 1490 244 posse
1507 209 1643 237 hominem
1655 211 1714 238 sine

920 260 1014 295 gratim
1035 260 1137 287 auxilio
1162 258 1261 286 mereri
1286 262 1317 285 ut
1343 256 1459 290 accipiat
1486 255 1617 291 Spiritum
1641 248 1712 284 san-

920 311 1003 337 ctum.
1017 310 1063 333 aut
1079 306 1158 332 ullam
1178 305 1303 340 gratiam,
1319 303 1463 336 Pelagiana
1477 303 1535 330 sine
1569 303 1649 330 dubio
1673 303 1713 329 fo-

922 357 991 380 rent.
1007 352 1060 379 Sed
1076 352 1146 379 hanc
1159 358 1220 378 esse
1237 349 1341 385 Didymi
1367 350 1511 376 verborum
1536 349 1711 381 sententiam,

921 403 973 422 non
990 394 1119 422 concedo.
1136 393 1192 420 lmo
1213 400 1274 419 cum
1302 393 1335 420 ab
1361 399 1393 419 eo
1418 392 1517 420 dictata
1541 392 1606 422 sint,
1630 399 1710 426 quem

920 444 1028 467 constat
1046 440 1146 474 sapius
1165 439 1301 471 docuisse,
1317 438 1397 478 ﬁdem
1417 445 1479 466 esse
1489 445 1521 464 ex
1536 438 1635 472 gratia,
1649 437 1710 464 nul-

919 486 1030 521 lumque
1045 487 1156 519 bonum,
1173 493 1226 520 quo
1239 485 1421 520 provehantur
1436 484 1470 511 ad
1485 483 1612 514 salutem,
1633 482 1710 510 nobis

919 539 979 559 e55e
989 533 1046 559 sine
1060 532 1164 568 gratia;
1182 538 1209 559 et
1224 533 1333 566 insuper
1341 531 1375 558 ab
1388 538 1421 558 eo
1437 530 1483 565 qui
1498 530 1563 557 illud
1579 535 1710 565 perpetuo

919 580 1061 614 spectavit,
1076 580 1139 606 dum
1156 579 1311 614 Scripturas
1323 577 1496 615 explanabat,
1509 582 1537 603 ut
1547 576 1710 604 Manichacus

920 626 1062 657 refelleret,
1094 634 1126 653 ac
1159 625 1259 652 nullam
1285 632 1347 652 esse
1375 623 1532 651 rationalem
1556 627 1708 650 creaturam

919 676 1026 703 natura.
1050 679 1082 699 ac
1106 670 1263 698 necessario
1292 671 1402 701 malam,
1432 673 1510 704 capta
1532 668 1711 702 undecunque

921 721 1013 751 posset
1025 716 1180 748 occasione,
1195 715 1410 748 demonstraret;
1430 714 1530 741 idcirco
1550 712 1617 740 nihil
1638 711 1710 738 aliud

921 763 965 790 hic
979 771 1041 790 eum
1060 763 1180 790 voluisse
1192 761 1369 793 crediderim,
1384 761 1437 788 nisi
1454 761 1606 788 libertatem
1622 757 1711 786 homi-

920 808 963 835 nis
983 807 1039 835 Deo
1066 807 1290 842 obtemperantis,
1310 806 1484 840 divittamque
1512 806 1628 840 gratiam
1657 811 1710 831 non

921 854 1073 889 respuentis
1087 853 1277 881 astruerezde
1303 860 1335 880 eo
1361 857 1451 879 autem
1473 857 1642 886 nequaquam
1665 848 1709 876 Di-

920 900 952 935 dy
960 908 1031 927 mum
1044 900 1189 935 cogitasse.
1205 903 1234 926 ut
1251 898 1345 933 gratia!
1359 897 1491 925 salutaria
1507 904 1589 932 opera
1606 903 1709 931 prmve-

919 946 1018 973 nientis
1033 945 1222 972 necessitatem
1237 944 1405 971 excluderet.

954 991 1045 1024 Quid?
1067 990 1138 1025 qttod
1166 990 1251 1022 locus,
1277 990 1310 1017 de
1332 997 1385 1023 quo
1410 989 1526 1024 agimus,
1550 987 1630 1022 paulo
1649 995 1712 1022 per-

919 1037 1023 1071 plexior
1037 1037 1143 1064 videtur
1156 1057 1163 1069 ,
1176 1041 1204 1063 ut
1218 1036 1342 1064 dubitare
1358 1043 1411 1062 non
1439 1039 1540 1061 temere
1562 1034 1651 1065 liceat,
1676 1042 1710 1060 an

919 1091 1013 1110 revera
1047 1083 1082 1110 ila
1112 1083 1253 1110 dictaverit
1275 1082 1412 1117 Didymus,
1440 1086 1467 1108 ut
1490 1080 1554 1115 legit
1584 1080 1710 1107 Wolfius.

919 1127 1011 1155 Grmra
1026 1129 1097 1155 enitn
1112 1129 1150 1155 sic
1169 1128 1233 1163 legit
1244 1137 1250 1155 :
1261 1128 1297 1154 Τὸ
1311 1128 1364 1164 γὰρ
1374 1127 1531 1163 πειθαρχεῖν
1542 1126 1601 1162 Θεῷ
1616 1135 1710 1162 προαι-

921 1173 1036 1209 ρετικὸν,
1059 1174 1154 1210 ὥσπερ
1175 1174 1205 1201 τὸ
1232 1174 1381 1206 πιστεύειν,
1409 1171 1450 1206 οἷς
1473 1173 1543 1200 κατὰ
1565 1173 1710 1207 ἀναλογίαν

917 1220 1022 1248 δέδοται
1038 1221 1068 1248 τὸ
1082 1221 1205 1257 Πνεῦμα,
1220 1223 1274 1253 τοῖς
1293 1220 1346 1247 τῶν
1358 1221 1536 1256 χαρισμάτων
1549 1219 1631 1247 αὑτοῦ
1646 1227 1711 1253 τυγο

919 1267 1040 1302 χάνουσι.
1060 1268 1124 1301 Quae
1139 1269 1171 1294 ad
1187 1267 1298 1294 verbum
1315 1275 1445 1294 conversa
1462 1268 1500 1294 sic
1514 1271 1609 1293 sonattt
1620 1274 1625 1291 :
1638 1264 1710 1291 Nunt

919 1313 1023 1339 obedire
1036 1312 1101 1346 Deo,
1115 1313 1291 1340 uoluntarium
1306 1318 1342 1340 est
1360 1312 1429 1348 [seu,
1443 1313 1553 1339 liberum
1576 1311 1637 1348 cst],
1658 1312 1711 1338 sir-

919 1363 983 1384 utet
1003 1359 1116 1390 credere.
1135 1359 1168 1386 iis
1189 1359 1282 1394 quibus
1298 1360 1378 1394 juxta
1404 1359 1554 1393 analogiam
1575 1360 1654 1386 datus
1671 1362 1710 1385 est

919 1404 1048 1437 Spiritus,
1071 1405 1115 1439 qui
1134 1405 1203 1431 dona
1225 1405 1307 1438 ipsius
1327 1412 1529 1439 consequuntur.
1553 1405 1618 1432 Cum
1647 1411 1710 1432 vero

920 1452 1008 1487 pigeat
1025 1459 1067 1479 me
1082 1452 1108 1479 in
1134 1453 1311 1486 grammatico
1335 1461 1430 1480 vocum
1456 1453 1581 1480 exaruine
1606 1457 1709 1486 tempus

921 1502 1018 1530 terere,
1044 1505 1155 1524 missum
1182 1497 1233 1525 ltoc
1256 1497 1357 1525 faciens
1376 1498 1415 1526 sic
1445 1502 1629 1533 argumentor.
1657 1499 1711 1525 Aut

919 1542 1010 1576 lectio,
1023 1551 1102 1577 quant
1117 1543 1232 1570 Wolﬁus
1248 1544 1370 1576 exhibet,
1391 1544 1520 1571 mendosa
1538 1548 1589 1575 est,
1605 1550 1651 1570 aut
1665 1551 1710 1577 ge-

920 1589 1010 1616 nuina.
1030 1588 1058 1616 Si
1078 1589 1234 1616 mendosam
1251 1589 1311 1623 quis
1331 1596 1391 1616 eam
1417 1595 1476 1616 esse
1501 1593 1623 1622 reponat,
1651 1593 1711 1614 tan-

918 1635 963 1662 diu
983 1642 1047 1670 ergo
1063 1635 1164 1662 incerta
1179 1640 1220 1662 est
1234 1634 1337 1671 Didymi
1354 1636 1403 1663 hoc
1438 1636 1464 1663 in
1492 1635 1551 1663 loco
1573 1636 1709 1662 sententia

917 1688 949 1707 ac
967 1688 1054 1714 mens,
1073 1681 1191 1715 quandiu
1209 1688 1261 1708 non
1276 1686 1394 1714 constat,
1411 1681 1547 1716 quomodo
1563 1682 1710 1708 emendan-

917 1728 966 1754 dus
983 1727 1017 1754 sit
1038 1727 1088 1754 iste
1105 1727 1191 1755 locus.
1208 1727 1255 1754 Sin
1275 1732 1366 1754 autem
1382 1728 1526 1763 genuinam
1549 1735 1609 1755 esse
1634 1728 1710 1754 dixe-

916 1773 963 1805 ris.
979 1781 1010 1801 ea
1028 1773 1159 1801 duntaxat
1176 1774 1280 1809 Didymi
1304 1774 1395 1811 yet-his
1421 1774 1609 1808 interpretatio
1634 1774 1710 1800 adhi-

916 1819 1003 1846 benda
1017 1825 1071 1851 est,
1091 1828 1172 1854 quam
1200 1820 1270 1848 ferre
1295 1825 1417 1855 possunt.
1442 1820 1542 1848 Vocula
1567 1828 1632 1856 ergo
1656 1818 1708 1853 οἷς,

916 1865 943 1893 id
952 1871 993 1893 est
1010 1867 1042 1893 iis
1053 1867 1159 1902 quit-ut,
1175 1866 1314 1895 referenda
1330 1871 1373 1894 est
1389 1867 1421 1894 ad
1438 1867 1583 1894 dictionem
1609 1875 1708 1904 προαι-

917 1911 1032 1946 ρετικόν,
1051 1911 1076 1938 id
1094 1917 1136 1939 est
1156 1911 1285 1945 liberum;
1302 1920 1351 1940 nec
1364 1913 1435 1940 enim
1455 1912 1550 1939 referri
1571 1916 1657 1946 potest
1675 1912 1708 1938 ad

915 1959 1028 1985 verbum
1048 1957 1200 1990 πιστεύειν,
1219 1958 1245 1985 id
1260 1963 1301 1985 est.
1316 1958 1439 1985 credere:
1452 1958 1570 1993 alioquin
1596 1966 1648 1986 non
1676 1959 1708 1985 de

916 2003 969 2031 fide
988 2003 1136 2038 theologica
1152 2012 1204 2038 qua
1223 2004 1359 2032 credimus
1379 2004 1405 2031 in
1431 2005 1525 2037 Deum,
1552 2004 1708 2040 loqueretur

916 2049 1055 2086 Didymus,
1076 2050 1122 2077 sed
1142 2051 1175 2077 de
1191 2050 1243 2077 ﬁde
1265 2058 1346 2085 quam
1374 2050 1506 2078 habemus
1529 2052 1594 2078 viris
1619 2051 1707 2086 gratia

916 2096 1104 2124 sanctiﬁcante
1119 2096 1246 2124 donatis:
1275 2098 1346 2132 quod
1373 2104 1415 2126 est
1443 2098 1602 2125 absurdum.
1625 2097 1659 2124 At
1685 2097 1706 2124 si

918 2151 968 2170 vox
983 2139 1023 2175 οἷς
1037 2142 1177 2170 referenda
1191 2147 1234 2170 est
1252 2143 1285 2170 ad
1304 2151 1396 2171 vocem
1423 2143 1625 2179 προαιρετιχὸν,
1646 2144 1708 2178 quis

882 2197 970 2234 Dnon
993 2189 1073 2221 videt,
1091 2188 1195 2224 Didymi
1217 2189 1299 2216 verba
1329 2197 1344 2216 a
1372 2191 1492 2224 qualibet
1516 2189 1707 2224 Pelagianismi

918 2235 1070 2269 suspicione
1085 2235 1215 2262 immunia
1237 2236 1315 2262 esse?
1328 2235 1389 2263 Loci
1408 2236 1480 2263 enim
1499 2237 1633 2263 sententia
1650 2235 1708 2264 hrec

918 2287 958 2308 est
973 2290 980 2308 :
999 2281 1033 2308 lis
1048 2280 1162 2308 liberum
1180 2288 1240 2308 esse
1261 2281 1315 2308 Deo
1331 2282 1452 2313 obedire,
1470 2287 1498 2309 ct
1520 2283 1644 2315 credere,
1662 2282 1706 2317 qui

917 2325 1035 2360 Spiritus
1050 2326 1138 2353 sancti
1156 2327 1227 2353 dona
1243 2333 1457 2362 consequantur.

953 2373 1187 2406 Supervacaneum
1202 2381 1266 2400 vero
1281 2373 1350 2401 foret
1365 2374 1391 2401 in
1408 2374 1467 2401 aliis
1483 2373 1561 2408 hujus
1576 2374 1647 2401 modi
1665 2374 1708 2401 lo-

916 2419 957 2447 cis
979 2420 1145 2452 explicandis
1166 2420 1316 2454 immorari,
1346 2421 1372 2448 in
1390 2421 1488 2456 quibus
1506 2421 1545 2448 ait
1567 2421 1708 2456 Didymus,

917 2464 1048 2500 Spiritum
1065 2470 1187 2493 sanctum
1205 2466 1257 2493 illis
1273 2466 1401 2499 conferri,
1430 2472 1477 2494 aut
1500 2467 1528 2494 in
1553 2467 1608 2495 illis
1631 2467 1708 2494 habi-

917 2517 973 2538 tare
986 2531 994 2544 ,
1010 2511 1054 2546 qui
1066 2511 1138 2546 digni
1151 2513 1263 2539 aduentu
1281 2512 1338 2546 ejus
1351 2513 1508 2545 exstiterint,
1533 2518 1563 2540 ut
1586 2513 1706 2547 loquitur

916 2558 1041 2586 nt:nt.28
1063 2558 1125 2585 libri
1143 2557 1181 2584 De
1205 2557 1307 2592 Spiritu
1332 2563 1434 2591 sancto,
1457 2559 1532 2593 quire
1557 2567 1585 2585 se
1612 2558 1705 2592 dignos

915 2604 972 2638 ejus
984 2612 1090 2631 munere
1109 2604 1324 2639 praeparat-crint.
1337 2609 1365 2630 ut
1383 2604 1420 2631 ait
1438 2604 1534 2630 ibidem
1561 2611 1634 2629 nunt.
1657 2602 1703 2630 57.

916 2648 965 2676 llis
982 2650 1054 2677 enim
1073 2649 1205 2682 formulis,
1223 2657 1291 2684 quas
1311 2657 1363 2676 non
1387 2657 1449 2676 raro
1473 2649 1553 2676 etiam
1579 2648 1606 2674 in
1630 2648 1705 2675 libris

916 2694 954 2722 De
970 2695 1099 2722 Triuitate
1115 2695 1205 2728 habet,
1222 2696 1392 2730 perspicuum
1403 2698 1444 2722 est
1457 2694 1553 2728 dignos
1576 2701 1623 2720 eos
1650 2693 1702 2721 dici

916 2740 1031 2768 adventu
1045 2740 1162 2775 Spiritus
1171 2741 1269 2774 sancti,
1284 2742 1327 2776 qui
1341 2740 1524 2776 praecedentes
1537 2741 1636 2775 gratias
1648 2747 1703 2767 non

917 2787 1088 2821 respuerint,
1114 2787 1160 2814 sed
1188 2787 1278 2815 divina
1309 2786 1453 2821 adjuvante
1479 2786 1562 2820 gratia
1588 2793 1603 2813 a
1630 2785 1703 2814 vitiis
