1907 3063
75 2868 83 2883 Ι

92 106 144 134 103

681 103 963 133 COMMENTARIUS.
985 119 1020 125 —-
1042 105 1105 133 ΗΒ.
1125 105 1159 133 ll.

1677 106 1729 134 ΝΗ

87 174 180 193 eorum
203 172 356 200 passiones,
374 173 419 191 nec
443 169 552 197 possunt
570 164 628 191 istic
651 169 744 191 contra
767 165 883 191 animam
900 167 922 194 Α
938 165 1037 191 amicos
1054 165 1101 192 Ι)ρί
1115 163 1265 192 εοηειίιιιὶι.
1284 164 1337 192 Nec
1351 165 1423 192 enim
1440 165 1542 198 dubito,
1560 165 1624 200 quin
1640 165 1730 200 ἐμπα-

86 212 169 246 [acile
182 213 326 246 insurgere.
344 210 399 237 Hoc
414 210 497 237 l'ertnc
511 218 590 237 sensu
603 210 682 245 vulgo
696 210 884 245 intelliguntur

88 258 182 286 lrcnmi
196 278 204 290 ,
222 258 338 290 Jttstini,
359 256 507 283 Clementis
524 257 717 288 Alexandrini,
737 256 839 289 Basilii,
858 261 885 283 ct

87 304 205 331 aliorum
219 303 289 335 loca,
303 303 328 328 in
344 303 445 337 quibus
458 301 596 328 Juslorutn
613 301 733 328 ἀπάθεια
749 309 885 328 memora-

89 354 145 377 tur.
164 350 219 385 Ego
237 356 301 376 vero
321 348 390 376 hanc
407 347 618 382 explicationem
638 355 690 374 non
707 347 793 374 solum
819 347 883 382 reji-

88 403 152 423 cerc
169 403 220 421 non
236 395 332 425 audeo.
351 393 397 421 sed
412 394 494 420 etiatn
512 392 629 419 libenter
643 400 700 419 eam
716 392 881 426 amplector,

89 449 122 469 ac
134 441 199 468 illttd
216 445 318 467 tantum
336 439 446 473 adjicio,
458 438 523 465 milti
539 438 648 472 quidem
664 446 758 465 eorum
772 438 882 464 Patrum

92 488 152 515 loca
171 487 267 521 legenti
293 486 377 512 visum
404 493 463 512 esse
476 504 484 518 ,
502 484 576 518 ipsos
596 484 729 511 interdum
755 484 884 516 aput/tene

89 532 203 561 nomine
218 531 285 559 nihil
302 531 374 558 aliud
387 530 531 563 designare
543 529 672 561 voluisse,
688 537 769 564 quam
785 534 883 556 statum

88 580 178 612 illutn,
199 579 296 613 inquo
315 583 361 604 :utt
386 585 434 611 per
455 576 632 611 baptismum,
657 580 703 602 aut
725 582 771 609 per
795 576 883 610 ρατιιὶ-

89 625 204 654 tentiam
223 625 303 651 homo
321 625 353 650 ab
367 623 441 650 ontni
459 623 564 658 peccati
579 623 657 649 sorde
672 622 814 650 mundatus
828 623 860 649 sit
875 632 882 650 :

88 672 160 698 adeo
174 677 203 697 ut
217 670 302 702 πάθος
321 678 374 697 ιιοιι
394 675 448 696 tam
469 670 634 704 passionem.
648 677 728 702 quam
750 675 883 702 precatum

89 725 286 750 nonnunquam
302 721 396 749 sonet;
413 715 526 750 ideoque
539 714 647 750 ἀπαθής
663 715 812 749 aliquando
830 723 883 742 non

88 771 146 793 tam
163 768 186 794 is
199 767 322 798 dicatur,
338 766 382 801 qui
398 766 530 801 passionis
541 785 548 797 ,
563 771 608 792 aut
621 766 785 800 passionum,
802 771 883 798 quam

87 813 133 848 qtti
151 813 250 847 peccati
264 812 380 839 actualis
397 820 489 845 expers
504 810 596 838 fuerit.

129 855 183 882 Sed
199 856 255 890 jam
273 860 378 889 tempus
400 860 451 886 est,
469 861 498 882 ttt
515 857 578 890 quid
597 857 646 882 hac
661 856 692 882 de
709 863 737 882 re
755 854 883 889 Didymus
901 849 921 877 Β

91 905 224 936 senserit,
240 905 420 939 inquiramus.
438 904 507 931 Loca
525 905 617 937 igitur.
636 903 662 930 in
677 904 774 938 quibus
789 904 885 930 huma-

89 957 153 976 natn
178 948 315 975 ἀπάθειαν
339 949 361 975 is
390 954 600 981 commemorat,
629 948 684 975 lure
715 948 883 983 potiSsitnum

90 995 194 1021 inveni.
217 995 323 1021 Primus
345 994 467 1022 occurrit
489 994 535 1021 lib.
554 1002 561 1020 t
586 994 622 1020 De
647 993 722 1020 Trin.
751 1002 812 1028 pag.
834 993 882 1024 71,

91 1041 136 1067 ubi
162 1039 288 1072 afﬁrmat,
307 1041 351 1075 qui
375 1040 476 1067 Christi
502 1045 634 1068 consortes
662 1041 726 1071 sint,
752 1047 799 1067 eos
825 1047 884 1067 esse

90 1086 228 1118 ἀπαθείας
251 1086 320 1122 [sive
338 1085 554 1121 intpatibilitatis]
569 1086 666 1112 (Iltristi
680 1086 761 1120 ipsius
776 1085 884 1120 partiri-

90 1140 145 1164 ρετ.
162 1131 237 1158 Alter
251 1136 338 1158 exstat
358 1131 404 1158 lib.
423 1139 451 1157 ιιι
470 1130 507 1157 De
527 1130 613 1163 Ttt'n.,
632 1131 763 1166 p:tg.567.
785 1131 827 1157 ubi
845 1130 884 1157 sic

91 1177 213 1211 loquitur
232 1178 373 1213 theologus
390 1183 481 1206 noster
501 1188 507 1206 :
529 1177 585 1204 Nos
602 1178 650 1204 sibi
673 1177 819 1211 conformo:
840 1177 882 1210 [tt-

90 1225 161 1251 ciens
181 1223 320 1259 (Christus
335 1225 488 1258 Dominus),
504 1226 530 1251 in
549 1224 696 1258 aput/mium
716 1222 786 1259 [sive
799 1223 883 1258 impa-

90 1267 253 1304 tibilitatem]
278 1269 427 1296 transtulit.
453 1269 561 1296 Tertius
588 1268 684 1302 legitur
707 1268 731 1294 iu
759 1268 827 1294 libro
848 1267 884 1293 De

90 1313 181 1349 Sp.S.
201 1323 277 1347 nntn,
296 1315 325 1341 Η
342 1325 347 1342 ;
374 1315 442 1341 Deus
465 1320 550 1341 autem
569 1314 664 1350 [codex
688 1319 793 1345 noster,
816 1313 884 1340 Dens

90 1361 159 1387 enim
173 1360 183 1396 ]
198 1361 311 1395 largitor
326 1361 452 1387 bonorum
471 1369 540 1394 spem
556 1368 632 1394 quam
649 1360 777 1392 promisit,
796 1360 883 1385 reddet

92 1407 217 1444 [rectius
234 1408 318 1434 codex
338 1413 446 1439 noster,
463 1406 569 1442 reddit]
594 1407 622 1433 in
645 1407 740 1432 virtute
768 1405 884 1440 Spirirus

90 1454 177 1481 sancti
194 1454 246 1485 Itis,
263 1454 307 1488 qtti
324 1454 417 1480 habent
432 1454 507 1480 illum
519 1462 528 1486 ;
539 1453 637 1487 gaudio
650 1451 660 1488 [
672 1453 756 1480 codex
773 1456 882 1479 noster:

91 1505 116 1526 et
132 1499 258 1536 gaudio],
278 1505 301 1527 et
315 1509 377 1533 pace
392 1500 501 1535 complet
522 1508 576 1532 eos,
591 1500 637 1535 qui
654 1499 883 1533 imperturbatum.

95 1553 120 1573 et
143 1548 261 1574 sedatam
285 1547 472 1581 cogitationem
493 1546 674 1581 possidentes,
696 1546 772 1572 la'tatt
791 1546 883 1572 [tabuit

92 1597 202 1624 mentes,
217 1596 241 1618 et
264 1592 295 1618 ab
312 1591 382 1618 omni
402 1590 629 1626 perturbationum
648 1594 798 1625 tempestate
811 1595 885 1617 tran-

67 1676 70 1679 Δ
91 1638 202 1673 quillas.

133 1685 229 1711 Verum
256 1692 343 1718 neque
365 1684 424 1716 his,
451 1691 500 1710 nec
524 1683 584 1710 aliis
601 1682 774 1716 hujttsmodi,
790 1683 812 1710 si
832 1691 885 1717 qua

91 1736 156 1759 sunt
172 1731 198 1757 in
211 1731 349 1765 Didymo,
369 1731 539 1762 ostenditur,
557 1738 618 1758 eum
639 1740 722 1767 pravo
738 1739 817 1759 sensu
835 1730 886 1757 hu-

95 1784 204 1804 manant
218 1777 372 1812 apatheiatn
389 1776 541 1804 admisisse.
556 1777 660 1804 Nostra:
672 1786 735 1805 vero
751 1777 885 1812 :rquitatis

92 1829 146 1855 est,
165 1823 298 1857 apatbeizc
309 1823 469 1850 vocabulum
488 1828 563 1850 recto
577 1831 657 1851 sensu
673 1825 698 1851 in
717 1825 841 1860 Ditlytnn,
859 1828 886 1850 ιιι

93 1871 121 1897 in
139 1869 200 1896 aliis
222 1869 349 1904 Patrivbns
364 1868 493 1901 facimus,
509 1869 695 1904 interpretari,
711 1871 795 1897 donec
813 1874 885 1896 certa

93 1915 269 1951 proli-rantur
282 1920 440 1947 argumenta
453 1921 513 1948 (μην
527 1914 601 1941 illum
611 1922 754 1949 perperam
769 1915 886 1942 sensisse

93 1963 290 1989 demonstrent.
312 1959 379 1987 Nam
392 1960 412 1994 l,
431 1960 460 1987 S.
480 1960 661 1996 llieroaytnus
679 1966 706 1987 et
722 1960 747 1987 in
768 1960 887 1994 Epistula

92 2009 201 2043 quidem
216 2008 250 2034 ad
263 2006 466 2038 Ctesiphontem.
482 2007 548 2033 etin
567 2006 698 2040 Protendo
714 2006 774 2033 libri
792 2006 884 2040 quarti

91 2056 121 2083 in
143 2053 285 2081 Jeremiam
315 2053 407 2086 plures
432 2053 553 2079 nominat
578 2051 727 2086 Pelagiana:
752 2051 884 2086 npalltcitc

93 2101 269 2131 defensores,
289 2099 451 2133 Origcnetn,
471 2098 615 2129 Ruﬁnum,
635 2098 797 2133 Evagrinm,
813 2097 886 2124 Jovi-

94 2148 215 2178 nianum,
233 2146 371 2177 aliosque;
386 2144 529 2180 Didymntn
542 2149 632 2171 tamen
643 2152 774 2178 nusquam
785 2143 836 2170 hac
852 2143 885 2169 de

95 2202 123 2221 re
133 2193 270 2226 oltjurgat.
287 2191 337 2218 utsi
353 2190 443 2217 multis
457 2190 519 2217 aliis
532 2190 557 2216 in
569 2190 644 2219 locis.
662 2190 728 2216 alias
739 2190 773 2217 ob
787 2197 882 2216 causas
902 2207 926 2236 ἰ)

92 2247 153 2266 eum
167 2237 410 2269 accttsundo,i|lius
422 2236 522 2264 nomini
539 2244 590 2262 IIOll
603 2236 764 2270 pepercerit.
775 2236 805 2262 ll.
827 2236 881 2263 Vox

93 2284 223 2320 ἐμπαθὴς
246 2285 315 2318 apud
345 2283 486 2318 Didytnum
515 2290 568 2309 non
608 2283 745 2310 hntnincm
775 2284 886 2309 denotat

92 2329 256 2365 passiouibus
277 2329 430 2360 obnoxium,
454 2327 502 2355 sed
522 2329 689 2363 passionibus
709 2329 883 2356 succumban-

91 2383 153 2404 tem.
171 2376 295 2403 Dictione
311 2376 392 2410 igitur
407 2376 544 2402 contraria
559 2376 670 2410 ἀπαθής
693 2384 743 2402 ιιοιι
759 2383 819 2402 cum
837 2376 885 2403 dc—

92 2430 200 2457 signare
216 2421 349 2457 putandus
366 2426 417 2454 est,
434 2421 478 2455 qui
501 2421 584 2448 nullis
608 2421 782 2455 passionibus
801 2421 885 2448 obno-

92 2469 153 2494 lius
171 2468 216 2498 sit,
233 2471 280 2493 aut
298 2473 436 2499 nunquam
457 2466 489 2491 iis
503 2465 676 2498 succumbat,
693 2466 740 2492 sed
761 2473 823 2492 cunt
839 2466 884 2500 qui

93 2512 265 2546 passinuibus
281 2511 460 2538 succumbere
473 2518 525 2537 non
539 2510 617 2537 solet.
633 2511 709 2543 Quod
725 2516 814 2538 autem
833 2519 883 2538 vox

93 2557 220 2593 ὲμπαθής
237 2557 271 2584 ita
286 2562 408 2584 sumatur
422 2565 435 2582 a
454 2556 577 2591 Didytno,
593 2562 732 2584 ustcnsum
745 2565 758 2584 a
773 2565 815 2584 me
830 2557 880 2584 l‘uit

93 2611 149 2632 not.
172 2605 205 2631 ad
228 2612 289 2638 pag.
314 2603 381 2635 129,
403 2603 482 2638 idque
500 2604 661 2630 continuare
687 2604 748 2631 licet
773 2612 803 2631 ex
826 2605 884 2638 ejus

94 2650 193 2682 tet-bis,
208 2657 267 2684 qua:
284 2649 309 2675 itt
325 2647 548 2675 Euurrationibus
567 2649 601 2674 ad
617 2654 695 2683 caput
711 2656 740 2676 ιιι
757 2649 884 2684 Epistula:

91 2695 187 2723 Jacobi
201 2695 324 2729 legimus.
343 2693 448 2726 Pacem,
464 2693 559 2728 inquit,
576 2703 654 2729 quant
670 2699 714 2722 ttat
731 2696 895 2731 (tnuttdus),‘

93 2743 127 2769 ad
142 2748 280 2774 corporeus
300 2745 373 2766 artus
391 2740 482 2766 invitat
501 2749 631 2768 amatores
652 2743 880 2777 concupiscentia’,

93 2792 116 2814 et
132 2786 270 2823 pauibiles
286 2795 328 2812 cos
350 2787 411 2819 furit
424 2793 433 2817 ς
449 2785 526 2813 Iesus
541 2794 626 2814 autem
650 2797 737 2815 nucem
753 2789 880 2823 pra’bcus,

129 2857 151 2873 "
166 2857 226 2885 Act.
244 2866 280 2891 ιλ,
305 2857 338 2884 56

941 209 997 242 θεῖς
1011 210 1104 238 (ἔνευσε
1121 211 1219 238 dixerit
1235 209 1366 247 Didymus
1380 219 1447 246 quos
1464 211 1629 246 Epiphanius
1643 211 1731 238 Schu-

939 255 1064 287 lastit-us,
1089 263 1136 282 seu
1159 257 1314 290 quicunque
1339 256 1445 283 illarum
1468 256 1549 283 fuerit
1571 255 1730 282 Enarratim

940 309 1000 327 num
1021 301 1169 335 interpres,
1183 306 1261 328 vocat
1281 302 1437 335 passibites;
1454 302 1478 329 id
1501 307 1542 330 cst
1559 303 1731 336 passionibns

939 348 1156 374 succutnbentes.
1184 347 1226 374 lll.
1253 348 1309 375 Vox
1333 348 1430 380 πάθος,
1458 349 1483 375 id
1511 353 1551 376 est
1573 349 1671 384 passio,
1693 349 1728 375 ita

939 393 1024 427 accipi
1042 393 1148 420 videtur
1167 401 1180 419 a
1200 393 1313 429 Didyuto
1331 393 1377 421 lib.
1397 402 1415 420 ιι
1434 393 1470 420 De
1488 394 1578 426 'l‘rin.,
1597 393 1728 429 pug.l29,

939 444 969 466 ut
983 445 1117 473 peccatum
1134 439 1221 466 valeat
1237 448 1243 466 :
1266 447 1315 466 vox
1335 447 1398 467 vero
1411 437 1540 475 ἐμπαθὴς
1556 441 1603 474 ita,
1622 446 1651 468 ut
1666 449 1728 468 eum

941 485 1086 520 signiﬁcet,
1100 485 1145 520 qui
1163 491 1269 520 peccet.
1283 485 1380 512 Mirum
1395 486 1486 520 itaque
1497 494 1622 514 essenon
1637 487 1727 520 debet,

939 531 960 557 si
978 531 1060 557 etiam
1078 530 1172 567 ἀπα.θῆ
1190 539 1251 558 eum
1278 531 1450 565 interpreter,
1472 533 1517 566 qui
1538 540 1585 566 per
1603 533 1648 560 Dei
1667 541 1730 568 gra-

943 576 1007 602 tiam
1029 577 1244 603 sanctiﬁcantem
1264 584 1278 604 a
1303 578 1422 612 peccatis
1444 578 1586 605 mundatus
1605 579 1664 606 fuit.
1684 579 1729 607 ιν.

941 622 1077 650 V-ocabnlo
1102 623 1258 659 ἀφθαρσία,
1279 625 1350 658 quod
1372 624 1441 651 idem
1467 625 1536 652 valet
1553 630 1634 658 atque
1658 625 1731 652 ἀπά-
1775 620 1778 623 ’

939 668 1011 702 (ista,
1027 669 1147 696 virtutem
1161 670 1307 703 aliquando
1321 670 1442 696 denotari
1459 671 1534 698 docet
1557 671 1686 706 Didymus
1702 672 1728 697 in

939 721 1034 743 catena
1058 717 1085 742 in
1111 715 1243 748 Psalmos,
1272 724 1332 750 qua:
1355 722 1446 744 exstat
1468 718 1494 744 in
1517 718 1610 745 codice
1633 717 1728 745 Grteco

939 770 995 789 xvtt
1016 762 1188 790 Bibliotheca:
1205 762 1314 790 Veneta:
1331 764 1359 790 S.
1375 763 1456 790 Marci
1471 773 1478 796 ;
1495 765 1590 799 pagina
1605 765 1676 791 enitn
1691 764 1728 791 2‘2

939 809 1082 843 explicans
1098 809 1155 835 ha'c
1169 801 1262 841 psalmi
1277 809 1338 835 noni
1355 810 1445 842 verba,
1462 809 1557 844 lnﬁxa!
1570 815 1630 836 sunt
1641 815 1728 844 gentes

939 857 963 880 in
977 856 1156 887 corruptione,
1171 863 1248 889 quam
1262 855 1389 888 fecerunt,
1403 856 1442 882 sic
1456 855 1575 890 loquitur
1586 865 1593 882 :
1603 857 1659 882 Καὶ
1675 856 1727 892 μὴν

939 900 1042 935 καὶτῆς
1053 901 1155 936 ἀρετὴς
1166 900 1319 936 ἀφθαρπίας
1328 900 1478 936 λεγομένης
1494 902 1522 928 ὲν
1536 901 1575 936 τῷ
1585 909 1591 915 “
1606 902 1637 928 ἸΙ
1650 903 1729 937 χάρις

940 948 1008 982 μετὰ
1020 947 1073 973 τῶν
1089 947 1257 981 ἀγαπώντων
1269 947 1315 973 τὸν
1325 947 1425 983 Κύριον
1439 947 1517 982 ἡμῶν
1530 949 1559 974 ὲν
1573 948 1728 984 ἀφθαρσίᾳ’

938 995 954 1029 ἡ
966 994 1095 1025 ἐναντίως
1110 994 1209 1029 ἔχουσα
1223 993 1306 1020 κακία.
1317 994 1415 1028 λέγοιτ’
1428 994 1460 1021 ἂν
1474 994 1586 1025 εἰκότως
1596 993 1729 1030 διαφθορὰ

938 1040 985 1066 καὶ
1000 1039 1098 1074 φθορά,
1114 1039 1200 1071 idest,
1215 1039 1294 1074 Atqui
1309 1047 1367 1065 cum
1381 1044 1404 1065 rt
1420 1040 1503 1066 virtus
1520 1039 1625 1066 (litatur
1639 1041 1727 1066 incor-

939 1085 1028 1119 ruptio
1051 1086 1076 1111 in
1098 1085 1144 1111 illo
1168 1091 1238 1112 tea‘tu
1255 1085 1364 1120 (Ephcs.
1383 1093 1420 1117 v1,
1438 1085 1483 1120 24)
1501 1095 1507 1112 :
1527 1095 1536 1111 ‹
1561 1086 1654 1113 Gratia
1669 1094 1727 1112 tum

938 1130 970 1157 iis
983 1131 1029 1165 qui
1041 1130 1154 1165 diligunt
1169 1130 1307 1156 Dominum
1321 1136 1438 1156 "vitrum
1451 1132 1477 1157 in
1489 1132 1702 1166 inrorruptione;
1717 1142 1725 1154 ι

939 1177 1031 1203 merito
1057 1177 1192 1203 contraria
1209 1177 1300 1203 virtuti
1321 1177 1438 1211 nequitia
1462 1178 1562 1203 dicitur
1578 1178 1728 1212 corruptio.

941 1222 970 1250 ν.
998 1223 1148 1250 llutnanatn
1175 1223 1330 1258 apathciaut
1358 1225 1454 1250 stricto
1481 1231 1561 1251 sensu
1588 1231 1726 1258 acceptant

939 1269 1066 1303 reiectam
1084 1269 1168 1297 fuisse
1179 1277 1193 1296 a
1208 1269 1321 1305 Didyme
1333 1269 1429 1304 colligo
1444 1277 1475 1296 ex
1493 1269 1539 1296 lib.
1557 1278 1586 1297 ιιι
1602 1269 1638 1296 De
1653 1269 1729 1298 Trin.

939 1323 999 1351 pag.
1014 1315 1082 1349 5H5;
1100 1316 1133 1343 ab
1152 1316 1240 1342 anima
1257 1315 1329 1342 enim
1351 1315 1467 1352 [XLVII]
1484 1323 1542 1350 qua:
1559 1323 1658 1350 corpus
1676 1316 1728 1343 sibi

940 1361 1092 1395 subjectum
1111 1365 1213 1393 teneat,
1230 1366 1256 1388 et
1276 1361 1322 1388 Dei
1341 1361 1550 1396 cogitationibus
1573 1361 1727 1396 impleatur.

941 1408 1014 1435 reddi
1032 1415 1131 1442 corpus
1149 1408 1238 1441 ipsum
1254 1407 1360 1439 ἀπαθές
1373 1415 1425 1434 ιιοιι
1443 1408 1489 1438 ait,
1513 1410 1559 1435 sed
1576 1408 1660 1443 ipsum
1676 1408 1727 1434 niti

940 1455 1053 1482 reddere
1067 1455 1130 1481 illud
1145 1454 1223 1481 veluti
1240 1453 1356 1485 ἀπαθές.
1373 1453 1416 1480 Vl.
1431 1453 1459 1480 Si
1474 1454 1578 1488 singula
1594 1462 1625 1480 ex
1641 1454 1730 1482 allatis

939 1507 1019 1528 antea
1037 1501 1142 1536 Didymi
1162 1501 1227 1527 locis
1243 1501 1438 1534 expendamus,
1455 1501 1598 1527 manifesto
1615 1508 1730 1535 appare-

899 1533 920 1562 c
939 1547 986 1579 bit,
1005 1555 1140 1574 sntntnntn
1159 1547 1231 1573 illum
1251 1547 1379 1573 virtttltttn
1409 1551 1434 1572 et
1455 1546 1586 1580 apatlteitc
1612 1547 1728 1581 apicem.

937 1599 1016 1626 quem
1038 1599 1069 1619 ex
1094 1588 1266 1627 Hieronymo
1285 1591 1489 1625 descripsimus,
1518 1593 1673 1626 neutiquam
1696 1593 1730 1619 ιλιι

938 1638 999 1672 ipso
1020 1638 1148 1671 indicari;
1164 1638 1302 1672 multoque
1324 1638 1413 1665 minus
1428 1645 1508 1672 posse
1522 1638 1670 1671 hominem,
1686 1639 1731 1665 Di-

937 1684 1010 1720 dymi
1028 1684 1177 1716 sententia,
1195 1686 1227 1710 ad
1244 1691 1303 1711 eum
1330 1689 1428 1711 statum
1446 1684 1505 1711 sine
1529 1685 1617 1711 divina
1644 1689 1728 1719 gratia

937 1731 1081 1766 pervenire
1103 1738 1110 1757 :
1136 1730 1236 1765 ubique
1259 1730 1330 1757 enim
1354 1731 1386 1757 de
1404 1730 1436 1757 iis
1454 1731 1580 1758 omnibus
1599 1731 1728 1766 loquitur,

938 1778 983 1813 qui
1001 1778 1087 1811 gratia
1103 1777 1292 1804 sanctiﬁcante
1307 1777 1397 1803 donati
1414 1777 1478 1804 sint.

973 1823 1094 1857 Denique
1111 1830 1218 1849 omnem
1243 1823 1398 1856 scrupulum
1418 1823 1486 1849 tollit
1504 1822 1562 1856 ipse
1586 1822 1728 1859 Didymus,

938 1869 1000 1896 dum
1018 1868 1189 1904 Pelagianam
1206 1868 1360 1902 apatbeiam
1375 1873 1468 1903 aperte
1488 1869 1574 1902 rejicil
1591 1879 1598 1896 :
1616 1877 1678 1896 nam
1703 1875 1731 1897 et

938 1915 964 1941 in
999 1914 1080 1946 loco,
1115 1921 1194 1948 quem
1235 1914 1309 1940 attuli
1343 1921 1404 1948 pag.
1440 1913 1511 1944 255.
1546 1914 1643 1946 docet,
1678 1915 1729 1941 im-

937 1958 1058 1991 possibile
1079 1967 1132 1986 esse
1154 1959 1254 1985 [mmini
1275 1959 1355 1984 vitam
1378 1958 1413 1984 ad
1427 1958 1568 1992 perfectam
1584 1959 1648 1993 legis
1666 1968 1730 1986 nor-

939 2011 1009 2031 mam
1022 2005 1145 2038 errigere;
1161 2009 1188 2031 et
1202 2002 1290 2030 al'linia
1307 2003 1402 2031 scribit
1417 2003 1463 2030 lib.
1481 2011 1497 2030 tt
1512 2003 1551 2030 De
1567 2003 1653 2036 Trin.,
1668 2013 1727 2040 pag.

940 2049 990 2077 168
1006 2055 1033 2077 ct
1049 2050 1110 2076 19'2.

974 2097 1007 2123 At
1023 2097 1165 2131 Didymus,
1183 2096 1285 2131 inquiet
1301 2097 1372 2131 quis,
1388 2096 1455 2122 libro
1472 2103 1490 2122 ll
1507 2095 1544 2122 De
1563 2095 1651 2127 Trin.,
1666 2103 1728 2130 pag.

937 2142 1000 2174 255,
1016 2150 1062 2170 eos
1075 2143 1119 2177 qui
1135 2143 1319 2177 baptizantur,
1336 2142 1374 2168 ait
1390 2142 1448 2168 lieri
1464 2142 1686 2177 ἀναμαρτήτους,
1698 2142 1728 2169 id

939 2194 991 2220 cst,
1012 2189 1201 2223 impercabiles.
1230 2189 1283 2216 Sed
1305 2189 1366 2223 quis
1383 2197 1435 2215 tton
1453 2190 1544 2220 videt,
1563 2196 1657 2215 vocent
1682 2189 1729 2215 ἁν-

939 2237 1098 2272 αμὰρτητος
1119 2245 1170 2263 ιιοιι
1184 2237 1252 2263 sumi
1273 2236 1307 2263 ibi
1321 2243 1353 2262 eo
1367 2243 1447 2262 sensu
1459 2255 1465 2266 .
1483 2243 1561 2269 qttcm
1583 2235 1729 2270 reprehen-

937 2283 976 2309 dit
997 2283 1179 2318 llicronytnns
1199 2283 1224 2309 itt
1243 2282 1357 2316 epistola
1377 2282 1409 2308 ad
1436 2281 1652 2316 Ctesiphontem.
1680 2289 1730 2308 nec

937 2329 1007 2356 aliud
1029 2330 1128 2356 ibidem
1153 2329 1300 2364 signilicari
1316 2337 1329 2356 a
1344 2328 1468 2363 Didytno,
1490 2335 1569 2362 quam
1589 2327 1678 2354 omnia
1703 2327 1728 2353 in

937 2376 1070 2414 baptismo
1092 2381 1202 2410 peccata
1221 2375 1325 2403 deleri?
1341 2375 1467 2409 Alioquin
1481 2373 1653 2407 Pelagianam
1681 2373 1729 2400 ἀν-

940 2422 1116 2458 αμαρτησίαν
1128 2422 1254 2449 tribuisse
1265 2421 1396 2449 dicendus
1411 2425 1482 2448 esset
1498 2420 1624 2447 omttibus
1642 2419 1730 2452 bapti-

941 2468 1009 2495 zalis
1026 2475 1032 2494 :
1048 2469 1118 2502 quod
1139 2476 1172 2495 ne
1189 2468 1333 2495 verisimile
1350 2467 1457 2501 quidem
1476 2471 1527 2493 est.

975 2514 1040 2548 Qua:
1057 2523 1118 2542 cntn
1143 2515 1181 2542 sic
1197 2522 1226 2542 se
1243 2515 1370 2546 habeant,
1394 2514 1541 2540 immunem
1557 2519 1571 2538 a
1585 2510 1729 2545 Pelagiana

939 2569 1032 2588 errore
1053 2561 1136 2588 fuisse
1153 2561 1295 2597 Ditlymutn
1311 2561 1471 2589 concludere
1486 2560 1540 2594 jam
1554 2559 1659 2588 liceret,
1677 2557 1738 2598 nisi

938 2608 1048 2642 quidam
1068 2609 1157 2635 adhuc
1180 2608 1255 2636 locus
1274 2611 1447 2642 superesset,
1467 2605 1512 2640 qui
1534 2603 1669 2638 negotium
1689 2601 1730 2627 la-

938 2661 1045 2681 cessere
1061 2659 1143 2688 queat
1161 2663 1166 2680 :
1184 2655 1216 2681 dc
1237 2662 1289 2688 quo
1308 2653 1419 2688 proinde
1431 2659 1513 2687 pauca
1528 2650 1638 2676 dicenda
1652 2651 1724 2675 sunt.

939 2699 1031 2726 Exstat
1057 2701 1079 2727 is
1107 2705 1177 2727 lomo
1206 2700 1239 2728 IV
1271 2701 1463 2727 Anectlotorum
1487 2696 1590 2728 Wollii,
1607 2695 1650 2722 ttbi
1673 2701 1722 2721 ex~

937 2745 1047 2780 planans
1071 2745 1198 2781 Didymus
1225 2748 1274 2774 ista
1295 2747 1421 2773 Actorum
1445 2745 1524 2772 verba
1538 2745 1570 2776 δ’,
1590 2744 1652 2771 ΙΙιιτ
1666 2748 1724 2772 erat

936 2791 1013 2826 plena
1035 2793 1153 2826 operibus
1170 2794 1242 2820 bonis
1270 2798 1294 2820 ει
1315 2793 1497 2829 eleemosynis,
1523 2794 1561 2821 sic
1580 2794 1697 2828 loquitur
1718 2802 1726 2820 :
