1907 3063
179 103 233 132 I95

887 99 931 128 DE
955 100 1082 129 DlDYMO

1755 105 1806 134 I96

179 163 310 196 Quoniam
329 162 458 193 nonnulli,
485 161 529 196 qui
555 160 714 195 negligenter
741 161 768 186 in
790 160 877 187 studio
903 168 963 194 per-
979 168 1001 191 Α
1017 165 1126 193 tionem,
1141 165 1300 188 ostensuma
1311 169 1353 188 me
1365 161 1414 187 fuit.
1427 161 1451 187 in
1464 166 1519 188 not.
1535 162 1568 189 ad
1585 169 1645 197 pag.
1661 162 1723 189 257.
1734 163 1803 196 Quis

179 210 252 242 fecttz
267 209 370 235 virtutis
387 213 532 238 versantur,
562 206 620 239 fieri
635 212 709 239 posse
721 210 827 239 negant,
845 210 873 231 ut
887 205 965 232 homo

156 253 362 292 ‘inculpabilem
390 253 470 280 vitam
493 257 571 286 agat;
595 252 716 285 prmenti
740 252 796 277 loco
820 251 965 285 Scriptum

178 299 311 334 confutari
334 303 454 333 possunt,
477 307 527 333 quo
549 297 647 324 Dorcas
666 297 745 331 plena
763 297 845 331 fuisse
867 298 965 324 dicitur

178 345 250 372 bonis
268 345 389 379 operibus
405 346 536 375 omnibus,
550 348 575 371 et
589 344 702 377 erogatis
722 344 748 369 in
761 351 886 378 pauperes
900 343 966 370 elee-

177 392 304 426 ntosynis.
327 391 378 423 Qui
393 391 460 418 enim
475 391 513 417 ita
529 390 609 416 vitam
625 389 742 422 instruit,
763 397 822 415 eum
835 389 891 415 sine
908 397 966 416 sar-

176 436 252 463 dibus
270 438 350 464 uiuere
362 445 519 471 consequens
534 441 580 463 est.

212 482 247 508 At
271 490 305 509 ne
322 482 379 509 haec
402 483 512 516 quidem
531 489 652 508 censurae
668 481 747 515 digna
763 481 899 507 existimo.
923 480 964 508 Ab

178 529 223 555 illo
239 529 310 555 enim
335 529 475 560 dicuntur,
491 528 537 562 qui
562 533 653 562 aperte
672 528 774 559 deurit,
791 532 819 553 ut
832 527 886 561 jam
904 534 962 553 ιιιυ-

177 576 234 607 nni,
249 584 299 602 non
314 583 390 608 posse
401 575 512 602 hominis
529 576 607 602 vitam
624 577 658 601 ad
672 576 812 609 perfectam
824 574 886 608 legis
901 581 964 600 nor-

134 615 138 617 ’
177 631 247 648 mam
261 623 340 657 exigi.
355 623 527 657 Quapropter
543 629 603 649 cum
621 620 756 648 hominem
773 620 962 654 inculpabilem

178 669 259 695 vitam
282 674 405 704 agentem
432 668 475 694 hic
496 667 636 699 nominat,
663 674 715 694 non
742 675 802 693 eum
826 666 960 702 intelligit,

176 714 283 748 opinor,
305 714 350 748 qui
368 713 394 740 in
414 713 516 740 nullum
535 720 651 747 unquam
676 720 709 740 ne
732 712 835 739 veniale
854 712 962 746 quidem

176 759 217 786 Vel
239 759 404 786 levissimum
422 763 562 794 peccatum
584 758 701 791 labatur,
717 758 763 785 sed
782 759 826 792 qui
843 758 962 793 graviter

176 805 284 840 quidem
309 812 458 838 nunquam,
483 803 625 830 venialiter
651 797 740 830 autem
767 804 851 831 multo
874 804 961 832 rarius

1018 214 1081 233 vero
1101 214 1152 233 non
1178 207 1300 238 miretur,
1321 214 1381 233 eum
1405 207 1516 242 Didymo
1539 215 1658 235 errorem
1679 208 1760 236 tribui
1787 217 1803 236 a

1017 251 1163 286 Basnagio,
1176 259 1255 286 quem
1277 257 1367 286 aperte
1380 253 1499 287 explodit
1515 253 1571 287 ipse
1589 253 1718 289 Didymus
1739 263 1802 282 cum

1017 297 1042 324 in
1059 297 1125 324 libro
1141 299 1201 324 adv.
1226 297 1395 329 Martia/imos,
1412 303 1441 324 ut
1464 299 1554 325 momli
1576 302 1670 334 pagina
1686 299 1741 334 jam
1760 302 1802 327 ci-

1018 347 1082 374 tata,
1104 348 1158 369 tum
1189 343 1275 377 capite
1300 343 1326 374 5,
1345 343 1388 375 19,
1409 343 1594 371 Enarrutionis
1610 345 1637 371 in
1656 345 1804 380 Epistolam

1015 389 1127 422 primam
1152 388 1276 421 Joannis,
1302 389 1346 415 ubi
1372 388 1488 423 explicat
1511 389 1568 416 haec
1587 390 1667 417 verba
1694 399 1701 416 :
1722 387 1805 417 Totus

1016 436 1128 462 mundus
1149 435 1176 461 in
1192 435 1306 470 maligno
1326 435 1426 469 positus
1443 440 1490 462 est.
1515 435 1613 463 Ilormn
1627 437 1698 463 enim
1717 437 1803 464 inter-

1015 482 1193 516 pretatiortem
1203 482 1242 509 sic
1253 482 1391 509 exorditur
1408 492 1414 509 :
1433 491 1441 507 ι
1458 482 1586 514 Mundus,
1605 483 1629 509 id
1643 488 1695 516 est,
1711 483 1805 510 mundi

1016 531 1151 554 amatores
1177 528 1293 562 maligno
1317 528 1388 554 ortui
1412 533 1475 555 sunt
1492 529 1616 563 subjecti.
1636 528 1731 560 Totus,
1754 530 1804 561 ait,

1014 575 1085 606 quod
1108 580 1201 600 omnes
1224 574 1274 600 sub
1296 580 1407 607 peccato
1422 574 1571 605 nascimur,
1592 575 1718 608 quoniam
1746 575 1806 609 ipse

1013 624 1090 646 ortus
1107 619 1132 645 in
1149 619 1215 645 vitio
1230 619 1376 652 est.»Quid
1393 620 1508 654 amplius
1522 619 1592 654 eligi
1607 620 1640 646 ab
1656 628 1688 647 eo
1704 626 1803 656 potest,

1014 665 1059 699 qui
1073 670 1127 690 tum
1145 664 1200 691 haec
1215 664 1346 695 dictabat,
1362 672 1423 691 cum
1441 669 1580 698 peccatum
1595 665 1726 700 originale
1738 673 1804 694 nec-

1015 710 1077 737 dum
1096 714 1260 744 negavcrant
1277 709 1432 743 Pelagiani?

1054 756 1106 783 Sed
1124 760 1311 791 argumentum
1328 756 1462 790 paulisper
1471 752 1652 790 eipendamns
1663 755 1803 793 Basuagii,

1013 804 1085 838 quod
1109 804 1131 830 is
1154 802 1231 830 affert
1250 803 1276 830 in
1296 803 1367 830 hunc
1386 803 1442 829 fere
1465 803 1582 830 modum.
1602 803 1682 836 Pauli
1707 805 1802 837 verba,

176 851 325 884 delinquat,
341 857 421 883 quam
443 848 534 876 ueteri
551 849 630 884 vulgo
649 849 781 876 homines.
801 849 958 884 Quanquam
975 853 997 882 Β
1012 850 1125 876 Eramus
1145 854 1240 875 natura
1257 848 1307 882 ﬁlii
1329 849 1375 875 ira:
1385 848 1419 881 ⁸⁸,
1443 849 1479 875 ita
1501 849 1598 883 accipit
1623 848 1750 884 Didymus
1774 850 1803 876 in

176 902 255 928 posse
276 894 411 921 hominem
425 893 538 928 justum,
555 901 615 920 cum
636 894 722 929 gratia
736 895 960 927 extraordinaria,

177 941 265 967 vitare
279 940 370 967 omnia
396 944 507 974 peccata
530 940 611 967 etiam
628 940 754 972 venialia,
773 948 806 967 ne
821 941 877 974 ipse
901 941 962 975 qui-

175 986 234 1012 dem
253 986 419 1021 Augustinus
434 990 522 1020 negat.
538 985 589 1018 Qui
603 985 703 1017 dicunt,
714 986 800 1019 inquit
813 985 879 1013 libro
892 993 912 1012 ιι
924 985 961 1012 Dc

173 1035 338 1065 peccatorum
350 1030 448 1057 meritis
461 1036 483 1057 et
498 1031 650 1057 remissione
662 1037 720 1064 cap.
733 1030 761 1063 6,
772 1038 856 1064 segni.
870 1030 895 1063 7,
907 1039 962 1058 esse

173 1085 247 1111 posse
262 1077 288 1102 in
304 1077 353 1103 Itac
371 1077 423 1103 vita
445 1077 574 1103 hominem
590 1077 647 1102 sine
662 1082 767 1109 peccato
778 1095 786 1108 ,
800 1085 850 1103 non
867 1081 903 1104 est
925 1077 962 1104 eis

173 1123 298 1149 continuo
320 1123 427 1149 incauta
454 1122 598 1149 temeritate
621 1122 807 1149 obsistentium.
835 1121 864 1149 Si
891 1123 961 1149 enim

173 1176 249 1201 posse
271 1168 467 1201 negaverimus;
490 1173 514 1194 ct
537 1167 650 1194 hominis
674 1167 754 1194 libero
778 1166 899 1200 arbitrio,
915 1169 960 1202 qui

173 1212 223 1238 hoc
239 1211 346 1237 nolendo
361 1212 471 1245 appetit,
493 1217 516 1237 et
540 1211 586 1238 Dei
604 1211 694 1238 virtuti
706 1212 745 1238 vel
762 1212 959 1246 misericordiw,

174 1256 218 1290 qui
236 1256 284 1282 hoc
297 1255 448 1290 atljuvando
464 1257 550 1292 eﬁicit,
572 1257 765 1292 derogabintus.
780 1277 788 1285 .
803 1277 811 1285 .
827 1278 834 1286 .
847 1279 854 1284 .
872 1277 880 1285 .
900 1258 931 1286 Si
944 1268 960 1285 a

172 1311 213 1329 me
225 1308 370 1337 quazratur,
383 1308 471 1329 utrum
488 1304 565 1329 homo
586 1304 642 1330 sine
655 1309 760 1336 peccato
774 1305 852 1338 possit
863 1312 918 1332 esse
933 1306 959 1332 in

172 1350 221 1375 hac
235 1349 299 1380 vita,
320 1349 461 1383 confitebor
484 1357 558 1380 posse
576 1358 622 1383 per
646 1349 696 1377 Dei
711 1351 837 1384 gratiam,
854 1355 878 1377 et
893 1351 960 1377 libe-

172 1403 231 1421 rum
242 1394 298 1428 ejus
318 1395 465 1422 arbitrium.
486 1394 542 1422 Imo
561 1395 665 1429 aliquos
690 1396 779 1430 reipsa
805 1396 899 1430 fuisse,
918 1397 958 1424 vel

171 1447 232 1466 esse
247 1439 368 1466 homines
382 1439 470 1474 justus
487 1440 546 1467 sine
563 1446 683 1474 peccato.
707 1446 805 1474 pratter
820 1441 958 1468 Christum

170 1484 323 1517 Dominum,
337 1493 369 1512 ac
389 1485 419 1512 Β.
441 1486 594 1520 Virginem,
614 1486 780 1514 confidenter
794 1495 891 1522 negare
905 1496 957 1514 non

170 1533 249 1558 audet
264 1532 290 1558 in
307 1531 374 1558 libro
385 1531 420 1558 De
433 1531 588 1566 perfectione
600 1532 719 1565 iustitite,
734 1540 793 1567 cap.
810 1533 855 1565 21,
869 1541 953 1567 segni.
969 1528 989 1556 C

169 1577 215 1603 Μ.
235 1577 296 1604 Scio
309 1578 390 1608 enim,
403 1577 498 1612 inquit,
520 1578 677 1611 quibusdam
695 1586 749 1605 esse
765 1579 848 1605 visum
865 1587 874 1605 :
889 1587 954 1613 quo-

170 1630 228 1648 rum
243 1623 274 1648 de
291 1622 339 1648 hac
358 1631 387 1649 re
408 1624 568 1650 sententiam
585 1631 635 1650 non
654 1625 737 1651 audeo
754 1624 935 1658 reprehendere
947 1645 954 1657 ,

170 1675 318 1701 quanquam
333 1675 378 1694 nec
394 1668 533 1702 defendere
549 1669 663 1696 valeam.

410 1713 474 1739 (Lar.
495 1712 560 1741 VIII.
579 1713 615 1740 De
629 1716 710 1742 εωΙιδ.

204 1758 292 1786 Οωιοε
304 1759 393 1785 anima
413 1759 644 1793 intelligentiaqne
667 1761 792 1795 praeditos
804 1769 874 1793 esse,
887 1762 954 1789 adeo

169 1809 261 1839 aperte
276 1809 356 1839 negat
380 1804 508 1840 Didymus
530 1805 576 1832 lib.
594 1813 602 1832 ι
619 1805 656 1832 De
667 1793 757 1840 VTrin.,
777 1815 836 1840 pag.
853 1807 898 1840 97,
927 1793 981 1836 et\

169 1851 214 1878 lib.
241 1858 270 1882 ιι,
290 1858 350 1886 pag.
372 1851 434 1882 192,
459 1851 561 1885 utjure
581 1852 664 1879 statui
682 1860 760 1886 posse
783 1853 953 1887 existimem,

167 1897 254 1931 ipsum
278 1895 450 1931 Origenianis
469 1898 519 1924 hac
543 1898 568 1924 in
586 1906 615 1925 re
633 1906 802 1933 nequaquam
817 1899 952 1935 suffraga-

168 1947 223 1969 tum
244 1950 317 1970 esse.
335 1942 403 1975 Quid
421 1951 486 1977 ergo
515 1944 566 1971 sibi
593 1944 659 1977 vult,
686 1945 802 1979 inquies,
828 1953 889 1972 cum
916 1946 954 1972 ait

167 1987 212 2014 lib.
227 1995 258 2020 ιι,
275 1996 335 2022 pag.
355 1988 416 2020 IIL,
429 1988 512 2016 caelos
530 1997 544 2016 a
564 1988 664 2023 Spiritu
681 1996 777 2017 sancto
798 1993 953 2018 corrobora-

166 2039 205 2060 tos
230 2041 300 2066 esse,
328 2039 409 2068 atque
440 2035 639 2068 sanctiﬁcatos?
657 2035 776 2070 Respicit
801 2037 848 2069 ibi,
872 2043 953 2071 atque

165 2081 233 2108 adeo
248 2080 364 2114 explicat.
382 2080 480 2107 Psaltis
498 2081 561 2108 illud
579 2089 587 2108 :
609 2080 691 2108 Verbo
705 2082 810 2109 Domini
828 2082 885 2109 caeli
906 2083 952 2116 fir-

165 2128 228 2153 mati
241 2132 300 2153 sunt
313 2126 349 2158 ⁸⁸,
360 2131 414 2153 etc.
433 2126 499 2153 Eum
512 2133 578 2152 vero
592 2125 679 2152 locum
697 2126 781 2161 accipi
796 2134 874 2161 posse
890 2135 951 2154 cum

164 2173 197 2200 de
209 2172 339 2200 malorum
353 2172 519 2204 substantia,
533 2176 589 2198 tum
604 2172 637 2199 de
651 2172 753 2206 angelis
765 2172 894 2199 caelorum
910 2173 950 2200 in-

164 2219 242 2250 colis,
260 2219 337 2245 docet
359 2218 473 2252 ipsemet
495 2217 542 2244 lib.
562 2225 591 2250 ll,
613 2225 673 2252 pag.
693 2218 753 2246 I74.
772 2217 865 2253 Itaque
886 2227 947 2246 eum

163 2265 247 2292 cmlos
260 2264 367 2299 quidem
383 2268 461 2290 vocat
475 2271 515 2290 res
531 2263 700 2296 inanimatas,
717 2269 744 2290 ct
763 2270 898 2291 creaturas
909 2265 948 2291 ir-

165 2310 320 2341 rationales,
335 2310 367 2336 de
388 2311 517 2336 caelorum
541 2309 692 2336 substantia
721 2309 857 2345 loquitur;
884 2318 944 2337 cum

165 2362 228 2381 vero
248 2361 294 2381 eos
314 2362 328 2380 a
349 2353 450 2388 Spiritu
474 2353 659 2381 sanctilicatos
673 2354 749 2386 dicit,
769 2354 881 2381 alteram
904 2362 947 2381 se-

164 2401 257 2436 quitur
272 2399 530 2434 interpretationem.
547 2399 629 2435 Lege,
645 2407 746 2434 quaeso,
761 2408 821 2435 qum
848 2401 944 2436 scripsi

162 2451 217 2475 not.
236 2446 268 2473 ad
283 2454 343 2481 pag.
359 2445 392 2473 87
409 2450 436 2473 et
462 2445 522 2472 III.

250 2491 379 2529 [XLVIII]
396 2491 461 2518 CAP.
479 2491 524 2518 IX.
546 2491 584 2518 De
600 2496 704 2524 peccato
723 2492 855 2526 originali.

196 2539 269 2565 Inter
280 2542 392 2565 cmleros
404 2544 523 2569 errores,
537 2544 605 2571 quos
620 2536 762 2572 Didymum
778 2537 805 2564 in
827 2537 947 2564 Enarra-

160 2584 283 2615 tionibus,
308 2588 390 2616 atque
414 2583 442 2609 in
466 2582 535 2609 libro
552 2582 612 2609 adv.
638 2582 799 2609 Manio/neos
822 2582 946 2611 docuisse

160 2629 314 2663 suspicatur
330 2626 448 2655 Iacobus
473 2627 619 2662 Basnagius
632 2648 638 2660 ,
658 2629 728 2655 hunc
745 2628 826 2655 etiam
851 2637 946 2656 recen-

160 2680 210 2708 set,
227 2675 298 2708 quod
319 2679 452 2709 peccaturis
468 2675 595 2709 originale
611 2681 717 2708 negasse
736 2675 865 2702 uideatur.
890 2675 942 2703 Sed

160 2719 286 2754 injustam
315 2720 395 2755 plane
413 2727 446 2747 ac
469 2719 563 2747 falsam
585 2726 645 2746 esse
666 2719 816 2754 huiusmodi
832 2729 942 2750 accusa-

195 2817 218 2832 "
239 2817 308 2845 Psal.
323 2826 408 2851 xuii,
427 2819 453 2845 6.
491 2819 512 2834 ⁸¹
533 2818 631 2853 Eplics.
649 2827 679 2853 it,
694 2821 719 2847 5.

1015 895 1084 921 libro
1100 895 1158 921 adv.
1177 893 1351 925 Illanicltwos,
1371 898 1400 920 ut
1421 901 1512 920 vocem
1537 899 1631 920 natura
1649 895 1805 929 signiﬁcare

1014 940 1086 967 dicat
1104 947 1170 966 vere.
1186 949 1195 965 ι
1211 939 1245 965 At
1263 938 1353 973 φύσει,
1369 939 1466 972 inquit,
1487 946 1653 973 nequaquam
1667 939 1805 974 significat.

1014 993 1080 1012 rere.
1098 990 1125 1012 et
1137 984 1281 1018 Apostolus
1299 984 1391 1016 voluit,
1407 991 1454 1011 nos
1467 984 1511 1011 Dei
1527 985 1671 1012 vindictam
1693 987 1726 1012 ob
1740 993 1804 1020 pee-

1013 1034 1104 1057 catum
1130 1029 1261 1064 originale
1286 1030 1400 1062 mereri;
1418 1032 1489 1064 quod
1509 1035 1597 1057 tamen
1618 1031 1652 1057 ibi
1672 1031 1802 1066 Didymus

1013 1084 1065 1103 non
1083 1081 1290 1108 commemorat,
1306 1076 1418 1110 ide0que
1442 1081 1582 1110 peccaturo
1602 1077 1734 1111 originale
1753 1085 1802 1104 ne-

1012 1130 1090 1158 gasse
1105 1123 1220 1150 videtur.
1244 1132 1253 1148 ι

1047 1167 1100 1194 Sed
1127 1167 1305 1202 Hieronymus
1330 1174 1437 1202 quoque
1466 1168 1535 1196 libro
1560 1176 1568 1195 I
1596 1168 1741 1196 Comment.
1764 1167 1800 1196 In

1012 1213 1159 1248 Epistolom
1177 1216 1210 1240 ad
1232 1214 1357 1248 Ephesios
1378 1223 1437 1250 cap.
1458 1223 1488 1248 ιι,
1502 1223 1533 1242 ea
1559 1215 1633 1242 I’auli
1658 1216 1738 1243 verba
1759 1218 1801 1244 sic

1011 1260 1133 1294 exponit,
1147 1266 1176 1287 ut
1190 1268 1277 1295 neque
1294 1262 1397 1296 peccati
1417 1262 1555 1295 originalis
1572 1261 1734 1289 ineiitionem
1757 1262 1797 1289 fa-

1015 1306 1079 1337 ciat,
1097 1312 1125 1332 et
1138 1307 1297 1334 vocabulum
1317 1306 1397 1341 φύσει
1418 1307 1571 1342 ambiguum
1593 1316 1653 1335 esse
1671 1308 1799 1341 afﬁrmet,

1012 1356 1040 1379 ut
1053 1352 1122 1378 verti
1142 1352 1223 1379 etiam
1240 1353 1323 1387 possit
1337 1361 1454 1387 prorsus,
1469 1354 1525 1380 sive
1539 1355 1655 1381 omnino.
1672 1354 1798 1389 Nunquid

1010 1405 1075 1433 ergo
1094 1397 1287 1433 Hieronymum
1306 1406 1414 1433 quoque
1431 1400 1502 1426 inter
1518 1408 1568 1427 eos
1582 1401 1794 1432 numerabimus,

1010 1444 1057 1478 qui
1075 1449 1128 1470 tam
1151 1445 1266 1479 turpiter
1283 1449 1428 1478 errarunt,
1456 1451 1485 1472 ut
1502 1451 1640 1480 peccatum
1665 1446 1796 1481 originale

1012 1498 1063 1517 non
1080 1489 1258 1524 agnoverint?

1112 1535 1177 1562 CAP.
1196 1535 1229 1562 Χ.
1252 1536 1288 1562 De
1302 1544 1450 1563 animarum
1463 1537 1686 1572 prwexsistenlta.

1041 1581 1203 1616 Origeniano
1229 1583 1261 1610 de
1280 1584 1430 1610 ultimarum
1459 1584 1671 1618 prseexsistcntia
1699 1591 1794 1612 errore

1007 1627 1134 1654 inlectum
1151 1629 1235 1656 fuisse
1252 1629 1405 1664 Didymum,
1422 1630 1489 1657 adeo
1508 1630 1580 1657 clare
1597 1635 1710 1657 testatur
1726 1630 1794 1658 mul—

1008 1672 1042 1699 tis
1060 1672 1085 1698 in
1108 1672 1173 1700 locis
1193 1673 1393 1709 Hieronymus,
1413 1680 1442 1701 ut
1464 1675 1587 1702 dubitare
1608 1676 1717 1703 omnino
1740 1683 1792 1703 non

1006 1717 1094 1748 liceat,
1116 1719 1180 1753 quin
1205 1719 1261 1753 ipse
1284 1728 1298 1746 a
1315 1726 1409 1748 sancto
1431 1720 1552 1753 doctore,
1573 1726 1601 1748 ut
1619 1729 1706 1756 pravze
1722 1721 1794 1748 illius

1006 1764 1134 1791 doctrinae
1167 1769 1296 1799 patronus
1333 1766 1441 1794 habitus
1477 1766 1568 1794 fuerit.
1601 1767 1634 1795 Ut
1661 1768 1732 1794 enim
1760 1776 1792 1795 ea

1005 1816 1162 1844 praztcream
1181 1819 1240 1846 quae
1257 1812 1289 1839 de
1312 1813 1425 1848 Didymo
1445 1814 1553 1847 scripsit
1571 1813 1614 1840 ille
1628 1814 1672 1840 lib.
1693 1821 1700 1840 I
1728 1814 1788 1840 adv.

1006 1855 1142 1891 Ruﬁnum,
1155 1865 1239 1892 segm.
1255 1858 1282 1890 6,
1298 1864 1324 1886 et
1340 1859 1386 1886 lib.
1405 1867 1436 1892 ιι,
1459 1867 1544 1893 segni.
1561 1860 1605 1892 I6,
1629 1867 1659 1887 ac
1679 1860 1725 1887 lib.
1748 1867 1791 1892 ιιι,

1004 1909 1088 1937 segni.
1104 1903 1154 1935 I2,
1165 1905 1228 1938 quid
1245 1905 1364 1939 apertius
1382 1905 1423 1932 his
1439 1913 1499 1940 qua:
1513 1906 1626 1940 legimus
1653 1914 1738 1940 segni.
1755 1907 1791 1934 28

1004 1947 1064 1975 libri
1085 1950 1176 1976 tertii?
1191 1949 1316 1977 Rutilium
1334 1951 1369 1978 ibi
1383 1951 1423 1979 sic
1437 1951 1580 1986 all0quitur
1596 1960 1603 1978 :
1623 1952 1692 1978 llinc
1707 1958 1743 1979 est
1766 1958 1790 1979 et

1004 1993 1050 2021 illa
1065 2000 1111 2022 tua
1127 2004 1225 2023 arcana
1239 1997 1408 2032 interrogatio
1419 2018 1426 2031 ,
1442 2006 1523 2033 quare
1537 1999 1687 2025 moriantur
1701 1999 1791 2033 infan-

1004 2046 1050 2074 tes,
1066 2049 1124 2068 cuni
1140 2048 1248 2076 propter
1264 2049 1379 2077 peccata,
1393 2052 1505 2078 corpora
1518 2046 1672 2079 acceperint.
1693 2044 1791 2072 Exstat

1003 2086 1068 2112 liber
1082 2085 1188 2121 Didymi
1202 2088 1236 2114 ad
1250 2093 1285 2119 te,
1298 2097 1347 2123 quo
1362 2089 1508 2116 sciscitanti
1522 2089 1567 2115 tibi
1583 2090 1725 2123 respondit,
1737 2098 1790 2116 non

1003 2140 1045 2159 eos
1058 2132 1141 2160 multa
1153 2141 1281 2166 peccasse,
1296 2139 1319 2160 et
1332 2134 1389 2161 ideo
1400 2143 1538 2169 corporum
1554 2144 1669 2163 carceres
1687 2141 1789 2164 tantum

1002 2179 1039 2205 eis
1059 2180 1172 2214 tetigisse
1188 2180 1322 2214 sufﬁcere.
1340 2181 1509 2216 Quapropter
1520 2181 1663 2217 Didymum
1682 2183 1715 2209 ab
1732 2182 1788 2210 Ori-

1002 2226 1114 2260 gcnismi
1144 2225 1203 2253 labe
1223 2226 1367 2254 defendere
1388 2235 1467 2254 nemo
1485 2233 1583 2263 potest,
1605 2229 1669 2262 quin
1692 2229 1788 2262 probet

1002 2276 1048 2297 aut
1061 2271 1165 2306 Didymi
1187 2273 1298 2306 scripta,
1311 2274 1345 2301 ob
1361 2281 1420 2308 qua:
1438 2274 1523 2309 ipsum
1541 2274 1720 2310 Hieronymus
1741 2282 1787 2302 ac-

1003 2322 1089 2349 cusat,
1102 2317 1135 2344 ab
1150 2317 1309 2353 Origenistis
1321 2326 1457 2354 corrupta,
1470 2320 1510 2346 vel
1525 2320 1586 2346 ticta
1599 2320 1693 2352 fuisse,
1706 2320 1785 2354 idque

1003 2361 1195 2398 Hieronymum
1212 2364 1351 2399 ignorasse
1369 2373 1378 2393 :
1396 2369 1442 2392 aut
1459 2366 1484 2393 id
1508 2365 1670 2401 llieronymo
1687 2373 1785 2401 propo-

1000 2407 1081 2434 situm
1093 2408 1189 2440 fuisse,
1204 2413 1233 2436 ut
1245 2409 1384 2445 Didymum
1396 2411 1608 2439 calumniaretur
1622 2420 1628 2438 :
1644 2416 1690 2439 aut
1708 2412 1785 2439 deni-

999 2460 1051 2487 que
1066 2454 1138 2481 illum
1153 2455 1257 2491 Didymi
1276 2462 1391 2484 mentem
1406 2459 1490 2492 probe
1504 2466 1558 2486 non
1573 2464 1739 2491 assecutum,
1753 2466 1783 2486 ea

999 2498 1162 2534 Origeniano
1179 2508 1260 2529 sensu
1284 2502 1355 2530 dicta
1371 2503 1554 2537 existimasse,
1574 2512 1634 2540 qua:
1651 2505 1784 2532 catholico

997 2543 1148 2572 dictaverat
1165 2545 1302 2581 Didymus.
1319 2547 1438 2582 Quorum
1460 2550 1574 2583 primum
1592 2558 1625 2578 ne
1636 2550 1783 2579 verisimile

996 2588 1103 2622 quidem
1133 2591 1239 2618 videtur
1263 2600 1270 2619 :
1298 2593 1411 2621 alterum
1439 2595 1491 2622 diei
1522 2603 1574 2623 non
1597 2601 1686 2631 potest
1717 2596 1780 2631 quin

996 2634 1113 2661 maxima
1134 2637 1252 2664 maximo
1266 2638 1368 2667 doctori
1381 2659 1389 2672 ,
1401 2641 1626 2676 sanctissimeque
1638 2642 1695 2669 viro
1708 2642 1780 2677 inju-

995 2679 1034 2706 ria
1063 2685 1164 2710 temere
1187 2682 1333 2712 inferatur:
1353 2687 1462 2714 tertium
1493 2695 1557 2716 vero
1576 2687 1647 2716 nulla
1669 2688 1780 2716 omnino

996 2725 1101 2754 ratione
1115 2728 1275 2756 confirmare
1296 2730 1350 2764 jam
1373 2731 1445 2765 licet,
1462 2734 1532 2767 quod
1547 2738 1574 2761 et
1589 2734 1716 2770 pleraque
1736 2735 1782 2762 Di-
