1907 3063
77 117 127 145 19⁸1

667 109 951 140 COMMENTARIUS.
970 124 1001 129 -—
1024 109 1088 137 LIB.
1109 109 1141 136 ll.

1629 133 1633 138 ς
1657 106 1710 135 198

76 174 151 212 dymi
177 172 276 207 scripta
307 170 476 202 interierint,
498 175 525 197 et
547 169 618 198 circa
643 169 744 203 quinta:
768 167 862 203 synodi
876 169 900 198 Δ
915 167 1076 194 habitatores
1093 173 1171 194 teme
1184 175 1193 193 :
1206 166 1341 201 rapientes
1359 165 1453 199 utique
1476 171 1507 192 ea
1523 171 1584 199 quae
1601 169 1709 192 terrena

77 226 208 254 tempora,
224 225 256 244 ac
271 221 330 251 post
349 224 408 243 eam
424 215 555 250 synodum
574 213 764 249 quamplurimi
776 232 784 245 ,
804 213 865 247 qui-

77 267 127 294 bus
145 266 261 292 l'ortasse
278 271 308 289 ea
328 262 417 297 legere
435 263 525 289 datum
549 266 618 293 erat,
635 260 769 291 eamdem,
786 266 866 293 quam

79 312 269 344 I'licmuymus,
293 308 408 342 Didymo
429 311 519 334 notam
541 304 699 333 inusserint.
722 304 787 337 Quae
805 311 867 330 cum

79 357 114 383 ita
127 356 192 386 sint.
208 355 233 382 in
251 354 361 381 dubiutn
378 352 497 379 revocari
514 359 567 378 non
587 355 685 385 potest.
699 350 762 384 quin
778 349 868 382 aliqua

79 404 174 431 saltem
189 409 222 429 ex
238 400 342 436 Didymi
357 399 484 433 scriptis,
502 405 561 432 quze
580 397 788 428 interciderunt,
808 395 869 423 Ori-

80 449 196 485 geniana
212 449 271 475 labe
286 447 421 481 inquinata
436 445 538 473 fuerint
551 453 558 472 :
579 452 610 471 ac
623 443 687 472 illud
705 448 807 470 tantum
822 449 870 468 no-

79 495 121 522 bis
140 494 273 528 integrum
297 497 340 520 est
361 498 501 526 quaerere,
524 495 614 517 utrum
638 487 792 523 huiusmodi
815 487 870 515 sint

79 541 160 569 etiam
177 548 237 574 qum
255 542 409 573 SIlpOl‘Slllll.

116 587 218 622 Itaque,
233 591 263 612 ut
278 586 303 612 iu
319 583 532 620 prazexsistenlia
553 581 705 609 animarum
728 579 869 610 sistamus,

80 633 182 661 nullum
199 631 257 665 ejus
274 631 416 666 vestigium
442 637 530 664 neque
552 629 578 655 iu
599 627 667 654 libro
694 627 752 654 adv.
778 625 870 652 Mani-

81 679 177 710 cltrras,
204 685 290 712 neque
315 677 341 703 in
362 676 430 703 libro
455 675 493 702 De
518 675 620 708 Spiritu
642 678 744 704 sancto,
770 679 818 699 nec
843 671 870 698 in

82 723 253 761 fragmentis,
276 729 335 757 qurs
362 721 475 756 Didvmo
505 721 531 747 in
559 719 668 747 Catenis
705 718 870 749 tribuuntur.

82 771 226 796 observare
246 776 288 795 me
315 767 435 795 memini.
449 766 484 793 ‘ln
510 766 586 793 libris
602 773 668 794 vero
688 764 726 792 De
744 763 872 791 Trinitale

84 815 217 842 nonnullze
231 814 339 848 quidem
354 817 501 840 occurrunt
515 813 672 844 locutiones,
686 819 745 846 quas
760 810 792 836 ad
813 809 874 837 Ori-

917 217 991 245 sunt.
1014 217 1040 240 et
1059 213 1160 240 terreni
1192 212 1301 239 indutos
1330 211 1457 246 imagine.
1472 220 1481 236 ι
1512 210 1550 237 Ita
1568 210 1708 245 Didymus.

918 257 968 291 Qui
985 265 1050 284 vero
1066 262 1144 284 notas
1165 257 1190 283 iu
1208 257 1329 290 margine
1353 256 1450 290 adjecit
1469 266 1474 283 ;
1493 255 1576 282 Caute
1589 255 1653 289 lege,
1667 255 1710 281 in-

918 303 987 337 quit.
1004 311 1064 329 nant
1077 302 1186 329 subdole
1195 302 1297 329 videtur
1311 302 1447 328 insinuare
1459 301 1576 327 hatresim
1589 299 1711 335 Oriqem’t

919 349 951 376 de
976 349 1186 384 praezsistentia
1206 349 1355 375 animarum
1379 352 1440 374 ante
1453 355 1576 381 corpora,
1598 351 1621 373 et
1635 354 1712 373 mum

917 396 981 422 dum
994 395 1130 422 visibilem.

954 442 1008 470 Sed
1035 442 1172 477 equidem,
1191 446 1221 467 ut
1236 447 1330 467 ventm
1347 439 1442 472 fatear,
1475 445 1524 466 cur
1537 445 1590 465 non
1608 436 1713 472 possint

918 488 1052 516 catholico
1079 487 1136 514 haec
1152 494 1232 514 sensu
1247 485 1345 519 accipi,
1360 492 1414 512 non
1428 484 1518 511 video.
1544 483 1620 510 Nulla
1636 483 1708 511 enim

918 535 963 561 hic
976 533 1209 568 praeersistentiae,
1226 532 1298 559 nulla
1312 530 1521 566 przecedentium
1539 534 1713 565 peccatorum

920 580 1029 611 mentio,
1055 580 1101 605 sed
1129 583 1307 612 temporaneac
1334 577 1464 603 duntaxat
1504 575 1656 601 animarum
1683 574 1709 600 in

919 625 1077 660 corporibus
1105 623 1279 651 habitationis
1299 631 1307 650 :
1324 629 1375 649 nec
1399 621 1471 648 aliud
1507 625 1631 654 spectare
1648 619 1713 647 mihi

920 672 1025 700 videtur
1045 670 1184 706 Didymus,
1217 669 1267 696 nisi
1297 673 1324 695 ut
1347 671 1465 699 moneat,
1491 674 1543 693 non
1572 673 1632 693 esse
1655 665 1714 692 ani-

921 724 980 744 mas
1008 723 1041 743 ex
1070 721 1175 742 terrena
1199 713 1370 746 substantia;
1403 712 1526 746 alioquin
1554 711 1714 738 dicerentur

923 770 975 790 non
1000 762 1118 793 aduente,
1149 760 1196 787 sed
1211 759 1381 786 habitamus
1394 763 1487 790 terrre;
1506 765 1554 785 eas
1578 764 1642 784 vero
1656 755 1717 782 atti-

925 815 992 840 mas,
1006 815 1066 842 quae
1085 807 1178 833 habent
1198 806 1405 838 compa-sionem
1428 804 1526 835 carnis,
1554 803 1579 830 id
1593 807 1716 836 est,qute

83 856 226 897 genianum
248 860 319 887 hunc
335 866 454 886 errorem
474 858 570 886 rcl‘erri
592 862 706 893 queant,
722 855 871 891 cuiusmodi
888 842 910 872 Β
927 853 1047 881 carnalia
1065 852 1211 882 desideria.
1234 851 1428 885 passionesque
1446 854 1594 886 sectantur.
1617 849 1717 883 indige-

84 911 125 935 est
140 907 183 933 illa
198 914 258 941 qua-
276 913 336 941 pag.
357 905 413 932 948
431 904 547 939 legitur:
566 903 618 930 Pro
637 908 707 930 terra
723 910 814 929 rumu
825 901 873 928 do-

84 958 127 979 nat
142 952 254 984 cazlum;
276 951 321 977 sed
341 949 461 985 singulas
481 948 618 976 catholico
633 955 713 976 sensu
733 946 874 974 commode

85 999 169 1033 accipi
185 1005 263 1032 posse
288 996 405 1027 ostendi,
426 997 451 1023 ni
477 995 564 1028 fallor,
583 995 610 1022 in
636 995 717 1025 notis,
740 998 769 1020 ut
783 993 874 1019 videre

85 1043 146 1070 licet
163 1049 222 1077 pag.
243 1040 277 1067 87
289 1039 395 1071 cth,
412 1037 520 1075 [XLIX]
549 1038 600 1064 5M
625 1041 652 1064 et
674 1036 737 1068 258,
762 1035 874 1069 aliisque

85 1088 148 1116 locis
167 1087 202 1113 ibi
222 1085 355 1113 indicatis.
381 1085 450 1118 Quin
477 1083 519 1110 rel
543 1082 600 1118 ipse
622 1082 785 1117 Augustinus
815 1084 874 1114 post

85 1135 240 1162 damnatum
268 1131 324 1167 jam
350 1131 383 1158 ab
415 1131 531 1158 Ecclesia
562 1129 782 1163 Origeuismum,
813 1133 873 1154 cum

85 1179 198 1214 quadam
237 1185 268 1204 ex
292 1176 415 1210 bujusmo
426 1176 443 1203 li
483 1175 662 1202 locationibus
693 1181 760 1201 usus
781 1177 873 1204 esset,

85 1231 144 1252 eam
166 1223 191 1250 in
213 1221 449 1249 Retractatianibue
471 1221 517 1247 lib.
540 1228 566 1252 ι,
595 1227 655 1254 cap.
680 1219 713 1249 1.
738 1218 788 1246 sibi
818 1218 875 1252 qui-

86 1269 146 1296 dem
167 1276 218 1295 non
242 1267 351 1294 omnino
375 1266 494 1293 arridere
519 1266 636 1297 indicat,
660 1264 705 1291 sed
727 1268 754 1290 ut
779 1262 876 1290 absur-

87 1316 147 1342 dam
169 1321 221 1340 non
238 1313 342 1347 respuit
363 1320 370 1338 :
388 1313 428 1339 sic
447 1312 518 1338 enim
544 1319 602 1337 eam
615 1313 742 1337 retractat
764 1317 772 1336 :
790 1317 799 1334 ι
817 1308 876 1336 Alio

88 1361 146 1390 loco
159 1369 219 1387 cum
231 1368 338 1395 agerem
352 1360 384 1386 de
396 1359 500 1390 animo,
514 1358 568 1385 dixi
585 1367 592 1385 ε
606 1356 732 1384 Securior
743 1356 877 1382 rediturus

88 1408 114 1434 in
127 1407 229 1434 caelum.
249 1406 340 1433 [turus
359 1411 458 1437 autem,
480 1412 560 1438 quant
584 1403 728 1434 rediturus,
745 1401 876 1429 dixissem

88 1454 228 1484 securius,
246 1457 354 1487 propter
370 1458 416 1478 eos
438 1450 483 1485 qui
504 1454 598 1484 putant
617 1449 723 1475 animos
743 1448 878 1475 humanos

89 1507 137 1535 pro
158 1499 262 1526 meritis
275 1501 445 1532 peccaturum
461 1503 569 1523 suorum
587 1495 618 1522 de
632 1494 702 1521 cutio
718 1494 805 1528 lapsos
821 1493 878 1520 sive

90 1544 218 1579 deiectos,
240 1544 265 1570 in
285 1550 398 1576 corpora
415 1541 464 1568 ista
480 1540 595 1567 detrudi.
616 1540 669 1567 Sed
683 1546 738 1575 ego.
750 1543 876 1574 propter-

90 1599 122 1618 ea
147 1599 199 1617 uon
221 1589 338 1616 dubitavi
363 1588 468 1619 dicere,
483 1587 545 1621 quia
572 1586 607 1613 ita
626 1586 701 1618 dixi,
723 1586 751 1612 in
774 1585 879 1618 malum,

93 1641 219 1669 tanquam
240 1634 367 1666 dicerem,
380 1633 413 1659 ad
434 1632 526 1659 Deum.
543 1651 550 1658 .
570 1652 576 1658 .
593 1652 601 1660 .
619 1651 627 1659 .
649 1631 680 1658 Et
696 1632 721 1658 in
744 1631 811 1658 libro
829 1631 880 1659 Ec-

92 1681 224 1709 clesiastzn
236 1681 365 1714 scriptum
375 1684 417 1706 est
431 1687 438 1705 ι
451 1678 568 1712 Spiritus
583 1683 727 1705 revertatur
738 1677 772 1704 ad
785 1677 880 1710 Deum,

91 1727 136 1762 qui
148 1727 218 1752 dedit
231 1725 305 1752 illum
320 1725 353 1751 ".
374 1734 383 1750 ι

128 1772 269 1806 Reliquum
285 1775 326 1797 est
351 1777 416 1805 ergo
434 1774 463 1796 ut
490 1770 667 1803 quaestionem
683 1769 754 1796 hanc
771 1776 881 1796 omnem

93 1818 127 1845 ad
144 1816 333 1843 Enarrationes
362 1815 554 1843 contrahamus
578 1822 586 1841 :
613 1815 638 1841 in
665 1815 707 1842 Itis
721 1815 793 1842 enim
808 1822 881 1846 eum,

93 1865 194 1899 dequo
207 1863 351 1898 loquimur,
368 1870 488 1890 errorem
507 1861 626 1888 nonnulli
641 1869 671 1888 se
687 1861 824 1888 detexisse
838 1869 885 1888 ar-

95 1911 187 1939 bitrati
209 1915 282 1937 sunt.
296 1909 382 1936 Locus
396 1914 498 1941 autem,
510 1917 589 1943 quem
607 1909 818 1943 reprehendunt,
833 1916 884 1936 ex-

94 1963 147 1985 stat
166 1957 242 1983 initio
257 1955 441 1983 Eunt-rationis
457 1956 485 1982 in
502 1947 706 1989 primant‘l’etri
724 1953 881 1988 Epistolam,

95 2003 139 2030 ubi
151 2003 292 2037 explicatis
309 2002 462 2029 litteratiter
485 2001 527 2028 his
540 2001 642 2034 verbis,
659 2001 765 2027 advenis
782 2001 885 2034 disper-

95 2049 177 2076 sionis
194 2046 282 2080 Pa'nti,
296 2048 322 2074 in
339 2049 410 2075 hunc
432 2048 540 2074 modum
558 2047 645 2082 pergit
661 2055 668 2073 :
687 2056 696 2072 ‹
711 2046 739 2073 Si
757 2047 821 2080 quid
835 2054 884 2074 au-

96 2103 149 2124 tem
168 2103 248 2129 supra
262 2099 362 2121 textum
380 2094 423 2121 hic
450 2098 538 2128 potest
568 2093 690 2128 intelligi,
712 2093 885 2119 animadver-

96 2143 206 2168 tendum
223 2147 264 2168 cst
289 2143 341 2168 hoc
355 2141 387 2168 de
403 2141 502 2167 anima:
529 2140 644 2171 rationel
661 2139 737 2174 quasi
753 2141 882 2166 advenam

97 2196 157 2216 eam
169 2188 233 2215 velit
250 2187 370 2222 agnosci.
384 2187 459 2215 Unde
483 2186 564 2213 etiam
579 2186 680 2213 dictum
696 2186 819 2212 videtur:
835 2184 886 2212 Pe-

98 2237 217 2270 regrinus
237 2243 296 2270 ergo
318 2233 483 2270 [legenduim
505 2231 563 2268 ego]
579 2233 606 2258 in
626 2238 707 2265 terra,
723 2237 748 2259 et
776 2233 886 2264 advena,

98 2279 164 2305 sicut
181 2286 268 2304 omnes
298 2283 384 2310 patres
412 2277 465 2303 mei
480 2276 513 2303 ⁸⁵.
544 2277 576 2303 Ει
601 2276 698 2303 iterutn
720 2285 726 2303 :
747 2275 807 2303 Heu
830 2276 888 2303 me!

95 2325 222 2358 quoniam
238 2323 366 2349 incolatu:
382 2331 454 2349 meus
477 2322 647 2358 pralongatus
660 2327 697 2349 est
713 2322 745 2349 “.
770 2323 888 2349 Advenaa

96 2369 230 2403 siquidem
253 2368 319 2394 liunt
345 2367 483 2394 homimtm
511 2367 608 2393 auium:
631 2365 789 2401 corporibus
805 2373 888 2400 copu-

97 2417 169 2447 latur,
187 2415 249 2441 dtttu
279 2415 304 2441 in
332 2414 372 2440 eis
387 2413 571 2447 lemporaliler
588 2420 648 2440 esse
672 2412 886 2445 constituuntur,

98 2461 164 2488 Nam
182 2461 204 2488 si
220 2465 311 2488 essent
335 2468 368 2488 ex
385 2467 416 2487 ea
440 2459 602 2492 substantia,
623 2467 686 2486 vera
708 2466 822 2493 corpora
842 2466 888 2486 es-

96 2513 158 2534 sunt
174 2507 348 2534 ltabitatrices
376 2512 463 2534 terrae.
491 2506 610 2541 Denique
633 2507 732 2534 animae
757 2505 888 2532 habentes

97 2555 314 2588 compassioncm
342 2555 444 2586 carnis,
469 2561 530 2581 esse
551 2553 577 2579 in
610 2551 775 2580 habitatione
788 2558 887 2578 carnea

97 2603 301 2633 nuncupantur,
322 2603 349 2625 et
366 2598 511 2630 vclatione,
527 2606 682 2633 quanquam
699 2597 810 2625 adventa
825 2601 888 2624 sunt

97 2643 126 2671 in
143 2649 242 2671 terram
260 2643 341 2679 [1e30,
371 2645 398 2671 in
412 2644 505 2681 terra],
534 2645 581 2672 sed
598 2644 683 2679 magis
702 2643 890 2671 assitnilantur

97 2690 245 2725 indigenis.
260 2689 336 2718 Unde
349 2696 376 2718 et
394 2696 512 2718 terrores
537 2690 691 2718 inferuntur
706 2689 824 2726 [respicit
837 2689 888 2716 Di-

97 2737 193 2771 dymus
203 2737 357 2764 versiculum
374 2738 406 2764 l5
427 2738 519 2772 capitis
540 2745 586 2764 vm
611 2737 791 2772 Apocalypu's'l
809 2743 890 2771 super

135 2839 159 2855 "
177 2838 266 2866 Ecclc.
281 2845 330 2870 ιιι⁷
346 2838 370 2864 7.
411 2837 512 2864 "l‘sal.
531 2845 643 2869 turni,
662 2837 702 2864 l3.

924 900 964 927 nis
978 899 1067 934 potius
1079 906 1158 933 quam
1176 897 1280 924 aduenit
1292 897 1445 924 assimilari.

959 945 1048 979 Quid?
1061 945 1132 980 quod
1162 944 1306 971 absurdam
1333 942 1460 977 Origenis
1477 943 1510 969 de
1529 942 1718 977 praeexsisten-

926 993 961 1020 lia
979 993 1132 1028 opinionem
1147 995 1242 1025 aperte
1256 989 1354 1016 ibidem
1375 994 1434 1023 post
1448 989 1611 1023 paucissima
1636 988 1717 1015 verba

925 1045 1143 1066 commemorans
1156 1038 1296 1072 Didymus,
1315 1036 1351 1062 ita
1365 1036 1524 1069 quihusdam
1536 1042 1596 1061 eam
1614 1034 1717 1065 tribuit,

925 1085 1091 1112 utindicare
1104 1084 1226 1111 videatur
1251 1083 1302 1110 sibi
1333 1084 1405 1111 illaut
1431 1090 1484 1109 non
1510 1081 1641 1113 arridere,
1672 1085 1718 1108 aut

925 1130 962 1158 ita
974 1135 1059 1160 certe.
1094 1134 1124 1156 ut
1152 1129 1224 1156 illam
1249 1129 1286 1156 ibi
1314 1137 1368 1156 non
1384 1129 1571 1163 amplectatur.
1590 1126 1624 1154 Ut
1647 1126 1718 1152 enim

925 1176 1005 1212 paulo
1019 1176 1145 1211 superius
1158 1175 1288 1208 diximus,
1312 1174 1428 1202 all'ercns
1449 1174 1521 1200 Pauli
1535 1173 1626 1205 verba,
1645 1171 1720 1200 Sicut

925 1222 1001 1257 elegit
1012 1230 1058 1249 nos
1073 1223 1100 1249 in
1115 1222 1173 1256 ipso
1187 1228 1248 1248 ante
1262 1221 1388 1256 uriginem
1403 1220 1492 1247 mundi
1504 1228 1559 1247 esse
1572 1225 1675 1246 sam-to:
1684 1219 1718 1249 ".

927 1269 966 1296 sic
981 1276 1012 1295 ea
1027 1268 1137 1302 exponit
1154 1276 1161 1295 :
1188 1267 1258 1294 Licet
1276 1268 1345 1294 enim
1358 1267 1463 1302 quidam
1485 1267 1584 1297 dicunt,
1596 1266 1721 1300 quoniam

927 1323 1026 1348 semper
1035 1319 1058 1340 et
1073 1317 1134 1340 ante
1145 1313 1270 1340 mundum
1286 1313 1483 1339 rntionabilinm
1509 1313 1654 1338 substantia
1669 1312 1721 1343 sit;

928 1365 1104 1388 verumtamen
1117 1360 1260 1393 prrevidem
1285 1359 1354 1386 Dens
1373 1359 1463 1392 ﬁdem,
1493 1364 1516 1385 et
1546 1364 1620 1384 actus
1635 1358 1720 1384 Itami-

929 1415 990 1434 num
1046 1407 1214 1440 prwuienter
1229 1406 1304 1441 elegit
1328 1414 1370 1432 eos
1391 1406 1418 1431 in
1431 1405 1536 1432 Christo
1559 1410 1619 1431 ante
1631 1404 1722 1430 mundi

929 1453 1066 1487 originem.

964 1498 1036 1525 Alsi
1052 1497 1108 1525 haec
1127 1498 1161 1524 ita
1179 1504 1208 1524 se
1224 1497 1337 1529 habent,
1357 1497 1402 1531 qui
1422 1496 1449 1523 lit
1465 1503 1539 1531 ergo,
1561 1496 1680 1530 inquies,
1694 1499 1722 1521 ut

932 1545 1110 1580 literonymus
1129 1543 1325 1578 Origeniauum
1343 1543 1376 1570 de
1403 1542 1616 1578 prmexsistentia
1646 1547 1723 1567 erro-

932 1600 988 1620 rem
1003 1592 1116 1627 Didymo
1129 1591 1249 1618 tribuat?
1265 1589 1367 1624 Nempe
1382 1589 1562 1624 llierouymus
1573 1596 1603 1615 ea
1619 1587 1722 1622 Didymi

931 1639 1030 1673 scripta
1050 1639 1160 1672 respicit
1188 1645 1247 1670 qua:
1271 1636 1326 1672 jam
1354 1635 1426 1663 nulla
1447 1641 1525 1668 sunt;
1544 1642 1592 1662 nos
1613 1642 1676 1662 vero
1691 1641 1723 1661 ea

931 1684 1064 1711 dutttaxat
1076 1691 1136 1719 qua:
1151 1684 1238 1710 adhuc
1254 1687 1372 1710 exstant.

1077 1759 1142 1787 Cn.
1159 1759 1204 1787 ΧΙ.
1227 1759 1266 1786 De
1278 1759 1366 1786 carnis
1381 1759 1578 1786 resurrectione.

970 1818 1154 1846 Transeamus
1184 1819 1264 1845 modo
1288 1818 1320 1845 ad
1353 1818 1444 1846 carnis
1474 1818 1723 1850 resurrectionem;

934 1873 996 1893 nam
1012 1866 1045 1892 de
1061 1865 1112 1892 ista
1125 1871 1233 1899 quoque
1247 1872 1387 1899 perperam
1401 1870 1543 1892 senserunt
1556 1864 1724 1899 Origcnislar.

936 1912 973 1939 De
989 1911 1103 1947 Didymo
1119 1915 1208 1937 autent
1223 1911 1262 1937 sic
1282 1916 1371 1938 statuo
1396 1920 1403 1938 :
1423 1911 1526 1938 nullum
1541 1917 1662 1943 exstare,
1679 1917 1726 1938 aut

935 1957 1037 1984 nttllum
1057 1961 1130 1983 certe
1160 1958 1226 1984 mihi
1249 1962 1340 1984 notum
1370 1963 1430 1984 esse
1447 1957 1544 1989 locum,
1569 1957 1596 1983 in
1626 1964 1679 1991 quo
1692 1957 1725 1983 de

936 2003 1136 2030 resurrectione
1149 2011 1179 2030 ea
1200 2003 1324 2031 docuerit
1343 2010 1403 2037 qua:
1422 2003 1546 2030 docuisse
1561 2003 1659 2030 dicitur
1671 2003 1727 2031 Ori-

940 2056 1034 2084 genes.
1053 2048 1120 2076 Cum
1138 2049 1209 2076 enim
1237 2057 1262 2076 tn
1277 2049 1435 2080 canonilms,
1462 2048 1519 2076 sive
1550 2049 1724 2076 anathemati-

937 2096 1002 2123 smis
1016 2100 1107 2122 contra
1130 2095 1265 2130 Origenem
1283 2094 1380 2122 saeculo
1398 2099 1476 2122 sexto
1492 2095 1607 2121 conditis
1622 2101 1728 2122 accuse-

939 2147 982 2169 tur
994 2143 1051 2176 ipse
1068 2141 1211 2177 Origenes,
1228 2145 1274 2168 aut
1289 2142 1384 2168 saltem
1395 2140 1562 2175 Origeniani,
1577 2141 1648 2175 quod
1668 2147 1728 2167 ror-

900 2192 925 2222 ι)
939 2195 990 2223 pus
1002 2188 1108 2215 Domini
1121 2191 1181 2222 post
1199 2187 1426 2214 resurrectionem
1441 2186 1587 2213 acthercum
1606 2191 1632 2214 et
1645 2187 1729 2220 spbte«

937 2233 1024 2261 ricum
1037 2234 1157 2261 evasisse
1180 2232 1325 2265 voluerint,
1352 2240 1383 2259 ac
1414 2237 1506 2259 nostra
1528 2232 1590 2258 item
1615 2239 1728 2266 corpora

937 2284 1000 2314 post
1015 2277 1244 2306 resurrectionem
1257 2278 1372 2304 mtherea
1393 2276 1459 2310 fore,
1477 2281 1503 2304 et
1522 2276 1569 2312 [L]
1586 2277 1728 2311 splttsrica,

941 2325 996 2351 imo
1007 2324 1113 2351 tandem
1129 2323 1307 2351 substantiam
1333 2330 1475 2358 corporum
1504 2323 1530 2349 in
1552 2323 1663 2350 nihilum
1680 2323 1728 2350 ah-

942 2370 1040 2397 ituram
1064 2369 1234 2402 censuerint;
1264 2369 1329 2395 nihil
1348 2368 1401 2395 tale
1433 2376 1551 2403 unquam
1569 2368 1594 2395 in
1607 2368 1660 2396 ullo
1684 2368 1730 2395 Di-

941 2417 1015 2452 dymi
1028 2424 1111 2451 opere
1121 2417 1245 2452 invenire
1256 2416 1330 2451 potui
1344 2425 1351 2442 :
1366 2416 1431 2450 quin
1445 2423 1460 2443 e
1473 2416 1610 2443 contrario
1622 2416 1648 2442 in
1665 2415 1729 2442 mul-

942 2467 968 2489 ta
986 2462 1068 2489 incidi
1087 2462 1156 2496 loca,
1174 2462 1275 2497 quibus
1293 2462 1359 2490 satis
1377 2466 1469 2496 aperte
1483 2469 1512 2489 se
1524 2462 1663 2489 catholica:
1679 2461 1730 2488 Ec-

941 2508 1032 2535 clesiae
1061 2507 1214 2535 doctrinam
1238 2508 1314 2542 sequi
1343 2508 1454 2536 indicat.
1495 2506 1584 2535 Unum
1613 2507 1728 2541 exempli

941 2561 1021 2581 causa
1036 2553 1146 2588 profero
1174 2561 1207 2581 ex
1231 2553 1398 2581 Corderiana
1414 2559 1511 2581 catena
1536 2554 1564 2580 in
1589 2552 1730 2579 Joannem.

938 2600 1033 2628 Exstat
1048 2607 1113 2627 vero
1128 2607 1190 2635 pag.
1205 2599 1265 2632 {59,
1292 2600 1337 2626 ubi
1359 2599 1503 2634 exponitur
1533 2598 1683 2625 versiculus
1696 2597 1732 2624 29

939 2646 1026 2682 quinti
1043 2645 1204 2681 capitis,qui
1222 2651 1262 2673 est
1280 2645 1452 2680 huiusmodi:
1470 2644 1565 2673 Omnes
1576 2644 1657 2677 quiin
1675 2652 1732 2671 mo-

940 2692 1067 2720 numentis
1080 2697 1151 2722 sunt,
1166 2691 1273 2718 audient
1301 2698 1386 2718 vocem
1402 2690 1469 2718 Filii
1486 2690 1543 2718 Dei.
1564 2690 1669 2726 Didymi
1680 2699 1730 2717 att-

941 2741 995 2765 tem
1008 2738 1088 2765 verba
1105 2737 1201 2765 Latine
1213 2744 1227 2764 a
1247 2736 1377 2765 Cordcrio
1393 2737 1431 2764 sic
1443 2743 1522 2764 versa
1541 2741 1604 2764 sunt
1619 2747 1624 2764 :
1645 2735 1729 2770 ιιιιιιι,

743 2837 764 2852 ’⁸
780 2837 849 2864 Psal.
862 2844 935 2870 cxtx,
995 2837 1016 2852 "
1033 2837 1130 2871 Ephcs.
1149 2845 1166 2869 ι,
1185 2837 1213 2870 4,
1228 2836 1254 2863 5.
