1907 3063
159 94 210 123 199

884 89 927 117 DE
945 88 1076 117 DIDYMO

1746 84 1801 112 ὶθο

160 163 170 179 ‹
188 154 284 180 Omnes
303 153 348 188 qui
376 153 404 179 in
424 151 597 178 monumentis
615 155 686 183 sunt,
700 159 709 176 ι
729 150 796 176 idem
823 153 860 175 est
881 157 912 175 ac
932 148 954 175 si
970 153 994 181 Α
1008 149 1086 175 modo
1098 148 1231 182 deposna,
1256 155 1287 174 ac
1305 147 1412 174 demum
1438 147 1535 174 iterum
1557 149 1698 180 assumpta
1712 144 1738 172 iu
1753 153 1791 172 re-

160 200 249 225 dicat:
268 198 363 225 Omnes
376 199 481 225 mortui.
494 197 618 231 Alioquin
632 191 700 223 enim
722 203 812 222 eorum
826 195 897 229 quia
915 195 955 229 fe-

161 245 196 271 ris
206 246 292 278 igneve
304 244 449 277 consumpti
469 249 542 275 sunt,
567 251 676 277 corpora
703 250 753 268 non
766 245 955 275 .-resurgerent.

169 288 262 315 Verum
276 289 485 323 quandoquidem
504 287 621 314 omnium
642 287 793 313 mortalium
811 286 901 320 futura
923 286 956 311 sit

163 335 328 367 resurrectio,
352 334 391 360 illi
417 335 495 360 etiam
520 341 623 364 eorum,
640 333 684 367 qui
717 332 744 358 iu
774 331 957 358 monumentis

163 386 235 412 sunt,
250 389 356 406 numero
376 380 508 406 censendi.
527 379 603 411 Quod
617 379 638 404 si
652 378 840 404 contentiosius
853 383 959 404 contra-

164 425 262 455 dicunt,
279 424 411 450 sciendum
427 425 469 456 iis,
491 424 557 450 sicut
580 423 624 458 qui
648 423 714 449 bona
733 422 957 457 malaqueperpe-

165 475 280 503 trarunt,
295 479 346 496 non
359 477 418 497 sunt
433 478 555 502 corpora,
568 478 625 504 qua:
642 470 667 494 in
684 469 856 495 monumentis
868 477 959 495 recon-

165 517 220 543 dita
234 521 305 548 stitit,
321 517 357 542 sic
373 515 582 551 nequeJ"erbum
600 515 791 549 prohibiturum
807 516 875 549 ipsos
895 523 960 549 quo-

167 562 252 588 minus
269 570 378 594 corpora
400 571 446 588 sita
463 563 515 596 igni
542 562 624 588 aliave
648 561 749 587 ratione
771 562 907 594 absumpta
921 568 961 587 re-

169 613 286 634 sumnnt.
299 609 367 640 Quid
384 608 504 634 clarius?
528 607 585 634 Non
602 607 728 638 adh-tres,
751 615 803 634 non
827 607 959 640 sphazrica

167 658 355 688 assumpturos
370 661 420 680 nos.
435 661 498 680 esse
512 653 577 679 dicit
593 661 715 687 corpora,
745 653 792 679 sed
813 653 847 678 τὰ
862 652 928 687 πυρὶ
943 652 959 687 ἢ

168 699 255 731 ἄλλως
270 699 455 732 ὰναλωθέντα,
480 700 504 726 id
519 704 561 726 est
578 707 608 725 ea
625 700 681 733 ipsa
702 707 762 732 qua:
783 704 848 725 ante
860 700 961 726 obitum

170 746 348 777 habebamus,
362 746 413 772 etsi
434 747 501 772 forte
520 745 554 772 ab
571 745 644 780 igne,
663 751 711 771 aut
726 745 778 771 alia
802 751 962 772 euacunoue

171 793 278 819 ratione
289 793 431 824 absumpta
451 791 562 818 iuerint.

1008 194 1188 221 surrectione.
1313 214 1315 217 ‹

1043 238 1095 266 Sed
1110 240 1196 273 pergit
1207 238 1278 273 loqui
1292 239 1421 274 Didymus
1433 239 1460 266 in
1475 240 1546 266 hunc
1559 239 1665 265 modum
1679 247 1686 265 :
1699 237 1727 265 Si
1741 239 1802 272 quis

1007 293 1067 312 vero
1080 286 1134 311 lucc
1148 293 1180 311 ea:
1203 293 1314 318 persona
1330 285 1439 311 Davidis
1459 285 1511 311 dici
1542 284 1677 318 opinatur,
1698 284 1802 310 desinat

1008 339 1062 358 sese
1076 331 1265 364 simplicioruni
1275 331 1409 357 sententia:
1421 331 1452 357 de
1465 330 1651 357 resurrectione
1663 338 1802 363 opponere.

1010 377 1135 410 Quamuis
1145 378 1212 403 enim
1226 376 1253 403 lii
1273 378 1450 403 demonstrare
1466 379 1499 402 ad
1522 376 1625 402 oculum
1641 384 1691 402 non
1703 376 1804 409 possin!

1009 423 1079 457 quod
1093 422 1221 453 credunt;
1250 421 1291 454 pie
1313 426 1399 448 tamen
1423 429 1449 448 sc
1463 426 1566 455 gerunt,
1582 429 1639 455 cum
1655 422 1728 447 aiunt
1742 429 1807 447 car-

1010 476 1067 494 nem
1092 476 1236 502 resurgere,
1257 473 1283 494 ut
1301 467 1418 502 spiritale
1444 471 1468 494 et
1486 467 1682 501 incorruptibile
1709 476 1805 501 corpus

1010 515 1061 541 sit:
1074 514 1140 540 sicut
1157 514 1224 540 enim
1237 519 1355 540 mortuus
1370 514 1415 548 qui
1427 514 1549 547 resurgit,
1560 519 1616 547 post
1635 515 1807 540 resurrectio-

1012 568 1069 585 nem
1082 560 1154 586 vivus
1168 564 1215 592 est,
1230 567 1279 585 non
1294 567 1351 586 vero
1365 564 1501 591 mortuus;
1515 560 1551 585 ita
1562 568 1623 586 caro
1650 561 1805 587 resuscitata

1012 610 1068 639 post
1084 605 1301 632 resurrectionem
1317 605 1436 638 spiritale
1460 611 1483 631 et
1500 605 1698 639 incorruptibile
1710 613 1805 639 corpus

1012 654 1064 676 est.
1081 649 1149 676 lluic
1167 655 1256 676 autem
1270 650 1330 676 loco
1342 657 1395 676 non
1408 650 1545 676 dissimilis
1561 655 1602 677 cst
1621 650 1698 681 alter,
1716 651 1760 684 qui
1779 652 1806 677 in

1013 696 1143 723 extremis
1160 696 1380 722 enarrationibus
1403 695 1510 729 legitur,
1537 701 1561 723 et
1579 701 1622 723 est
1637 696 1804 729 hujusmodi.

1016 752 1024 766 ι
1038 742 1174 776 Scriptum
1185 749 1300 777 namque
1308 743 1339 770 de
1353 743 1504 776 hujnsmodi
1517 743 1596 776 justis
1608 747 1646 769 est
1658 743 1736 776 (Dan.
1746 750 1807 775 xm,

1013 787 1061 820 5):
1080 786 1228 822 Fulgebunt
1255 787 1323 814 sicut
1337 788 1443 814 claritas
1470 788 1639 821 ﬁrmamenti,
1661 792 1684 825 et
1711 787 1810 819 intelli-

211 837 336 872 Supcrest
354 837 444 871 itaque
457 842 573 868 tantum,
591 841 620 862 ut
633 835 735 870 potiora
749 836 872 870 quaedam
886 836 968 870 Didy-
985 837 1005 864 Β
1019 839 1106 868 gentes
1130 839 1204 861 erunt
1221 835 1287 861 sicut
1301 839 1383 861 astra.
1412 834 1556 868 Propterea
1578 842 1693 868 namque
1719 835 1808 861 sancti

172 883 208 910 uti
224 883 281 910 lOCﬂ
308 883 401 910 lectori
418 883 576 914 exhibeam,
592 887 619 909 ut
634 882 756 916 judicare
771 887 862 916 queat,
878 887 968 910 tttrum

172 929 321 956 orthodoxa
338 929 401 961 sint,
419 936 513 955 necne.

207 975 326 1002 Primum
345 975 457 1002 desumo
470 982 502 1001 ex
520 974 620 1000 Niceta:
633 979 728 1001 catena
742 975 768 999 in
781 972 890 1006 Jobum,
905 981 967 1009 pag.

173 1020 234 1052 187,
253 1020 347 1047 Graeca
377 1026 467 1047 tamen
485 1020 565 1047 verba
598 1020 726 1046 amittens
740 1019 960 1054 brevitatisergo

173 1073 205 1093 ac
220 1074 251 1092 ea
266 1065 362 1092 Latine
380 1071 498 1098 tantum,
521 1065 566 1092 sed
591 1065 717 1097 ﬁdeliter,
743 1070 769 1091 et
783 1065 816 1091 ad
832 1065 940 1092 verbum
954 1073 968 1092 a

174 1119 216 1139 me
228 1119 356 1139 conversa
373 1111 500 1138 efferens.
526 1111 650 1145 [Explicat
674 1111 708 1137 ibi
725 1111 853 1146 Didymus
868 1119 968 1138 nonum

175 1159 364 1193 deciinuuiqne
383 1158 546 1185 versiculum
565 1157 671 1191 septimi
696 1158 804 1191 capitis,
820 1157 968 1185 ubiGrzeca

176 1205 316 1231 translatio
341 1205 396 1231 haec
415 1205 495 1231 habet
523 1213 528 1230 :
552 1204 582 1230 Si
593 1204 661 1230 enim
675 1204 750 1230 homo
768 1204 928 1231 descenderit
940 1204 967 1231 in

176 1249 319 1284 infernum,
340 1258 390 1275 non
407 1249 518 1283 amplius
530 1248 660 1280 ascendet,
686 1256 766 1283 neque
789 1249 968 1276 reverteturin

176 1295 309 1329 propriam
329 1295 446 1326 domum,
471 1301 551 1329 neque
564 1297 684 1328 agnoscot
698 1301 756 1319 enin
774 1294 885 1327 amplius
896 1293 968 1321 locus

176 1341 244 1376 ejus.
265 1341 329 1374 Qua:
343 1341 407 1368 dum
427 1342 547 1375 exponit,
566 1341 605 1367 sic
627 1340 744 1374 loquitur
762 1349 768 1366 :
783 1340 837 1366 Alii
856 1349 915 1368 vero
930 1341 968 1368 di-

177 1393 236 1414 cunt
251 1395 261 1414 :
278 1387 339 1414 Non
352 1392 378 1413 ut
400 1392 471 1422 neget
486 1387 700 1414 resurrectionem
728 1385 844 1422 (Johns),
859 1386 914 1413 lure
927 1387 968 1413 di-

178 1436 211 1461 (ξι
227 1441 235 1461 :
251 1433 295 1461 sed
311 1435 348 1460 ita
367 1434 485 1467 loquitur
500 1434 613 1468 primurn
629 1434 732 1468 quidem
755 1438 782 1459 ut
796 1432 912 1459 homines
924 1441 969 1458 ca-

178 1481 258 1507 ducas
276 1488 331 1507 esse
342 1487 372 1505 ac
383 1480 480 1506 debiles
493 1481 612 1506 ostendat
629 1486 638 1506 :
654 1479 747 1505 deinde
757 1478 820 1512 quia
833 1479 876 1512 qui
891 1477 968 1504 semel

1021 885 1193 915 resurgentes
1214 889 1228 907 ιι
1253 881 1366 908 mortuis
1398 889 1459 907 cum
1478 881 1674 914 incorruptibili
1695 885 1722 907 et
1749 881 1810 915 spi-

1022 926 1109 953 rituali
1133 934 1257 960 corpore,
1281 926 1347 954 solis
1371 931 1398 953 et
1422 927 1500 959 luna',
1519 932 1546 953 et
1573 927 1690 953 siderum
1717 927 1811 961 gloria:

1021 977 1222 1006 comparantur.
1237 982 1245 998 ι
1278 972 1357 1000 Hisce
1383 979 1473 1000 autem
1491 974 1517 1000 in
1542 973 1606 1000 locis
1619 972 1674 1009 [LI]
1690 974 1751 1000 dmn
1766 981 1805 1001 rc-

1021 1020 1188 1054 snrgenlium
1223 1027 1336 1054 corpora
1379 1020 1510 1053 spiritalia
1544 1025 1566 1046 et
1597 1020 1811 1053 incorruptibilia

1025 1071 1115 1097 vocat,
1129 1066 1238 1100 respicit
1254 1068 1312 1093 sine
1335 1067 1416 1093 dubio
1439 1065 1514 1092 Pauli
1531 1066 1610 1093 verba
1632 1075 1638 1092 :
1659 1066 1812 1093 Seminrnnr

1021 1120 1115 1146 corpus
1133 1112 1257 1144 animale,
1282 1117 1398 1146 resurget
1410 1121 1504 1146 corpus
1517 1112 1633 1146 spiritale
1641 1113 1674 1140 “.
1689 1113 1810 1147 Itemque

1021 1157 1065 1183 illa
1085 1166 1091 1182 :
1111 1157 1142 1183 lz't
1157 1159 1253 1184 mortui
1270 1162 1405 1192 resurgent
1418 1158 1563 1192 incorrupti
1578 1159 1612 1185 "’.

1056 1202 1242 1238 Suspicionem
1268 1209 1357 1231 tamen
1381 1205 1473 1236 alicui,
1491 1212 1522 1232 ne
1544 1205 1608 1239 quid
1629 1205 1810 1238 dissimulem,

1021 1256 1130 1276 n10vere
1149 1254 1236 1283 potest
1249 1250 1318 1283 quod
1336 1257 1440 1276 Carnem
1454 1257 1468 1276 a
1485 1258 1593 1284 corpore
1611 1250 1692 1277 veluti
1711 1251 1811 1277 distin-

1020 1302 1102 1330 gucre
1114 1296 1234 1322 videatur
1251 1296 1388 1331 Didymus,
1405 1298 1466 1323 dum
1483 1297 1530 1330 ait,
1547 1305 1650 1324 carnem
1664 1305 1809 1332 resurgere,

1021 1347 1049 1368 ut
1074 1340 1191 1374 spiritale
1217 1346 1242 1368 et
1269 1342 1466 1376 incorruptibile
1490 1351 1584 1377 corpus
1613 1344 1656 1370 sit.
1677 1343 1811 1371 Joannem

1020 1390 1092 1415 enim
1107 1387 1364 1424 Jerusalymitanum
1381 1389 1520 1423 redarguit
1534 1389 1729 1424 ’llieronymus,
1740 1389 1813 1424 quod

1021 1434 1053 1461 (le
1072 1439 1239 1461 mortuorum
1258 1435 1456 1462 resurrectione
1483 1436 1604 1469 laqueus,
1620 1437 1744 1470 corporis,
1758 1445 1813 1463 non

1021 1480 1105 1506 carnis
1120 1480 1250 1507 vocabulo
1267 1489 1332 1507 usus
1349 1487 1422 1508 esset
1437 1490 1443 1507 :
1461 1489 1493 1508 ex
1514 1489 1569 1516 quo
1587 1482 1677 1514 infert,
1695 1491 1755 1508 rum
1777 1484 1812 1510 de

179 1532 294 1553 mortuus
308 1531 355 1557 est,
369 1526 395 1552 in
410 1525 476 1551 lianc
493 1525 687 1559 corruptibtlem
701 1525 782 1551 uitam
794 1532 844 1550 non
859 1530 968 1550 reverte-
981 1522 1002 1550 C
1020 1525 1218 1552 resurrectione
1248 1527 1316 1553 idem
1342 1535 1403 1554 cum
1433 1527 1547 1562 Origene
1583 1529 1713 1555 semisse.
1739 1529 1813 1561 Alia,

179 1579 231 1604 tur,
249 1580 329 1607 neque
342 1572 480 1606 quisquam
496 1571 580 1605 ipsum
605 1571 700 1597 videbit
720 1579 750 1597 ea
764 1570 970 1604 faciententqnte

180 1619 266 1651 facere
278 1622 457 1645 consueverat.
472 1617 565 1652 Itaque
576 1618 657 1644 verbis
673 1617 737 1648 illis,
760 1626 769 1642 ι
783 1616 844 1643 Non
858 1617 969 1650 amplius

180 1665 299 1691 arcem/et
312 1671 343 1690 ex
360 1663 472 1695 inferno,
486 1671 495 1688 ι
524 1663 706 1697 conjungendu
729 1667 788 1689 sunt
813 1663 887 1688 verba
903 1662 968 1694 lucc,

184 1721 192 1735 I
208 1710 240 1737 In
255 1710 386 1742 proiirimn
419 1710 524 1735 domum
547 1717 598 1735 non
624 1714 773 1735 revertetur.
789 1718 797 1734 ν
824 1707 858 1735 Ut
880 1717 969 1735 sensus

180 1757 212 1784 sit
225 1765 234 1783 .'
247 1755 368 1790 Resurget
380 1755 494 1790 quidem,
523 1763 574 1782 non
590 1760 730 1781 revertetur
749 1760 834 1781 tamen
856 1755 883 1781 in
896 1762 970 1780 suam

180 1800 295 1827 domum.
311 1799 362 1826 Sed
383 1799 523 1833 probabilis
534 1800 637 1834 quidem
657 1806 692 1826 est
705 1799 760 1826 lucc
774 1800 969 1833 interpretatio;

181 1847 264 1873 verior
285 1851 373 1872 autent
402 1850 438 1872 est
464 1846 537 1880 prior
558 1845 616 1877 illa,
640 1845 709 1879 quod
726 1853 815 1878 nempe
835 1845 969 1879 ignorabat

179 1893 267 1926 iustus
281 1891 385 1927 (Johns)
408 1899 466 1927 qurc
480 1892 606 1925 pertinent
631 1892 664 1917 ad
691 1891 916 1918 resurrectionem.
933 1890 970 1918 Ita

183 1938 321 1973 Didymus,
339 1937 414 1969 nihil,
430 1941 458 1964 ut
475 1938 581 1971 opinor,
602 1936 739 1964 allirmans
762 1937 832 1971 quod
845 1936 972 1964 Ecclesia:

182 1984 313 2011 doctrinm
336 1983 368 2010 de
392 1991 537 2017 corporum
566 1983 764 2010 resurrectione
788 1984 969 2010 adversetur:

181 2030 232 2056 etsi
246 2037 277 2056 ex
293 2030 406 2060 duabus,
422 2037 488 2062 quas
503 2029 613 2060 indicat,
629 2029 896 2062 interpretationilms
910 2036 970 2056 cant

185 2075 312 2109 amplecti
331 2075 466 2107 videatur,
479 2082 538 2108 qua}
555 2074 643 2100 mintts
660 2075 807 2108 probabilis
819 2079 870 2101 est.

218 2122 294 2148 Alter
319 2121 396 2147 locus
421 2121 518 2154 legitur
534 2125 599 2147 tom.
612 2119 644 2146 ιν
660 2121 852 2147 Auertlotorum
868 2120 968 2148 Wolﬁi.

183 2167 267 2195 All‘ert
293 2168 328 2194 ἰίιί
355 2167 484 2202 Didymus
508 2174 539 2194 ex
570 2175 641 2194 vers.
666 2167 700 2193 ‘26
725 2167 822 2200 capitis
845 2175 864 2195 ιι
890 2168 972 2194 Aeto-

185 2222 242 2240 rnm
273 2213 352 2240 verba
381 2212 476 2239 l’saltis
498 2223 504 2240 :
530 2212 642 2245 Insuper
659 2217 682 2238 et
707 2221 768 2238 coro
792 2221 847 2240 mea
873 2214 973 2248 requie-

184 2264 236 2285 sret
249 2259 315 2292 (sive
328 2257 467 2290 habitabit)
482 2258 508 2289 _in
527 2264 592 2289 spe:
608 2265 662 2283 tum
682 2257 736 2284 lucc
749 2258 894 2292 subjungit,
913 2266 972 2292 qua:

185 2303 275 2331 ποΙηί
293 2303 495 2330 translationem
509 2311 522 2329 a
541 2311 583 2329 me
599 2303 696 2330 alicubi
717 2303 830 2330 fideliter
844 2305 972 2331 eluenda-

185 2354 238 2376 tam
257 2357 374 2384 sequens
400 2349 494 2377 alie-ro.
526 2349 657 2382 Quoniam
683 2350 770 2382 Jesus,
794 2351 821 2377 in
846 2356 972 2384 quantum

184 2402 292 2424 mortem
309 2397 398 2428 subiit,
426 2405 540 2427 carnem,
566 2405 644 2430 quant
672 2397 765 2424 salutis
779 2401 875 2424 nostrte
891 2406 972 2424 causa

184 2447 371 2476 arsumpserat,
383 2442 514 2475 deposuit,
531 2449 555 2468 ut
571 2450 628 2468 eam
642 2444 717 2468 tertia
734 2442 775 2467 die
789 2450 821 2469 ea:
835 2447 917 2468 morte
929 2450 970 2468 re-

185 2489 340 2519 uinci/aret;
365 2488 456 2515 merito
471 2490 538 2515 lianc
549 2489 588 2514 sui
607 2489 686 2522 ipsius
708 2497 810 2514 carnem
825 2488 851 2514 in
869 2497 911 2521 spe
926 2489 972 2515 ha-

184 2536 279 2562 bitasse
290 2536 368 2567 dicit;
393 2536 423 2561 ob
437 2536 654 2568 exspectationem
680 2535 776 2561 scilicet
794 2533 860 2569 [sive
889 2534 971 2570 spem]

185 2581 390 2608 resurrectionis.
410 2579 544 2606 Hactenus
561 2579 687 2614 Didymus
702 2579 766 2605 nihil
781 2579 844 2605 dicit
860 2586 911 2605 non
927 2587 972 2605 or-

186 2626 331 2653 thodoxum
362 2635 367 2652 :
384 2625 455 2653 nulla
477 2625 520 2652 hic
552 2625 652 2652 ruentia
668 2625 792 2655 icthcrei,
810 2624 972 2657 sphzeritive

185 2673 316 2706 corporis,
331 2673 377 2699 sed
389 2673 468 2699 unius
488 2676 589 2698 tantum
606 2672 780 2705 ejusdemque
796 2671 898 2703 carnis,
914 2679 974 2705 «iure

186 2717 300 2753 primum
317 2726 331 2744 τι
361 2718 472 2745 Domino
488 2722 623 2752 assumpta
653 2716 745 2748 fuerit,
765 2721 819 2743 tum
843 2719 974 2752 quodam-

220 2816 265 2844 “l
283 2817 345 2845 Cor.
361 2826 405 2852 xv,
425 2819 470 2847 Η.
509 2818 603 2846 "ibid.
620 2819 662 2846 3:2.

1022 1571 1126 1604 inquit,
1153 1572 1250 1604 carnis,
1281 1573 1336 1599 alia
1360 1574 1478 1608 corporis
1503 1574 1619 1608 tie/initio
1647 1581 1707 1602 est:
1727 1577 1814 1602 omnis

1022 1623 1084 1642 caro
1098 1621 1134 1642 est
1153 1625 1256 1652 corpus,
1274 1626 1325 1644 non
1341 1627 1416 1645 omne
1435 1627 1528 1653 corpus
1548 1625 1584 1645 est
1604 1628 1676 1646 mro.
1693 1620 1761 1647 Cura
1773 1625 1814 1646 est

1021 1662 1124 1694 proprie
1138 1670 1196 1696 qum
1210 1663 1336 1697 sanguine
1347 1684 1354 1694 ,
1375 1664 1456 1695 venis,
1473 1665 1585 1694 ossibus.
1601 1665 1734 1700 nervisque
1749 1675 1814 1692 con-

1022 1708 1168 1742 stringitur.
1190 1707 1290 1742 Corpus
1303 1718 1450 1744 quanquam
1468 1715 1490 1736 et
1509 1719 1573 1737 caro
1593 1711 1708 1743 dicatur,
1727 1712 1813 1739 inter-

1021 1755 1084 1779 dum
1114 1759 1200 1780 tamen
1225 1755 1385 1788 rather-eum,
1413 1756 1450 1782 vel
1477 1764 1581 1783 aereum
1611 1758 1811 1786 nominatum...

1029 1798 1114 1830 Vides,
1133 1808 1179 1826 nos
1199 1801 1344 1836 intelligere
1359 1802 1517 1829 subtilitutcs
1535 1808 1645 1836 restras,
1661 1809 1686 1830 et
1701 1813 1811 1837 arcana,

1021 1853 1079 1880 qua:
1098 1846 1125 1872 in
1141 1847 1278 1880 cubiculis,
1295 1854 1318 1874 et
1341 1849 1409 1874 inter
1424 1851 1552 1883 perlecta:
1568 1850 1737 1884 loquimini...
1755 1849 1814 1877 Pu-

1023 1895 1056 1917 tet
1071 1899 1152 1926 quare
1171 1893 1298 1926 corporis,
1313 1899 1336 1920 et
1360 1903 1410 1921 non
1432 1895 1519 1921 curuis
1537 1897 1750 1922 resurrectionem
1770 1897 1814 1922 tli-

1022 1937 1090 1962 xcris
1105 1944 1114 1963 :
1130 1937 1227 1964 scilicet
1244 1943 1271 1964 ut
1294 1947 1340 1965 nos
1359 1941 1435 1966 rudes
1462 1949 1566 1967 carnem
1590 1947 1615 1968 te
1631 1942 1716 1968 dicere
1737 1949 1814 1975 pitta-

1023 1989 1107 2008 remus
1121 1983 1148 2009 in
1165 1991 1281 2017 corpore,
1303 1990 1326 2010 et
1345 1985 1372 2011 lii
1393 1986 1439 2018 qui
1467 1987 1574 2020 perfecti
1593 1992 1666 2017 sunt,
1683 1987 1813 2022 intellige-

1023 2033 1077 2054 rent
1092 2037 1195 2055 carnem
1210 2030 1235 2055 in
1247 2037 1354 2063 corpore
1378 2031 1520 2066 denegari..
1543 2031 1574 2058 In
1585 2031 1706 2066 Symbolo
1714 2033 1812 2068 ﬁdei...

1023 2082 1097 2101 omne
1114 2074 1258 2102 Christiani
1278 2077 1406 2110 dogmatis
1435 2084 1638 2110 sacramentum,
1657 2079 1748 2106 carnis
1769 2087 1811 2106 rc-

1023 2121 1190 2146 surrectione
1208 2121 1383 2148 concluditur.
1409 2122 1439 2148 Et
1454 2128 1481 2149 tu
1497 2124 1627 2150 intantunt
1643 2126 1668 2151 in
1684 2126 1812 2159 rarporis,

1024 2169 1048 2190 et
1063 2165 1155 2191 iterant
1170 2166 1298 2199 corporis,
1313 2171 1336 2192 et
1354 2167 1431 2194 tertio
1454 2169 1582 2203 corporis,
1596 2175 1618 2195 et
1634 2178 1713 2202 usque
1726 2171 1813 2197 novies

1026 2211 1141 2244 corporis
1156 2211 1193 2236 rel
1207 2219 1334 2244 sermone,
1350 2212 1387 2238 vel
1407 2218 1513 2240 numero
1531 2214 1691 2246 immoraris,
1710 2224 1755 2242 nec
1771 2225 1812 2243 sc-

1027 2256 1075 2282 mel
1103 2257 1242 2283 nominans
1261 2265 1375 2284 carnem.
1398 2259 1459 2286 Hinc
1486 2259 1667 2296 Hieronymus
1690 2263 1813 2289 adversus

1025 2302 1165 2334 Joannem,
1184 2311 1243 2337 quae
1264 2304 1288 2330 in
1314 2305 1454 2340 Didymum
1475 2307 1556 2332 etiam
1574 2307 1718 2334 convenire
1736 2316 1815 2342 posse

1026 2355 1135 2376 censeat
1145 2351 1217 2384 quis.

1039 2420 1042 2424 ,
1062 2394 1161 2422 Verum
1172 2401 1315 2432 antequam
1326 2397 1466 2432 Didymum
1476 2398 1598 2431 damnes,
1606 2399 1813 2434 lector,:cquum

1025 2447 1078 2474 est,
1095 2443 1183 2469 uthaec
1199 2445 1811 2478 (pioqneanimadvertas:primo,resnscitata-

1028 2495 1085 2514 rum
1098 2495 1211 2522 corpora
1221 2497 1270 2515 nec
1281 2497 1427 2520 aeremnec
1439 2490 1567 2521 telberea,
1581 2498 1632 2517 nec
1645 2491 1773 2524 spluerica
1782 2492 1814 2517 ah

1027 2532 1086 2566 ipso
1105 2533 1148 2561 hic
1162 2533 1225 2566 diei,
1241 2542 1290 2561 nec
1307 2533 1380 2566 alibi,
1395 2534 1466 2568 quod
1486 2534 1586 2568 sciam;
1615 2536 1743 2568 secundo,
1757 2536 1813 2562 ha-c

1027 2578 1111 2606 multo
1122 2587 1184 2606 ante
1202 2580 1318 2607 dictasse
1333 2579 1486 2615 Didynunn,
1502 2588 1582 2615 quam
1600 2581 1724 2608 subtilem
1735 2581 1813 2607 istaut

1027 2625 1116 2652 carnis
1136 2634 1149 2652 a
1162 2634 1276 2661 corpore
1290 2627 1488 2654 distincti0nem
1504 2629 1672 2662 exposuisset
1682 2627 1813 2663 llierOny-

1028 2679 1096 2703 mus,
1107 2678 1317 2707 suspectumque
1334 2673 1494 2701 reddidisset
1509 2675 1624 2708 corporis
1639 2673 1814 2706 vocabulum;

1029 2717 1119 2751 tertio,
1143 2718 1202 2746 ideo
1220 2718 1336 2747 fortasse
1358 2721 1480 2755 corporis
1503 2721 1601 2754 potius,
1622 2728 1701 2756 quam
1723 2721 1816 2749 carnis
