1907 3063
131 104 181 131 2111

715 84 1002 128 COMMENTARIUS.
1024 107 1058 118 7—
1077 99 1142 127 LIB.
1162 100 1194 126 u.

1703 99 1756 126 20!

133 164 242 191 nomine
261 172 337 190 usum
353 171 411 190 esse
431 162 584 197 theologum
607 167 740 194 nostrum,
757 161 826 196 quod
849 159 919 186 Pau-
935 158 957 186 A
973 159 1093 187 turbatos
1113 159 1197 186 fuisse
1214 159 1252 186 ait
1263 158 1333 193 aptul
1350 157 1474 185 Wolﬁum
1497 163 1569 185 tomo
1591 157 1622 185 IV
1640 159 1757 185 Anecdo-

134 211 175 235 lus
189 210 272 236 citato
291 209 316 235 in
339 208 396 235 loco
411 208 518 240 dixerit,
535 213 647 242 vestit-get
675 214 767 240 corpus
791 205 917 240 spiritale.

134 255 273 282 Postremo
289 254 478 288 timpliciorum
496 254 654 281 sententiam
671 253 776 280 defendi
794 252 836 279 hic
852 259 865 278 a
880 251 922 277 Di-

134 301 232 335 dyuio;
253 299 416 333 Origcnistis
439 305 528 326 autem
553 299 579 325 in
601 306 675 325 more
690 298 806 333 positum
826 296 919 327 fuisse,

135 351 164 372 ιιι
181 354 232 372 non
251 345 366 380 seipsns.
381 346 426 372 sed
441 345 594 373 Catholicns
609 344 767 378 simplicium
783 343 860 370 titulo
873 343 921 369 do-

135 396 241 423 narent,
256 396 283 416 ut
300 391 402 418 Centies
417 391 517 417 indicat
536 390 726 425 Hieronymus.

169 436 244 464 Nunc
260 437 320 464 bina
340 436 391 463 alia
407 437 543 463 coronidis
569 436 628 463 loco
648 435 801 462 exscribere
816 441 920 469 possent

136 481 239 516 Didymi
254 481 286 508 de
298 482 493 508 resurrectione
501 480 651 514 fragmenta
665 482 698 507 ab
712 480 875 515 Hieronymo
883 479 922 505 al-

135 527 188 554 lata
206 528 231 554 in
252 528 363 562 epistola
388 528 450 559 “9,
466 528 499 554 ad
515 527 681 554 Minervium
692 532 715 553 et
731 527 920 553 Alemndrum.

135 574 190 600 Sed
204 582 265 600 cum
278 574 354 601 valde
374 574 451 608 longa
469 574 534 605 sint,
551 573 675 607 nihilque
700 573 725 599 in
744 573 783 599 eis
807 573 920 605 dicatur,

135 620 207 654 quod
221 627 250 648 se
271 626 343 648 recte
360 628 412 648 non
427 620 535 651 habeat,
564 620 647 646 satius
663 619 730 646 duco
746 619 790 645 illa
813 623 922 653 prater-

137 667 261 698 tuittere;
288 666 354 693 satis
390 667 461 693 enim
487 674 520 693 ex
546 666 588 692 his
616 673 675 700 qum
703 666 830 692 hactenus
856 665 921 696 dixi,

136 716 262 739 constare
279 711 393 743 videtur,
411 716 518 738 rectene
532 711 663 745 Didymus
679 711 711 737 dc
725 711 814 737 carnis
833 717 922 736 resur-

138 757 259 784 rectione
274 757 403 789 senserit,
419 764 453 784 an
466 764 554 784 secus.

201 812 265 840 CAP.
280 812 335 840 XII.
351 813 389 840 De
408 820 544 853 patrarunt
566 813 679 845 mprobis
702 813 859 847 iii/lictorum

454 854 606 874 ωιενηιιηιε.

172 892 248 925 Quod
266 900 328 919 vero
356 894 471 926 pertinet
489 893 522 918 ad
544 900 681 926 pinnarum
706 892 871 919 damionibus
893 900 924 920 ac

138 937 259 972 rcproltis
287 936 446 964 inﬂictarutlt
471 939 661 968 :eternitatem,
685 937 750 964 nihil
781 938 812 964 iis
829 938 925 964 addere

138 989 248 1008 nocitsse
264 988 314 1014 est,
344 990 402 1016 quae
413 982 468 1017 jam
482 983 535 1009 dixi
556 990 616 1017 pag.
633 982 694 1013 151,
719 987 787 1014 not.,
813 982 926 1016 aliisque

139 1027 164 1053 in
181 1029 251 1054 notis
266 1028 361 1054 ibidem
378 1028 511 1054 indicatis.
526 1027 590 1054 Nam
607 1028 683 1062 plura
706 1028 814 1061 quidem
829 1028 881 1054 alia
895 1027 922 1054 in

139 1072 244 1107 D.dymi
265 1074 372 1108 srriptis
385 1073 473 1100 inveni
492 1074 561 1106 loca,
578 1073 603 1100 iu
625 1074 724 1107 quibus
739 1073 837 1100 inferni
863 1081 924 1108 snp-

139 1120 216 1154 plicia
233 1126 333 1146 mterna
347 1121 467 1152 diceret;
485 1120 531 1147 sed
550 1128 584 1146 ne
610 1123 690 1146 ullum
706 1120 812 1154 quidem
837 1120 926 1146 Innite-

141 1174 191 1192 nus
205 1166 301 1199 reperi,
321 1166 364 1193 ubi
385 1174 415 1192 ea
433 1166 598 1200 sempiterna
615 1165 673 1191 fore
693 1165 867 1192 inlici‘trctur.

368 1211 432 1238 CAP.
450 1211 515 1238 XIII.
530 1210 567 1237 De
584 1210 694 1245 angelis.

175 1257 242 1283 Cum
273 1257 341 1283 haud
370 1264 452 1290 pauca
481 1257 513 1283 de
537 1256 640 1289 angelis
662 1256 688 1282 in
716 1255 831 1291 Didyme
855 1256 924 1289 loca,

139 1310 224 1336 eique
237 1307 282 1329 aut
297 1302 545 1334 aniinadvcrsimiis,
560 1307 603 1328 aut
620 1308 741 1328 censurae
756 1302 835 1336 digna
849 1302 925 1329 vide-

140 1349 203 1380 rint,
223 1355 311 1382 opera:
327 1349 442 1383 pretium
459 1349 510 1374 erit
521 1347 601 1374 simul
619 1347 662 1374 hic
673 1346 776 1378 omnia,
792 1347 835 1375 vel
851 1353 926 1375 certe

143 1394 281 1428 potiSsima
300 1393 392 1420 lectori
408 1393 538 1424 indicare,
555 1400 608 1428 quo
623 1392 729 1420 l'acilins
742 1393 828 1420 valeat
843 1393 926 1428 ipsius

142 1439 192 1464 hac
205 1438 239 1464 de
255 1445 282 1464 re
298 1438 371 1464 omni
384 1438 554 1471 opinationcs
566 1445 739 1472 cognoscere.

175 1483 268 1510 I'rimo
284 1483 374 1517 itaque
403 1484 489 1518 ipsmn
515 1483 539 1509 in
564 1491 595 1510 ca
621 1483 703 1511 fuisse
725 1484 846 1518 suspicor
867 1484 925 1518 opi-

141 1529 232 1560 nione,
250 1533 280 1554 ut
296 1529 383 1563 angeli
400 1536 451 1555 non
467 1529 540 1555 omni
557 1529 667 1556 otnniuo
682 1536 794 1562 corpore
806 1529 925 1556 destituti

141 1574 206 1605 sint,
229 1574 275 1601 sed
302 1580 426 1608 respectu
451 1581 571 1601 nostrum
589 1575 778 1601 tantummodo
803 1575 927 1601 dicantur

140 1620 296 1654 incorporei.
316 1620 413 1647 Verum
439 1621 505 1647 satis
526 1621 558 1647 de
575 1621 624 1647 hoc
643 1620 698 1647 dixi
717 1622 741 1647 in
758 1621 871 1655 epistola
895 1621 926 1647 ad

141 1665 378 1700 przcclarissimum
396 1667 536 1700 prmsulem
559 1666 688 1693 Joannem
710 1667 866 1694 Arcltintnm
879 1667 927 1701 la).

177 1713 313 1742 Secundo.
325 1713 408 1739 Itonos
422 1712 533 1745 angelos
546 1713 690 1745 proborum
707 1713 856 1743 hominum,
872 1719 928 1739 ma-

140 1758 181 1784 los
196 1765 259 1784 vero
275 1759 457 1792 improborqu
475 1757 599 1785 custodes
612 1764 673 1784 csse
688 1759 776 1790 dot-et,
792 1758 814 1784 si
835 1763 929 1784 auctor

142 1803 199 1837 ipsc
214 1804 354 1837 I'ragmenti
368 1807 420 1835 est,
438 1804 508 1837 quod
523 1805 573 1830 sub
596 1803 654 1837 ejus
668 1805 776 1830 nomine
793 1805 926 1838 scriptum

143 1849 229 1882 reperi
245 1848 271 1874 in
289 1848 407 1875 Naniano
423 1849 515 1876 codice
528 1849 595 1875 alias
613 1857 627 1875 a
643 1856 684 1875 mo
709 1857 768 1884 pag.
788 1849 841 1875 277
858 1851 928 1876 inter

143 1895 226 1918 uotas’
239 1897 394 1919 memorato.
416 1891 480 1918 Nam
498 1893 593 1927 pagina
612 1893 664 1920 5‘28
679 1892 736 1926 ejus
751 1893 851 1920 codicis
873 1894 929 1920 tunc

142 1937 192 1971 legi
202 1936 339 1972 ίΔιδύμου.
350 1937 417 1974 [ιιι]
427 1938 495 1970 Τοὺς
504 1938 553 1972 μὲν
560 1938 654 1972 ἁγίους
659 1938 820 1972 φωταγωγοὶ
827 1939 929 1973 φυλάτ-

140 1989 232 2008 τουσιν
251 1982 373 2016 ἄγγελοι·
396 1983 459 2014 τοὺς
475 1983 504 2009 δε
525 1983 642 2017 φαύλους
667 1983 807 2014 σκοτεινοί,
827 1983 851 2010 id
867 1989 905 2011 est
921 1993 927 2011 :

146 2026 259 2061 Didymi.
276 2026 386 2053 Sanctae
398 2027 501 2061 quidem
519 2027 666 2063 custodiunt
687 2028 771 2061 angeli
789 2029 930 2059 lueis,ma-

143 2073 181 2100 los
200 2081 258 2100 vero
271 2074 356 2109 angeli
371 2075 546 2101 latebrarum.

179 2119 282 2152 Tertio,
296 2121 436 2153 quemdam
453 2120 485 2146 ab
499 2121 557 2154 ipso
570 2121 724 2155 angelorum
739 2121 859 2147 ordinem
878 2121 928 2146 ad-

974 209 1060 231 tarum
1088 212 1149 239 pag.
1176 205 1210 232 26
1237 204 1290 237 (ad
1310 211 1380 231 vers.
1406 204 1439 231 58
1460 204 1555 238 capitis
1580 212 1616 232 νη
1641 205 1756 232 Aetnam

977 254 1063 283 apost.
1083 250 1162 284 inira)
1181 259 1188 277 :
1206 250 1272 277 Cum
1296 250 1343 282 ibi,
1370 250 1455 284 inquit
1479 250 1586 285 (nempe
1611 250 1638 277 in
1665 251 1756 285 coelo),

975 295 1061 320 adhuc
1079 299 1161 321 carent
1182 295 1269 328 angeli
1285 299 1422 329 apostatte,
1439 300 1514 322 terra:
1535 296 1657 330 a/fectum
1670 297 1759 331 aliiu—

975 344 1033 365 rant
1048 346 1103 366 :ex
1121 348 1172 375 quo
1196 340 1262 366 illud
1286 347 1451 368 consecutum
1476 345 1529 372 est.
1556 346 1584 368 ut
1608 350 1622 368 e
1642 342 1704 369 telo
1730 343 1757 369 in

974 390 1071 411 terram
1091 385 1293 420 projicerentur.
1316 386 1402 413 Simili
1420 388 1499 413 tnodo
1514 387 1628 414 tremens
1655 387 1700 414 lib.
1720 395 1757 418 tv,

976 437 1037 464 cap.
1054 429 1087 456 16
1101 439 1107 457 :
1126 430 1215 464 Augeli
1230 430 1334 463 quidem
1353 431 1519 465 transgressi,
1536 432 1633 466 inquit,
1654 432 1756 458 decide-

976 474 1082 501 runt‘in
1098 480 1205 502 terram.
1221 476 1319 510 Atque,
1336 480 1363 502 ut
1384 476 1451 503 alios
1469 481 1637 510 praeteream,
1662 477 1759 504 Panta—

976 521 1035 549 leon
1057 522 1188 550 diaconus
1208 528 1288 557 atque
1307 522 1507 557 Chartophylax
1531 522 1557 549 in
1581 523 1616 549 3‘2
1641 523 1759 550 Naniano

975 568 1069 595 codice
1096 576 1156 603 pag.
1175 569 1237 601 I87,
1257 569 1335 596 Κατὰ
1365 568 1413 595 τοῦ
1444 568 1597 595 ἀποστάται)
1625 569 1683 604 (ait)
1714 570 1760 596 καὶ

976 614 1094 650 πονηρυῦ
1115 615 1221 641 Σατανᾶ
1232 622 1239 630 ·
1256 615 1303 641 τοῦ
1323 614 1361 646 ὡς
1377 614 1503 650 ἀστραπή
1530 615 1562 640 ὲκ
1581 614 1627 641 τοῦ
1643 615 1758 651 οὐρα.νοῦ

976 659 1044 694 πρὸς
1058 659 1108 694 τὴν
1129 659 1181 695 γῆν
1194 659 1429 690 κατασπασθέντος
1455 660 1503 686 σὺν
1523 661 1577 691 τοῖς
1597 660 1761 695 ἀκαθάρτοις

976 706 1022 732 καὶ
1050 707 1177 741 πονηροῖς
1199 705 1281 733 αὑτοῦ
1299 707 1458 742 πνεύμασιν,
1476 707 1500 734 id
1522 712 1572 738 est,
1585 707 1682 734 Contra
1698 715 1760 742 apo-

975 757 1069 778 slatam
1088 757 1111 778 et
1138 752 1234 778 malum
1249 751 1388 784 Satanam,
1410 753 1455 787 qui
1471 757 1498 778 ut
1512 752 1601 787 fulgur
1619 760 1632 779 e
1650 752 1712 779 cado
1734 754 1762 779 in

977 803 1072 824 (errant
1087 798 1218 824 detractus
1226 803 1264 825 est
1274 807 1325 825 una
1341 806 1399 825 cum
1413 800 1556 825 immundis
1567 801 1622 825 suis
1634 799 1761 834 malisque

977 844 1117 877 spiritibus.
1128 844 1232 871 Atcum
1249 844 1400 880 Didymntn.
1417 849 1471 871 tum
1485 845 1551 871 alios
1567 845 1601 871 ita
1621 845 1760 879 loquentes

977 889 1043 916 nihil
1064 889 1135 915 aliud
1151 894 1287 924 spectasse
1307 889 1480 921 crediderim,
1502 897 1581 923 quam
1596 891 1665 923 quod
1679 889 1761 916 Isaias

976 936 1013 962 ait
1029 943 1088 970 cap.
1107 942 1162 968 xlv,
1179 943 1248 962 vers.
1265 935 1319 962 I2:
1343 935 1479 967 Quomodo
1499 937 1615 962 cecidisti
1635 936 1666 962 de
1686 937 1760 967 5min,

977 981 1083 1015 Lucifer
1093 982 1138 1008 7...
1155 982 1278 1008 carruisti
1301 982 1327 1009 in
1354 987 1459 1008 (errant.
1486 981 1536 1008 Ubi
1555 986 1645 1008 tamen
1670 982 1760 1008 statim

977 1026 1116 1061 subiungit
1137 1028 1267 1061 propheta
1285 1036 1291 1054 :
1314 1027 1497 1054 Verumtamen
1516 1027 1550 1053 ad
1577 1027 1707 1061 infernum
1721 1029 1762 1054 ile-

977 1072 1087 1098 traheris
1111 1073 1139 1099 in
1162 1073 1321 1106 profundum
1337 1073 1397 1100 laci.
1422 1073 1484 1099 Iltec
1512 1073 1582 1099 enim
1614 1074 1701 1099 omnia
1729 1074 1763 1101 de

977 1118 1083 1145 diabolo
1109 1119 1242 1146 intellecta
1269 1118 1352 1145 fuisse
1374 1126 1387 1145 a
1409 1119 1519 1154 Didymo
1550 1123 1657 1146 constat
1679 1126 1711 1145 ex
1730 1119 1763 1145 iis

976 1171 1035 1198 qua:
1051 1164 1139 1199 legere
1161 1164 1222 1191 licet
1238 1165 1263 1191 in
1284 1169 1380 1191 catena
1394 1165 1421 1191 in
1436 1164 1564 1191 Joannem
1581 1164 1614 1191 ad
1638 1171 1698 1199 cap.
1720 1172 1761 1196 ιιι.

977 1219 1047 1239 vers.
1061 1211 1104 1243 15,
1119 1219 1180 1245 pag.-
1195 1211 1239 1239 9-4.

1012 1258 1104 1289 Sexto,
1127 1258 1159 1285 de
1185 1257 1287 1292 angelis
1308 1256 1451 1284 rebellibus
1470 1264 1522 1284 non
1541 1256 1607 1284 satis
1623 1261 1696 1284 recte
1711 1256 1759 1283 ali-

977 1304 1036 1330 cubi
1055 1303 1126 1337 loqui
1145 1303 1228 1330 videri
1247 1307 1344 1337 potest,
1361 1303 1423 1329 dum
1441 1302 1473 1329 de
1490 1302 1522 1329 iis
1537 1307 1567 1329 ut
1588 1302 1616 1329 in
1640 1302 1682 1329 via
1697 1302 1761 1329 olim

976 1350 1170 1377 exsislcntibus
1194 1349 1258 1384 egit.
1284 1348 1405 1383 Namque
1432 1349 1457 1375 in
1475 1347 1707 1381 Enarrationibus,
1728 1349 1762 1375 ad

979 1395 1140 1423 versiculum
1155 1395 1172 1422 9
1188 1395 1312 1429 Epistula:
1328 1394 1402 1421 ludas
1424 1395 1480 1421 haec
1499 1394 1610 1429 legimus
1626 1403 1632 1422 :
1650 1393 1706 1420 Nec
1725 1400 1763 1422 est
1798 1417 1803 1426 ,

977 1442 1096 1468 diabolus
1119 1446 1221 1468 terrena
1239 1440 1403 1471 substantia:
1424 1440 1516 1466 [tabuit
1536 1440 1605 1466 enim
1620 1440 1763 1473 aliquando

977 1488 1093 1514 diuinam
1119 1486 1240 1521 gloriam,
1267 1490 1291 1513 et
1317 1490 1437 1512 sanctam
1467 1485 1513 1512 Dei
1537 1485 1682 1517 scientiam,
1703 1486 1762 1512 licet

978 1539 1114 1559 conversus
1144 1531 1176 1557 de
1198 1531 1379 1565 magnitudine
1401 1535 1474 1556 tanta
1490 1530 1622 1557 ceciderit.
1643 1529 1670 1557 In
1696 1530 1763 1557 libro

978 1581 1066 1604 autem
1089 1577 1125 1603 De
1147 1575 1248 1611 Spiritu
1264 1581 1365 1609 sancto,
1387 1583 1462 1602 nutn.
1477 1575 1521 1608 12,
1542 1581 1681 1610 postquam
1698 1584 1765 1602 san-

978 1623 1035 1646 ctos
1063 1619 1171 1653 angelos
1210 1623 1314 1646 naturae
1341 1617 1477 1645 mutabilis
1513 1625 1572 1645 esse
1600 1618 1760 1645 aﬂirmavit.

979 1665 1035 1692 haec
1050 1665 1130 1692 verba
1143 1665 1215 1692 addit
1232 1672 1239 1691 :
1255 1664 1326 1691 Licet
1339 1665 1365 1691 in
1382 1663 1542 1691 beatitudine
1556 1669 1578 1691 et
1590 1665 1763 1691 sanctimonia

978 1716 1147 1744 perseverent.
1158 1710 1196 1738 Ac
1210 1711 1287 1744 paulo
1299 1715 1359 1745 post
1371 1710 1520 1746 suhjnngit,
1533 1711 1554 1737 si
1569 1718 1649 1737 ttuutn
1669 1710 1764 1738 saltem

979 1756 1101 1791 angelum
1116 1755 1306 1788 convertibilis,
1320 1755 1345 1783 id
1357 1760 1399 1782 cst
1419 1755 1555 1783 mutabilis
1582 1762 1682 1783 natura:
1703 1764 1765 1783 csse

979 1802 1185 1834 ostenderimus,
1198 1802 1293 1828 merito
1306 1802 1357 1828 dici
1376 1809 1456 1836 posse
1469 1809 1563 1829 omnes
1583 1803 1693 1829 Otllltltln
1717 1810 1763 1828 ξηι-

980 1848 1052 1883 gelos
1075 1856 1134 1876 esse
1158 1848 1293 1875 mutabilis
1312 1853 1423 1880 naturas,
1441 1847 1509 1878 licet.
1526 1848 1622 1882 inquit,
1638 1857 1689 1874 nou
1712 1849 1764 1874 sint

980 1895 1094 1921 converti
1112 1894 1139 1920 in
1157 1894 1315 1920 beatitudine
1330 1899 1528 1927 perseverantes.
1548 1894 1581 1920 At
1596 1895 1616 1921 si
1627 1894 1700 1928 juxta
1718 1894 1764 1920 [)i-

980 1941 1087 1975 dymum
1111 1941 1198 1976 angeli
1220 1941 1264 1975 qui
1284 1948 1336 1967 non
1365 1948 1522 1974 peccavere,
1550 1940 1576 1967 itt
1600 1941 1765 1968 beatitudine

980 1990 1197 2019 perseverarunt,
1212 1985 1286 2019 sequi
1303 1986 1418 2016 videtur,
1438 1989 1466 2010 ut
1486 1992 1531 2012 eos
1546 1986 1590 2020 qui
1608 1992 1764 2019 peccatum,

980 2038 1012 2058 ex
1027 2031 1192 2057 beatitudine
1209 2031 1342 2058 excidisse
1359 2031 1567 2063 existimaverit,
1587 2032 1699 2066 ideoque
1721 2040 1766 2057 au-
1804 2050 1809 2055 .

981 2076 1056 2110 gelis,
1074 2085 1134 2103 cum
1156 2078 1183 2103 in
1204 2078 1244 2103 rio
1269 2078 1548 2110 adlmc‘cxsistebaut,
1572 2078 1764 2105 beatitudinem

982 2122 1117 2148 tribuerit.

143 2166 254 2193 tuissum
274 2174 333 2193 esse
357 2167 496 2200 suspicor,
516 2168 559 2201 qui
581 2168 608 2194 in
635 2167 774 2200 Scriptura
795 2174 927 2194 vocentur
942 2174 967 2205 υ
1014 2166 1149 2199 Attamen,
1167 2173 1195 2193 ut
1212 2175 1306 2194 verum
1332 2167 1427 2199 l'ateur,
1445 2169 1487 2194 vix
1512 2168 1537 2194 in
1550 2168 1667 2195 animum
1687 2169 1765 2196 indu-

142 2211 252 2242 Ai'ones,
269 2213 325 2239 sivc
342 2211 456 2244 Sa'rula,
481 2218 510 2238 ut
525 2213 578 2239 dixi
596 2221 655 2248 pag.
677 2213 736 2245 155,
754 2219 807 2239 ιιοῑ.
827 2213 861 2240 De
876 2221 926 2247 qua

142 2258 268 2290 opinione
282 2258 390 2292 legenda
403 2262 465 2283 sntit
475 2266 534 2291 ιμιςι)
549 2258 656 2290 scripsit
673 2258 821 2285 Coteterins
837 2258 927 2284 tutuoi

147 2303 255 2329 Patrum
269 2303 485 2336 apostolicorum,
499 2311 558 2338 pug.
578 2304 638 2334 405,
655 2308 710 2330 not.
726 2302 768 2332 18,
780 2307 806 2328 et
820 2310 845 2336 p.
865 2302 926 2329 406.

180 2347 291 2380 Quarto.
304 2348 441 2376 dminoues
458 2350 492 2375 ab
505 2348 650 2375 immundis
666 2347 807 2382 spiritibus
831 2348 928 2374 distin-

142 2401 224 2426 guctc
243 2394 349 2420 videtur
369 2395 394 2420 iu
407 2394 475 2421 Iilnro
492 2394 529 2420 De
550 2393 654 2428 Spiritu
673 2398 774 2424 sancto,
790 2400 865 2420 num.
883 2392 926 2419 56.

143 2438 179 2464 Ilii
195 2439 264 2465 cnim
281 2439 396 2473 primum
409 2439 538 2466 vocabulo
558 2439 927 2473 spiritusnuncupariaitsu-

142 2492 235 2517 terim:
245 2484 460 2518 rationabtluqu
470 2485 587 2516 uirtutes,
598 2484 622 2510 id
633 2488 674 2510 est
683 2487 790 2509 sanctos
798 2483 905 2518 angelos
918 2492 925 2509 :

142 2529 239 2557 deinde
253 2530 395 2556 rationales
409 2538 510 2565 quoque
531 2530 598 2556 alia:
612 2533 756 2560 creaturas,
770 2535 793 2554 et
813 2528 844 2555 de
862 2529 927 2555 bona

142 2575 169 2600 iu
185 2577 281 2602 malum
296 2581 384 2607 sponte
400 2577 506 2610 propria
529 2576 688 2609 pro/luentes
712 2574 800 2600 vocari
819 2574 927 2608 spiritus

142 2621 264 2652 pessimos
279 2625 306 2647 et
322 2621 428 2653 spiritus
445 2620 605 2646 immundos.
639 2618 708 2645 Tum
727 2617 835 2644 demttm
862 2618 928 2644 sub-

139 2666 236 2700 iungit.
262 2667 371 2700 spiritus
392 2673 491 2700 quoque
512 2666 641 2691 darmouu
663 2664 689 2689 in
718 2663 864 2698 Evangelii;
881 2672 927 2697 ap-

140 2711 243 2744 pellnri.

175 2757 288 2791 .Quinto,
314 2757 421 2792 angelos
444 2761 579 2792 apostatas
599 2756 624 2782 in
646 2761 742 2783 terram
762 2764 776 2783 c
797 2756 864 2782 εωιο
881 2757 926 2784 de-

177 2815 216 2849 (a)
231 2814 322 2841 Exstat
340 2813 420 2839 intra.

306 2860 439 2889 1³Ατκοι..
463 2859 521 2888 (in.
545 2857 695 2887 XXXIX.

986 2220 1047 2239 cere
1063 2220 1142 2247 queo,
1157 2213 1297 2248 Uidynnnn
1315 2213 1340 2239 in
1359 2221 1388 2239 ea
1407 2213 1488 2240 fuisse
1503 2214 1646 2247 sententia,
1663 2220 1692 2241 ut
1717 2224 1766 2242 an-

983 2257 1032 2291 geli
1058 2258 1164 2292 reprobi
1188 2258 1313 2285 beatilica
1335 2259 1381 2285 Dei
1400 2259 1501 2286 visione
1524 2259 1667 2292 aliquando
1690 2262 1766 2295 potiti

982 2304 1047 2335 sint,
1067 2311 1118 2338 qua
1133 2306 1301 2338 postmodum
1321 2305 1416 2338 privati
1433 2305 1542 2332 fuerint.
1562 2305 1625 2332 Nam
1646 2311 1672 2333 et
1688 2307 1766 2333 allati

983 2348 1040 2376 lo¢a
1056 2353 1129 2376 recto
1145 2356 1224 2375 sensu
1243 2349 1309 2375 satis
1329 2349 1469 2376 commode
1487 2351 1584 2384 exponi
1602 2358 1679 2384 possit
1695 2358 1765 2384 reor,

982 2401 1032 2421 nec
1047 2394 1108 2421 alibi
1121 2402 1243 2428 usquam,
1265 2394 1335 2429 quod
1352 2394 1446 2427 sciam,
1467 2395 1595 2428 ejusmodi
1612 2397 1765 2430 opinionem

982 2443 1090 2466 εθοιιιυε
1103 2445 1155 2467 CSI.

1017 2484 1093 2517 Quod
1116 2485 1212 2512 attinet
1230 2485 1321 2517 itaque
1343 2486 1376 2513 ad
1391 2487 1507 2520 primttm
1529 2486 1628 2518 locum,
1642 2487 1766 2522 equidem

981 2538 1041 2558 cum
1058 2532 1161 2558 videam
1179 2531 1385 2559 Euarrationum
1405 2532 1551 2560 editionem
1566 2533 1671 2560 tuendis
1685 2534 1768 2561 rcl'cr—

982 2580 1035 2603 tam
1057 2583 1127 2607 esse.
1140 2581 1169 2603 ut
1184 2577 1305 2604 dicebam
1326 2579 1460 2613 superius,
1474 2578 1530 2606 sive
1543 2579 1578 2606 ob
1593 2581 1767 2614 typographu-

982 2630 1040 2649 rtttn
1053 2622 1193 2655 incuriam,
1214 2624 1270 2650 sive
1292 2624 1363 2658 quod
1390 2624 1485 2650 unicus
1509 2623 1552 2650 ille
1570 2625 1652 2651 codex
1669 2632 1766 2653 manu-

981 2668 1106 2702 scriptus,
1120 2675 1152 2695 ex
1171 2677 1224 2703 quo
1247 2669 1362 2702 pritnutn
1375 2670 1514 2703 impressa:
1530 2674 1602 2702 sunt,
1621 2672 1766 2699 mendosus

982 2712 1068 2745 foret;
1089 2713 1200 2747 proinde
1222 2714 1348 2749 coniicio,
1364 2713 1488 2741 Latinum
1510 2715 1662 2743 earumdem
1681 2715 1767 2743 Euar-

981 2759 1111 2785 rationum
1138 2759 1310 2794 interpretem
1335 2768 1387 2786 non
1411 2760 1554 2794 scripsisse
1576 2761 1689 2788 diuinam
1707 2762 1776 2796 glow

1595 2857 1611 2885 ’ἴ
