1907 3063
134 108 187 136 203

851 101 893 127 DF.
912 100 1041 127 DIDYMO

1699 99 1752 127 2ΰῦ

136 164 214 191 riam.
229 161 283 194 sed,
304 160 415 188 diuinam
431 160 562 195 gratiam;
584 163 638 186 tum
665 167 713 193 pro
728 158 844 186 dictione
857 165 918 193 9η-
933 161 956 187 Λ
970 161 1056 183 tamen
1068 155 1163 183 detenti
1181 155 1306 189 supplicio
1320 155 1471 189 retipirceut
1485 155 1551 182 unde
1565 154 1722 183 ceciderunt.
1737 166 1749 181 -ι

136 210 199 234 tiam
217 206 356 241 irrepsisse
375 212 468 232 vocem
489 205 600 240 gloriam
615 211 625 230 :
639 211 692 239 quo
714 203 778 231 niltil
799 203 915 236 facilius,

137 260 198 279 cum
210 252 236 280 in
250 251 375 278 vestustis
387 250 551 277 membranis
561 249 767 284 compendiaria:
779 249 918 282 utriusque

139 298 211 325 meis
230 297 369 329 scripturae
384 303 477 330 parum
495 303 508 322 a
527 303 556 323 se
577 294 690 321 invicem
706 294 806 326 absint,
829 298 857 320 nt
879 293 918 320 sic

139 344 243 378 loquar.
261 349 292 369 ac
311 341 388 368 valde
404 341 506 368 similes
525 340 588 367 sint.
609 339 685 372 Quod
706 339 728 366 si
749 337 918 366 retinendum

139 388 249 416 omitino
279 388 339 422 quis
360 386 428 413 velit
455 385 610 413 vocabulum
632 385 752 418 gloriam,
779 383 919 418 Ditlymum

139 435 234 461 divina
255 431 345 466 glorior
366 431 473 458 nomine
491 438 542 457 non
560 429 708 457 beatilieam
722 429 851 455 visionem
876 427 920 454 de-

140 478 262 513 signasse
276 476 453 512 respondebo,
470 475 516 503 sed
532 474 700 509 splendorem
716 473 808 508 gratiae
826 480 857 501 ac
873 472 922 498 do-

141 531 237 552 norum
258 521 502 556 supernatnralium
527 520 633 548 Satanae
651 527 664 546 ιι
679 519 825 546 Conditore
840 517 923 545 colla-

144 575 241 597 torum.
259 567 325 595 Nam
347 575 396 594 vos
411 566 483 598 δόξα,
508 566 564 593 sive
579 565 662 600 gloria
680 572 750 598 stupe
770 572 784 590 ιι
810 563 923 598 Didymo

143 614 179 641 ita
192 613 333 647 accipitur,
351 617 379 638 ut
390 611 535 638 claritatem
546 609 770 644 splendoremque
778 608 921 643 signiticet,

144 661 210 686 sicut
237 659 299 685 alibi
328 657 501 684 monuimus:
517 663 567 683 nec
591 655 698 690 proprie
723 654 809 682 sancti
835 654 922 688 angeli

144 703 224 739 [Lill]
236 704 360 730 dicuntur
374 702 465 729 habere
478 701 594 728 divinam
611 701 732 735 gloriam,
742 699 768 726 id
788 705 829 727 est
842 699 923 727 beati-

146 752 221 776 licam
237 749 379 775 visionem'
398 747 443 776 sed
471 747 524 780 [νιιὶ
548 747 635 773 divina
650 745 745 781 gloria,
763 750 809 772 aut
834 745 924 781 potius

145 794 238 820 (σείσεΙὶ
255 793 346 827 gloria.

181 839 208 866 ln
241 838 324 865 altero
354 844 440 864 autem
470 837 544 869 loco,
577 844 655 871 quem
684 836 806 871 superius
836 835 926 870 attigi-

147 891 215 918 mus,
237 884 295 910 ideo
309 889 414 911 sanctos
426 883 535 917 angelus
555 883 581 908 in
595 882 752 909 beatitudine
765 889 926 916 perseverare

147 932 194 962 ait,
206 935 234 956 ut
245 934 318 964 puto.
338 929 408 963 quod
424 933 471 956 aut
494 927 552 954 illos
569 931 671 961 spectet
687 932 817 961 quatenus
833 926 861 953 in
879 934 926 960 pa-

147 975 208 1004 tria.
226 983 279 1002 non
297 976 324 1001 in
344 975 384 1002 ria
397 974 570 1005 exsisteutes;
585 977 632 1000 aut
645 980 692 1006 per
707 973 926 1007 anticipationem

148 1023 259 1055 loquens
288 1020 472 1046 beatitudinem
500 1024 576 1046 voret
599 1026 659 1045 eum
688 1023 799 1050 statum,
825 1018 850 1045 in
875 1025 929 1052 quo

147 1071 225 1094 crant
246 1074 307 1093 cum
333 1065 419 1092 adhuc
441 1070 533 1092 essent
552 1064 579 1090 in
601 1064 657 1096 ria;
672 1069 717 1090 aut
732 1063 840 1090 demunt
865 1063 928 1098 quia

149 1112 232 1140 creati
261 1116 323 1138 sunt
352 1111 378 1137 in
407 1110 565 1137 beatitudine
592 1109 760 1142 imperfecta,
788 1113 818 1136 ut
852 1109 931 1136 docet

150 1159 179 1186 S.
193 1159 320 1186 Thomas.
340 1157 367 1184 ln
387 1157 479 1184 eodem
499 1164 564 1183 sane
585 1155 652 1182 libro
675 1155 711 1182 De
725 1154 824 1189 Spiritu
843 1160 931 1181 sancto

151 1211 224 1230 num.
251 1202 295 1232 Gl.
314 1205 412 1228 statum
431 1208 462 1227 ex
478 1208 531 1235 quo
544 1200 642 1227 excidit
657 1199 783 1232 Satanas,
796 1206 932 1234 exponens

153 1249 279 1283 Didymus
309 1247 394 1281 inquit
416 1256 423 1273 :
447 1245 521 1272 Unde
548 1251 571 1272 et
594 1245 766 1272 convertibilis
793 1245 931 1281 (Satanas)

151 1300 227 1329 atque
247 1293 390 1325 mutabilis,
403 1300 417 1319 e
430 1292 567 1319 sanctitate
581 1291 676 1319 decidit
692 1295 767 1326 atque
787 1292 892 1318 uirtute.
901 1290 934 1319 Et

154 1340 178 1366 iu
203 1338 422 1365 Enarratiottibut
445 1338 477 1365 ad
501 1342 580 1372 caput
606 1345 611 1363 I
641 1337 725 1371 Epist.
751 1336 759 1363 l
782 1336 849 1363 Petri
869 1345 875 1363 :
902 1336 933 1362 In

153 1386 283 1420 inﬁnitum
304 1385 436 1411 beatomm
464 1382 621 1417 permanebit
647 1382 796 1409 Ittercditat.
822 1383 862 1410 Ac
888 1383 934 1410 de-

155 1438 225 1457 nutm
241 1430 268 1456 in
284 1429 352 1456 libro
367 1428 489 1455 adversus
506 1427 664 1454 Maniclta'os
680 1435 738 1462 cap.
756 1428 781 1458 l,
799 1427 934 1455 diabolum

155 1480 232 1503 vocat
246 1474 386 1509 principem
402 1472 542 1503 malorum,
561 1477 585 1499 et
601 1473 711 1506 primum
736 1473 780 1507 qui
809 1481 828 1499 α
840 1473 934 1499 virtute

156 1520 248 1554 defecit
269 1527 278 1546 :
299 1526 359 1552 cap.
382 1525 444 1544 vero
460 1516 494 1543 19.
518 1525 524 1543 :
550 1515 668 1548 Factus.
689 1517 792 1550 ittquit,
815 1521 842 1543 ut
873 1512 971 1543 etset‘C

157 1567 246 1596 boum,
262 1569 413 1598 potestatem
429 1563 532 1589 virtutis
557 1562 688 1596 capienda:
712 1562 888 1596 imperfectum
914 1567 937 1588 et

157 1618 276 1637 mancam
301 1609 408 1636 servavit
432 1606 592 1644 (diabolus);
619 1612 771 1642 potestatem
800 1616 858 1634 vero
883 1608 939 1634 uitii

157 1654 313 1687 suscipiendi
328 1653 361 1679 ad
375 1657 465 1680 artum
479 1653 610 1682 perduxit.

195 1699 325 1734 Septimo,
346 1697 427 1724 Verbi
441 1698 653 1724 incarnationem
669 1704 727 1734 non.
740 1698 813 1730 prius
827 1697 939 1731 ιιιιεε-Ιιε,

159 1754 239 1780 quam
263 1745 338 1772 nobis
360 1750 450 1772 notant
466 1751 527 1771 esse
546 1744 654 1776 laetam,
680 1745 733 1771 imo
749 1752 807 1771 eam
827 1752 873 1778 per
893 1752 941 1770 nos

159 1790 260 1825 angelis
275 1791 423 1817 innotuisse
437 1791 513 1817 docet
533 1789 579 1816 lib.
595 1797 622 1816 Ill
645 1789 681 1817 De
696 1791 778 1823 Trin.,
800 1798 861 1824 pag.
878 1789 940 1817 592.

160 1835 235 1868 Quod
252 1840 340 1862 tamen
358 1834 537 1869 explicatione
557 1834 644 1869 aliqua
662 1834 783 1869 indigere
797 1842 876 1862 netno
889 1843 941 1862 non

161 1881 242 1911 ridet,
259 1888 293 1908 ne
307 1880 371 1908 illud
389 1886 581 1914 consequatur.
603 1884 631 1906 ιιι
645 1881 728 1906 beata:
744 1880 845 1915 Virgini
857 1888 889 1907 ac
900 1888 944 1914 pa-

160 1926 287 1958 storibus,
319 1925 416 1960 quibus
441 1925 589 1952 Salvatoris
618 1925 746 1952 nativitas
778 1925 811 1952 ab
840 1925 943 1960 angelis

162 1972 282 1999 nuntiata
299 1976 350 2004 est,
366 1971 440 2007 prius
456 1976 544 1999 notum
566 1971 649 1998 fuisse
669 1971 881 1999 incarnationem
895 1980 941 1999 vo-

162 2018 243 2046 luerit
255 2017 393 2053 Didymus,
410 2025 490 2051 quam
505 2017 621 2044 Gabrieli
637 2017 808 2052 archangelo,
820 2023 846 2044 et
860 2025 938 2052 ange-

116 2061 121 2068 '
162 2064 204 2095 lis,
223 2063 266 2097 qui
284 2063 432 2089 Salvatoris
450 2062 592 2088 adventum
611 2062 702 2089 Mariae
722 2063 782 2097 ipsi.
800 2071 831 2089 ac
853 2069 944 2097 pasto—

163 2109 236 2135 ribus
251 2107 456 2134 annuutiarunt.
472 2106 586 2134 Sanctus
598 2105 715 2134 Thomas
728 2115 792 2134 sane
803 2107 911 2142 angelos
930 2115 945 2133 a

163 2153 294 2187 principio
307 2159 362 2179 sum
380 2151 554 2178 beatitudinis
568 2152 737 2186 praescivissc
750 2152 827 2179 docet
846 2157 943 2188 myste-

164 2198 233 2224 riutn
250 2196 455 2229 incarnationis,
470 2197 555 2230 quoad
577 2197 756 2224 substantiam
775 2201 874 2230 tamen,
892 2206 942 2224 non

164 2249 226 2267 vero
252 2242 339 2275 quoad
365 2248 459 2267 omnes
480 2241 705 2268 circumstantias.
725 2241 790 2274 Quze
811 2243 943 2269 sententia

166 2287 242 2313 facile
255 2293 315 2313 cunt
330 2286 435 2321 Didymi
453 2286 540 2313 verbis
552 2287 690 2313 conciliari
705 2292 803 2321 potest.

200 2342 312 2374 Octavo,
329 2343 361 2370 de
379 2342 482 2378 angelis
497 2342 577 2377 lapsis
593 2343 696 2370 duobus
716 2343 742 2370 in
757 2343 824 2370 locis
837 2351 947 2378 loquens

167 2389 304 2425 Didymus,
320 2388 468 2423 aliquorum
483 2389 705 2423 rcsipiscentiam.
718 2390 946 2422 eutendationetn,

166 2444 197 2461 ac
217 2435 329 2462 salutem
358 2442 405 2468 per
425 2434 560 2462 Christum
574 2435 607 2462 ab
617 2435 657 2463 eis
677 2435 815 2463 obtentam
830 2443 949 2464 comme-

168 2487 264 2508 morat.
280 2480 386 2508 Primus
403 2480 478 2508 locus
500 2485 589 2508 exstat
613 2482 701 2515 capite
730 2482 744 2508 1
762 2481 948 2509 Enarrationis

169 2535 194 2554 ut
209 2526 351 2560 Epittolam
365 2525 378 2553 I
394 2526 476 2558 Petri,
492 2531 520 2554 et
532 2535 546 2552 ιι
566 2526 698 2562 Basnagio
712 2532 777 2554 tom.
790 2527 798 2553 Ι
810 2525 952 2554 Lentim—

170 2574 232 2608 tiqq.
245 2572 344 2600 Canisii
364 2580 425 2608 pag.
441 2572 509 2604 l99,
524 2572 564 2600 sic
578 2573 746 2607 redarguitur
763 2581 770 2588 ο
792 2582 800 2598 ι
822 2572 951 2600 llomiues

169 2625 276 2651 pravos,
291 2617 380 2651 etiam
393 2623 493 2645 interno
505 2617 647 2645 datnttatos
665 2617 798 2652 supplicio
819 2617 952 2651 paeniten—

169 2663 236 2689 tiam
254 2661 317 2688 olim
338 2667 456 2694 acturos,
473 2668 504 2690 ut
520 2667 547 2690 et
565 2662 710 2693 (laetuonas,
723 2662 836 2689 credidit
857 2661 950 2696 (Didy-

170 2707 250 2740 titus).
266 2705 335 2733 Nam
347 2707 416 2739 licet,
431 2707 527 2742 inquit,
538 2707 644 2742 quidam
655 2707 740 2742 angeli
753 2708 804 2734 siut
815 2708 898 2741 pravi,
910 2711 952 2733 at-

971 201 1006 227 lta
1023 200 1179 235 Basnagius.
1195 199 1247 227 Sed
1271 200 1402 234 integrum
1420 199 1521 235 Didymi
1540 200 1627 226 locum
1652 201 1754 227 exscri-

971 247 1035 273 bere
1050 253 1138 280 operte
1153 245 1267 280 pretium
1282 250 1333 273 est.
1348 245 1468 278 Explicat
1489 245 1523 271 ibi
1539 251 1678 272 enarrator
1694 254 1755 274 ver-

972 292 1071 319 siculos
1088 291 1133 323 10,
1151 291 1179 318 ll
1211 298 1241 318 at
1259 291 1293 317 η
1318 291 1413 325 capitis
1433 291 1521 326 primi,
1539 291 1676 325 inquibus
1697 292 1753 318 haec.

973 339 1043 364 inter
1058 342 1154 364 extera
1169 338 1293 372 leguntur
1313 345 1319 363 :
1341 337 1377 364 De
1399 347 1448 372 qua
1468 338 1552 364 salute
1576 339 1754 372 exquisierunt

973 388 1047 418 atque
1061 383 1170 409 scrutati
1185 389 1245 410 sunt
1262 383 1427 417 prophetas...
1441 384 1533 415 quibus
1553 383 1692 410 revelatum
1704 390 1755 415 est,

973 429 1042 463 quod
1059 437 1110 456 non
1130 429 1204 464 ipsis,
1224 429 1296 455 nobis
1311 435 1395 455 autent
1417 429 1598 456 ministrabant
1617 430 1683 460 [ια-ε.
1697 439 1756 463 quor

975 483 1042 501 nunc
1069 475 1224 501 annnniiata
1247 479 1306 500 sunt
1327 475 1429 501 vobis...
1454 475 1479 501 in
1498 483 1556 509 quia
1572 476 1757 509 concupiscunt

975 521 1061 555 angeli
1079 521 1234 555 prospicere.
1256 519 1392 546 Postrema
1408 525 1494 546 autem
1508 521 1564 547 haec
1578 521 1656 547 verba
1671 521 1704 547 ita
1721 522 1758 547 in-

977 570 1140 600 terpretatur
1156 574 1162 591 :
1184 575 1192 590 ι
1211 565 1255 591 Sic
1272 565 1426 599 exponitur,
1443 565 1464 591 si
1478 565 1539 600 quis
1551 566 1756 598 existimaverit,

976 612 1109 646 qna-sitam
1134 620 1150 637 α
1172 611 1300 644 prop/retis
1317 611 1426 637 salutem
1445 612 1470 638 in
1495 611 1546 638 line
1569 619 1627 639 esse
1646 613 1756 639 mundi;

977 658 1046 689 quod
1060 657 1086 682 ιιι
1101 657 1235 686 omnibus,
1252 656 1317 682 etin
1333 664 1437 682 summo
1448 660 1489 683 est
1504 657 1621 690 appetitu
1632 665 1639 685 :
1652 657 1759 691 quando

979 702 1060 736 ipsius
1077 702 1182 735 quidem
1206 708 1286 728 causa
1310 701 1360 727 alia
1381 706 1477 728 cuncta
1497 701 1573 731 litlnt,
1590 701 1675 736 ipsum
1695 709 1762 728 vero

978 748 1053 781 cujus
1070 755 1149 775 causa
1162 747 1258 774 nullius
1272 748 1369 782 agitur.
1386 757 1395 772 ι
1413 746 1578 782 [.‘llendosam
1598 747 1639 774 hic
1654 755 1708 773 esse
1721 747 1761 773 Ie-

979 795 1087 820 ctionem
1099 793 1261 828 perspicuum
1277 798 1313 820 est
1328 800 1337 819 :
1353 801 1387 820 an
1403 793 1511 820 delenda
1532 801 1579 819 τοι
1593 793 1686 827 cujus?
1702 791 1761 828 (11)]

981 848 990 864 ι
1007 839 1064 866 Non
1078 840 1125 866 abs
1143 847 1170 865 re
1191 844 1231 866 est
1245 840 1326 866 etiam
1348 838 1458 873 intelligi
1479 839 1511 865 de
1530 839 1630 865 sanctis
1647 838 1760 873 angelis,

979 890 1006 912 et
1029 884 1187 919 sintpliciter
1214 885 1319 911 cunctis
1343 884 1428 912 beatis
1452 883 1627 922 rationalibus
1653 883 1701 909 hoc
1723 883 1764 909 di-

979 935 1061 962 ctum,
1078 937 1137 957 cum
1152 937 1246 957 omnes
1270 930 1415 964 appetitum
1432 929 1547 956 habeant
1560 929 1713 962 prospicere
1728 936 1761 956 ea

979 984 1038 1011 quae
1068 976 1094 1002 iu
1121 975 1173 1002 line
1202 974 1292 1001 steculi
1320 979 1383 1001 sunt
1408 975 1520 1008 agenda.
1539 974 1567 1001 Si
1593 982 1655 1001 vero
1680 974 1762 1000 alium

980 1021 1120 1056 quemdam
1136 1024 1236 1047 statum
1250 1019 1369 1046 fecerunt
1381 1019 1486 1046 beatum
1500 1019 1559 1053 (per
1569 1026 1600 1045 ea
1612 1027 1672 1053 qua:
1687 1026 1764 1045 revo-

981 1067 1032 1094 lata
1048 1071 1109 1094 sttnt
1132 1074 1146 1093 a
1164 1066 1263 1100 Spiritu
1277 1070 1371 1092 sancto
1392 1065 1429 1091 eis
1447 1065 1492 1098 qui
1510 1064 1684 1098 Evangelium
1703 1071 1764 1090 sns-

981 1111 1119 1146 eeperunt)
1148 1115 1245 1145 prater
1259 1117 1319 1137 eum
1337 1110 1382 1143 qui
1400 1110 1494 1136 ductus
1517 1114 1557 1136 est
1579 1108 1656 1144 [legu,
1676 1109 1764 1136 dictus

981 1156 1048 1192 est];
1062 1155 1202 1183 dicendum
1222 1160 1262 1182 est
1279 1160 1306 1182 et
1317 1156 1509 1188 concupiscere
1530 1155 1555 1180 in
1578 1162 1638 1181 cum
1658 1155 1763 1189 prospi-

982 1210 1043 1230 cere
1056 1202 1175 1237 angelos,
1192 1201 1236 1236 qni
1253 1202 1281 1227 in
1296 1201 1510 1236 transgressione
1524 1201 1639 1235 quadam
1663 1200 1763 1227 inventi

982 1253 1054 1277 sunt.
1075 1247 1140 1274 Nam
1158 1247 1219 1274 licet
1234 1247 1344 1282 quidam
1361 1254 1453 1274 eorum
1476 1247 1550 1281 pravi
1569 1246 1632 1279 siut,
1646 1250 1765 1272 attamen

984 1295 1083 1322 detenti
1114 1294 1254 1329 supplicio,
1287 1294 1474 1329 resipiscentes
1502 1293 1573 1320 unde
1605 1293 1765 1320 ceciderunt

985 1341 1065 1375 (quod
1082 1341 1161 1368 etiam
1183 1340 1313 1368 studiosis
1336 1339 1490 1366 hominibus
1516 1338 1765 1372 comprnmittitur),
1792 1354 1796 1358 -

986 1386 1121 1413 habebunt
1140 1385 1301 1413 desideriqu
1321 1385 1361 1412 vel
1383 1392 1430 1419 per
1452 1383 1583 1411 fenestras
1606 1391 1636 1410 ea
1653 1383 1768 1418 respice-
1792 1384 1794 1387 '

987 1438 1024 1458 re.
1047 1441 1057 1457 ι
1077 1431 1175 1458 Τοιιιιιι
1201 1430 1273 1457 hunc
1298 1431 1385 1457 locum
1409 1430 1495 1463 attuli,
1520 1434 1548 1456 ut
1567 1430 1654 1456 videat
1673 1429 1767 1459 lector,

986 1483 1047 1502 eum
1061 1475 1158 1502 alicubi
1178 1475 1254 1502 valde
1270 1474 1413 1502 obscurum
1429 1482 1500 1505 esse.
1518 1475 1575 1500 sive
1591 1474 1615 1500 id
1632 1481 1664 1500 ex
1681 1472 1768 1500 Latini

990 1521 1141 1555 interpretis
1152 1520 1273 1547 barbarie
1283 1520 1458 1554 repetendum
1473 1520 1517 1550 sit,
1532 1520 1588 1546 sive
1601 1527 1632 1546 ex
1649 1523 1768 1546 vetusto-

990 1575 1047 1594 rum
1062 1566 1275 1599 amanuensium,
1287 1567 1344 1593 sive
1360 1573 1392 1592 ex
1409 1566 1632 1600 typographorum
1655 1565 1768 1592 tuendis.

990 1613 1154 1646 Quocunque
1179 1618 1268 1638 au‘em
1298 1612 1376 1639 modo
1401 1619 1430 1639 se
1454 1619 1496 1638 res
1515 1611 1621 1643 habeat,
1646 1611 1769 1645 equidem

990 1665 1061 1692 agre
1075 1657 1192 1684 adducor
1214 1661 1241 1683 ut
1258 1657 1366 1684 credam
1388 1657 1530 1690 genuinam
1547 1664 1608 1684 esse
1629 1657 1770 1683 lectionem

991 1702 1111 1730 vocabuli
1126 1702 1314 1736 resipiacentes.
1331 1702 1423 1729 Nonne
1442 1702 1524 1728 nmlto
1536 1701 1694 1729 concinnior
1707 1709 1770 1727 sen-

992 1748 1072 1775 tentia
1088 1748 1150 1780 erit,
1166 1749 1188 1775 si
1203 1748 1346 1782 lt-geritttus
1365 1755 1372 1773 :
1394 1748 1556 1781 respicientes
1583 1748 1650 1773 unde
1674 1747 1773 1773 cecide-

993 1793 1073 1820 runt?
1086 1793 1151 1826 Quis
1168 1800 1285 1827 unquam
1303 1793 1403 1819 audivit
1427 1792 1577 1825 lmjusmodi
1599 1791 1772 1822 locutiOnem.

993 1838 1169 1872 resipiscentea
1189 1837 1258 1864 unde
1274 1837 1440 1863 ceciderunt?
1455 1841 1501 1863 aut
1521 1837 1647 1870 quidnam
1667 1837 1771 1863 tandem

993 1882 1080 1908 valet?
1098 1882 1229 1909 leerum
1259 1881 1315 1908 sive
1343 1881 1504 1915 respicientes
1530 1879 1608 1916 [LIV]
1634 1881 1772 1915 legendum

994 1927 1038 1958 sit,
1060 1927 1113 1954 sive
1140 1927 1326 1960 resipiscentee,
1342 1926 1436 1953 falsum
1455 1926 1563 1953 omnino
1585 1930 1626 1952 est
1653 1926 1722 1959 qttud
1737 1926 1775 1952 ait

993 1972 1151 2006 Basnagius.
1170 1971 1296 2006 Didymus
1310 1972 1381 1998 enim
1404 1979 1452 1997 nec
1471 1972 1504 1998 de
1518 1970 1670 1998 hominibus
1684 1978 1775 2005 repro-

995 2019 1047 2048 bis.
1060 2025 1110 2045 nec
1125 2018 1158 2045 de
1170 2017 1335 2044 daemonibus
1356 2017 1483 2051 loquitur.
1501 2018 1546 2043 sed
1565 2018 1597 2043 de
1615 2017 1774 2050 quibusdam

996 2063 1097 2098 angelis
1114 2063 1206 2098 lapsis,
1223 2063 1320 2097 quibus
1339 2063 1409 2089 Deus
1426 2063 1590 2096 pmnitentia:
1605 2062 1697 2093 locum
1713 2070 1777 2089 con-

995 2110 1116 2142 cesserit,
1133 2116 1166 2136 eo
1189 2109 1260 2143 quod
1288 2109 1376 2135 minus
1403 2108 1548 2142 peccarint,
1566 2108 1622 2134 sive
1640 2107 1667 2133 in
1692 2113 1778 2134 trans-

961 2176 982 2203 ο
996 2156 1125 2189 gressibus
1135 2155 1248 2189 quadam
1265 2156 1361 2181 inventi
1372 2154 1434 2181 sint.

1034 2200 1114 2228 Multo
1137 2201 1208 2227 enim
1224 2200 1323 2227 clarius
1340 2200 1364 2226 id
1381 2200 1466 2248 ipsum
1484 2197 1617 2224 :tllirmart:
1632 2197 1736 2224 videtur
1752 2197 1777 2223 iu

998 2247 1083 2274 altero
1091 2247 1148 2274 loco
1168 2240 1312 2281 quiexslat
1325 2247 1350 2272 iu
1364 2240 1459 2272 ea‘dem
1466 2244 1652 2275 Enarratiuuc,
1663 2251 1720 2276 cap.
1736 2250 1776 2274 ιιι,

999 2294 1031 2320 ad
1048 2293 1104 2320 btec
1121 2293 1192 2319 Petri
1211 2293 1290 2320 verba
1306 2301 1312 2318 :
1330 2292 1380 2324 Qui
1395 2296 1431 2317 est
1449 2291 1476 2317 in
1492 2291 1596 2316 dextera
1617 2289 1672 2320 Dei,
1687 2289 1779 2323 deglu-

999 2339 1064 2365 tiens
1080 2344 1199 2371 mortem,
1223 2343 1250 2364 ut
1274 2338 1333 2365 niue
1355 2342 1459 2363 ceterum
1481 2336 1594 2363 hteredes
1613 2336 1777 2369 eﬂiceremur,

998 2384 1128 2419 profectus
1142 2385 1170 2411 in
1180 2383 1267 2416 oculos,
1280 2383 1400 2417 subjectis
1413 2382 1463 2409 tibi
1477 2382 1587 2417 angelis,
1605 2386 1628 2407 et
1645 2380 1779 2413 potestati-

1000 2431 1058 2462 bus,
1078 2435 1102 2457 et
1129 2429 1273 2457 uirtutibus.
1307 2429 1343 2456 Ea
1369 2429 1441 2456 enim
1461 2429 1502 2455 sic
1527 2427 1634 2462 exponit
1654 2434 1661 2452 :
1680 2435 1689 2452 ι
1707 2427 1779 2453 Sicut

1001 2483 1049 2511 per
1066 2475 1163 2502 Filium
1178 2476 1233 2507 Dei,
1250 2475 1320 2509 quod
1334 2473 1448 2501 Verbum
1460 2478 1511 2506 est,
1529 2481 1575 2500 seu
1594 2473 1681 2503 Ratio,
1695 2479 1783 2498 essen.

1003 2522 1070 2548 tiam
1082 2525 1178 2548 cuncta
1194 2520 1344 2552 rationalia,
1358 2524 1385 2547 et
1396 2524 1424 2546 ut
1437 2524 1539 2550 essent,
1558 2519 1727 2549 habuerunt;
1744 2516 1780 2542 sic

1003 2574 1050 2602 per
1064 2573 1125 2593 eum
1140 2567 1259 2594 omnium
1271 2573 1363 2593 eorum
1380 2565 1454 2592 salus
1468 2563 1563 2591 eﬂ‘ecla
1577 2568 1628 2590 est.
1645 2562 1695 2595 Qui
1711 2561 1781 2588 enim

1005 2612 1128 2648 [fortasse
1146 2611 1290 2645 legendum,
1304 2611 1366 2645 quia
1382 2608 1467 2645 enim]
1487 2616 1538 2636 nou
1560 2606 1783 2639 substantialiter,

1003 2657 1049 2684 sed
1079 2657 1236 2690 acquisitive
1263 2655 1431 2682 sanctitatem
1450 2654 1558 2687 habent,
1577 2661 1637 2680 cum
1654 2656 1783 2679 creaturae

1004 2707 1066 2731 sunt
1082 2703 1195 2739 [videtur
1207 2703 1352 2737 legendum,
1366 2701 1442 2737 sint],
1458 2702 1519 2736 jure
1531 2701 1651 2736 purgatio
1662 2699 1731 2727 facta
1746 2702 1784 2725 cst

204 2790 242 2828 (α)
261 2791 325 2818 Vide
341 2797 416 2819 notas
430 2793 462 2819 ad
481 2792 549 2818 hunc
565 2791 651 2818 locum
668 2791 693 2818 in
709 2799 775 2818 nova
790 2792 945 2819 recensione
962 2790 1040 2818 infra.
1059 2790 1142 2818 Ειιιτ.
