1907 3063
83 158 137 185 205

650 151 935 182 COMMENTARIUS.
957 167 989 172 -
1010 151 1076 178 LIB.
1101 151 1132 178 ll.

1659 153 1710 182 2οΰ

82 219 156 247 circa
184 221 280 245 cuncta
302 216 353 243 hoc
371 215 448 243 modo
465 215 590 242 habentia
609 215 768 242 bonitatem.
795 214 870 243 Unde
886 217 908 245 Α
924 220 986 245 nus,
997 218 1026 239 ut
1038 217 1152 240 testatur
1165 212 1276 240 Photius
1292 213 1317 239 in
1331 213 1490 241 Bibliotheca
1502 215 1562 242 cod.
1579 222 1711 242 ccxxxm.

83 264 165 290 etiam
180 261 288 289 sublimi
302 268 348 288 ore
361 259 507 296 [legendum
520 265 592 293 puto,
605 259 802 295 sublimiorem]
814 267 873 286 cor—

84 308 231 335 rectionem
262 306 420 339 susripiunt.
448 303 602 338 Paciﬁravit
627 304 697 330 cnint
723 302 800 331 Iesus
830 310 874 336 per

83 353 238 386 sanguinem
252 351 336 378 crucis
354 359 409 378 sua:
427 358 484 383 qua!
500 350 525 376 in
545 349 625 380 cmlis,
643 354 666 376 et
683 357 742 383 qum
761 349 787 376 in
805 352 873 374 terra

83 399 186 430 runt",
208 405 286 424 omne
309 397 407 424 bcllttm
426 396 569 422 destruens
592 400 619 422 et
646 395 798 422 tumultum.
813 393 872 420 Mox

83 445 185 473 etenim
205 445 231 470 in
250 445 378 470 descensu
392 443 459 476 ejus.
478 441 657 468 etnativitate
677 441 744 467 facta
766 441 798 467 de
812 438 873 466 Vir-

84 493 146 527 gine
175 491 276 517 dictum
307 494 348 516 est
375 497 381 514 :
407 487 497 515 Gloria
519 488 545 514 in
572 487 681 514 excelsis
711 486 773 517 Deo.
794 490 818 512 et
847 486 874 510 in

83 544 156 564 terra
173 544 224 570 pax
236 536 269 562 5’.
285 535 459 562 Concorditer
481 538 568 560 autem
596 537 624 560 et
649 532 674 559 in
698 532 874 567 prmscntihus

83 584 185 610 dit-tum
199 588 250 613 est,
269 581 343 614 quia,
364 587 423 606 eum
444 578 638 606 resnrrexisset
663 586 677 605 ξι
707 577 830 608 mortuis,
848 581 875 604 et

83 630 190 656 sederet
211 629 236 655 in
251 628 361 655 dextera
388 627 413 652 iu
429 626 554 655 excelsis.
570 627 702 660 profectus
723 625 750 652 in
771 624 873 657 caelum,

82 677 195 711 subjecti
213 680 272 701 sunt
287 673 372 707 angeli
388 673 422 704 ei,
437 676 576 706 potestates
600 677 677 704 atque
691 671 806 698 virtutes.
820 670 875 698 Sic-

83 728 114 750 ut
138 723 209 750 enim
235 722 357 748 homines
376 719 543 746 abstinentes
574 726 588 744 a
616 717 743 752 peccatis,
763 716 873 750 subjecti

83 773 164 801 sunt;
182 768 216 794 ita
231 771 258 794 et
273 766 412 801 superiora
427 764 567 791 rationalia
584 768 705 791 correcta
719 763 874 796 spontaneis

82 813 182 848 culpis,
197 821 255 847 qua:
269 811 347 848 [/cgo,
363 810 440 846 quas]
456 810 568 837 forsitan
587 809 750 840 habuerunt,
767 808 790 835 ei
809 808 874 835 sub-

81 861 154 894 jecta
170 864 244 892 sunt,
259 858 392 892 completa
409 856 608 891 dispensatione
621 855 711 882 habita
729 862 777 889 pro
789 854 875 881 salute

84 911 256 932 cunctorum.
273 902 404 931 Possihile
425 906 466 928 est
481 906 571 927 autem
594 900 700 934 aliquos
722 898 872 934 huiusmodi

83 950 242 986 spontaneis
254 948 386 983 passionis
399 947 579 974 voluntatibus
591 946 757 973 abstinentes
771 945 873 977 dicere,

84 998 148 1031 quia
164 1004 216 1023 non
232 995 342 1022 omnino
354 993 466 1020 titillatio
485 993 555 1020 facta
572 992 739 1026 significatur
752 991 874 1018 subdito-

85 1051 145 1070 rum
166 1041 321 1070 animalinm
339 1040 520 1074 superiorum.
542 1048 550 1063 ι
571 1038 707 1065 llactenus
734 1037 873 1072 Didymus.

85 1089 137 1122 Qui
154 1089 220 1115 adeo
234 1087 375 1122 perspicue.
390 1085 433 1112 hic
450 1084 580 1118 loquitur,
597 1088 626 1110 ut.
642 1083 733 1117 negari
748 1083 803 1118 jam
821 1089 874 1109 non

85 1134 181 1167 possit.
198 1133 262 1166 quin
278 1133 383 1166 aliquos
398 1130 505 1164 angelos
520 1133 723 1164 rpontonearum
739 1127 876 1162 culparum

85 1185 158 1207 reos,
178 1177 266 1204 salvos
284 1183 332 1211 per
347 1175 437 1202 Jesum
453 1174 588 1201 Christum
607 1172 693 1200 factos
706 1179 765 1200 esse
782 1172 876 1199 existi-

86 1223 212 1255 materit,
230 1230 261 1249 ac
274 1225 397 1255 purgatos
416 1223 497 1253 atqtte
511 1223 650 1245 correctos.

125 1269 163 1295 Ex
180 1269 230 1295 hoc
242 1272 332 1293 tamen
346 1266 477 1292 duntaxat
493 1265 551 1291 loco
569 1263 630 1298 jure
649 1262 742 1290 inferri
762 1269 815 1290 non
831 1268 878 1296 po-

86 1319 153 1346 test,
167 1318 196 1340 ut
209 1313 315 1346 opinor,
331 1311 354 1338 ei
371 1318 476 1337 omnem
491 1309 647 1343 Origeniani
665 1307 818 1344 systematis
831 1306 878 1334 ab-

86 1359 246 1385 sorditatem
259 1357 398 1390 probatam
418 1354 511 1381 fuisse.
531 1353 595 1380 Nam
613 1353 700 1388 primo
717 1360 769 1381 non
784 1352 879 1379 dedre-

87 1405 215 1432 ntonihns
232 1404 297 1438 agit,
316 1403 361 1430 sed
383 1403 414 1428 de
436 1401 538 1435 angelis
552 1400 643 1434 lapsis,
660 1405 755 1434 nempe
779 1406 830 1425 non
846 1398 879 1424 de

86 1450 214 1477 omnibus
240 1448 322 1483 lapsis
341 1447 452 1481 angelis,
476 1446 522 1473 sed
543 1445 575 1473 de
591 1444 761 1480 quibusdam.
779 1443 879 1471 Deinde

89 1503 141 1522 non
160 1495 192 1521 de
216 1493 332 1528 peccatis
353 1491 520 1521 mortalibus.
535 1490 569 1517 ob
591 1497 651 1524 qua!
671 1489 768 1516 inferni
786 1495 879 1521 poenas

90 1541 249 1571 meruerint,
275 1540 378 1566 videtur
399 1537 482 1571 loqui,
498 1537 545 1564 sed
563 1536 594 1563 dc
608 1535 694 1570 culpis
711 1534 877 1561 venialibus:

90 1593 118 1614 ut
139 1586 251 1621 proinde
274 1585 382 1612 tertium
399 1583 532 1618 quoddam
550 1581 704 1616 angelorum
729 1587 813 1615 genus
832 1580 878 1606 ad-

90 1635 198 1661 mtsis~c
215 1631 347 1663 videatur,
363 1630 407 1664 qui
426 1628 505 1656 medii
526 1628 579 1655 sint
593 1628 663 1654 inter
678 1631 785 1654 sanctos
798 1633 879 1659 ange-

91 1681 142 1710 los,
159 1684 186 1706 et
205 1677 313 1713 angelos
329 1676 470 1711 reprobqs,
486 1675 544 1702 sive
562 1670 709 1700 daemones.
725 1672 752 1700 In
772 1672 880 1706 scriptis

90 1733 166 1756 sane,
190 1731 249 1757 (μιαν
267 1723 345 1750 hodie
365 1725 519 1756 supersunt,
535 1727 647 1755 quisque
675 1719 732 1754 ipse
759 1717 879 1753 legerim,

91 1778 223 1804 nusquam
248 1769 359 1799 indicat,
372 1768 398 1794 ni
416 1767 505 1797 fallor,
522 1766 603 1792 ullam
618 1772 650 1791 ex
669 1764 790 1798 reprobis
804 1770 880 1790 crea-

93 1817 162 1843 turis
178 1817 210 1844 ah
228 1815 323 1842 inferni
345 1814 432 1849 poenis
449 1813 588 1840 liberatam
612 1811 705 1842 fuisse,
722 1814 767 1837 aut
783 1809 881 1836 libera-

92 1867 148 1888 tum
164 1861 195 1887 iri
212 1860 295 1894 :quin
313 1867 328 1887 c
345 1858 482 1886 contrario
501 1857 597 1891 sa‘pius
614 1856 702 1889 docet,
720 1859 747 1882 ut
759 1854 881 1889 superius

91 1907 159 1937 dixi.
183 1906 357 1940 reprohorum
381 1902 509 1938 supplicia
534 1902 592 1929 fore
617 1901 790 1935 sempiterna.
820 1899 881 1926 Ideo

92 1957 183 1979 autem
202 1951 227 1977 in
245 1951 313 1976 hanc
331 1950 364 1976 de
383 1947 538 1982 angelorum
561 1946 736 1981 quorumdam
755 1945 882 1972 emenda-

93 1999 168 2025 tione
182 1996 342 2024 sententiam
358 1995 501 2029 Didymum
521 1993 628 2019 venisse
645 1991 769 2026 conjieio,
788 1995 817 2017 ut
829 1998 883 2017 ma-

93 2044 135 2078 gis
162 2044 300 2077 magisque
328 2048 388 2068 sese
416 2039 568 2066 Manichmis
600 2041 747 2071 opponeret
775 2046 781 2063 :
816 2035 882 2063 mihi

93 2091 165 2117 enim
183 2089 266 2122 ipsius
290 2086 479 2113 Enarrationes
496 2083 595 2119 legenti
615 2084 658 2110 vix
677 2082 727 2109 alia
748 2083 781 2108 de
802 2090 882 2109 causa

95 2143 164 2170 opus
175 2134 238 2161 illud
256 2132 443 2164 composuisse
458 2131 574 2162 videtur,
591 2137 670 2164 quant
685 2132 713 2155 ut
727 2128 882 2162 pestiferam

95 2181 208 2207 istorum
223 2177 347 2204 ha‘resim
362 2176 523 2204 confutaret.
544 2175 610 2201 Cum
632 2174 721 2208 itaque
737 2171 884 2200 Catholicis

97 2225 161 2252 illud
173 2225 302 2258 obiicere,
321 2232 352 2250 ac
369 2223 496 2250 dictitare
511 2230 562 2249 non
579 2225 717 2248 cessarent
734 2219 882 2250 Manichzei,
900 2231 914 2259 ζ

95 2273 232 2297 dmutones
248 2278 305 2297 esse
322 2275 416 2296 natura
437 2268 533 2299 malos,
549 2267 628 2302 idque
645 2266 771 2301 Didymus
788 2265 883 2292 falstnn

96 2325 157 2342 esse
176 2317 319 2343 ostendere
341 2314 440 2344 vellet;
460 2321 492 2340 eo
513 2314 642 2340 adductus
663 2317 713 2343 est,
732 2316 756 2337 ut
774 2312 884 2342 diceret,

97 2363 203 2396 aliquos
220 2361 326 2396 quidem
349 2369 380 2387 ex
396 2360 497 2393 angelis
517 2359 610 2394 lapsi<,
628 2359 698 2393 quod
718 2358 815 2389 minus,
839 2362 885 2383 aut

97 2407 240 2433 wnéaliter
251 2406 430 2440 peccaverint,
447 2406 588 2431 damnatos
614 2412 664 2430 non
681 2411 749 2434 ειςιι,
764 2403 809 2430 sed
828 2410 885 2436 ρει-ο

99 2453 218 2480 nitenti-re
230 2452 320 2479 locum
337 2451 460 2478 relictum
474 2451 514 2477 eis
531 2450 628 2482 fui5se;
641 2449 709 2475 alios
721 2457 796 2480 vero,
814 2448 884 2481 quod

98 2497 247 2524 mni-taliter
269 2497 450 2531 peccaverint,
465 2501 490 2522 et
513 2495 543 2528 ἐξ
557 2494 660 2526 οἰκείας
674 2493 784 2529 γνώμης
797 2493 886 2520 ἀδόκι-

100 2552 146 2579 μοι
160 2542 207 2569 καὶ
215 2542 333 2578 βέϐηλοι,
346 2546 374 2568 ut
385 2541 495 2576 ipsclih.
510 2549 527 2568 tt
542 2541 579 2567 De
590 2540 676 2572 Trin,
692 2547 749 2572 cap.
762 2539 788 2572 6,
798 2547 823 2573 p.
837 2539 886 2566 148

99 2590 113 2615 ιτ
126 2589 229 2623 quitur,
238 2588 299 2614 farti
309 2588 415 2618 fuerint,
423 2592 481 2614 tete!
490 2587 531 2614 nis
540 2586 676 2621 suppliciis
685 2585 831 2612 cruciatum
841 2585 884 2612 iri.

154 2634 218 2660 CAP.
234 2633 302 2660 XIV.
320 2634 356 2660 De
371 2632 532 2668 Origenismo
548 2632 689 2666 generatim
707 2635 829 2664 spectato.

137 2679 231 2706 Plures
245 2679 332 2713 quarti
345 2679 434 2706 smculi
451 2678 543 2705 Patres
556 2678 587 2706 de
598 2673 768 2713 Origenismo
781 2684 888 2705 arcusa-

102 2729 145 2752 los
157 2725 248 2753 fuisse.
265 2723 342 2757 pauci
357 2729 418 2750 sunt
434 2723 547 2757 theologi
559 2724 603 2756 qni
622 2724 755 2758 ignorent.
771 2724 887 2749 Accusa-

103 2776 147 2796 tus
162 2769 213 2796 fuit
232 2768 261 2796 S.
276 2769 422 2805 Gregorius
439 2768 586 2804 Nyssenus,
607 2777 685 2803 quem
702 2768 736 2795 ab
752 2769 800 2796 hac
827 2773 888 2795 nnla

102 2815 224 2842 defendit
239 2814 268 2841 S.
281 2814 431 2841 Germanus
445 2814 597 2848 patriarcha
612 2813 888 2847 Censtantinopolita-

139 2871 162 2888 "
178 2872 242 2898 (λιιι)
258 2880 280 2898 s.
298 2880 315 2902 I.
331 2872 375 2898 ΞΟ.
415 2873 435 2886 ³⁵
450 2872 513 2897 Luc.
528 2879 556 2901 ιι,
571 2871 610 2897 Η.

924 260 1073 286 Accusatus
1085 264 1125 286 est
1138 258 1165 286 S.
1181 258 1298 286 Isidorus
1310 259 1455 291 Pelusi0ta.
1469 267 1518 295 pro
1528 268 1582 294 quo
1594 259 1694 296 Steph:
1703 275 1711 280 -

925 314 988 334 num
1010 305 1145 333 Gobarum
1163 305 1333 337 Tritheitam,
1350 311 1379 333 ut
1397 306 1448 334 hoc
1468 306 1534 342 [LV]
1559 307 1593 334 ab
1612 315 1645 333 eo
1662 308 1713 333 cri-

926 359 985 382 men
1009 351 1163 385 depelleret,
1185 351 1326 385 scripsisse
1347 351 1461 378 :tl'lirtnat
1483 352 1579 379 ibidem
1602 352 1713 379 Photius

925 397 985 423 cod.
999 397 1062 424 252.
1083 397 1232 424 Accusatus
1254 401 1296 424 est
1317 397 1345 423 5.
1366 397 1481 424 Joannes
1506 397 1713 433 Chrysostomus

927 448 941 467 a
955 440 1103 474 Theophila
1117 441 1308 468 Alexandrino.
1320 441 1458 475 Theophili
1474 449 1536 468 vero
1546 442 1613 469 liber
1622 447 1713 468 contra

926 486 1135 521 Chrysostomum
1159 487 1287 520 scriptus,
1306 486 1400 513 Latine
1427 495 1571 514 conversus
1587 493 1628 514 est
1648 495 1663 514 a
1683 488 1710 514 S.

927 532 1100 567 HicrOnynto,
1115 532 1226 566 ejusque
1239 532 1425 559 translationis
1442 533 1621 568 fragmentum
1636 532 1714 560 aﬂcrt

926 577 1071 605 Facundus
1089 577 1293 605 llermianensis
1319 577 1365 604 lib.
1384 585 1422 609 vt,
1445 585 1503 611 cap.
1520 577 1547 604 5.
1567 578 1715 605 Accusatus

926 624 975 651 fuit
990 624 1116 658 denique,
1134 631 1167 650 ne
1189 631 1283 651 omnes
1305 632 1471 655 enumerem,
1490 624 1519 652 S.
1535 623 1651 651 Hilarius
1675 624 1715 650 Pi-

927 669 1080 697 ctavieusis.

961 715 1027 743 Cum
1043 715 1133 749 itaque
1145 722 1239 742 omnes
1262 715 1342 742 hosce
1368 716 1399 742 de
1422 715 1591 751 Origenismo
1616 716 1713 750 injuria

927 766 1068 791 accusatos
1084 761 1166 788 fuisse
1183 769 1261 788 nemo
1281 761 1338 796 jam
1355 762 1469 794 dubitet,
1501 762 1631 796 suspicari
1658 763 1715 789 fer-

929 812 1001 835 tasse
1027 807 1088 842 quis
1111 812 1212 841 posset,
1246 807 1387 842 Didynmm
1404 815 1511 842 quoque
1530 808 1664 835 immerito
1683 809 1715 834 de

927 852 1021 879 eodem
1040 857 1195 879 accusatum
1210 851 1309 882 fuisse;
1328 860 1389 878 nam
1411 857 1473 879 ante
1496 857 1602 878 sextum
1619 852 1714 879 Eccle-

892 889 912 917 B
927 898 974 924 sia:
988 897 1114 924 smeulum
1128 897 1215 924 nullus
1227 897 1338 923 onmino
1352 897 1478 931 srriptor,
1491 901 1587 931 prmter
1602 897 1631 924 S.
1653 897 1715 924 Hir-

930 950 1083 977 ronyntum,
1096 942 1164 968 hanc
1179 942 1203 968 ci
1214 946 1304 968 uolam
1317 942 1428 974 inussit,
1441 943 1466 969 ni
1481 942 1578 969 fallor:
1591 942 1638 970 sed
1648 950 1714 969 con-

929 993 969 1015 tra
987 988 1062 1015 multi
1077 988 1191 1015 summis
1204 996 1264 1018 cum
1279 988 1404 1015 laudibus
1430 989 1597 1021 extulerunt,
1616 994 1644 1015 ut
1661 989 1679 1015 S
1691 999 1712 1011 ι-

931 1039 1034 1067 crates,
1061 1033 1237 1066 Sozomenus,
1263 1034 1460 1062 Theodorctus.
1492 1035 1588 1061 Mirum
1624 1040 1712 1063 autem

927 1080 1012 1108 videri
1034 1085 1133 1114 potest,
1159 1079 1231 1114 quod
1261 1088 1394 1113 nusquam
1418 1087 1478 1106 eum
1508 1082 1714 1114 reprehendent

929 1134 1042 1162 magnus
1059 1126 1102 1153 ille
1119 1126 1334 1158 Origenistarttm
1363 1126 1535 1153 adversarius
1552 1127 1582 1153 S.
1598 1127 1716 1161 Epipha-

930 1173 1001 1204 nius,
1017 1179 1103 1206 ncque
1120 1172 1146 1198 in
1159 1171 1279 1206 Epistula
1291 1173 1324 1198 tul
1339 1171 1467 1198 Joannem
1481 1172 1626 1206 episcopum
1640 1172 1716 1199 Jero-

930 1218 1118 1253 solytnitanum
1135 1217 1195 1251 (etsi
1213 1218 1238 1244 in
1251 1225 1282 1244 ea
1297 1217 1330 1245 de
1353 1216 1514 1251 Origenistis
1532 1217 1643 1252 loquens
1659 1218 1714 1244 Ro—

932 1263 1027 1295 ﬁnum,
1040 1270 1072 1290 ac
1086 1262 1235 1290 Palladium
1249 1261 1378 1293 incuset),
1392 1269 1478 1296 neque
1491 1262 1517 1289 iu
1534 1262 1662 1295 Panariu,
1672 1263 1715 1289 ubi

931 1310 964 1337 de
978 1309 1103 1336 omnibus
1117 1309 1276 1341 haeresibns,
1289 1315 1321 1334 ac
1344 1308 1485 1342 praecipuis
1509 1316 1603 1336 earum
1626 1314 1716 1343 patro-

931 1355 973 1383 nis
984 1362 1136 1382 Sermonem
1157 1355 1248 1385 habet.
1268 1362 1356 1388 neque
1375 1355 1400 1380 in
1417 1354 1470 1381 ullo
1482 1355 1534 1382 alio
1543 1362 1633 1389 opere.
1644 1354 1714 1388 Quin

932 1400 996 1429 illud
1010 1400 1090 1428 etiam
1107 1399 1313 1429 admirationem
1346 1399 1462 1433 aliquam
1493 1400 1593 1428 habere
1617 1406 1716 1435 potest,

931 1446 1003 1480 quod
1017 1453 1104 1480 neque
1119 1445 1285 1480 Augustinus
1310 1445 1350 1474 ius
1367 1444 1436 1472 libro
1459 1445 1498 1472 De
1518 1446 1659 1473 Ita'resibul
1675 1446 1718 1474 Di—

931 1491 1039 1527 dymunt
1073 1495 1216 1523 memoret,
1237 1498 1286 1517 nec
1309 1489 1434 1517 Gelasius
1452 1492 1604 1526 apocrypha
1624 1500 1720 1519 recen-

932 1545 996 1565 sens
1031 1545 1111 1572 opera
1143 1537 1224 1564 ullum
1254 1535 1363 1570 Didymi
1389 1543 1456 1570 opus
1474 1539 1603 1568 nominet,
1632 1544 1719 1572 neque

934 1582 1100 1617 Theophilus
1119 1582 1320 1610 Alexandrinus
1337 1581 1565 1616 Origenistarum,
1587 1589 1611 1608 et
1624 1582 1719 1618 Origo.

932 1629 1004 1657 niani
1021 1629 1176 1663 systematis
1190 1628 1343 1658 damnator.
1361 1628 1526 1654 mentionem
1550 1628 1655 1663 Didymi
1670 1638 1720 1655 un-

932 1683 1012 1710 quam
1026 1675 1107 1702 faciat
1127 1675 1152 1702 in
1167 1673 1288 1708 epistolis
1304 1678 1399 1700 contra
1415 1673 1557 1708 Origenern
1570 1679 1651 1710 atque
1660 1676 1719 1702 Ori-

932 1721 1053 1756 genistas
1066 1720 1186 1754 scriptis,
1202 1727 1232 1746 ac
1248 1719 1274 1746 in
1288 1719 1438 1747 Nitrienses
1453 1719 1560 1753 quidem
1574 1725 1719 1748 Inouathtu

934 1767 1089 1799 invehatur,
1108 1766 1242 1793 neminem
1261 1772 1324 1792 vero
1349 1771 1552 1796 commemoret,
1568 1774 1645 1800 quem
1657 1765 1718 1794 Ori-

933 1811 1056 1847 geniunis
1071 1811 1208 1839 erroribus
1232 1818 1246 1838 ιι
1263 1810 1373 1845 Didymo
1386 1810 1515 1838 imbutum
1529 1810 1651 1838 atlirmet.
1665 1812 1721 1838 Ima

934 1866 966 1885 ne
982 1858 1009 1884 in
1022 1857 1126 1893 synodo
1142 1857 1262 1892 quidem,
1279 1864 1362 1890 quam
1380 1857 1407 1883 in
1436 1856 1519 1883 Nitria
1540 1859 1572 1883 ad
1595 1858 1720 1885 condem-

935 1904 1040 1932 nandos
1057 1903 1225 1937 Origenistas
1253 1902 1347 1931 habuit
1374 1902 1431 1935 ipse
1465 1901 1638 1936 Theophilus,
1668 1903 1719 1929 ulla

935 1949 1040 1985 Didymi
1056 1949 1157 1975 mentio
1170 1947 1238 1974 facta
1253 1951 1310 1974 est:
1326 1952 1352 1973 ut
1364 1955 1396 1973 ex
1410 1954 1442 1974 eo
1455 1947 1561 1980 colligo,
1576 1949 1644 1982 quod
1661 1949 1720 1975 Ilie-

934 2001 1062 2030 ronymus
1075 1994 1101 2020 in
1124 1993 1235 2028 cpistola
1251 1992 1302 2020 155
1315 1993 1348 2019 ad
1364 1991 1558 2022 Ctesiphontem
1573 2001 1633 2028 pag.
1651 1994 1721 2021 £023

939 2045 966 2067 et
978 2040 1113 2075 sequenti,
1127 2039 1224 2066 multos
1239 2045 1411 2071 enumerans,
1428 2046 1460 2066 ac
1474 2039 1625 2069 nominans.
1641 2042 1686 2074 qui
1696 2043 1720 2067 in

935 2094 967 2113 eo
975 2086 1090 2113 concilio
1099 2085 1216 2112 damnati
1224 2088 1296 2117 sunt,
1306 2084 1447 2119 Didymum
1455 2092 1507 2111 non
1516 2092 1719 2113 commemorat.

970 2132 1005 2158 At
1019 2131 1145 2166 quamvis
1162 2130 1219 2157 hmc
1234 2130 1269 2157 ita
1285 2137 1314 2157 se
1330 2130 1458 2161 habeant,
1471 2131 1492 2158 si
1508 2131 1614 2164 probari
1632 2137 1721 2158 tamen

939 2183 1031 2213 posset
1048 2177 1119 2212 quod
1135 2176 1267 2204 liaronius
1292 2180 1318 2203 et
1341 2175 1445 2203 Natalis
1470 2176 1622 2203 Alexander
1637 2179 1721 2210 aiunt,

939 2225 1078 2252 Melaniant
1093 2225 1225 2252 seniorem
1236 2224 1407 2259 Origeniunis
1419 2223 1558 2250 erroribus
1572 2231 1587 2249 a
1611 2223 1722 2258 Didyme

943 2271 1074 2297 itnhutant
1094 2270 1184 2299 fuisse.
1203 2270 1289 2297 nullus
1300 2270 1354 2303 jam
1369 2269 1565 2302 relinqueretur
1577 2269 1608 2295 de
1619 2269 1721 2304 Didymi

939 2317 1112 2351 Origcnismo
1126 2317 1266 2343 dubitandi
1286 2316 1370 2343 locus.
1387 2316 1438 2343 Sed
1457 2321 1546 2342 utrum
1572 2316 1597 2342 id
1623 2316 1721 2343 cii‘traei

937 2365 1028 2396 aliquo
1044 2367 1204 2397 argumento
1221 2362 1374 2389 t‘onfirmari
1387 2363 1482 2396 possit,
1506 2361 1577 2387 haud
1593 2362 1658 2388 scio.

973 2408 1040 2439 Quid
1055 2414 1119 2442 ergo
1135 2407 1252 2439 tandem,
1271 2407 1567 2441 inquies,statuendum
1580 2407 1638 2434 est?
1651 2407 1723 2433 Fuit-

939 2462 972 2479 ne
998 2453 1126 2488 Didymus
1149 2453 1314 2487 Origenista,
1333 2452 1526 2479 anuon?Satis
1543 2453 1656 2480 fortasse
1667 2453 1722 2487 jam

939 2498 1001 2526 alibi
1018 2499 1081 2532 quid
1107 2498 1172 2526 mihi
1197 2498 1337 2533 probetur.
1374 2498 1501 2526 indit-avi.
1532 2497 1661 2524 Nimirum
1677 2506 1725 2532 pro

939 2544 1085 2578 compertis
1099 2544 1156 2571 haec
1184 2548 1287 2570 tantum
1312 2543 1434 2570 habenda
1459 2543 1595 2574 existimo,
1620 2551 1679 2577 qum
1691 2550 1722 2570 ex

941 2595 1055 2617 remum
1068 2589 1227 2618 testimonii:
1241 2594 1366 2616 constant
1381 2589 1407 2616 in
1438 2593 1558 2615 extremo
1584 2589 1634 2614 hoe
1653 2588 1725 2614 votu-

941 2636 1012 2663 mine
1029 2643 1045 2661 a
1065 2642 1108 2662 me
1137 2635 1226 2662 editis.
1255 2634 1363 2664 Primo.
1392 2633 1517 2668 Origenis
1546 2633 1724 2661 eruditionem

940 2687 1074 2708 summurn
1091 2680 1118 2706 in
1134 2680 1243 2707 modum
1256 2679 1404 2706 niiralutur
1421 2678 1557 2712 Didymus.
1580 2678 1646 2710 Quis
1662 2687 1725 2705 vero

940 2734 999 2754 eam
1014 2733 1066 2753 non
1084 2723 1218 2752 miretur?
1233 2724 1369 2752 recondo.
1391 2723 1417 2748 in
1433 2723 1465 2752 iis
1476 2723 1600 2751 omnibus
1615 2730 1674 2757 ψιπε
1691 2723 1724 2750 ml

940 2771 1138 2800 sanctissimam
1154 2771 1315 2798 Trinitatem
1329 2772 1467 2802 spectant,
1484 2768 1649 2795 orthodaxus
1667 2769 1725 2796 sine

941 2818 1021 2844 dubio
1033 2817 1146 2849 exstitit,
1163 2817 1222 2851 ipso
1235 2816 1263 2842 id
1275 2815 1375 2841 fatente
1389 2813 1558 2845 Hieronymo.
1572 2815 1617 2841 sed
1632 2814 1725 2848 Orige-
