1907 3063
166 145 216 172 ⁸107

168 203 210 229 nis
237 207 323 229 tanton
351 202 438 236 quoad
464 202 520 229 Inec
554 201 737 236 propugnator
760 201 985 236 apertissimusA

169 248 229 280 fuit,
244 247 314 281 quod
326 253 388 273 eum
401 246 435 273 de
449 245 580 273 Trinitate
594 245 726 273 catholico
748 246 873 273 sensisse
885 252 949 272 eon-

169 294 301 321 tenderet.
319 293 420 324 Tertio,
440 293 465 319 in
481 292 514 319 iis
529 299 587 326 quae
601 296 707 319 exstant
725 291 831 325 scriptis
858 291 947 326 plures

169 339 278 365 adhibet
291 337 449 370 locutiones,
465 344 532 370 quas
562 341 640 362 antea
661 336 789 370 Origenes
804 343 950 369 usurpave-

170 390 220 415 rat,
245 391 360 418 qumque
387 383 495 410 etiamsi
521 382 683 409 catholicum
715 389 824 409 sensum
854 382 952 408 habere

169 434 279 462 queant,
294 432 353 463 post
367 428 471 462 Didymi
499 431 586 454 tattten
612 427 714 453 obitum
734 430 865 461 suspectae
892 434 953 452 eva-

169 481 273 507 serunt,
291 481 346 502 tttnt
363 474 539 501 scilicetcqu
562 480 655 499 earum
684 472 825 498 nonnullas
841 472 949 506 quidem

171 528 184 545 τι
200 519 363 554 Pelagianis,
383 518 450 544 alias
466 525 532 544 vero
543 517 576 544 ab
588 516 811 551 Origeniauorum
825 523 948 543 errorum

171 566 290 600 patronis
306 571 388 599 pravo
405 571 484 590 sensu
506 562 626 589 adhiberi
647 567 815 596 compertum
839 566 890 589 est.
906 562 952 588 De-

173 614 252 646 nique
264 620 322 639 cum
337 611 435 638 smculo
450 610 544 644 quinto
570 610 693 636 maximae
719 609 888 636 attitoritatis
914 609 954 636 vir

172 659 359 693 Hieronymus,
380 662 406 684 et
426 664 440 683 a
456 660 533 683 sexto
548 655 657 687 saeculo,
670 655 726 682 sive
750 662 764 681 a
791 655 893 688 quinta:
910 662 955 689 sy-

172 704 232 731 nodi
247 708 366 737 tempore
380 709 463 736 usqtte
477 701 508 727 ad
524 701 594 732 hanc
620 705 727 727 aetatem
757 700 803 726 alii
831 700 950 734 plurimi,

172 757 286 784 quorutn
317 749 395 776 verba
414 748 439 775 in
465 754 577 774 veterum
605 746 781 779 Testimoniir,
810 747 842 773 de
858 747 956 781 quibus

173 795 251 822 modo
270 794 402 825 dicebant,
422 794 472 828 legi
501 797 623 827 possuttt,
647 793 787 827 Didymum
817 798 844 819 ut
862 792 957 827 0rige~

174 842 271 868 nistatn
290 840 445 870 habuerint,
460 839 514 865 imo
523 838 694 865 anathemate
715 837 890 871 perculerint,
905 838 956 864 du-

174 887 253 913 bitari
270 885 365 912 merito
385 892 437 911 non
465 888 563 918 potest,
587 884 651 918 quin
665 883 722 918 ipse
747 884 817 911 inter
828 884 954 919 Origcni-
971 878 991 905 Β

174 937 230 958 stas
244 931 424 958 numerandus
437 931 483 957 sit.

209 978 262 1005 Sed
275 986 328 1012 quo
343 985 433 1010 sensu,
449 982 477 1004 ut
493 977 528 1003 ita
542 976 639 1009 dicam,
657 976 739 1004 fuerit
756 976 919 1012 Origenista,
930 977 956 1004 id

173 1029 229 1057 est,
245 1031 305 1051 cum
325 1028 364 1050 tnt
377 1024 431 1050 sint
445 1030 553 1049 errores
575 1021 684 1056 Origeni
702 1022 819 1055 ’tributi,
847 1024 956 1057 quibus-

175 1078 235 1096 nam
254 1069 398 1096 adhaeserit
412 1069 551 1103 Didymus,
570 1068 640 1095 haud
653 1067 710 1094 scio
722 1076 756 1094 an
778 1073 834 1094 tuto
851 1068 956 1095 deﬁniri

176 1120 268 1149 queat.
280 1114 351 1141 ‘Nam
370 1115 395 1141 in
409 1114 517 1147 scriptis
531 1113 651 1147 quidem,
666 1121 726 1148 qua:
738 1119 892 1148 supersunt,
913 1114 957 1140 vix

176 1161 227 1187 nlla
246 1160 297 1196 alia
310 1164 385 1186 certo
408 1163 520 1193 apparet
548 1157 710 1193 Origeniana
736 1159 838 1191 opinio,
863 1163 959 1192 prteter

175 1215 246 1239 eam,
264 1213 343 1239 quant
359 1205 447 1239 capite
461 1205 595 1239 superiori
621 1204 710 1237 attuli,
729 1205 762 1232 de
785 1205 887 1240 angelis
898 1206 959 1240 qui-

176 1252 302 1283 busdam,
318 1258 431 1285 quorutn
446 1249 539 1284 lapsus
553 1249 685 1283 ejusmodi
704 1250 794 1281 fuerit,
809 1254 836 1276 ut
850 1250 958 1277 mter-nis

176 1297 316 1332 suppliciis
332 1303 385 1323 non
402 1296 497 1322 statim
511 1302 572 1322 cum
588 1296 708 1330 reprobis
727 1295 830 1330 angelis
840 1296 958 1323 damnati

176 1343 242 1374 sittt,
260 1343 307 1368 sed
320 1341 484 1377 pmuitcntia:
496 1341 571 1368 locus
585 1341 624 1368 eis
641 1349 786 1369 concessus
812 1337 901 1368 fuerit.
921 1342 959 1369 Ex

177 1387 304 1415 omnibus
330 1392 419 1413 autent
447 1386 587 1414 veteribus
602 1387 790 1422 scriptoribus,
805 1387 859 1421 ‘qui
878 1386 958 1423 Didy-

178 1441 250 1461 mutn
267 1432 428 1466 Origenismi
442 1437 616 1464 accusarunt,
642 1440 683 1460 'ne
707 1440 775 1460 unus
796 1433 902 1467 quidem
918 1438 960 1460 est

176 1481 220 1515 qui
234 1480 290 1507 loca
304 1479 391 1514 aliqua
406 1486 437 1506 ex
455 1479 566 1513 Didymo
577 1479 745 1514 deprompta,
766 1484 847 1514 atque
867 1479 960 1513 Orige-

178 1525 311 1553 nistarum
324 1524 504 1558 blaspltentias
521 1525 687 1551 continentia
717 1525 795 1551 ttobis
809 1525 957 1559 relique-rit,
973 1543 994 1571 ο

176 1570 256 1606 [LVI]
271 1571 322 1597 ittto
335 1578 369 1597 ne
377 1578 445 1597 unus
458 1570 565 1604 quidem
574 1575 613 1597 cst
625 1570 657 1605 (si
673 1570 863 1606 Hieronymum
880 1579 959 1598 erce-

178 1617 260 1650 peris,
276 1616 308 1642 de
320 1623 373 1650 quo
389 1623 450 1642 mox
472 1615 570 1650 dicam)
590 1615 636 1649 qui
667 1622 714 1642 eos
743 1616 837 1642 saltem
855 1616 959 1652 Didymi

179 1661 262 1688 libros
278 1661 466 1693 nominaverit,
482 1661 508 1688 in
525 1662 623 1695 quibus
631 1661 739 1689 easdem
753 1662 932 1697 blasphemiae
944 1671 958 1689 a

180 1707 291 1741 Didymo
304 1707 392 1733 doceri
410 1707 615 1735 existimaverit.

198 1750 311 1778 Fateor
327 1751 448 1785 quidem,
463 1751 489 1778 itt
515 1750 610 1778 Latina
632 1751 738 1786 Evagrii
754 1751 904 1779 scholastici
920 1752 959 1778 in-

179 1799 368 1833 terpretatioue
380 1797 429 1825 lib.
447 1806 483 1830 tv,
496 1805 554 1833 cap.
571 1798 615 1830 38,
629 1798 678 1833 legi
694 1806 701 1825 :
718 1798 868 1826 Retulerunt
881 1799 959 1825 etiam

178 1845 257 1870 iidem
277 1843 368 1870 Patres
383 1844 480 1870 multas
492 1843 559 1870 alias
575 1843 689 1878 Didymi,
704 1843 820 1878 Evagrii.
834 1852 865 1870 ac
881 1843 961 1870 Thro-

177 1890 236 1916 dori
253 1889 436 1924 bluspltemias,
456 1897 520 1922 quas
536 1889 652 1916 studiose
670 1889 811 1916 admodum
827 1897 858 1916 ex
870 1897 959 1916 eorum

178 1935 250 1960 libris
264 1939 454 1968 excerpserunt.
467 1933 521 1962 Sed
537 1935 701 1967 verba-ham,
712 1943 745 1961 ea:
765 1943 855 1962 eorum
875 1935 958 1966 libris,

178 1982 210 2007 de
220 1987 269 2007 suo
279 1981 380 2007 addidit
394 1980 504 2008 Latinus
517 1981 660 2015 interpres,
673 1989 734 2009 cum
747 1981 773 2008 in
792 1981 885 2008 Graeco
898 1980 958 2008 fon-

179 2031 216 2057 te,
232 2033 263 2053 ex
279 2033 332 2060 quo
342 2026 428 2052 locum
446 2025 522 2052 attuli
538 2033 598 2060 pag.
624 2026 688 2058 485,
704 2032 755 2053 non
781 2027 920 2061 lcgantur;
937 2028 960 2055 is

178 2071 247 2098 enim
260 2072 342 2098 habet
352 2070 410 2097 Z'Tﬁ
418 2071 481 2105 περὶ
495 2072 597 2098 τούτων
611 2070 811 2106 ἐκλεξαμένοις,
831 2080 882 2098 non
898 2080 960 2100 vero

178 2117 254 2153 παρὰ
271 2116 384 2148 τούτων,
415 2121 444 2143 ul.
477 2116 587 2151 proinde
618 2118 775 2143 vertendum
804 2117 892 2152 potius
907 2119 958 2145 sit:

177 2164 221 2197 qui
232 2164 348 2189 studiose
361 2162 568 2197 admodumqua:
576 2163 613 2188 ad
620 2162 688 2189 hanc
706 2171 762 2189 rem
776 2162 912 2198 [aut,qua:
926 2165 960 2191 ad

178 2209 238 2244 hos]
249 2208 408 2243 spectabant,
419 2207 582 2242 “legerunt:
599 2208 650 2239 vel,
668 2216 726 2243 qum
742 2209 774 2235 de
794 2209 835 2236 Itis
863 2210 960 2237 retule-
976 2208 998 2236 D

179 2261 238 2282 rum
255 2257 362 2290 (nempe
374 2258 420 2281 aut
435 2255 467 2281 de
481 2254 602 2289 Didyme,
620 2254 743 2289 Evagrio,
767 2262 798 2282 ac
809 2255 960 2283 “Theodoro

179 2301 376 2335 Mopsuesteno,
391 2305 437 2327 aut
453 2300 485 2326 de
497 2300 538 2326 Iri:
566 2300 737 2334 blasphetuiis
753 2309 760 2327 :
778 2301 902 2335 ambigua
916 2306 960 2328 est

179 2347 250 2374 enitn
264 2354 314 2373 vox
329 2346 435 2380 Greca)
453 2345 606 2379 “legerant,

214 2391 311 2419 Fateor
327 2392 407 2419 etiam
422 2392 512 2418 multis
531 2397 591 2425 post
599 2391 713 2427 Evagrii
731 2397 837 2420 aetatem
851 2393 960 2421 seculis

179 2445 209 2464 ea
225 2438 366 2472 scripsisse
382 2437 574 2472 Nicephorum,
593 2445 652 2471 quae
672 2437 783 2466 Latina-
798 2440 860 2466 huic
877 2440 960 2474 ipsius

181 2484 287 2519 Evagrii
304 2484 446 2511 verborum
462 2483 677 2518 interpretationi
696 2490 875 2512 consentanea
887 2490 959 2512 sunt.

180 2529 246 2556 Nam
262 2530 287 2556 iu
303 2530 469 2561 testimonio,
484 2530 555 2564 quod
571 2529 658 2556 attulit
678 2538 738 2565 pag.
768 2530 818 2557 £96
841 2538 873 2558 ex
891 2531 961 2559 libro

181 2583 246 2606 ιιι-ιι,
260 2583 318 2610 cap.
335 2575 388 2612 27,.
401 2575 440 2602 sic
470 2575 587 2610 loquitur
613 2575 776 2611 hicephorus
792 2576 894 2613 ίῆαρὰ
907 2577 961 2604 τῶν

180 2621 271 2652 κακῶς
300 2619 511 2656 συγγραφέντων
548 2620 662 2651 ἐκείνοις
690 2621 897 2656 ἀπολεξάμενοι,
911 2622 961 2650 hoc

179 2669 232 2695 est.
243 2663 309 2690 Cum
321 2665 392 2699 ipsa:
403 2665 579 2699 blasphemiae
602 2673 634 2691 ex
649 2666 692 2697 iis,
705 2674 763 2700 qut:
776 2674 912 2701 perperam
926 2667 960 2694 ab

179 2707 233 2734 illi:
250 2707 375 2743 (Didymo
390 2716 497 2744 nempe,
519 2708 634 2744 Evagrio
654 2715 680 2736 et
696 2709 847 2746 Theodoro)
863 2712 961 2746 uripta

179 2752 480 2789 fuerant.rollegiuent.
510 2753 609 2782 Verum
644 2755 726 2782 citata
756 2755 863 2791 Evagrii
881 2759 960 2785 verba

181 2803 236 2830 prae
244 2798 331 2824 oculis
344 2797 388 2825 hic
406 2799 542 2831 habuisse,
557 2799 613 2826 into
625 2798 682 2827 frre
697 2800 961 2834 ascripsisse-vide-

180 2848 227 2872 tur
241 2841 417 2878 Nicephorus,
429 2850 457 2871 ut
469 2852 501 2872 ex
518 2844 659 2879 utriusque
675 2845 740 2873 locis
753 2846 822 2873 inter
833 2853 862 2874 se
872 2847 954 2874 colla-

888 143 931 170 DE
951 140 1077 170 DlDYMO

1729 135 1777 166 20
1784 138 1809 165 3

1002 199 1036 227 lis
1053 199 1187 233 conjicere
1203 197 1276 225 licet.
1293 196 1320 224 Id
1338 197 1447 229 autem.
1464 196 1543 224 si'sic
1561 193 1696 227 se‘lt..l,~et,
1713 193 1806 224 haud

1001 245 1089 277 magni
1110 245 1160 271 hac
1177 243 1203 270 in
1220 251 1249 271 re
1265 243 1407 277 Nicephori
1426 243 1574 269 auctoritas
1587 242 1714 268 momenti
1726 247 1798 269 est-

1000 291 1076 324 Apud
1091 289 1233 325 Evagrium
1261 289 1333 316 enim
1363 288 1412 318 legi
1442 287 1563 322 profecto
1577 287 1656 314 debet
1671 288 1705 314 τὰ
1719 296 1757 314 πε
1765 286 1810 323 ρὶ

997 334 1113 368 Δινούτων,
1128 341 1179 361 nou
1198 342 1262 361 vero
1271 334 1345 368 παρὰ
1358 332 1469 365 τούτων,
1482 338 1526 359 aut
1540 333 1573 359 ’ἑὰ
1588 333 1663 368 παρὰ
1672 332 1805 359 τούτων.

1002 382 1108 409 Etenim
1129 381 1151 409 si
1172 379 1373 417 *napdt'totirwv.
1391 386 1436 407 aut
1450 380 1484 406 τὰ
1492 380 1567 415 παρὰ
1581 380 1682 406 τούτων
1698 380 1807 414 legere

1002 429 1062 463 quis
1076 428 1150 459 velit,
1178 426 1349 454 authiulcant
1366 426 1412 458 ibi,
1431 432 1477 454 aut
1494 426 1670 461 inelegantent
1692 427 1808 454 reddet

1004 473 1151 508 Nicephori
1168 474 1330 500 orationem.

1040 520 1119 547 Solus
1137 527 1200 555 ergo
1213 519 1289 546 nobis
1304 519 1382 545 tnodo
1407 517 1570 552 relinquitur
1595 518 1804 554 Hieronymus,

1003 574 1082 601 quem
1105 571 1180 593 certo
1192 570 1297 592 constet
1310 573 1361 591 non
1388 565 1500 591 aliorum
1524 565 1596 596 ﬁdei.
1616 571 1663 592 seu
1695 572 1807 591 nari-a-

1005 613 1070 639 tioni
1088 612 1221 643 innixum,
1242 619 1290 638 nec
1305 610 1465 645 fragmentis
1485 619 1499 637 e
1516 609 1628 645 Didytno
1643 612 1804 645 excerptis,

1005 666 1019 685 e
1034 659 1131 693 quibus
1157 665 1227 692 saepe
1249 665 1311 684 vera
1341 657 1458 684 auctoris
1484 657 1617 684 sententia
1642 657 1730 692 colligi
1744 666 1807 684 ne-

1005 705 1074 739 qttit,
1092 704 1232 739 Didytnutn
1257 708 1285 730 ιιι
1311 702 1490 737 Origenistam
1518 703 1736 735 tradttxisw,scd
1757 712 1803 730 ex

1006 750 1072 785 ipsis
1089 750 1193 784 Didymi
1223 749 1361 783 operibus,
1389 749 1476 783 iisque
1506 749 1630 783 germinis
1655 748 1732 783 (nihil
1749 754 1805 776 est.

1006 797 1077 823 enint
1093 804 1141 822 cur
1162 796 1195 822 de
1212 795 1262 822 ltoc
1291 794 1456 824 dubitemus)
1485 795 1683 821 accusationem
1708 803 1798 820 suam

1007 842 1217 876 deprompsisse.
1238 840 1295 867 Etsi
1307 841 1378 867 enim
1392 840 1509 875 quandiu
1529 841 1554 867 in
1567 841 1634 866 vivis
1647 840 1695 866 fttit
1710 840 1784 875 Didy
1796 855 1805 859 -

1006 895 1075 919 mus,
1089 888 1192 922 magnis
1217 895 1277 913 eum
1307 886 1432 913 laudibus
1459 886 1595 918 extulerit,
1612 893 1643 912 ac
1662 885 1802 912 videntrm

1006 933 1167 968 prophetam,
1182 937 1204 958 et
1223 931 1362 966 Didymum
1379 932 1519 962 videntem,
1540 936 1565 958 et
1577 932 1665 957 oculos
1690 931 1779 957 Imben
1792 945 1803 950 -

1008 984 1058 1006 tem
1073 986 1173 1013 sponsa:
1196 977 1228 1004 de
1247 977 1354 1004 Cantica
1379 977 1559 1009 canticorum.
1583 981 1611 1004 et
1636 978 1800 1011 magistrtmt

1007 1033 1082 1052 suum
1095 1032 1156 1051 eum
1172 1023 1324 1058 appellarit,
1350 1023 1497 1057 paucisque
1529 1027 1589 1056 post
1616 1023 1674 1057 ejus
1687 1023 1800 1049 obitum

1009 1071 1085 1097 annis
1098 1074 1215 1096 sanctum
1230 1069 1368 1103 Didymum
1382 1069 1471 1102 ipsum
1490 1069 1645 1099 nominarit,
1667 1068 1720 1094 imo
1733 1069 1802 1101 pltr-

1009 1118 1084 1144 ribus
1099 1117 1252 1150 annis-pnst
1275 1116 1390 1150 scriptos
1415 1115 1440 1141 itt
1459 1114 1584 1140 Ruﬁnum
1607 1115 1690 1140 libros
1707 1114 1798 1148 Didy-

1009 1170 1081 1189 mum
1094 1169 1248 1188 memorans
1263 1168 1292 1187 se
1309 1160 1379 1186 illius
1397 1161 1514 1186 anticum
1534 1158 1616 1185 fuisse
1638 1158 1718 1184 voluti
1735 1157 1800 1190 glu—

1010 1209 1094 1234 riatus
1105 1207 1185 1234 fuerit
1199 1207 1240 1233 his
1271 1205 1358 1231 verbis
1376 1213 1382 1231 :
1401 1203 1483 1238 Cujus
1505 1211 1584 1235 nuper
1604 1202 1731 1229 amicitiis
1749 1202 1800 1228 usi

1009 1261 1116 1281 sumus:
1130 1253 1155 1280 itt
1170 1252 1246 1279 libris
1268 1257 1356 1277 tatncn
1380 1255 1471 1277 contra
1502 1249 1624 1283 Ruﬁnum
1639 1249 1719 1276 editis
1740 1257 1799 1275 non

1013 1300 1092 1326 modo
1107 1296 1428 1332 Didytrum'Ot-igeniano
1441 1301 1586 1330 system-ate
1601 1296 1778 1329 prteexsistcn
1790 1311 1799 1315 -

1011 1345 1054 1372 tite
1065 1344 1214 1370 animarum
1227 1343 1357 1369 imbutum
1374 1341 1456 1368 fuisse
1472 1340 1597 1372 allirntat,
1611 1340 1797 1367 verumetiam

1010 1389 1092 1417 libros
1110 1389 1219 1419 indicat,
1240 1389 1265 1414 in
1296 1388 1395 1422 quibus
1428 1385 1579 1420 hujnstuodi
1603 1391 1719 1421 systema
1736 1386 1762 1420 ip
1782 1395 1800 1413 e

1011 1435 1139 1469 Didymus
1152 1438 1260 1460 secutus
1282 1432 1379 1463 fuerat,
1391 1431 1626 1457 comtneutariolos
1639 1431 1743 1458 scilicet
1766 1431 1796 1457 in

1010 1479 1133 1514 Origcnis
1146 1480 1230 1506 libros
1247 1479 1282 1505 De
1298 1477 1445 1510 principiis,
1468 1485 1481 1502 ιι
1504 1476 1616 1503 Socrate
1637 1476 1717 1502 ctiattt
1738 1484 1798 1502 tne-

1013 1531 1140 1556 mnratos,
1154 1530 1180 1552 et
1200 1524 1296 1550 librutn
1311 1523 1482 1549 ad'itttliuum
1495 1522 1532 1549 De
1545 1527 1626 1548 morte
1638 1521 1796 1556 infantium.

1011 1571 1076 1604 Quis
1087 1576 1177 1597 autent
1205 1576 1303 1604 negare
1329 1569 1409 1601 ausit,
1430 1567 1669 1602 locupletissimum
1698 1573 1796 1593 testem

1010 1625 1070 1645 es~e
1088 1617 1289 1652 Hieronymum,
1308 1615 1477 1649 maximaque
1505 1615 1648 1650 pollentem
1677 1615 1798 1640 auctori-

1011 1663 1086 1690 tute?

1045 1709 1077 1735 At
1098 1707 1213 1734 ‘Ruliutts
1229 1706 1419 1741 Aquileiensis,
1435 1706 1550 1740 inquies,
1571 1705 1712 1733 manifeste
1724 1705 1796 1732 indi-

1011 1759 1054 1781 cat
1067 1753 1134 1780 libro
1159 1760 1178 1780 ll
1203 1752 1394 1779 lnvectivanmt
1421 1752 1477 1778 sive
1505 1752 1638 1785 Apologia:
1658 1759 1730 1778 ntnn.
1748 1751 1795 1784 4'5,

1011 1798 1301 1834 itumerilo'Diilyutum
1314 1799 1346 1825 ab
1362 1797 1524 1833 Hieronymo
1543 1797 1609 1824 inter
1629 1805 1672 1823 eos
1689 1797 1734 1831 qui
1753 1797 1796 1822 di-

1010 1854 1085 1873 versa
1095 1846 1126 1871 ab
1143 1844 1268 1871 Ecclesit‘s
1279 1845 1399 1875 doceant,
1419 1843 1552 1870 collocari.
1570 1842 1678 1870 Fateor.
1695 1842 1792 1869 Verum

1012 1897 1156 1926 antequam
1174 1890 1285 1918 solemni
1306 1890 1409 1925 judicio
1431 1889 1560 1924 Origenes
1578 1890 1747 1917 Alexandrum
1762 1899 1792 1916 ac

1011 1938 1102 1965 Ronne
1117 1938 1354 1969 condemnaretur,
1366 1937 1427 1963 haec
1451 1936 1558 1970 scripsit
1582 1935 1705 1969 Ruﬁnus,
1722 1937 1792 1971 quod

1011 1985 1038 2012 in
1053 1992 1084 2012 ea
1099 1987 1154 2011 tum’
1168 1989 1239 2010 esset
1266 1983 1404 2017 opinione,
1426 1986 1455 2009 ut
1481 1982 1791 2016 ccuseretqumstionem

1012 2032 1044 2058 de
1059 2031 1207 2058 animarum
1222 2029 1432 2064 prmexsistentia
1445 2028 1477 2055 ad
1490 2029 1567 2055 ﬁdem
1583 2036 1635 2055 non
1647 2029 1791 2062 pertinere,

1011 2077 1057 2103 sed
1075 2083 1134 2103 esse
1147 2073 1376 2109 adiaphoram."ld
1401 2073 1472 2100 enim
1489 2078 1581 2108 aperte
1601 2072 1715 2099 allirmat
1733 2080 1791 2099 cum

1011 2121 1085 2155 alibi,
1108 2126 1161 2147 tum
1184 2121 1300 2146 maxime
1331 2121 1356 2146 itt
1383 2119 1518 2153 Apologia,
1538 2119 1594 2145 sive
1623 2118 1741 2152 Epistola
1759 2120 1792 2144 ml

1011 2166 1182 2193 Anus/axium
1199 2174 1305 2200 papam,
1321 2165 1363 2191 ubi
1378 2166 1411 2190 dc
1433 2164 1570 2190 erroribus
1594 2163 1618 2189 in
1635 2163 1749 2198 Origene
1761 2164 1793 2189 ab

1015 2213 1180 2247 Hieronymo
1197 2211 1367 2244 reprelteusis
1389 2210 1511 2243 loquens,
1535 2209 1673 2240 catholicm
1685 2209 1791 2243 quidem

1013 2257 1140 2285 Ecclesia:
1170 2257 1294 2292 dogmata
1320 2263 1381 2283 esse
1404 2255 1544 2289 proﬁtetur
1567 2259 1594 2281 et
1616 2261 1705 2280 veram
1725 2261 1792 2280 vera:

1013 2305 1104 2330 carnis
1125 2302 1362 2334 resurrectionem,
1377 2306 1404 2328 et
1417 2307 1558 2335 pmnarum
1577 2299 1673 2327 inferni
1688 2299 1793 2325 :eterni—

1015 2349 1174 2380 tatcttt;'setl
1196 2347 1266 2382 quod
1294 2351 1397 2381 spectat
1425 2347 1457 2372 ad
1480 2346 1631 2372 animarum
1654 2345 1791 2379 originem,

1013 2399 1069 2421 tres
1079 2394 1187 2421 aitesse
1201 2393 1357 2424 sententias,
1374 2399 1432 2426 quae
1458 2392 1530 2418 salva
1547 2390 1598 2417 ﬁde
1610 2389 1714 2417 defendi
1733 2397 1792 2424 pos-

1013 2441 1082 2468 sint:
1092 2440 1214 2476 primatu
1228 2439 1332 2466 scilicet
1346 2439 1377 2465 de
1392 2438 1489 2464 animm
1512 2436 1653 2474 dilTusionc
1680 2444 1726 2471 per
1742 2441 1792 2461 trn-

1013 2486 1124 2517 ducem;
1142 2486 1264 2517 alteram,
1282 2482 1484 2518 quodfarmatt's
1504 2484 1531 2510 in
1546 2488 1619 2509 utero
1643 2481 1791 2514 corporibus

1015 2532 1219 2567 Deuc’quotidie
1233 2532 1314 2565 faciat
1338 2531 1451 2562 anitnas,
1474 2535 1498 2556 et
1525 2529 1667 2564 infundat;
1691 2528 1791 2555 tertiam

1013 2577 1147 2612 Origenis,
1160 2578 1229 2612 quod
1258 2577 1342 2611 [actm
1369 2576 1422 2605 iant
1453 2575 1525 2608 olim,
1549 2576 1577 2602 id
1594 2579 1643 2607 est,
1663 2580 1725 2600 tunc
1738 2583 1793 2600 cum

1014 2622 1186 2650 omnia‘Deus
1200 2623 1296 2649 creavit
1321 2630 1352 2648 es
1372 2621 1465 2654 nihilo,
1488 2629 1556 2647 nunc
1573 2629 1616 2647 eas
1631 2621 1732 2654 judicio
1750 2628 1793 2646 suo

1014 2669 1142 2703 dispenset
1155 2669 1308 2702 incorpore.
1328 2667 1367 2694 Ex
1387 2668 1475 2695 tribus
1492 2672 1582 2693 autem
1608 2666 1683 2693 hisre
1697 2665 1794 2699 opinio-

1015 2715 1094 2742 nibus
1106 2722 1188 2749 quam
1214 2714 1288 2749 sequi
1315 2714 1420 2746 debeat,
1446 2721 1475 2740 se
1502 2714 1627 2748 ignorare
1650 2711 1791 2746 subjungit.

1015 2759 1182 2794 Quapropter
1198 2759 1294 2786 mirum
1312 2766 1363 2786 nou
1379 2764 1430 2790 est,
1460 2759 1482 2785 si
1497 2759 1636 2794 Didymnm
1661 2765 1791 2791 nunquam

1014 2803 1150 2831 contraria
1162 2803 1302 2830 catholica:
1318 2803 1445 2831 Ecclesiae
1456 2802 1546 2839 [LVII]
1556 2802 1727 2837 dogmatibus
1741 2807 1792 2829 tra—

1015 2846 1115 2874 didisse
1131 2849 1166 2875 ait
1182 2847 1305 2882 Rulinus,
1318 2849 1367 2876 etsi
1383 2849 1510 2886 Didymus
1534 2850 1589 2884 ipse
1602 2849 1725 2884 Origenis
1739 2850 1791 2883 opi-
