1907 3063
122 66 185 98 909',

687 70 975 100 COMMENTARIUS.
995 64 1029 94 _‘
1048 72 1112 101 LIB.
1135 72 1167 100 ιιι

1699 71 1756 100 210

124 133 236 151 nmncnt
248 126 279 152 de
292 126 445 155 animarum
460 130 674 163 prteexsisleutia
688 136 734 158 aut
751 132 912 163 defenderit.
929 136 949 164 Α
965 133 1136 168 Origcnismo
1159 132 1270 160 infectos
1288 140 1348 161 esse
1360 134 1497 165 censebat,
1512 133 1637 161 ﬁdelibus
1649 133 1754 160 denun-

123 175 172 198 ειη
195 171 290 198 saltem
315 180 369 200 non
396 175 506 202 omnino
524 175 726 211 improbabilem
741 185 802 206 esse
827 178 910 206 duxe-

123 216 171 244 rit.

158 261 235 296 Quod
243 268 331 290 autem
342 264 367 292 in
381 264 474 292 eodem
487 266 605 293 secundo
616 266 695 301 libro,
706 275 790 303 segm.
802 268 829 302 8,
842 277 909 304 que-

124 307 195 335 ritur
208 308 330 343 Rufinus,
345 311 547 347 Hieronymum,
573 313 636 340 dum
654 313 796 348 Origenem
817 323 849 342 ac
870 316 913 343 Di-

124 355 236 389 dytnum
249 358 396 392 redarguit,
409 365 464 385 rem
476 367 522 385 nec
536 359 721 394 interrogatos,
739 369 785 388 nec
806 370 913 396 respon-

122 400 215 428 dentes
229 403 421 436 condemnare;
434 408 458 430 et
472 412 523 432 non
537 405 622 432 solum
647 414 698 433 non
719 408 911 442 respondentes,

122 448 169 473 sed
182 456 228 474 nec
242 455 397 482 prmentet;
412 455 437 476 et
457 459 507 478 non
521 451 605 478 solum
624 461 675 479 non
696 459 845 487 prwsmles,
868 455 913 482 sed

121 497 147 519 et
167 499 301 526 mortuos;
317 500 340 521 et
352 503 403 523 non
414 496 500 523 solum
518 504 645 530 mortuos,
666 500 712 526 sed
735 504 760 526 et
785 508 827 527 εοε
848 509 913 535 quos

122 548 224 573 semper
235 546 294 567 ante
305 541 476 574 laudaverat;
488 548 511 570 et
522 552 572 570 non
588 544 672 571 solum
684 553 726 572 eos
743 554 807 581 quos
819 546 912 574 lauda-

123 590 205 615 verat,
220 586 264 611 sed
277 591 300 612 εί
314 594 366 618 eos,
379 595 443 621 quos
455 593 557 615 secutus
569 589 666 623 fuerat,
680 596 702 616 ct
714 592 853 626 magistra:
869 592 914 619 Ita-

123 630 238 657 buerat:
255 633 404 660 videturid
425 634 534 669 quidem
559 635 670 668 alicujus
691 643 752 663 esse
775 638 911 671 ponderis,

123 678 171 703 sed
187 677 252 704 tanti
269 685 322 705 non
335 683 389 711 est,
406 685 436 706 ut
455 686 530 707 certo
551 682 674 710 ostendat
697 683 837 719 Ditlymum
862 693 911 712 no-

123 727 211 749 strum
227 724 300 757 (nam
315 725 348 751 de
359 724 474 760 Origene
491 727 561 762 loqui
580 729 631 755 mei
649 737 702 756 non
723 735 764 757 est
785 731 911 767 instituti)

124 769 158 794 ab
173 770 245 795 omni
260 770 424 805 Origeniano
435 779 528 800 errore
541 774 656 800 alienum
675 774 759 802 fuisse
777 784 782 802 :
798 775 913 804 fortasse

968 180 1057 209 tiaret,
1077 187 1130 213 quo
1149 178 1193 206 isti
1218 179 1321 206 facilius
1343 178 1393 206 sibi
1407 179 1440 206 ab
1455 186 1546 206 errore
1569 185 1664 205 cavere
1690 184 1754 211 pos-

967 229 1036 251 sent.
1049 223 1151 256 Tertio,
1169 224 1338 251 excusandus
1361 224 1386 250 in
1409 231 1441 250 eo
1457 224 1508 250 erit
1535 223 1659 254 Rufiims,
1681 222 1753 257 quod

967 276 1037 304 argre
1050 268 1144 302 ferret,
1163 277 1224 296 eum
1242 273 1295 296 tam
1311 274 1404 303 aperte
1420 275 1448 296 ut
1466 269 1660 296 heterodoxum
1677 269 1754 295 dam-

967 315 1037 347 nari,
1050 315 1094 348 qui
1110 314 1311 348 Origcnismum
1325 319 1417 349 aperte
1433 322 1484 342 non
1504 315 1687 348 pra‘dicassel,
1700 314 1754 341 imo

968 362 1049 388 multa
1067 361 1235 395 Origeniame
1253 361 1383 388 doctrinae
1405 361 1491 395 capita
1517 361 1687 395 apertissime
1709 367 1752 386 re-

964 406 1085 440 jecissct.
1104 407 1223 442 Denique
1242 414 1273 433 ne
1289 407 1353 434 illud
1370 407 1478 441 quidem
1496 407 1664 435 mirabimur,
1682 406 1753 440 quod

968 452 1109 488 Didymum
1133 452 1176 479 alii
1201 453 1320 486 quidem,
1341 453 1445 480 tametsi
1471 452 1504 480 ab
1524 452 1685 487 Origeniana
1706 452 1754 479 do-

967 499 1055 526 ctrina
1082 498 1171 530 alieni.
1201 498 1317 526 maxime
1339 498 1516 531 laudaverint,
1546 499 1590 526 alii
1611 505 1675 525 vero
1691 505 1752 526 eum

967 547 1061 571 contra
1077 543 1297 578 vituperaveriut.

1193 622 1257 650 CAP.
1278 621 1334 649 XV.
1358 622 1396 649 De
1415 621 1520 657 nuptiis.

1003 679 1078 706 lhmc
1093 684 1221 714 prteterea
1237 680 1349 715 Didymo
1371 687 1491 706 errorem
1519 679 1612 706 tribuit
1637 678 1754 706 Iacobus

966 725 1122 761 Basnaginsr
1141 726 1166 752 in
1187 725 1471 758 Animadversionibus,
1501 733 1561 760 pag.
1596 724 1656 758 £99,
1684 726 1754 758 quod

967 773 1074 807 nuptias
1087 772 1191 799 Veteris
1203 771 1368 799 Testamenti
1385 777 1504 805 tempore
1515 771 1599 798 malas
1611 770 1693 797 fuisse
1708 771 1754 796 do-

124 815 197 840 enim
209 817 446 844 commcntariolos
461 818 575 854 Didymi,
588 827 655 853 quos
664 821 791 853 diximus,
804 821 913 848 libri“...
930 818 949 845 Β
965 817 1061 845 cuerit.
1083 817 1186 844 Revera
1210 821 1299 844 autem
1316 817 1342 844 in
1364 817 1432 844 libro
1446 816 1572 843 advertas
1592 815 1754 843 Manichwos

123 869 176 894 quc
193 862 227 887 ad
250 861 372 896 Ruﬁnum
394 864 511 890 nondum
527 864 628 898 legerat
646 865 835 901 Hieronymus,
853 875 912 895 cum

124 907 225 941 deipsc
243 908 495 943 Didymotanqnam
517 911 549 937 de
574 911 698 946 theolngo
729 913 802 940 omni
832 922 913 941 exce-

123 955 215 987 ptione
232 954 326 989 imjori
345 955 448 983 locutus
474 960 524 990 est,
543 956 670 983 ridentem
686 958 839 991 prcphctam
853 967 913 986 cutn

124 1008 294 1034 ntmcupans.

159 1045 318 1081 Quanquam
343 1047 406 1074 mihi
422 1048 453 1075 de
472 1047 573 1075 tlilllcili
601 1049 650 1076 hac
675 1050 824 1084 quaestione
838 1050 914 1085 cngi«

125 1093 192 1118 tanti
209 1092 272 1118 illud
295 1093 320 1119 in
343 1098 459 1120 mentem
476 1095 558 1126 venit,
580 1095 631 1121 alia
651 1096 732 1122 etiam
759 1103 807 1122 nos
835 1103 913 1130 posse

124 1138 166 1164 via
182 1139 316 1170 incedere,
334 1147 366 1166 ac
382 1147 413 1166 eo
428 1140 534 1167 tandem
555 1142 704 1175 pervenire,
725 1146 754 1168 ut
771 1147 797 1169 et
815 1142 911 1169 Hiero-

124 1190 247 1219 nymum,
262 1190 288 1211 ct
311 1184 450 1218 Rufinum,
467 1190 495 1212 et.
515 1185 581 1213 alios
600 1185 705 1222 Didymi
732 1195 792 1214 cum
822 1187 915 1215 lauda-

125 1236 208 1261 Iorcs,
225 1235 279 1257 tum
298 1232 505 1266 vituperatores,
523 1237 550 1258 et
570 1232 656 1266 ipsum
672 1241 768 1268 magna
787 1241 819 1260 ex
838 1239 914 1268 parte

125 1275 265 1311 Didymum
282 1285 332 1304 non
346 1277 405 1304 sine
419 1277 656 1306 verisimilitudine
679 1283 810 1306 tueamur.
831 1279 915 1306 Nimi-

125 1331 181 1348 rum
201 1331 262 1349 cum
279 1322 456 1358 Hieronymus
470 1324 503 1351 ab
520 1323 562 1355 iis,
586 1332 653 1358 quos
667 1325 826 1359 Origenismi
847 1325 914 1352 insi-

125 1368 220 1400 mulat,
237 1367 399 1403 Origeuiana
413 1370 538 1404 dogmata
556 1378 607 1397 non
622 1369 719 1404 palam.
735 1370 781 1397 sed
803 1371 912 1397 clancu-

126 1415 180 1441 I'um
197 1415 371 1442 disseminata
390 1416 472 1443 fuisse
498 1417 611 1444 aliirntet
638 1417 746 1451 smpius,
774 1417 913 1452 Didymum

125 1467 287 1493 reronsquc
310 1462 342 1487 ad
367 1468 467 1488 aunnm
495 1460 594 1489 Christi
620 1462 913 1496 quadringnntesimtnn

124 1513 262 1540 nunquam
279 1513 330 1532 non
348 1507 598 1540 commendaverit;
616 1507 717 1534 idcirco
733 1507 867 1542 suspicor,
881 1515 914 1535 ne

124 1550 150 1576 in
169 1550 202 1576 iis
228 1551 335 1585 quidem
360 1552 464 1587 Didymi
487 1553 607 1586 scriptis,
627 1560 687 1587 qua:
708 1553 912 1586 interciderunt,

124 1595 325 1632 Origeuismum
342 1599 376 1625 ita
391 1598 464 1626 clare
490 1599 662 1634 prmdicatnm
692 1599 785 1632 fuisse,
801 1604 829 1627 nt
854 1599 913 1626 titil-

125 1644 166 1670 Ius
190 1643 329 1671 catholica}
352 1645 571 1679 interpretationi
602 1645 677 1672 locus
705 1645 911 1680 relinqueretur,

125 1690 175 1716 etsi
194 1691 284 1717 multa:
301 1690 326 1717 in
347 1690 378 1717 iis
399 1697 574 1718 occurrerent
597 1692 746 1719 locutiones
769 1693 912 1728 Origenia-

127 1742 178 1761 me.
197 1734 224 1761 Id
241 1735 262 1761 si
281 1742 372 1762 verum
387 1743 447 1763 eSse
462 1744 604 1771 ponamus,
620 1742 693 1765 recte
707 1739 795 1764 omnia
812 1746 841 1766 se
864 1740 913 1766 ha-

127 1780 237 1807 bebunt.
251 1779 317 1807 Nam
331 1782 430 1816 primo,
445 1783 586 1816 desperata
605 1791 657 1810 non
670 1783 721 1810 erit
734 1784 838 1819 Didymi
851 1793 915 1812 cau-

126 1832 166 1856 sa,
191 1826 211 1852 si
228 1827 295 1853 nihil
311 1834 372 1854 eum
398 1828 516 1855 dictasse
531 1836 701 1862 censeamus,
729 1830 799 1864 quod
822 1831 915 1859 ortho-

127 1871 197 1898 doxo
211 1879 291 1898 sensu
308 1873 393 1907 aucipi
413 1882 464 1900 non
484 1879 574 1909 posset
597 1884 603 1902 :
629 1876 655 1902 in
672 1876 739 1902 libro
764 1881 852 1912 autem
876 1877 914 1904 De

127 1923 209 1944 morte
224 1918 364 1952 infantium
387 1928 438 1946 non
458 1925 555 1946 tamex
574 1928 633 1952 sua,
651 1929 730 1955 quam
747 1929 778 1948 ex
792 1921 916 1957 Origenis

127 1965 271 1995 sententia.
289 1965 321 1992 de
337 1973 387 1999 qua
403 1973 416 1991 a
431 1964 528 1993 Rulino
549 1966 730 2005 interrogatus
757 1968 915 2005 fuerat,llo-

127 2017 218 2038 cntum
235 2019 303 2038 esse.
319 2011 453 2044 Secundo,
468 2013 565 2040 miruui
582 2021 634 2040 non
649 2004 711 2046 erit,
731 2014 753 2040 si
774 2014 914 2049 Didymum

129 2056 306 2092 Hieronymus
320 2057 493 2085 allirmaverit
509 2060 671 2092 apertissime
683 2059 708 2085 in
718 2058 838 2094 Origenis
851 2060 916 2095 scita

126 2102 268 2129 concedere
285 2110 294 2129 :
310 2111 369 2130 cum
381 2103 453 2130 enim
470 2104 560 2142 plures
578 2104 727 2132 locutiones
743 2107 776 2131 ab
802 2104 917 2139 Origene
934 2111 947 2118 ἠ

128 2147 273 2179 adhibitus,
288 2148 381 2183 qualos
394 2149 420 2175 in
440 2149 516 2176 libris
535 2149 569 2177 de
593 2149 727 2177 Triuitate
749 2157 797 2177 nos
813 2151 917 2177 iureni-

130 2200 199 2225 mus,
230 2193 255 2219 in
281 2193 395 2229 Didymo
421 2196 576 2229 repetisset,
606 2204 673 2231 quas
696 2196 730 2223 ab
757 2195 919 2231 Origenistis

130 2246 214 2279 pravo
233 2247 313 2266 sensu
336 2241 506 2274 pronuntiari
535 2246 663 2273 noverat;
689 2241 831 2277 Didymum
856 2250 919 2270 vero

131 2286 217 2318 ipsum
235 2286 260 2312 in
274 2286 306 2313 iis
321 2294 379 2320 qua:
391 2287 423 2314 ad
438 2286 596 2316 Trinitatem
611 2293 743 2322 spectant,
757 2289 918 2316 acerrimum

131 2329 258 2366 Origeuis
274 2331 444 2359 defensorem
457 2340 516 2359 esse
530 2338 682 2365 constaret;
699 2333 764 2360 nihil
776 2333 918 2367 dubitavit,

131 2377 194 2411 quin
211 2384 293 2411 pravo
307 2385 386 2404 sensu
402 2378 502 2409 dictata
526 2379 614 2406 forent
637 2386 804 2414 quaecunque
821 2379 848 2407 in
873 2379 919 2406 Di-

132 2424 203 2462 dyini
227 2424 354 2458 operibus
378 2423 519 2458 sapiebant
540 2424 741 2459 Origenismum
771 2434 777 2452 :
806 2433 838 2452 ex
867 2433 920 2459 quo

133 2468 232 2495 factum
246 2474 296 2500 est,
315 2475 344 2496 ut
364 2471 420 2504 ipse
439 2475 532 2505 utpote
558 2478 664 2497 sommo
691 2471 831 2498 catholica:
859 2471 920 2498 fidei

135 2514 193 2542 zelo
207 2515 388 2543 inﬂammatus
404 2524 455 2544 non
478 2516 557 2544 modo
574 2515 773 2551 Origenismum
793 2517 921 2544 radicitus

135 2561 350 2596 c-xstirpandum,
372 2567 453 2596 atque
482 2562 516 2589 ab
540 2562 700 2598 Epiphanio,
731 2571 745 2589 a
773 2561 922 2597 Theophilo

134 2606 326 2638 Alexandrino,
339 2612 366 2634 et
379 2615 392 2634 a
404 2607 525 2634 Romano
541 2608 667 2642 episcopo
690 2608 716 2635 in
739 2607 834 2642 primis
856 2615 921 2634 con-

135 2654 313 2680 demnandum
327 2658 445 2684 curaret,
469 2661 562 2681 verum
575 2653 656 2681 etiam
676 2660 783 2687 omnes,
808 2661 920 2688 quorum

135 2698 296 2726 auctoritate
325 2705 384 2726 sese
420 2700 563 2727 tuebantur
592 2699 769 2736 Origenistae,
798 2707 919 2739 quOSqnc

171 2785 194 2807 ⁸ο
214 2786 291 2818 “om.
312 2797 368 2823 \‘nt,
382 2790 409 2819 ὅ,

965 871 1023 898 cap.
1036 863 1063 897 9,
1076 864 1114 894 ita,
1124 864 1156 890 de
1167 863 1267 897 nuptiis
1281 863 1400 897 loquitur
1410 862 1548 896 theologus
1559 866 1660 893 noster,
1675 866 1714 893 ut,
1731 861 1753 886 si

964 909 1112 937 oscitanter
1125 909 1227 945 legatur
1240 909 1285 936 ille
1301 909 1385 940 locus,
1400 908 1483 935 videri
1495 907 1623 943 possitita
1637 908 1755 934 sensisse

964 961 993 983 ut
1006 956 1061 983 vult
1077 955 1235 990 Basnagius.
1252 956 1287 982 At
1313 954 1378 981 mihi
1395 954 1502 988 quidem
1518 953 1576 988 ejus
1593 952 1673 980 verba
1698 960 1756 987 per-

964 1002 1090 1037 pendenti
1110 1002 1147 1036 (id
1162 1002 1234 1028 enim
1258 999 1410 1034 theologum
1428 1004 1557 1034 pra-stare
1573 1002 1691 1033 oportet,
1708 998 1753 1033 qni

965 1048 996 1075 de
1020 1047 1180 1082 theologicis
1210 1047 1337 1081 operibus
1359 1045 1488 1080 judicium
1510 1045 1591 1077 ferre,
1618 1044 1755 1078 multoque

965 1094 1051 1128 magis
1069 1094 1114 1128 qui
1131 1101 1162 1120 ea
1190 1093 1387 1127 reprehendere
1421 1092 1495 1127 velit)
1527 1092 1634 1118 videtur
1658 1091 1755 1125 injuste

965 1140 1086 1168 accusari
1107 1139 1234 1175 Didymus
1259 1146 1274 1166 a
1297 1139 1439 1173 Basnagio.
1462 1138 1548 1164 Tuum
1568 1138 1631 1171 erit,
1657 1137 1753 1169 lector,

962 1187 1094 1223 judicare,
1114 1191 1174 1214 uter
1188 1185 1293 1221 Didymi
1309 1190 1425 1212 mentcm
1438 1189 1579 1211 assecutus
1594 1185 1638 1216 sit,
1655 1183 1755 1210 Basna-

964 1231 1033 1266 gius,
1047 1239 1079 1258 an
1089 1238 1147 1265 ego.
1161 1230 1212 1258 Sed
1224 1237 1266 1256 res
1276 1230 1357 1257 altius
1370 1228 1472 1265 [LVIII]
1483 1230 1624 1264 repetenda
1638 1233 1679 1257 est
1703 1236 1755 1264 quo

965 1276 1078 1304 clariora
1093 1276 1146 1303 sint
1158 1284 1216 1310 qua:
1231 1275 1443 1303 dieturivsumns.

1000 1322 1072 1350 Inter
1087 1327 1184 1350 caetera
1212 1322 1303 1357 itaque
1326 1326 1497 1357 argumenta,
1514 1322 1612 1355 quibus
1628 1327 1755 1348 exsecra-

965 1369 1033 1396 biles
1056 1369 1196 1396 Manichzei
1223 1369 1377 1401 utebantur,
1402 1369 1535 1401 quoddam
1562 1372 1623 1395 erat
1645 1374 1678 1394 ex
1703 1366 1757 1394 illis

967 1415 1114 1449 Scriptura:
1130 1414 1195 1441 locis
1210 1413 1363 1445 deductum,
1386 1413 1411 1439 in
1435 1413 1531 1446 quibus
1559 1421 1620 1440 caro
1643 1412 1755 1446 peccati,

968 1465 1012 1487 aut
1024 1468 1119 1494 corpus
1134 1459 1232 1494 peccati
1245 1459 1401 1485 nominatur
1414 1467 1421 1485 :
1436 1458 1498 1485 imle
1511 1458 1582 1485 enim
1595 1457 1756 1492 colligebant

968 1506 1163 1534 admittendam
1191 1513 1266 1541 esse~
1283 1511 1392 1532 carnem
1421 1509 1527 1537 natura,
1551 1508 1577 1530 et
1603 1503 1756 1531 necessario

969 1553 1077 1579 malum.
1091 1551 1166 1579 Hanc
1181 1552 1315 1579 rationem
1333 1557 1361 1579 ut
1379 1552 1496 1579 infirmet
1511 1550 1649 1585 Didymus,
1663 1555 1757 1577 osten-

969 1599 1007 1626 dit
1021 1607 1125 1626 carnem
1141 1600 1241 1634 peccati
1257 1599 1308 1626 dici
1327 1606 1378 1626 non
1402 1605 1433 1625 ex
1453 1605 1485 1624 eo
1504 1598 1576 1632 quod
1602 1602 1697 1624 natura
1721 1596 1758 1624 sit

970 1643 1051 1676 mala,
1069 1643 1114 1670 sed
1130 1643 1200 1677 quod
1217 1643 1298 1670 homo
1313 1643 1369 1678 ipsa
1386 1650 1468 1670 carne
1489 1638 1616 1669 abutatur
1643 1643 1675 1668 ad
1696 1649 1758 1677 pec-

970 1690 1094 1717 candum.
1114 1689 1171 1716 Hoc
1190 1689 1377 1716 demonstrato
1392 1689 1480 1716 locum
1503 1688 1577 1715 Pauli
1600 1687 1699 1720 allen,»
1713 1687 1756 1715 ubi

971 1735 1042 1762 Deus
1056 1734 1154 1761 dicitur
1167 1735 1270 1761 misisse
1281 1733 1381 1760 Filium
1394 1742 1471 1761 suum
1485 1735 1511 1761 in
1522 1734 1692 1761 similitudine
1702 1741 1759 1760 car-

970 1782 1010 1808 m's
1031 1781 1132 1815 peccati
1149 1781 1183 1807 ".
1200 1780 1261 1807 Ideo
1278 1785 1368 1807 autem
1383 1780 1483 1807 Christi
1497 1787 1606 1807 carnem
1621 1786 1759 1813 nuncupa-

971 1832 1025 1854 tam
1041 1828 1078 1854 ait
1094 1827 1292 1854 similitudinem
1309 1827 1396 1854 carnis
1411 1827 1520 1860 peccati,
1540 1826 1600 1860 quia
1623 1826 1673 1853 etsi
1689 1830 1759 1852 esset

971 1882 1033 1901 vera
1052 1881 1125 1906 caro,
1151 1881 1215 1906 non,
1239 1877 1268 1900 ut
1291 1873 1416 1900 volebant
1439 1872 1590 1904 Manichazi,
1617 1872 1758 1904 simulata,

972 1929 1023 1948 non
1039 1925 1100 1947 erat
1117 1919 1205 1947 tamen
1230 1927 1261 1946 ex
1281 1919 1363 1947 coitu.
1382 1919 1458 1952 Quod
1478 1920 1500 1946 si
1518 1926 1615 1952 corpus
1631 1925 1663 1945 ex
1685 1918 1759 1944 coitu

971 1973 1129 2003 c0nceptum
1147 1967 1305 2000 sumpsisset
1323 1966 1458 1999 Salvator,
1481 1966 1652 1993 existimatus
1669 1964 1759 1999 utique

971 2019 1054 2046 esset,
1071 2015 1167 2048 inquit,
1182 2013 1306 2049 originali
1323 2018 1431 2047 peccato
1449 2017 1476 2039 et
1492 2013 1547 2047 ipse
1561 2013 1702 2039 obnoxius.

1007 2058 1054 2086 His
1067 2058 1213 2093 praemissis
1228 2059 1285 2085 haec
1298 2058 1402 2089 subdit,
1417 2065 1476 2092 qua:
1489 2065 1520 2084 ex
1539 2057 1663 2084 Turriani
1676 2057 1760 2084 inter-

972 2104 1125 2141 pretatione
1138 2103 1221 2131 aﬂ‘cro
1236 2113 1244 2131 :
1262 2113 1271 2129 ε
1288 2103 1317 2130 Si
1330 2111 1393 2130 vero
1406 2103 1532 2135 dixerint,
1547 2103 1576 2130 Si
1588 2111 1649 2130 caro
1661 2103 1760 2137 peccati

972 2155 1010 2177 est
1026 2159 1085 2185 qua:
1099 2159 1131 2177 ea:
1144 2150 1325 2184 conjunctione
1339 2150 1386 2177 viri
1396 2156 1420 2177 et
1436 2150 1540 2184 femina:
1555 2155 1616 2177 nata
1633 2154 1681 2182 est,
1700 2158 1758 2176 ma-

971 2199 1005 2224 la:
1019 2202 1077 2224 sunt
1096 2197 1211 2231 nuptiw;
1230 2197 1340 2224 audiant
1357 2197 1412 2228 isti,
1429 2196 1501 2231 quod
1525 2201 1588 2223 ante
1613 2196 1759 2223 adventum

972 2243 1129 2278 Salvatoris,
1149 2243 1319 2278 quivabstulit
1335 2248 1475 2278 peccatum
1493 2242 1598 2274 mundi,
1620 2243 1642 2269 si
1665 2249 1759 2269 omnes

972 2291 1105 2322 homines,
1121 2291 1191 2317 sicut
1206 2289 1256 2317 alia
1273 2297 1332 2316 cum
1352 2294 1462 2325 peccato
1477 2289 1604 2326 agebant,
1622 2289 1660 2316 sic
1678 2289 1759 2315 etiam

972 2337 1077 2370 nuptias
1088 2343 1148 2363 cum
1171 2341 1282 2370 peccato
1307 2336 1452 2363 habebant.
1474 2334 1552 2362 Unde
1576 2334 1701 2362 similiter
1727 2334 1760 2361 de

970 2382 1130 2417 corporibus
1145 2390 1178 2410 ex
1201 2382 1335 2409 connubio
1361 2382 1431 2409 natis
1454 2381 1656 2417 intelligendum
1684 2385 1726 2409 est
1751 2391 1758 2408 :

973 2429 1033 2463 quia
1047 2433 1107 2463 post
1125 2432 1264 2463 peccatum
1279 2427 1349 2455 facta
1368 2428 1418 2455 fuit
1438 2427 1591 2464 coniunctio
1613 2428 1677 2455 Atla:
1698 2435 1758 2455 Clllll

973 2474 1038 2506 Eva,
1053 2474 1154 2501 idcirco
1169 2474 1237 2501 dicta
1253 2478 1294 2501 est
1315 2482 1376 2500 caro
1403 2474 1502 2508 peccati
1525 2473 1626 2509 [malint
1651 2477 1759 2502 vertere.

973 2520 1042 2547 dicta
1057 2524 1120 2546 sunt
1131 2528 1193 2546 cara
1204 2519 1374 2556 peccati].....
1394 2519 1583 2546 Verumtamen
1598 2526 1645 2553 per
1658 2519 1760 2545 adven-

973 2570 1027 2591 tum
1043 2564 1155 2598 Christi,
1168 2564 1237 2591 sicut
1253 2565 1287 2591 ab
1304 2563 1364 2591 aliis
1378 2563 1458 2591 rebus
1472 2564 1589 2591 ablatum
1605 2567 1646 2590 est
1666 2570 1759 2597 pecca-

974 2613 1040 2641 tum,
1055 2609 1094 2636 sic
1105 2609 1185 2636 etiam
1199 2617 1214 2636 a
1229 2609 1339 2644 nuptiis.
1354 2608 1445 2643 Itaque
1463 2615 1535 2635 nunc
1548 2608 1593 2643 qui
1610 2608 1758 2635 secundum

974 2653 1148 2688 Evangelium
1162 2655 1267 2688 vivunt,
1284 2655 1385 2682 habere
1399 2659 1512 2688 possunt
1530 2653 1696 2682 honorabiles
1712 2662 1760 2680 nu-

973 2700 1042 2734 plias
1053 2705 1076 2727 et
1090 2705 1175 2728 torum
1191 2701 1434 2729 immaculatum...
1453 2701 1490 2728 Ex
1506 2709 1559 2736 quo
1575 2701 1604 2729 ﬁt
1623 2705 1651 2730 ut
1675 2708 1762 2737 neque
