1907 3063
164 55 212 82 2H

887 54 929 85 DE
952 58 1079 86 DIDHIO

1739 64 1800 92 2!!

166 120 305 146 peccatum
328 119 362 140 sit
384 114 547 149 COnjugitlnt.
569 117 652 144 Aliter
677 118 757 144 etiam
782 118 832 145 dici
860 123 947 152 potest
962 121 982 149 Α
1000 119 1202 151 iuAbraliamo,
1227 120 1340 155 aliisque
1365 123 1525 150 sanctis-ex
1552 123 1651 151 Christi
1679 132 1800 152 renum

167 156 252 189 magis
267 156 386 191 physicu.
404 159 496 185 Divina
511 161 632 192 qua-dant
649 169 690 188 res
704 167 746 189 est
761 162 909 196 virginitas,
920 169 946 190 et

170 207 295 235 tanquam
312 204 337 229 in
354 204 387 229 vit
398 206 497 231 tutilvus
509 207 623 233 exsistit.
637 206 665 234 Si
676 208 737 242 quis
751 208 831 243 igitur
842 210 947 243 nuptias

167 256 227 274 tum
255 249 406 280 \‘itgiuizatt-
431 251 583 284 conti-rens,
616 253 687 287 ipsas
713 254 783 281 dicat
807 261 946 289 peceatum

167 302 237 327 esse,
257 304 307 321 nou
328 297 447 323 ulsulute
469 303 530 324 sunt
547 304 686 332 peccatum
714 308 720 326 :
751 301 848 327 malum
876 302 947 328 enim

168 349 219 366 nun
235 344 435 375 conqiaratioue
448 343 509 370 botti
525 344 623 371 malum
639 351 697 378 est;
713 347 843 381 siquidem
859 354 906 381 per
920 355 949 374 se

169 386 219 412 tale
233 391 283 412 est.
305 396 314 412 ›
345 386 479 415 Hactenus
502 388 630 424 Didymus
654 400 659 416 :
684 399 763 425 quem
787 399 869 426 pravo
892 392 948 418 h;ec

168 442 187 456 si
199 439 246 457 usu
260 432 376 459 dictasse
390 433 515 467 equidem
536 441 691 467 persuasum
708 443 760 462 noti
775 436 869 462 habeo.

206 477 270 502 Na."
283 477 380 511 primo,
399 479 459 513 quis
470 480 562 505 credat
575 487 647 512 eum,
661 481 706 514 qui
729 486 871 515 perpetuus
895 481 948 508 Ma-

170 524 332 550 tiichzeurum
351 525 521 551 adversarius
538 524 598 556 fuit.
621 527 726 559 nuptias
747 527 900 558 datnnasse,
922 533 949 553 ut

169 570 306 597 Alanichmi
323 569 468 602 faciebant.
488 571 566 606 idque
586 572 611 598 in
629 579 661 599 eo
689 571 755 599 libro
781 580 859 607 quem
881 574 949 599 scri—

170 617 218 648 psil
235 617 358 642 adversus
375 615 555 644 Munia/uvas!
569 618 701 648 Secundo,
718 623 824 645 sanctos
847 617 951 645 Vetetis

170 659 332 688 Testamcnti
350 662 451 689 sanctis
474 661 539 689 Novi
561 662 723 690 Teslutnettli
749 664 865 696 aequales
891 670 950 691 esse

171 706 225 730 vult
250 705 385 741 Didymus.
403 707 482 741 idque
504 708 561 735 fuse
575 710 689 742 probare
710 710 803 736 nititur
820 710 845 736 in
864 709 951 737 Euar-

170 751 324 778 ratiouibut.
339 753 371 778 At
385 753 446 787 quis
459 754 542 780 nescit
554 754 695 789 plerosque
707 754 802 781 saltent
816 762 830 782 e
849 757 951 783 sanctis

174 796 274 823 Vetnsti
291 796 453 825 Tcstatneuti
476 799 540 825 viris
556 807 639 826 uxore
655 809 706 827 non
721 800 857 827 caruisse?
886 800 953 828 Ter-

172 844 218 873 tio,
232 842 354 870 Graecum
370 843 448 878 hujus
471 844 522 871 loci
541 849 643 872 textum
668 852 719 872 non
739 846 848 873 omnino
867 846 954 874 sittce-

171 896 228 914 rum
248 890 281 915 ad
297 897 344 916 nos
359 889 512 922 pervenisse
529 891 699 924 perspicuutn
723 896 762 919 est
787 900 793 917 :
819 899 886 925 nam,
909 892 953 918 ubi

171 933 320 960 ΤιηὟίιιιιιιδ
335 934 430 961 vertit:
446 935 560 961 Audiuit!
573 936 628 968 iui,
648 937 717 970 quod
736 941 796 963 ante
816 937 953 963 mirantum

171 979 325 1012 Solratoria,
337 981 380 1014 qui
396 980 502 1008 abstulit
518 988 649 1015 peccatum
663 982 766 1013 mundi.
779 983 800 1008 si
813 990 899 1008 attines
913 979 956 1008 lto}-

172 1027 251 1052 miues
263 1027 398 1061 etrcliqua
411 1036 416 1060 ;
430 1028 611 1062 quid,qua:so,
624 1028 737 1055 sibivult
751 1028 841 1055 vocula
858 1028 900 1054 illa
912 1029 956 1054 si?

173 1080 260 1099 uoune
276 1073 428 1107 perplexam
451 1074 548 1105 reddit,
567 1074 619 1100 ittto
647 1073 762 1100 liiulcam
786 1073 954 1100 orationem?

173 1118 270 1145 Eadem
290 1123 378 1144 tamen
392 1117 529 1145 estGrmci
545 1118 626 1145 etiam
645 1123 733 1145 textus
755 1117 841 1144 lectio.
863 1117 956 1152 Itaque

175 1170 232 1189 meo
245 1163 355 1196 quidem
373 1162 476 1197 judicio
491 1168 633 1198 corruptus
645 1168 694 1196 est,
711 1170 744 1190 ac
769 1163 912 1190 mendosus
924 1169 953 1188 ea

174 1212 229 1244 ipsa
254 1212 281 1240 in
309 1215 395 1245 parte,
423 1218 475 1245 qua
500 1211 616 1238 maxime
646 1210 769 1237 ittnititur
796 1209 953 1244 Busnagius.

172 1256 283 1288 Quarto.
314 1256 336 1283 si
361 1257 467 1290 nuptias
482 1261 544 1283 ante
570 1255 671 1284 Christi
697 1257 839 1283 adventum
871 1256 956 1283 malas

174 1300 256 1328 tuisse
273 1301 397 1334 opinatus
422 1300 516 1327 luisset
531 1300 668 1335 Didymus.
696 1301 822 1328 continuo
845 1301 955 1328 alteram

175 1346 372 1380 responsionem
390 1354 441 1374 non
457 1347 602 1374 addidisset
625 1356 632 1373 :
655 1346 684 1374 Si
705 1348 764 1381 quis
775 1347 878 1381 nuptias
897 1354 954 1373 cum

172 1393 320 1427 rirgiuitate
337 1392 482 1427 conferens,
500 1393 569 1425 ipsas
589 1393 658 1419 dicat
679 1398 812 1427 peccatum
829 1400 893 1423 esse,
905 1401 955 1418 non

173 1437 288 1465 absolute
303 1443 363 1464 sunt
378 1445 520 1472 peccatum,
538 1443 589 1465 etc.
614 1437 764 1470 Postremo,
783 1440 853 1473 quod
877 1443 955 1472 caput

172 1489 226 1516 est,
241 1484 361 1518 postulat
383 1485 505 1518 aequitas.
526 1489 555 1511 ut
578 1489 631 1511 tam
647 1485 732 1519 turpis
749 1493 824 1511 ιιι-τοι-
844 1484 956 1519 Didyme

173 1538 225 1557 non
241 1531 385 1563 tribuatur,
398 1531 448 1557 nisi
470 1530 564 1557 saltem
578 1531 604 1557 in
618 1530 704 1558 allatis
721 1531 817 1563 verbis,
836 1531 893 1558 licet
909 1531 958 1557 ali-

173 1575 235 1602 cubi
249 1575 394 1607 mcndosis,
410 1576 549 1609 perspicue
563 1576 586 1602 is
607 1581 742 1610 appareat.
769 1576 863 1603 Vetum
876 1575 897 1602 si
916 1581 957 1602 at-

176 1626 248 1648 tento
261 1621 363 1655 singula
378 1620 482 1656 Didymi
507 1621 587 1647 verba
612 1621 829 1655 expenderimus,
855 1621 956 1648 nullunt

175 1667 352 1698 inveniemus,
363 1667 434 1702 quod
446 1674 506 1694 eum
519 1667 699 1694 condemnare
711 1674 759 1694 nos
782 1673 868 1702 cogat.
892 1667 957 1694 Dum

173 1714 246 1741 enim
263 1714 311 1745 ait,
330 1713 445 1748 Nuptias
461 1721 519 1740 cum
533 1717 637 1748 peccato
652 1713 792 1745 habebant.
810 1713 957 1740 ttiltilaliud

173 1761 295 1791 denotat,
311 1765 339 1786 ut
353 1764 427 1793 puto,
440 1758 490 1786 nisi
508 1763 647 1793 peccatum
666 1759 807 1793 originale,
828 1760 897 1793 quod
912 1767 960 1793 per

175 1805 313 1834 Christum
330 1805 446 1833 deletum
463 1810 517 1837 est,
533 1813 565 1833 ac
581 1805 695 1832 deletur.
721 1804 749 1831 Si
774 1805 845 1832 eitim
871 1806 959 1833 verbis

176 1853 251 1880 hisce
268 1851 445 1884 indic-aletur.
457 1851 542 1878 malas
554 1851 618 1878 olim
632 1850 716 1877 fuisse
732 1858 825 1877 omnes
840 1852 958 1886 nuptias,

175 1903 336 1932 sequi-retur
351 1902 379 1924 ut
391 1898 470 1924 verba
485 1897 565 1924 etiam
578 1904 638 1931 quae
654 1897 775 1931 proxime
786 1897 958 1930 antecedunt.

175 1943 236 1970 Alia
254 1952 310 1969 cum
323 1947 428 1977 peccato
442 1943 561 1978 agebant.
574 1942 758 1977 signiﬁcarent
778 1942 862 1969 malas
878 1943 960 1970 fuisse

176 1989 311 2025 quaslibet
328 1990 432 2017 illurunl
448 1989 567 2017 omnium
582 1989 714 2021 actiones.
728 1988 771 2023 qui
787 1993 848 2016 ante
860 1989 960 2016 Christi

176 2037 320 2064 adventum
342 2036 417 2063 fuere
435 2043 443 2062 :
464 2043 517 2070 quo
543 2035 609 2062 nihil
632 2042 685 2062 non
715 2036 794 2062 modo
818 2034 960 2062 absurdius

176 2082 324 2116 excogitari
347 2086 445 2116 potest,
475 2082 521 2108 sed
541 2088 574 2107 ne
598 2080 710 2115 Ditlymo
738 2079 846 2114 quidem
874 2081 959 2113 magis

971 801 988 826 li

1002 164 1105 191 meritis
1121 172 1128 189 '.
1145 165 1203 197 sed,
1221 169 1248 191 ut
1265 173 1315 200 ego
1326 174 1433 198 censeo.
1451 169 1550 195 nullam
1568 169 1648 196 aliam
1664 172 1701 197 ob
1727 179 1802 197 catt-

1001 217 1058 236 sam
1077 218 1106 236 ea
1122 210 1202 238 verba
1225 211 1321 246 adjecit
1343 211 1481 248 Didymus,
1508 215 1557 241 nisi
1578 220 1604 241 ut
1627 215 1711 242 alium
1740 216 1803 242 Ma-

1002 255 1165 282 nichmorutn
1188 264 1308 284 errorem
1332 257 1476 290 refelleret,
1497 260 1542 294 qui
1562 261 1668 294 nuptias
1692 268 1803 288 omnes

1002 299 1058 326 sive
1074 299 1100 326 iu
1115 299 1217 331 Veteri.
1232 301 1289 328 sive
1305 301 1330 328 in
1349 301 1423 328 Novo
1440 302 1613 330 Testamento
1631 305 1719 331 malas
1736 311 1804 332 esse

1003 346 1146 372 docebant.
1160 346 1207 373 llis
1218 347 1380 381 praemissis,
1394 348 1496 381 judicct
1510 349 1605 381 lector,
1622 355 1714 376 utrum
1729 350 1804 376 alla-

1004 395 1045 417 tus
1061 391 1165 426 Didymi
1181 392 1256 420 locus
1273 393 1369 420 tnerito
1385 400 1528 421 accusetur
1545 401 1559 421 a
1575 394 1722 430 Basnagio.

1108 472 1169 499 CAP.
1192 471 1259 498 XVI.
1283 472 1318 499 De
1338 472 1456 506 Epistula
1473 474 1586 500 sccnmla
1607 473 1687 502 Petri.

1041 528 1192 556 Secundam
1217 529 1289 556 Petri
1315 529 1456 562 epistolam
1489 532 1514 556 in
1538 531 1803 558 dcuterocanonicis

1006 573 1153 608 Scripturis
1175 575 1310 601 numerari
1332 580 1432 602 norunt
1459 575 1585 609 theologi.
1604 575 1697 610 Itaque
1722 577 1748 602 si
1765 577 1802 603 de

1005 629 1034 647 ca
1053 622 1103 648 hoc
1125 626 1227 648 tantum
1244 622 1354 648 dixisset
1372 622 1508 656 Didymus,
1523 612 1604 655 ipsum
1621 629 1747 648 nonnae
1773 622 1804 648 in

1005 666 1118 699 Cimone,
1140 667 1314 694 excusatione
1329 667 1425 702 dignus
1443 668 1512 694 l'oret
1525 677 1531 693 :
1551 668 1663 694 necdum
1678 668 1760 695 enim
1773 668 1802 694 in

1007 711 1205 746 Scripturarunt
1230 711 1366 739 Cononem
1390 714 1424 739 ab
1447 713 1582 745 omnibus,
1604 722 1652 740 nec
1673 714 1800 740 solemni

1007 758 1167 785 universalis
1194 758 1319 786 Eaclesiw
1334 759 1442 786 decreto
1466 759 1548 785 relata
1571 759 1667 786 fuerat.
1692 759 1802 786 Vcrunt

1007 804 1089 837 ipsum
1103 809 1231 838 praeterea
1245 804 1369 838 falsatum
1381 805 1456 832 dicit.
1469 804 1516 831 llis
1531 806 1602 832 enim
1616 805 1707 832 verbis
1719 813 1806 832 enar-

1008 850 1136 876 rationem
1161 850 1187 876 in
1202 851 1269 877 hanc
1292 851 1428 884 epistolam
1443 851 1580 879 concludit
1593 860 1599 877 :
1620 850 1680 877 Non
1696 857 1736 877 est
1750 852 1805 886 igi-

1007 899 1050 920 tur
1076 895 1268 929 iguoramlum,
1297 902 1448 929 pra'semem
1466 895 1602 929 epistolam
1633 904 1687 922 esse
1710 895 1804 929 falsa-

1006 945 1083 966 lam.‘
1108 939 1237 973 ιμιιιίιὶεει
1265 941 1422 973 publicctur,
1447 949 1496 966 uou
1521 947 1605 966 ιαιιιιιι
1633 941 1659 967 in
1686 940 1804 967 Catiane

1006 990 1052 1011 (at.

1040 1030 1179 1063 Adjectam
1198 1029 1279 1056 fuisse
1301 1031 1333 1056 ab
1347 1029 1435 1064 aliquo
1455 1031 1524 1057 hanc
1538 1030 1686 1056 clausulam
1702 1031 1802 1064 suspi-i

1007 1081 1084 1101 catur
1098 1074 1257 1108 Basuagius.
1271 1075 1353 1109 Cujus
1367 1076 1520 1110 opinionem
1536 1075 1650 1102 libenter
1666 1075 1799 1108 equidem

1008 1119 1197 1153 amplecterer,
1215 1120 1237 1146 si
1269 1128 1374 1147 nossem
1403 1128 1455 1154 qua
1475 1120 1578 1147 ratione
1604 1126 1678 1147 certo
1694 1120 1802 1148 conﬁr-

1008 1165 1074 1191 tnari
1097 1164 1191 1199 possit.
1213 1164 1276 1197 Sed,
1294 1172 1355 1192 cum
1373 1165 1399 1192 id
1424 1165 1554 1200 ignorent,
1578 1165 1642 1192 illud
1661 1166 1803 1193 duntaxat

1008 1215 1064 1237 tuto
1085 1210 1134 1237 hac
1154 1210 1179 1236 itt
1206 1217 1234 1237 re
1249 1215 1370 1237 statuere
1391 1218 1469 1245 posse
1486 1211 1548 1238 mihi
1567 1212 1668 1244 videor,
1692 1213 1803 1247 episto-

1008 1257 1059 1283 lam
1083 1256 1152 1283 hanc
1174 1261 1202 1283 ut
1223 1264 1363 1283 sacrarum
1384 1256 1586 1291 Scripturarunt
1611 1257 1724 1290 librum,
1752 1262 1801 1284 ant

1007 1304 1109 1334 partem
1123 1299 1241 1335 agnitum
1259 1300 1398 1336 aDidymo
1417 1300 1511 1328 fuisse.
1526 1302 1553 1328 ln
1573 1301 1648 1328 libris
1668 1302 1744 1328 enim
1762 1302 1802 1328 De

1009 1345 1137 1372 Trinitate
1153 1345 1233 1373 Petro
1248 1347 1346 1379 smpitts
1365 1353 1424 1373 eam
1447 1348 1551 1380 tribuit,
1571 1352 1598 1375 et
1623 1347 1711 1374 instar
1731 1348 1804 1374 alio-

1010 1398 1069 1417 rum
1097 1390 1246 1425 Scriptura:
1267 1391 1396 1418 librorum
1422 1392 1505 1425 citat;
1528 1394 1552 1419 in
1571 1392 1800 1420 Euarrationibus

985 1465 990 1472 ι
1009 1429 1073 1462 vero
1090 1435 1176 1470 ipsam
1191 1443 1296 1471 quoque
1310 1445 1361 1464 una
1382 1445 1442 1464 cum
1461 1438 1520 1465 aliis
1532 1437 1678 1466 Catholicis
1690 1439 1799 1473 cpisto-

1009 1481 1042 1509 lis
1059 1481 1272 1516 interpretatur:
1288 1490 1319 1510 ac
1338 1483 1444 1510 dentqu
1462 1484 1488 1510 in
1502 1485 1589 1511 allatis
1616 1485 1706 1512 verbis
1729 1493 1802 1520 opus

1008 1527 1166 1561 publicatum
1193 1527 1265 1555 illam
1284 1534 1429 1564 nuncupat.
1449 1530 1518 1563 Quid
1547 1535 1636 1557 autem
1664 1531 1799 1558 librorum

1008 1573 1199 1606 publicatorum
1214 1574 1341 1602 vocabulo
1362 1575 1492 1610 detignct,
1506 1575 1656 1610 intelligere
1675 1577 1743 1603 licet
1767 1584 1801 1603 ex

1009 1619 1042 1646 iis
1065 1626 1123 1653 qua?
1155 1620 1177 1646 is
1203 1620 1315 1647 dictavit
1347 1621 1373 1647 in
1395 1622 1594 1648 commentariis
1609 1623 1634 1648 in
1661 1625 1738 1654 Acta.
1766 1624 1800 1648 ait

1010 1671 1079 1690 vers.
1107 1664 1140 1691 59
1155 1665 1249 1699 cap‘tis
1267 1673 1324 1691 vnt.
1352 1665 1388 1692 lbi
1412 1666 1482 1692 cnitn
1501 1674 1641 1701 pestquan:
1659 1668 1800 1695 linochum

1010 1709 1166 1736 translatum
1192 1710 1272 1737 luisse
1293 1711 1370 1744 dixit.
1398 1712 1423 1739 id
1445 1718 1487 1740 est
1511 1721 1544 1740 ex
1568 1716 1625 1739 loco
1656 1713 1681 1740 in
1710 1714 1800 1740 locmn

1010 1756 1138 1787 delatum,
1163 1755 1299 1790 sultjungit
1331 1765 1338 1783 :
1368 1751 1497 1789 Quoniam
1515 1766 1570 1784 vero
1588 1759 1616 1784 ὲν
1639 1759 1701 1790 ταῖς
1725 1758 1803 1793 δεδη-

1012 1801 1202 1836 μοσιευμέναις
1216 1800 1328 1836 βιὸλοις,
1348 1803 1374 1830 id
1390 1808 1441 1836 est,
1458 1804 1483 1830 in
1499 1804 1570 1829 libris
1582 1803 1733 1836 publicatis,
1747 1812 1801 1830 non

1012 1848 1166 1882 exprimitur
1184 1855 1235 1882 qua
1249 1847 1270 1874 is
1283 1849 1447 1882 pervenerit,-
1474 1849 1498 1874 t'u
1514 1848 1666 1883 apocrypltis
1688 1848 1800 1879 dicitur.

1011 1902 1068 1920 eum
1096 1895 1122 1920 iu
1143 1894 1297 1928 paradisum
1326 1893 1480 1920 translatum
1496 1902 1559 1920 esse.

1047 1939 1115 1972 Quid
1131 1944 1219 1966 autent
1235 1939 1287 1966 sibi
1314 1939 1375 1966 velit
1399 1939 1537 1974 Didymus,
1563 1947 1623 1965 cum
1649 1947 1710 1965 eain
1736 1938 1800 1973 Epi-

1013 1985 1108 2012 stolam
1135 1984 1262 2018 falsatum
1277 1992 1336 2012 esse
1354 1983 1467 2011 aﬂirmat
1481 2004 1487 2016 ,
1512 1985 1615 2011 llOSClI't’
1640 1993 1682 2010 me
1701 1984 1797 2010 fateor.

1015 2031 1164 2066 Exprobrat
1180 2031 1286 2066 quidem
1307 2032 1363 2066 ipse
1381 2032 1514 2059 ltzeretit‘is
1536 2032 1602 2058 libro
1635 2039 1653 2057 n
1680 2031 1718 2058 De
1741 2029 1799 2056 Tri-

1015 2078 1105 2109 nitate,
1132 2078 1204 2111 quod
1224 2077 1298 2111 plura
1324 2076 1469 2110 Scriptura:
1489 2077 1546 2103 lora
1569 2077 1729 2111 depravare,
1751 2082 1799 2102 seu

178 2127 356 2155 contrarium.
379 2126 446 2153 Nam
477 2131 504 2153 et
528 2131 637 2153 sanctos
663 2124 770 2153 Veteris
797 2125 960 2153 Testameuti
979 2133 1000 2162 ι)
1016 2123 1114 2157 falsure
1128 2123 1216 2150 conati
1233 2123 1305 2156 sint;
1326 2123 1390 2157 quin
1406 2122 1486 2149 etiam
1504 2122 1665 2156 exemplaria
1687 2122 1727 2148 sic
1743 2121 1798 2156 [ab

178 2173 270 2199 laudat
287 2172 313 2198 in
331 2172 456 2198 omnibus
477 2171 521 2206 qui
547 2174 654 2198 exstant
678 2171 771 2203 libris;
799 2175 826 2198 et
853 2178 959 2198 omnem

177 2219 265 2253 quoad
283 2219 333 2245 hoc
351 2217 544 2244 dubitationem
563 2217 657 2244 tollunt.
677 2224 736 2251 qua:
755 2217 780 2243 in
807 2216 960 2244 Enarratio-

178 2265 253 2291 nibus
269 2265 301 2290 ad
317 2268 397 2298 caput
415 2271 420 2290 I
437 2263 560 2297 Epistolas
577 2262 586 2289 l
601 2262 672 2289 Pt-tri
699 2262 808 2289 disserit
833 2262 889 2295 ipse
916 2263 959 2289 Di-

178 2310 274 2343 dymus
289 2309 322 2335 de
335 2308 434 2342 duplici
453 2307 553 2334 Chrisli
575 2310 702 2340 adventu,
721 2307 841 2334 sensibili
864 2306 960 2339 altero,

179 2355 264 2380 altero
281 2353 451 2388 intelligiliili,
474 2353 549 2386 cujus
565 2353 708 2388 participes
725 2352 807 2380 fuisse
824 2351 904 2388 [LIX]
925 2353 961 2379 ait

179 2405 289 2428 sanctos
305 2398 413 2426 Veteris
429 2399 606 2426 Testamenti.
623 2399 726 2431 Quibus
742 2398 838 2425 similia
854 2398 920 2425 libro
933 2406 961 2424 III

180 2447 217 2473 De
240 2446 313 2472 Trin.
332 2453 392 2479 cap.
408 2444 453 2476 28,
471 2445 592 2478 dictavit.
620 2453 680 2481 pag.
699 2445 759 2472 512.
794 2444 868 2478 Quod
899 2451 962 2470 vero

179 2491 317 2526 subiungit
332 2491 470 2526 Didymus,
491 2499 536 2524 per
558 2490 657 2518 Christi
679 2491 815 2517 adventum
840 2490 907 2516 sicut
930 2489 962 2515 ab

180 2540 238 2567 aliis
254 2540 340 2572 rebus,
357 2539 394 2565 sic
410 2547 424 2564 (ι
442 2539 539 2572 nuptiis
557 2537 672 2564 ablatum
697 2547 750 2565 esse
768 2542 911 2571 peccatum.
939 2538 962 2562 id

179 2593 286 2620 quoque
309 2586 341 2612 de
362 2589 474 2619 peccato
508 2584 630 2618 originali
658 2583 859 2618 intelligendum
887 2589 961 2616 puto,

181 2632 290 2659 Detnttm
310 2638 369 2665 qam
387 2631 460 2658 addit
476 2633 507 2657 de
522 2630 716 2657 [ignorabilibus
731 2629 836 2663 nuptiis,
863 2637 914 2654 non
932 2637 963 2653 ι-ιι

181 2682 314 2710 spectant,
333 2682 363 2704 ut
376 2677 476 2711 nuptite
496 2677 521 2703 in
539 2675 628 2702 Veteri
654 2674 827 2701 Testamento
851 2674 963 2699 Ιιυιιυιγι-

181 2720 244 2746 biles
266 2728 326 2748 esse
346 2729 398 2748 non
414 2726 534 2756 possent,
551 2721 600 2747 etsi
618 2721 734 2746 nomium
754 2719 786 2746 ad
804 2718 963 2745 sacramenti

183 2766 338 2801 dignitatem
354 2772 467 2800 ever-tte;
489 2766 659 2794 honorabiles
682 2765 752 2793 enim
779 2765 864 2800 rcipsa
890 2765 964 2792 t‘ucre

1012 2172 1071 2195 sata
1085 2169 1110 2195 iit
1126 2167 1343 2195 Ortbodoxorum
1365 2175 1459 2195 manus
1478 2169 1583 2195 venisse
1603 2168 1796 2201 conqueritur;

1013 2222 1145 2248 nusquam
1159 2219 1248 2241 tamen
1265 2218 1309 2240 aut
1324 2213 1391 2248 ipse.
1404 2219 1449 2240 aut
1464 2213 1532 2240 ullus
1548 2213 1616 2239 alius
1630 2221 1644 2238 c
1660 2212 1799 2239 veteribus

1013 2259 1138 2287 Patribus
1154 2260 1272 2294 scripsit,
1297 2258 1444 2286 Ecclesium
1463 2259 1576 2285 sinceris
1591 2258 1794 2293 Scripturarum

1012 2305 1211 2339 exemplaribus
1239 2305 1394 2331 destitutam
1423 2304 1515 2330 fuisse.
1543 2302 1678 2330 Credibile
1704 2303 1796 2335 itaque

1014 2357 1066 2376 non
1084 2350 1197 2381 videtur,
1211 2349 1280 2375 hanc
1297 2355 1357 2375 esse
1369 2347 1471 2383 Didymi
1493 2352 1620 2379 mentem,
1640 2345 1793 2381 utgenuina

1013 2395 1136 2422 secundae
1155 2394 1226 2422 Petri
1245 2394 1364 2429 epistola:
1389 2393 1550 2428 exemplaria
1571 2394 1669 2420 amissa
1688 2392 1750 2420 velit
1764 2391 1796 2417 ab

1014 2441 1142 2467 Ecclesia.
1161 2442 1194 2466 At
1218 2440 1238 2466 si
1263 2441 1287 2467 id
1316 2441 1401 2474 reipsa
1421 2439 1557 2471 voluisset,
1582 2438 1696 2466 absurda
1719 2437 1796 2472 plane

1014 2491 1083 2512 esset
1101 2485 1171 2512 illitis
1190 2486 1332 2512 sententia.

1014 2543 1076 2568 ω.
1094 2541 1175 2570 XVII.
1197 2541 1233 2568 De
1249 2532 1354 2576 Didymi
1377 2542 1448 2576 fama
1470 2546 1525 2573 post
1547 2541 1643 2567 obitum
1660 2539 1732 2567 valde
1753 2536 1796 2563 οὺ-

1348 2583 1460 2602 θειιιίιιιι.

1051 2621 1085 2648 Sa
1101 2622 1122 2648 is
1140 2622 1193 2655 jam
1217 2629 1246 2648 ea
1272 2628 1330 2656 quae
1352 2622 1377 2648 in
1409 2621 1511 2656 Didymi
1536 2622 1644 2655 scriptis
1662 2626 1705 2647 rut
1726 2619 1796 2653 jure.

1015 2673 1061 2695 aut
1075 2669 1171 2702 injuria
1197 2669 1358 2703 reprehensa
1376 2668 1460 2701 fuere.
1480 2670 1610 2702 penset-uti
1627 2675 1728 2694 sumus.
1743 2665 1796 2690 Su-

1016 2719 1105 2747 perest
1121 2722 1192 2740 nunc
1215 2718 1329 2746 tantum,
1350 2719 1377 2741 ttt
1401 2715 1433 2741 de
1456 2715 1526 2741 illius
1546 2714 1745 2741 existimatione
1766 2718 1796 2736 ac

1017 2760 1087 2788 fama
1102 2768 1271 2795 sutttmopcrc
1295 2767 1352 2796 post
1375 2761 1477 2788 obitum
1493 2761 1634 2788 obscurata
1659 2760 1795 2789 dicamus;
