1907 3063
119 105 173 133 215

683 107 967 135 COMMENTARlUS.
988 122 1021 128 -—
1042 108 1106 135 LIB.
1128 108 1161 135 il.

1683 110 1737 138 ιιι.

118 163 207 199 ipsum
230 164 301 190 enim
328 171 347 190 ιι
369 163 492 198 pluribus
513 165 667 191 dauiuatum
693 170 773 199 atque
796 165 904 192 anathe-
918 169 940 196 Α
959 166 1043 192 trario
1057 165 1129 191 illum
1157 171 1319 199 magnopere
1342 163 1574 192 commendarunt.
1595 164 1635 191 lii.
1651 164 1742 201 lusy-

120 214 193 237 mate
206 210 359 244 perculsum
378 210 459 238 fuisse
473 215 532 245 post
542 211 664 245 quintum
684 210 810 237 Ecclesia
822 217 906 238 Sit-cn-

118 255 187 288 lunt.
206 263 285 282 tremo
305 255 412 282 nescius
425 261 476 283 est.
502 256 554 283 Sed
575 264 636 283 curn
653 256 806 290 huiusmodi
825 264 905 291 urgu-

119 306 241 329 tnenturu
264 306 291 328 et
310 302 512 334 COIIU‘OVel‘aiJ‘,
537 308 563 328 ct
583 301 693 336 peniculi
721 302 826 336 plenum
847 309 907 328 esse

121 348 245 380 videant,
266 356 296 375 ac
325 356 400 376 meas
425 350 534 384 insuper
557 349 627 376 vires
653 349 678 376 ei
706 357 753 383 pro
778 350 907 387 dignitate

119 395 263 422 tractando
286 395 402 430 impares
421 402 481 422 esse
503 403 658 429 agnoscam,
683 395 747 422 rtihil
773 395 842 421 aliud
865 394 905 421 i‘a-

119 441 201 472 ciant,
215 440 264 467 nisi
280 440 407 473 breviter,
423 441 469 467 sed
481 441 586 467 sincere
599 442 727 476 attingam
740 448 907 475 qumcuuque

119 493 181 511 cum
195 485 324 512 adversus
347 485 498 520 Didymutu,
516 490 571 512 tum
591 493 639 520 pro
657 485 701 512 ilio
716 484 807 512 all‘erri
825 492 905 519 posse

119 532 261 564 existimo;
281 536 308 558 ut
322 531 447 558 omnibus
463 531 532 558 inter
546 539 575 558 se
597 531 700 558 collatis
721 531 851 565 judicium
871 531 907 557 ie-

120 583 180 603 ctor
194 576 266 604 ferre
284 582 375 611 queat.
393 577 526 604 Exordior
540 581 629 604 autem
651 585 666 604 a
685 577 788 612 primis,
805 578 853 603 hoc
867 581 908 603 est

120 623 155 648 ab
176 623 216 653 iis,
233 629 292 657 qua
310 623 407 650 bonam
435 623 538 658 Didymi
561 623 787 650 existimationem
816 623 908 650 obscu-

122 673 226 695 rarunt.

158 713 227 750 [LX]
245 714 402 749 Quanquam
426 715 452 742 in
468 714 540 742 hisce
556 715 641 742 iusius
656 715 838 742 describendis
862 713 908 740 irit-

123 761 222 787 morari
238 768 347 787 nccesse
374 768 425 788 nort
444 766 495 792 csl,
510 768 570 787 cum
590 766 614 787 et
632 761 709 794 vulgo
726 765 787 787 nota
804 760 868 790 sint,
881 764 908 785 et

122 806 247 841 superius
259 815 273 832 a
290 806 366 833 nobis
384 807 513 839 indicata,
536 812 563 834 et
578 807 664 834 fusius
690 807 714 832 in
742 805 908 833 Trstimoniis

121 857 235 879 veterum
251 861 265 878 a
283 860 324 878 inc
338 852 459 879 collectis
473 853 594 886 exposita
614 852 664 886 legi
677 856 788 886 queant.
804 851 842 877 Ad
854 851 907 878 duo
924 845 944 873 Β

123 903 212 924 autem
240 899 295 925 lucc
320 899 407 932 capita
432 905 595 925 revocamur
617 898 751 924 uuiVersa.
780 897 799 924 l.
832 896 907 930 Quod

123 944 265 980 Didynnuu
296 943 475 980 Hieronymus
512 945 648 979 perversis
684 943 907 978 Origenianorum

123 989 265 1016 sententiis
290 989 420 1016 iniecturi:
455 990 538 1016 fuisse
566 989 748 1017 allimrarerit.
776 989 806 1016 ΙΙ.
833 989 908 1021 Quod

122 1036 227 1072 etiarnsi
245 1035 272 1061 in
296 1035 371 1062 Actis
389 1035 490 1070 quintae
509 1036 685 1063 oecumenicte
705 1035 800 1070 synodi
827 1035 908 1069 Didy-

125 1088 198 1107 tnunt
225 1088 258 1107 ne
281 1081 364 1107 serntl
388 1081 496 1115 quidem
516 1086 691 1108 int-moratum
719 1081 849 1116 legamus,
870 1087 909 1107 ta-

125 1133 184 1153 tneu
205 1126 239 1152 ab
254 1127 299 1152 illa
321 1127 423 1161 synodo
441 1132 486 1153 aut
503 1127 601 1161 ipsum,
618 1132 664 1153 aut
678 1128 800 1161 dogtrtaln
817 1135 876 1161 qua:
888 1127 910 1153 is

123 1176 295 1206 sequeretur,
308 1172 435 1199 damnata
460 1172 542 1199 fuisse
557 1173 665 1207 plurimi
684 1173 908 1205 asseveravit-rint,

125 1219 264 1252 ipsumque
280 1219 384 1252 ipsitnet
408 1219 571 1251 tiarnuariut,
596 1227 691 1253 nempe
710 1218 826 1254 Cyrilius
845 1219 911 1254 Scy-

125 1264 316 1297 tliopolitanus,
349 1264 478 1298 Evagrius
507 1265 703 1298 Scholasticus,
730 1266 758 1293 S.
788 1265 910 1299 Sophro-

125 1309 195 1341 nius,
219 1309 358 1336 lleraciins
383 1311 539 1344 imperator,
573 1311 693 1346 synodus
721 1310 912 1338 Lateranensis

125 1356 174 1381 sub
193 1354 332 1382 Martiuol
352 1356 450 1386 habita.
472 1356 501 1383 S.
525 1357 685 1384 Anastasius
702 1356 816 1389 Siuaita,
831 1363 912 1392 syno-

125 1402 176 1427 dus
190 1406 268 1427 sexta
291 1402 436 1435 generalis.
453 1402 644 1430 Constantinus
660 1402 812 1436 Pogouatus
831 1402 912 1436 impe-

128 1453 216 1478 rator,
248 1448 302 1474 Leo
328 1447 348 1474 li
378 1456 462 1482 papa,
491 1449 610 1484 synodus
640 1449 814 1483 quinisexta,
843 1448 912 1476 liber

129 1494 244 1520 iiiurnus
271 1493 452 1521 Romanorum
476 1494 648 1528 Pontiﬁcum,
676 1495 832 1522 Theodorus
863 1502 912 1528 pa-

129 1539 246 1565 triarcha
263 1538 497 1574 lerosolymilanas
510 1559 517 1570 .
534 1540 661 1568 Tarasius
675 1541 827 1575 patriarcha
840 1539 910 1567 Cou-

128 1585 400 1619 stantinopolitauus,
427 1586 546 1621 synodus
570 1587 685 1622 septima
711 1586 857 1621 geticraiis,
882 1585 912 1612 S.

129 1629 295 1664 Nicephorns
322 1631 477 1665 patriarcha
501 1630 829 1666 Constantinopolitanus,
855 1629 914 1657 alii-

129 1681 180 1710 que
194 1675 323 1703 nomtnlii.
351 1675 403 1703 Nec
429 1677 500 1704 enim
524 1676 644 1711 singulos
666 1677 699 1703 ad
719 1684 799 1703 unum
818 1682 913 1702 unme-

132 1728 191 1747 rare
215 1728 324 1748 incesse
350 1726 401 1753 est,
425 1730 485 1748 cum
507 1723 660 1757 plerosque,
676 1727 756 1756 atque
771 1721 838 1748 adeo
856 1720 915 1747 illos

129 1773 239 1796 omnes,
269 1774 380 1800 quoruut
418 1774 512 1802 magna
545 1773 587 1795 est
622 1768 786 1799 auctoritas,
826 1766 914 1793 nomi-

131 1812 226 1838 narim.

164 1857 229 1891 Quae
242 1863 329 1885 autem
346 1867 394 1892 pro
410 1859 522 1895 Didymo
536 1859 625 1887 afferri
640 1868 718 1895 posse
731 1867 839 1893 censeo.
859 1863 915 1890 hac

131 1905 298 1939 potissimum
311 1911 383 1932 sunt.
398 1904 417 1932 Ι.
440 1905 568 1938 Quamvis
582 1905 761 1942 Hieronymus
774 1907 915 1944 Didymum

132 1955 157 1976 ut
173 1949 352 1985 Origenislatn
379 1952 404 1978 in
429 1952 505 1978 libris
527 1952 650 1979 adventu
673 1952 797 1987 Ruﬁnum
815 1954 915 1989 aliquot

131 2002 191 2030 post
206 1997 290 2030 ipsius
313 1997 416 2032 Didymi
433 1998 535 2026 obitum
559 2006 645 2026 annos
667 2000 776 2033 scriptis
791 2001 917 2027 traduxe-

133 2042 181 2075 rit;
202 2047 289 2069 tamen
307 2048 333 2069 et
351 2043 424 2069 illum
446 2049 525 2071 antea
548 2051 655 2078 semper
668 2045 915 2079 commendaverat,

130 2093 158 2115 et
172 2089 293 2115 crumieru
307 2094 396 2124 utpote
413 2089 438 2116 iu
455 2090 583 2117 Ecclesire
610 2097 676 2124 pace
691 2095 717 2116 et
729 2091 918 2119 communione

130 2135 188 2168 jam
203 2134 385 2166 demortuum,
411 2141 528 2162 lanciunt
550 2135 692 2171 Dii/gntum
722 2136 865 2170 appellavit
889 2137 915 2164 in

131 2180 244 2214 epistola
263 2180 306 2212 7i,
321 2182 355 2206 ad
366 2179 515 2207 Lacinium.
530 2180 595 2208 Nori
609 2182 731 2217 equidem
747 2182 916 2214 vocabulum,
933 2197 955 2224 ο

131 2226 227 2257 sum-ti,
253 2233 267 2251 a
294 2225 441 2252 Vcroncnsi
467 2226 570 2253 editore
592 2226 628 2253 ibi
651 2231 814 2261 expunctum
833 2234 914 2255 esse:

132 2272 178 2298 sed
195 2279 254 2298 curti
272 2271 335 2298 illud
361 2277 386 2298 et
401 2272 427 2298 in
447 2277 553 2298 vetusto
572 2273 745 2300 mernbraueo
765 2273 857 2300 codice
877 2273 919 2300 hi-

133 2316 275 2343 bl’tothvca:
297 2322 395 2343 nostra:
412 2316 588 2344 Bononiensis
611 2318 739 2352 epistolas
760 2317 917 2354 ilieroriyrni

134 2362 288 2389 continente
313 2363 368 2396 ipse
390 2362 512 2395 legerim,
530 2367 555 2389 et
574 2363 605 2390 in.
620 2364 739 2398 antiquis
751 2364 811 2391 aliis
832 2371 918 2390 mem-

135 2406 237 2439 branis,
262 2412 288 2433 et
312 2414 375 2435 vero
401 2410 426 2433 tu
457 2408 596 2442 impressis
618 2409 700 2435 etiam
719 2408 919 2443 exemplaribus

135 2452 185 2486 legi
201 2457 323 2486 constet;
344 2453 454 2486 proinde
478 2454 646 2481 retinendum
659 2461 720 2482 esse
744 2462 797 2482 non
813 2455 916 2483 dubito.

134 2495 192 2524 lluc
207 2497 309 2524 accedit
324 2499 395 2533 quod
411 2497 591 2533 Hieronymus
607 2498 664 2534 ipse
676 2498 781 2535 Didymi
800 2501 917 2528 arnicurtt

135 2551 163 2570 se
177 2543 260 2571 fuisse
280 2544 411 2578 gloriatus
432 2544 468 2572 sit.
482 2545 605 2579 pluribus
626 2546 705 2573 annis
719 2551 861 2580 postquam
888 2546 919 2573 li-

137 2590 197 2614 hros
216 2589 242 2614 in
271 2588 393 2623 Ruﬁnum
417 2590 599 2625 ernlgareral,
625 2595 654 2617 ut
670 2591 793 2624 superius
818 2591 919 2618 dictum

136 2639 186 2662 est.
206 2634 242 2661 Ex
259 2635 357 2669 quibus
370 2636 496 2663 otnuibus
512 2636 576 2663 illud
595 2636 779 2669 consequitur,
796 2641 825 2662 ut
842 2637 920 2672 Didy-

137 2680 171 2706 mi
187 2681 344 2707 niemoriatn
368 2682 444 2716 quasi
467 2681 624 2709 heterodoxi
642 2681 817 2716 damnatique
836 2682 921 2708 horni—

137 2725 179 2752 nis
195 2731 335 2753 aversatus
348 2734 401 2753 nort
416 2727 463 2755 sit.
477 2727 507 2754 ll.
525 2727 667 2766 liidymum
690 2728 778 2755 nullus
802 2735 919 2761 unquam

136 2770 205 2798 alius
231 2771 348 2806 scriptor
369 2776 398 2800 ut
421 2773 614 2800 heterodoxum
639 2773 758 2801 traduxit
778 2780 862 2808 usque
887 2772 920 2799 ad

135 2822 241 2844 sextum
256 2818 394 2852 satculum,
411 2819 482 2854 quod
499 2819 582 2847 sciam
601 2830 605 2847 :
630 2819 694 2854 quin
721 2819 796 2846 mulli
821 2827 836 2846 e
858 2826 921 2847 con-

960 211 1030 238 nodo
1064 210 1192 237 Nitrieusi
1219 211 1251 236 ad
1283 209 1512 236 condemnandum
1540 209 1737 245 Origcnismnm

955 259 1005 284 sub
1029 256 1177 290 Theophila
1204 255 1386 282 Alexandrino
1407 256 1533 289 episcopo
1556 260 1616 290 post
1634 256 1737 292 Didymi

955 303 1058 330 obitum
1080 305 1251 336 congregata,
1270 300 1394 335 quamris
1414 300 1504 334 plures
1516 300 1675 335 Origenislz
1687 309 1738 328 no-

956 348 1077 375 minatim
1091 347 1209 374 damnati
1224 347 1287 379 sint,
1311 346 1383 372 nulla
1405 351 1493 373 tamen
1519 346 1622 381 Didymi
1638 347 1739 374 mentio

956 393 1026 421 facta
1039 398 1090 420 est.
1104 392 1196 427 Itaque
1210 391 1341 426 suspicari
1363 392 1495 426 quispiam
1515 391 1625 418 forsitan
1642 397 1738 426 potest.

957 444 1003 466 aut
1015 439 1102 473 aliqua
1116 438 1220 474 Didymi
1234 439 1334 472 scripta
1350 438 1520 473 postmodum
1533 439 1566 465 ab
1580 437 1740 472 Origeuiatis

957 489 1081 518 corrupta
1099 483 1190 515 fuisse,
1211 488 1258 509 aut
1285 483 1484 517 supposilitiurn
1509 483 1627 517 aliquem
1656 483 1738 510 i‘eiuu-

957 530 1007 556 θυι»
1022 529 1081 563 ejus
1097 530 1202 556 nomine
1218 529 1252 556 ab
1277 529 1371 555 iisdem
1398 529 1548 563 ernlgatum
1574 529 1649 555 [xime
1671 528 1740 554 ilIius

957 575 1147 603 exisriutatioui
1164 574 1308 609 plurimum
1326 574 1462 601 nocuisse.
1476 573 1520 600 ιν.
1535 572 1563 600 in
1580 575 1647 600 actis
1662 574 1742 608 quin-

959 628 991 648 ta:
1004 621 1097 656 synodi
1113 621 1216 655 Didymi
1241 627 1338 648 nomen
1359 627 1491 655 nusquam
1507 624 1605 652 exstat,
1628 626 1657 646 ut
1674 620 1739 646 dixi.

907 666 914 677 ‘
959 667 992 695 ν.
1021 666 1060 694 Ne
1088 667 1257 694 Justiniauns
1290 666 1398 701 quidem
1427 667 1573 701 imperator
1599 665 1740 701 Didymum

959 720 1076 748 unquam
1092 713 1211 740 nominat
1230 713 1257 739 in
1272 712 1326 740 ullo
1339 719 1354 740 e
1371 713 1490 747 scriptis,
1503 719 1561 746 quae
1573 717 1667 739 contra
1681 711 1742 740 Ori-

959 767 1054 791 ucnem
1070 759 1163 786 edidit.
1186 758 1230 785 Vl.
1250 757 1357 786 Nullum
1378 762 1467 786 exstat
1492 759 1630 793 antiquum
1651 764 1743 785 mortu-

961 811 1091 838 mentum,
1107 805 1178 840 quod
1193 812 1242 833 nos
1256 805 1361 838 doceat,
1374 806 1545 839 quandonam
1562 803 1666 839 Didymi
1679 809 1743 838 ope-

960 858 987 878 ra
1003 857 1138 882 accurate.
1164 855 1191 877 ut
1221 856 1269 884 par
1302 855 1353 883 est,
1385 855 1411 877 et
1438 850 1566 877 canonice
1590 849 1741 876 examinata

960 897 1029 930 sint;
1046 896 1145 924 nullum
1163 897 1237 928 item,
1258 897 1286 923 in
1299 903 1353 930 quo
1374 895 1419 923 illa
1442 896 1546 930 Didymi
1562 901 1642 929 opera
1657 894 1743 921 nomi-

961 947 1067 974 nentur,
1085 950 1144 978 qua:
1166 942 1388 970 condeinnatione
1411 942 1490 977 digna
1506 941 1659 968 existimata
1685 941 1742 968 sint

961 993 1005 1015 aut
1020 988 1154 1016 declarata
1168 996 1182 1014 a
1196 988 1291 1023 quinta
1312 988 1425 1023 synodo.
1445 986 1482 1014 Ex
1498 993 1552 1022 quo
1569 987 1701 1020 sequitur,
1715 991 1744 1012 ut

960 1034 1090 1068 suspicari
1107 1034 1192 1068 possit
1219 1033 1318 1068 aliquis
1346 1032 1451 1068 Didymi
1477 1031 1612 1063 defensor,
1631 1038 1678 1058 eos
1697 1033 1742 1066 qul

962 1080 1048 1115 ipsum
1065 1087 1078 1106 ιι
1104 1080 1198 1114 quinta
1223 1080 1325 1114 synodo
1340 1079 1546 1106 condemnatum
1573 1076 1657 1104 inisse
1672 1076 1745 1103 aillh

961 1130 1078 1157 marum,
1102 1132 1153 1152 non
1170 1125 1231 1152 ideo
1245 1124 1284 1151 sic
1304 1124 1410 1150 locutos
1430 1129 1500 1155 esse,
1520 1123 1592 1157 quod
1614 1130 1675 1149 eum
1697 1129 1744 1148 ιιο-

961 1171 1082 1198 utinatitu
1102 1171 1256 1197 damnatum
1284 1169 1464 1199 crediderint.
1489 1169 1535 1196 sed
1554 1168 1626 1203 quod
1652 1167 1740 1202 impli-

961 1217 1014 1244 cite
1029 1217 1116 1251 ipsum
1141 1223 1257 1251 quoque.
1275 1221 1319 1243 aut
1336 1216 1431 1243 saltem
1456 1215 1543 1249 aliqua
1570 1215 1641 1241 illius
1663 1221 1744 1249 opera

962 1262 1111 1297 proscripta
1135 1267 1198 1288 tunc
1222 1261 1305 1288 fuisse
1320 1261 1475 1287 censuerint
1491 1268 1505 1286 a
1522 1259 1613 1294 quinta
1628 1259 1742 1294 synodo,

962 1315 1023 1335 cum
1050 1308 1107 1335 hinc
1141 1307 1285 1343 Origenem
1314 1307 1423 1341 ejusque
1452 1312 1560 1334 errores
1584 1305 1744 1332 damnavit:

962 1359 1102 1390 propterea
1125 1353 1227 1380 scilicet
1254 1353 1326 1388 quod
1352 1359 1456 1379 canone
1470 1358 1497 1378 tu
1529 1351 1660 1383 addiderit
1689 1349 1747 1377 haec

963 1401 1063 1426 verba:
1089 1397 1122 1425 Et
1145 1406 1188 1425 eos
1210 1398 1255 1430 qui
1278 1396 1376 1424 similia
1400 1396 1532 1430 prauiictis
1556 1395 1685 1422 Itan-elicit
1702 1401 1748 1420 str-

963 1450 1072 1479 ptterttnt
1086 1464 1094 1477 ,
1115 1449 1139 1470 et
1156 1443 1272 1476 sapiunt.
1299 1440 1354 1469 Vli.
1369 1441 1536 1469 Justiniauus
1559 1441 1705 1475 imperator
1720 1439 1746 1466 in

964 1490 1075 1525 epistola
1090 1496 1174 1522 nuper
1188 1495 1203 1515 a
1218 1488 1275 1515 viro
1286 1488 1391 1514 Citlfiri.
1409 1486 1540 1513 Bandinio
1549 1486 1682 1520 evulgata,
1696 1485 1749 1512 hc-

965 1543 1049 1563 resum
1065 1536 1172 1571 quidem
1199 1538 1317 1561 auctores
1341 1533 1512 1560 anathemate
1529 1531 1687 1558 nominatltn
1712 1530 1749 1558 ΐο-

965 1583 1072 1609 rieudos
1094 1589 1154 1609 esse
1173 1581 1228 1615 ait;
1254 1581 1314 1607 illos
1330 1587 1394 1607 vero
1409 1579 1454 1614 qui
1482 1579 1611 1605 [tantum
1628 1582 1747 1604 auctores

964 1628 1044 1655 secuti
1059 1633 1131 1658 sunt,
1147 1633 1293 1662 suppresso
1313 1627 1431 1657 nomine,
1447 1632 1477 1652 ac
1493 1623 1610 1659 generali
1634 1622 1747 1650 formula

964 1673 1182 1701 condemnandos
1208 1679 1278 1703 esse.
1302 1671 1429 1698 adhibitis
1449 1677 1544 1704 nerupe
1566 1669 1608 1696 his
1634 1668 1747 1696 verbis:

966 1719 1061 1748 Omnes
1075 1727 1175 1754 quoque
1188 1726 1247 1745 tum
1261 1719 1316 1752 ipso
1331 1718 1476 1744 sentientes.
1497 1716 1584 1750 Atque
1599 1715 1635 1742 ita
1655 1721 1749 1742 revera

965 1772 994 1792 se
1010 1765 1093 1800 geisit
1113 1765 1205 1798 quinta
1223 1764 1342 1799 synodus
1363 1770 1467 1790 canone
1494 1770 1532 1794 si,
1559 1766 1586 1788 ut
1608 1761 1687 1788 modo
1711 1760 1750 1787 di-

965 1816 1037 1839 ctum
1052 1815 1102 1839 est.
1125 1810 1278 1837 Verisimile
1298 1810 1389 1844 itaque
1404 1817 1457 1836 non
1485 1810 1601 1839 videtur,
1628 1807 1749 1842 quintaru

966 1858 1050 1893 ipsam
1081 1857 1210 1892 synodum
1245 1855 1477 1890 Constantinopoli
1518 1854 1568 1881 sub
1598 1853 1750 1880 .lustiuiauo

967 1903 1099 1935 habitam,
1131 1906 1178 1929 aut
1208 1901 1279 1928 aliud
1312 1899 1636 1934 Constantioopolitanuru
1669 1896 1750 1934 [LXI]

965 1949 1122 1981 concilium,
1151 1948 1221 1982 quod
1252 1946 1331 1981 paulo
1359 1950 1422 1972 ante
1448 1945 1546 1979 ipsam,
1578 1949 1605 1970 ut
1630 1943 1750 1971 nonnulli

968 1995 1124 2029 opinantur,
1152 1993 1203 2025 sub
1224 1992 1317 2020 eodem
1339 1992 1501 2026 imperatore
1521 1991 1554 2017 ad
1573 1991 1753 2017 condemnan-

967 2042 1030 2068 dunt
1045 2040 1186 2075 Origeuem
1203 2043 1380 2066 convocaturn
1394 2037 1486 2069 fuerit,
1502 2036 1614 2072 Didyruo
1632 2035 1752 2063 nornina-

968 2086 1014 2113 tirn
1036 2087 1178 2113 anathema
1201 2084 1319 2117 dixisse;
1339 2084 1386 2110 sed
1402 2087 1556 2110 contentam
1573 2082 1654 2109 fuisse
1672 2089 1752 2117 syno-

968 2133 1031 2159 dqu
1046 2132 1175 2159 credibile
1183 2135 1224 2158 est
1237 2130 1380 2165 Origenem
1393 2129 1564 2156 anathemate
1579 2127 1728 2163 pervellere
1743 2137 1749 2154 :

968 2178 1121 2206 Iustiniano
1146 2178 1218 2205 enim
1245 2184 1346 2204 morem
1370 2183 1488 2210 gessere,
1512 2179 1642 2210 quantum
1667 2173 1752 2206 licuit,

971 2225 1007 2252 illi
1033 2223 1145 2251 Patres.
1173 2221 1239 2250 Vill.
1275 2222 1393 2258 Cyrillus
1422 2220 1670 2257 Scythopoiitauus,
1707 2220 1752 2254 qui

969 2271 1050 2306 paulo
1066 2275 1125 2305 post
1153 2270 1274 2297 habiturn
1298 2269 1423 2303 quintum
1449 2267 1593 2294 concilium
1618 2266 1648 2294 S.
1675 2265 1754 2293 Saba:

969 2317 1051 2343 vitam
1066 2316 1189 2350 scripsit,
1202 2320 1345 2350 postquam
1366 2315 1392 2341 itt
1406 2313 1501 2341 cadent
1517 2313 1595 2346 dixit,
1610 2311 1753 2346 Origenem

969 2371 983 2389 a
1000 2363 1094 2398 quinta
1111 2362 1215 2397 synodo
1236 2361 1394 2387 damnatum
1422 2366 1493 2392 esse,
1522 2366 1574 2385 rion
1604 2357 1754 2393 subjungit,

969 2409 1174 2435 condemnatum
1196 2414 1257 2435 esse
1282 2408 1362 2433 etiam
1384 2404 1536 2441 Didymum,
1560 2404 1606 2432 sed
1631 2406 1754 2430 datnuata

969 2454 1052 2481 fuisse
1066 2453 1113 2480 illa
1126 2461 1185 2488 quae
1204 2453 1235 2479 de
1255 2451 1459 2486 prwexsistentia
1478 2457 1500 2479 st
1527 2451 1689 2479 restitutione
1714 2451 1755 2477 di-

970 2505 1011 2526 cta
1027 2503 1087 2526 sunt
1112 2507 1128 2525 ιι
1154 2497 1278 2533 Didyme.
1301 2497 1441 2531 Sitnilique
1465 2497 1543 2524 tnodo
1569 2496 1686 2523 nornntlli
1709 2496 1754 2522 alii

971 2545 1051 2572 locuti
1067 2549 1137 2572 sunt.
1154 2543 1198 2571 ΙΧ.
1212 2544 1360 2578 Gregorius
1373 2542 1494 2578 Magnus,
1512 2543 1557 2577 qui
1580 2542 1674 2578 synodi
1688 2542 1754 2568 Acta

972 2599 1025 2627 prie
1039 2591 1162 2618 manibus
1176 2597 1204 2617 se
1219 2590 1346 2617 habuisse
1366 2594 1478 2616 testatur
1494 2589 1539 2615 lii).
1559 2596 1608 2620 ait,
1628 2587 1708 2622 epist.
1727 2587 1754 2618 7,

972 2640 1022 2666 tria
1040 2643 1142 2665 tantuut
1164 2637 1291 2671 capitula,
1315 2643 1342 2666 et
1371 2644 1451 2663 uuam
1477 2643 1630 2670 personam,
1660 2641 1756 2670 nempe

972 2682 1143 2710 Theodorum
1180 2680 1419 2717 Mopsuestenum,
1451 2680 1478 2707 itt
1513 2681 1607 2707 eodem
1639 2679 1757 2708 concilio

973 2729 1098 2755 damnata
1125 2727 1208 2755 fuisse
1232 2727 1326 2754 scribit
1348 2727 1395 2753 lib.
1427 2734 1447 2754 ιι
1462 2745 1470 2759 .
1495 2726 1575 2760 epist.
1601 2724 1756 2758 56.1taquc

974 2774 1063 2809 ignota
1081 2773 1130 2808 ipsi
1153 2773 1203 2800 iuit
1224 2773 1331 2809 Didymi
1354 2771 1552 2799 condemnatio.
1580 2771 1613 2799 Χ.
1630 2771 1757 2800 Tarasius

975 2819 1129 2854 patriarcha
1147 2817 1460 2853 Constantinopolitanus
1484 2817 1510 2846 in
1535 2818 1675 2852 synodica.
1698 2822 1758 2853 quis
