1907 3063
148 91 202 120 alii

874 92 915 120 DE
936 93 1062 120 υιυγιιιι

1730 87 1797 117 iiii

150 157 238 178 uitat
256 155 310 179 act.
337 152 354 178 ὅ
368 153 488 186 septima:
511 152 616 187 synodi,
635 152 760 184 atiitmat,
785 160 799 178 a
828 151 932 178 Nicmna
950 155 972 182 Α
987 157 1102 186 emptam
1116 158 1176 178 esse
1188 156 1269 184 atque
1283 148 1449 179 absolutam;
1464 147 1491 180 3,
1508 147 1622 179 Menam,
1641 147 1672 173 ad
1694 154 1794 180 quem

150 198 235 232 prima
258 198 361 232 synodo
386 198 541 224 damnatum
566 198 650 224 fuisse
673 198 777 229 Arium,
806 197 931 229 Aetium,

150 242 320 274 Eunomium,
338 247 410 269 etc.:
434 247 551 269 at'amen
570 249 618 269 nec
642 242 745 273 Aetius.
767 250 817 270 nec
842 242 932 269 Enno-

151 289 221 315 tnius
242 296 258 314 a
273 288 388 315 concilio
405 287 512 314 Niceno
534 288 735 315 commemorati
751 293 828 319 sunt;
844 288 932 322 implic

149 336 202 361 cile
214 341 278 368 ergo
297 338 398 360 tantum
422 333 541 360 damnati
563 333 598 360 ab
619 333 664 360 illo
679 333 730 360 dici
749 338 871 368 possunt.
890 332 932 359 Si-

150 380 205 406 mili
225 380 304 407 tuudo
326 380 393 406 liber
416 379 531 406 Dinrnus
553 378 737 406 Romanorum
763 379 930 413 pontiﬁcum,

149 426 267 461 synodus
294 425 519 459 pscudoscptima,
548 432 579 451 ac
606 423 717 451 Photius
747 424 891 451 Diodorum
917 432 930 451 a

149 471 242 504 quinta
259 470 362 505 synodo
375 470 530 496 damnatum
545 469 630 501 aiunt,
646 469 696 496 etsi
718 468 849 496 Diodorus
868 477 932 496 nus-

149 524 227 550 quam
241 524 255 542 ει
276 516 370 550 quinta
388 515 489 550 synodo
505 515 669 543 nominetur.
695 514 728 542 Et
752 514 933 549 Hieronymus

150 562 175 587 itt
199 561 309 595 epistola
323 561 356 587 ad
373 559 573 587 Pammachium
586 565 610 586 et
630 560 733 586 Avitum
753 559 786 586 de
808 560 932 587 Pultibus

151 606 264 633 Nictt-nis
290 606 409 632 scribit:
439 605 560 632 Latenter
585 605 722 639 Origenem
751 606 848 643 fontem
875 606 932 632 Arii

149 657 342 684 percusserunt.
359 651 456 684 Quidni
473 659 536 686 ergo
558 651 648 685 plures
672 658 704 677 ex
733 651 764 678 iis
784 651 829 686 qui
848 651 931 686 Didy-

151 704 223 723 ntunt
239 704 253 722 a
270 695 362 730 quinta
377 695 480 730 synodo
494 695 701 722 condemnatum
717 695 820 727 dicunt,
838 695 873 721 ita
889 695 932 722 in-

151 741 233 775 telligi
248 746 383 775 poterunt,
401 746 429 768 ut
444 740 570 775 implicite
586 748 617 768 ac
634 740 744 767 latenter
759 741 793 767 ab
808 747 839 767 ea
855 740 932 767 dam-

150 791 242 813 natum
256 787 399 819 voluerint,
413 794 465 814 non
477 794 540 814 vero
556 787 691 822 explicite,
713 794 744 813 ac
755 786 932 813 nominatim?

150 833 195 861 ΧΙ.
220 832 362 859 Liberatus
380 833 508 860 diaconus
527 833 554 859 in
571 832 709 859 Breviarto
724 840 783 866 cup.
797 833 843 864 23,
865 833 932 859 Cas-

151 879 273 905 siodorus
287 878 313 905 in
327 877 429 905 Divinis
451 876 603 905 lectionibus
617 885 676 911 cap.
691 877 717 910 I,
737 877 861 905 Nicolaus
881 877 890 904 Ι
906 878 931 904 in

149 924 258 956 cpistola
288 924 321 949 ad
345 922 498 949 Mieltaelem
517 924 710 956 imperatorem,
733 923 884 950 Euslrutius
906 924 931 950 itt

155 967 215 995 Vita
243 969 325 997 sancti
351 968 483 1003 Eutycltii,
513 969 581 1003 apud
610 969 798 996 Bollandianos
823 975 887 996 tom.
921 969 931 996 I

149 1015 259 1049 Aprilis.
275 1023 336 1049 pag.
348 1015 410 1048 555,
425 1022 471 1042 seu
485 1022 544 1049 cap.
560 1015 587 1048 5,
601 1024 674 1043 num.
691 1015 735 1048 I9,
757 1016 856 1050 aliique
869 1015 932 1043 Ori-

149 1068 244 1095 genem
272 1062 378 1096 quidem
398 1069 413 1088 a
431 1062 523 1096 quinta
551 1062 824 1097 synododatnuatunt
851 1062 933 1089 fuisse

151 1108 269 1139 tradunt,
287 1107 424 1142 Ditlymum
440 1115 503 1134 vero
519 1115 571 1135 non
588 1108 737 1135 nominant.
755 1108 810 1135 Into
825 1108 934 1135 Cassio-

150 1154 232 1179 dorus
246 1161 296 1179 non
313 1152 492 1181 mediocribus
505 1154 590 1188 ipsum
607 1154 730 1181 laudibus
748 1154 930 1189 prosequitur.

152 1198 207 1226 XII.
230 1200 305 1226 Adeo
318 1199 431 1226 obscura
448 1204 487 1226 εει
507 1200 564 1227 hinc
582 1200 613 1227 de
638 1199 743 1235 Didymi
767 1201 932 1227 condemna-

152 1246 225 1271 tione
242 1245 366 1277 historia,
391 1249 420 1272 ut
444 1245 509 1272 nihil
525 1246 593 1273 certi
613 1246 645 1272 de
666 1246 726 1281 ejus
741 1250 871 1281 tempore,
899 1247 932 1273 de

152 1290 241 1321 modo,
258 1289 291 1317 de
316 1290 470 1318 auctoribus
493 1290 598 1318 deliniri
624 1299 702 1327 posse
719 1291 863 1318 videatur:
888 1291 932 1318 alii

151 1336 223 1362 enim
240 1335 266 1362 in
291 1336 343 1362 line
360 1336 445 1375 quinti
469 1336 587 1370 concilii,
616 1337 660 1363 alii
685 1337 762 1365 initio
777 1338 932 1365 damnatum

152 1381 263 1408 \olnnt:
292 1381 337 1408 alii
365 1389 416 1410 non
443 1381 596 1417 Didymum,
614 1383 662 1410 sed
685 1383 788 1419 Didymi
814 1384 931 1418 scripta:

151 1426 195 1452 alii
214 1434 266 1453 non
282 1434 296 1452 a
319 1427 410 1460 quinta
425 1426 537 1461 synodo,
557 1427 604 1454 sed
620 1427 654 1455 ab
670 1427 722 1454 alio
742 1428 932 1455 Constantino-

151 1471 270 1505 politano
292 1471 406 1499 concilio
430 1477 492 1498 ante
515 1473 638 1507 quintam
662 1473 792 1508 synodum
821 1473 931 1501 habito:

150 1518 192 1545 alii
211 1526 263 1544 non
282 1526 296 1544 a
312 1518 435 1549 concilio,
450 1518 496 1545 sed
514 1526 529 1544 τι
541 1517 695 1546 .Iustiniauo
708 1519 765 1553 ipso
778 1519 934 1546 damnatum

151 1564 333 1597 suspicantur,
352 1564 398 1598 qui
415 1564 533 1590 edictum
558 1572 635 1591 sttum
658 1572 672 1590 a
689 1565 810 1599 pluribus
830 1566 936 1600 episco-

151 1609 201 1641 pis,
217 1609 242 1635 itt
258 1610 371 1636 concilio
383 1614 470 1635 tanten
482 1617 533 1636 non
544 1610 725 1645 congregatis,
736 1611 936 1646 sttbscriptione

152 1655 317 1687 probandum
332 1655 475 1682 curaverit.
493 1654 561 1681 XIII.
579 1655 694 1682 Tantum
715 1657 800 1688 abest,
818 1664 845 1684 ut
867 1665 935 1684 con-

152 1705 204 1726 stet
220 1700 360 1735 Ditlymnm
379 1708 396 1729 ει
412 1701 505 1735 quinta
521 1702 623 1737 synodo
638 1702 793 1729 damnatum
817 1710 887 1734 esse,
909 1708 938 1730 ut

153 1753 186 1772 ne
202 1745 287 1779 ipsuttt
310 1746 416 1779 quidem
440 1745 584 1781 Origenent
602 1748 809 1774 condemnatum
835 1749 868 1775 ab
891 1748 936 1775 illa

153 1788 235 1815 fuisse
263 1794 389 1817 censeant
415 1789 563 1818 Ilalloixius
599 1796 627 1818 et
652 1791 766 1819 Fabrius
789 1801 797 1819 :
824 1800 938 1826 quorum

153 1835 314 1862 sententiam
327 1836 378 1862 etsi
394 1844 463 1863 ttnttc
486 1845 537 1863 non
556 1838 714 1871 amplectar,
730 1843 820 1865 tatnen
834 1839 890 1866 lucc
904 1847 938 1866 ex

153 1879 251 1907 Fabrio
273 1882 428 1911 adnotabo:
454 1882 478 1915 I,
499 1882 680 1910 Justiniauum
700 1885 888 1919 imperatorem
912 1886 937 1913 itt

153 1926 250 1952 litteris
277 1926 345 1955 dalis
367 1927 400 1953 ad
428 1927 547 1961 quintam
574 1928 704 1962 synodum
731 1933 827 1962 quarto
850 1928 940 1956 Nonas

155 1971 228 2004 Maii,
247 1972 271 1998 id
287 1977 330 2002 est
357 1980 388 2000 eo
407 1973 464 2008 ipso
479 1974 531 2005 die,
555 1982 608 2009 quo
630 1980 719 2008 empta
739 1980 781 2001 est
808 1975 938 2010 synodus.

156 2019 256 2044 hortari
271 2019 378 2052 quidem
392 2019 488 2047 Patres
503 2024 530 2045 ut
545 2020 595 2045 Irin
610 2020 725 2054 Capitula
739 2020 866 2047 damnent
880 2041 887 2053 ,
906 2021 940 2048 de

155 2063 270 2096 Origene
287 2069 388 2095 autem,
404 2071 436 2090 ac
455 2064 615 2097 Oripcttistis
629 2065 694 2092 nihil
710 2065 814 2097 dicere;
833 2065 861 2092 2.
881 2065 939 2100 epi-

154 2109 250 2143 stolam
265 2108 409 2139 Jnstiniani
428 2110 461 2136 ad
474 2111 601 2145 synodum
617 2110 938 2144 Constantittopolilanam

155 2156 188 2180 du
203 2154 328 2190 Origene,
338 2156 449 2190 ejusque
460 2158 639 2183 set-latoribus
648 2157 734 2183 datam
746 2165 805 2184 esse
821 2165 891 2183 attito
901 2157 937 2183 25

156 2201 258 2234 imperii
272 2201 434 2234 Jnsliuiani;
455 2202 585 2236 synodum
601 2209 663 2228 vero
684 2203 804 2236 quintam
821 2210 891 2229 anno
902 2202 936 2235 27

168 2277 416 2290 πμ*

252 2277 1108 2291 m

987 199 1086 232 scripta
1109 202 1150 224 est
1172 195 1285 231 epistola
1311 196 1414 222 adnexa
1433 193 1558 221 tractatui
1582 200 1596 219 a
1616 191 1795 220 Iustiniano

986 242 1108 269 adversus
1143 241 1280 276 Origenem
1310 241 1422 274 scripto,
1452 239 1551 266 obiisse
1577 244 1639 265 ante
1662 237 1794 265 initium

986 288 1087 322 quinta:
1104 287 1209 322 synodi.
1235 286 1298 313 Haec
1314 291 1402 312 tamen
1426 292 1477 312 non
1494 291 1526 311 eo
1541 284 1677 316 adnotavi,
1705 283 1795 317 quod

986 340 1122 364 censeam,
1139 332 1284 366 Origenem
1307 331 1332 357 itt
1362 330 1456 365 quinta
1483 329 1584 364 synodo
1612 329 1794 356 damnatum

986 387 1039 406 non
1055 379 1148 410 fuisse,
1164 383 1191 405 ct
1205 385 1306 404 canone
1322 385 1361 408 ιι,
1376 383 1425 410 pro
1441 383 1507 402 voce
1528 374 1666 409 Origenem
1682 376 1795 410 legen-

985 425 1048 452 dum
1073 432 1133 452 etse
1158 424 1322 455 Dimcorum,
1347 427 1376 450 ut
1399 422 1525 457 opinatur
1540 421 1710 454 Ilalloittius;
1732 421 1793 448 scd

985 471 1055 506 quod
1073 472 1187 506 probare
1206 470 1358 501 vidcantur,
1372 469 1512 504 Didytnum
1529 475 1542 495 a
1558 468 1651 503 quinta
1666 468 1794 503 synodo

985 517 1151 546 (ecumettica
1167 516 1322 543 damnatum
1340 521 1392 541 non
1415 521 1484 544 esse.
1501 513 1558 546 sed,
1583 513 1605 540 si
1628 513 1792 540 damnatus

986 568 1036 596 est,
1058 563 1091 590 ab
1106 562 1158 589 alio
1172 561 1285 588 concilio
1299 561 1456 587 damnatum
1482 559 1573 587 fuisse.
1589 558 1659 586 XIV.
1675 558 1794 586 Roma-

986 616 1034 635 nos
1057 607 1200 634 Pontiliccs
1226 605 1362 641 Vigilium,
1395 603 1558 638 Pelagium!
1582 609 1610 631 et
1633 603 1665 635 Il,
1683 611 1720 631 ac
1754 604 1790 632 S.

985 655 1145 688 Gregorium
1167 652 1291 688 Magnum
1308 652 1409 686 quinta:
1425 651 1519 685 synodi
1540 656 1616 685 gesta
1642 649 1792 685 probasse

985 701 1116 728 duntaxat
1143 699 1231 733 qttoad
1258 699 1338 725 triuttt
1364 698 1541 732 capitulorum
1569 697 1789 724 damnationem

985 746 1123 774 contendit
1140 745 1255 772 Fabrins
1271 744 1297 770 in
1319 743 1469 770 Prodromo
1491 742 1611 769 Velilari.
1631 741 1792 768 Postremo

986 792 1014 819 ὃ.
1038 791 1182 823 Maximus,
1210 790 1240 817 S.
1266 789 1384 817 Joannes
1413 788 1603 820 Damascenus,
1636 787 1665 815 S.
1695 787 1789 819 Nico,

947 834 968 862 B
983 837 1148 864 Theodulius
1161 835 1374 866 Aurelianensis,
1388 834 1415 861 S.
1431 834 1549 860 Thomas
1561 833 1694 868 Aquinas,
1715 832 1789 859 alii-

983 889 1035 916 que
1057 881 1146 916 plnrcs
1173 880 1314 914 Didytnnm
1332 883 1361 905 ut
1387 876 1480 914 [LXII]
1501 878 1639 904 doctoretn
1663 876 1787 909 citant;

983 926 1099 954 Joannes
1124 933 1188 952 vero
1212 926 1245 952 de
1270 923 1401 951 Columna
1426 928 1546 949 sanciunt
1573 923 1724 954 doctorem,
1757 927 1790 949 ct

983 973 1069 1001 Guido
1081 973 1199 1000 Terrena
1215 972 1346 998 doctorem
1361 969 1512 996 Gneoorum
1537 969 1682 996 "mimum
1713 976 1788 995 eum

983 1023 1091 1048 vocant,
1104 1023 1133 1044 ut
1146 1020 1251 1044 constat
1268 1023 1302 1042 ex
1321 1022 1414 1042 eorum
1431 1013 1519 1041 verbis
1539 1021 1601 1048 pag.
1622 1013 1674 1039 497
1690 1020 1708 1039 a
1736 1019 1786 1039 tne

985 1065 1089 1091 allatis:
1115 1063 1280 1090 Trithemius
1311 1069 1374 1089 vero
1406 1061 1457 1088 vita
1493 1061 1649 1094 price/arum
1675 1060 1780 1087 dicit:

985 1111 1038 1137 into
1061 1110 1087 1137 in
1104 1109 1180 1136 Actis
1209 1112 1391 1135 sacrosanctae
1417 1110 1444 1134 et
1469 1106 1643 1134 (ncutnenica:
1674 1107 1784 1142 synodi

984 1155 1146 1183 Florentinte
1163 1162 1215 1181 non
1233 1154 1364 1190 allegatur
1377 1157 1493 1185 tantum,
1511 1159 1603 1180 verum
1619 1152 1704 1179 etiam
1719 1161 1788 1179 ma-

984 1209 1048 1237 gnua
1064 1201 1189 1235 Didymus
1204 1205 1382 1234 nuncupatur.

1020 1246 1081 1274 Hauc
1101 1251 1163 1274 suttt
1179 1246 1347 1280 potissimum
1374 1252 1433 1279 qua:
1453 1249 1480 1272 el
1502 1249 1598 1272 contra
1616 1244 1786 1280 Didymum,

985 1298 1011 1318 et
1024 1299 1072 1326 pro
1088 1292 1199 1327 Didymo
1217 1291 1335 1317 breviter
1358 1290 1512 1325 attingenda
1541 1295 1614 1316 ratus
1637 1298 1711 1316 sum.
1738 1291 1783 1318 Ex

985 1338 1027 1365 Itis
1039 1337 1168 1372 judicium
1183 1337 1251 1364 ierat
1270 1336 1370 1369 lector;
1389 1343 1450 1362 nam
1468 1343 1518 1370 ego
1541 1335 1648 1369 quidem
1671 1336 1698 1361 in
1724 1337 1783 1363 ob-

985 1392 1063 1411 scura
1081 1383 1158 1415 adeo,
1175 1383 1330 1416 dillicilique
1342 1382 1490 1417 quaestione
1503 1387 1576 1409 tanto
1601 1382 1783 1408 auctoritatis

986 1429 1104 1464 pondere
1117 1435 1159 1455 me
1174 1428 1257 1462 pretni
1276 1429 1363 1455 sentio
1380 1429 1413 1454 ab
1436 1427 1469 1454 iis
1484 1427 1529 1462 qui
1546 1427 1657 1461 Didytno
1673 1427 1783 1454 adver-

963 1501 969 1510 ,
987 1475 1037 1502 εςιιί
1052 1479 1125 1505 sunt.
1145 1479 1216 1500 utne
1230 1474 1336 1501 hiscere
1354 1474 1462 1508 quidem
1478 1474 1603 1500 audeant.

1023 1523 1114 1550 Finem
1131 1523 1222 1556 itaque
1237 1522 1343 1548 tandem
1368 1521 1411 1548 Itis
1425 1520 1503 1547 libris
1526 1520 1644 1554 impono.
1663 1518 1693 1546 Si
1711 1519 1784 1553 quid

987 1574 1075 1595 autem
1091 1568 1117 1595 in
1139 1568 1171 1594 iis
1193 1575 1246 1594 non
1270 1566 1335 1593 satis
1350 1571 1426 1593 caute
1445 1570 1491 1592 aut
1505 1572 1567 1592 vere
1583 1565 1685 1592 dixisse
1699 1564 1782 1591 vidu-

987 1615 1086 1647 bimttr,
1105 1614 1175 1641 docti
1190 1613 1221 1640 ab
1245 1613 1344 1648 aliquo,
1369 1612 1446 1647 facile
1467 1616 1490 1638 et
1506 1611 1626 1642 libenter,
1642 1615 1671 1637 ut
1687 1609 1781 1637 Marct

987 1660 1066 1687 Tullii
1084 1659 1172 1686 verbis
1190 1665 1264 1689 utar,
1282 1658 1438 1684 sententiam
1458 1657 1689 1684 cotttmulubimua.
1713 1655 1782 1682 Non

989 1705 1057 1731 enim
1072 1712 1165 1738 parum
1182 1711 1314 1738 cognosse,
1344 1703 1388 1730 sed
1408 1702 1435 1729 in
1460 1710 1552 1736 parum
1571 1702 1673 1735 cognito
1697 1702 1783 1728 slulte

987 1756 1010 1777 et
1021 1751 1066 1777 diu
1080 1757 1265 1784 perseverasse,
1287 1753 1361 1782 turpe
1384 1753 1445 1775 est:
1467 1751 1604 1781 propterea
1619 1746 1687 1780 quod
1707 1747 1782 1772 alte-

989 1803 1046 1821 rum
1065 1794 1197 1820 communi
1217 1793 1350 1819 hominum
1370 1789 1529 1825 inﬁrmitati,
1549 1790 1660 1816 alterum
1683 1790 1782 1823 singu-

988 1841 1039 1867 lari
1052 1839 1254 1876 uniuscuiusque
1265 1838 1325 1865 vitio
1338 1842 1374 1865 est
1388 1837 1553 1863 attributum.
1575 1834 1626 1862 Sed
1645 1834 1780 1860 Romana:

989 1887 1015 1913 in
1036 1886 1131 1921 primis
1156 1885 1282 1912 Ecclesia:
1298 1883 1479 1910 Iicclesiarutu
1496 1881 1615 1908 omnium
1640 1881 1781 1913 magiser

986 1930 1088 1965 indicio
1104 1937 1166 1956 cum
1185 1929 1252 1960 haec,
1273 1934 1328 1955 tum
1351 1927 1402 1954 alia
1422 1932 1590 1961 qumcunqne
1609 1925 1692 1956 edidi,
1710 1923 1780 1951 sub-

986 1976 1056 2010 jecta
1075 1975 1145 2002 volo.
1166 1975 1205 2002 Tu
1221 1982 1294 2007 vero,
1316 1973 1412 2008 prtesul
1434 1972 1607 2006 amplissime,
1626 1975 1706 1997 tenue
1727 1971 1782 1997 hoc

989 2022 1189 2053 munusculum,
1209 2025 1238 2047 ut
1255 2028 1321 2047 metu
1339 2020 1364 2046 in
1385 2025 1409 2046 Ie
1428 2019 1604 2046 observantiae
1619 2023 1781 2044 monumen-

990 2071 1056 2098 tum,
1069 2074 1100 2094 ac
1113 2066 1211 2093 veteris
1223 2065 1348 2092 amicitia
1362 2068 1460 2091 nostrae
1473 2062 1580 2097 pignus,
1597 2061 1711 2094 benigne
1727 2066 1763 2087 ex
1772 2072 1780 2077 -

990 2113 1049 2146 cipe
1073 2121 1078 2139 :
1101 2112 1123 2138 si
1149 2112 1224 2138 enim
1245 2110 1291 2137 tibi
1317 2110 1383 2141 hac,
1410 2108 1607 2143 (ntali-acutique
1631 2106 1694 2138 sint,
1724 2111 1780 2132 non

992 2156 1161 2191 displicuisse
1180 2162 1342 2190 cognovero,
1361 2154 1428 2185 nihil
1445 2153 1501 2188 jam
1523 2152 1576 2181 erit
1591 2158 1639 2178 cur
1657 2148 1780 2183 suscepti

993 2210 1034 2229 me
1051 2201 1150 2233 laboris
1166 2201 1306 2235 pteniteat.

1139 2269 1773 2289 =——-_———__—_=:

327 2364 666 2423 VETERUM
700 2365 790 2420 DE
822 2363 1104 2421 DIDYMO
1138 2361 1606 2419 TESTIMONIA.

621 2602 746 2637 Didymus
760 2602 867 2637 ipselib.
884 2601 921 2628 De
937 2601 1037 2636 Spiritu
1058 2605 1161 2632 sancto,
1181 2608 1253 2628 nunt.
1265 2599 1295 2626 5.

192 2650 267 2682 Qnol
283 2653 373 2676 autem
390 2648 424 2675 ab
436 2649 495 2676 aliis
508 2648 631 2689 capiatur
644 2649 761 2683 Spiritus
775 2651 884 2675 sanctus
897 2653 923 2674 ot
941 2654 994 2674 non
1008 2647 1058 2672 alia
1085 2646 1186 2680 capiat,
1216 2650 1243 2672 et
1270 2651 1352 2676 nunc,
1373 2648 1399 2671 ct
1418 2643 1446 2671 in,
1463 2642 1600 2670 Sectarum
1628 2639 1776 2672 volumine,

157 2689 236 2720 prout
252 2686 399 2719 potuimus,
414 2686 608 2719 expressimus.

882 2729 997 2756 Elnum.
1013 2729 1058 2755 21.

194 2778 311 2809 Spiritus
330 2783 440 2805 sanctus
457 2797 463 2804 .
478 2797 484 2803 .
503 2798 510 2805 .

527 2777 610 2803 dictus
633 2782 673 2804 est
688 2776 804 2809 Spiritus
817 2776 955 2809 sapientiw
970 2793 978 2800 .
999 2794 1005 2800 .

1023 2795 1030 2801 .
1047 2779 1070 2800 et
1089 2779 1185 2800 natura
1203 2772 1261 2804 eius
1288 2771 1352 2798 nihil
1378 2777 1419 2799 est
1449 2771 1542 2802 aliud,
1574 2770 1624 2797 nisi
1653 2768 1768 2803 Spiritus

159 2807 275 2843 animi;
288 2821 309 2840 et
323 2813 439 2846 Spiritus
455 2813 501 2840 Dei
519 2820 527 2838 :
545 2813 577 2839 dc
597 2812 695 2845 quibus
709 2807 764 2847 iam
781 2807 948 2838 abundanter
963 2810 987 2836 itt
1005 2811 1138 2836 Scaurum
1156 2807 1291 2834 volumine
1308 2807 1514 2841 disputavimus.
