1917 3064
113 77 168 105 ιδ’]

667 80 711 107 DE
731 79 920 108 TRINITATE
937 79 1038 107 LIBER
1059 80 1201 108 PRIMUS.

1695 80 1748 109 458

113 133 244 168 νογενοῦς
260 134 309 170 τὴν
323 134 401 168 δόξαν
418 135 447 162 οὺ
474 135 616 168 σώζουσιν,
631 137 775 172 ὁμοοὺσιον
795 136 834 171 τῷ
849 136 905 162 Πα-

972 137 998 164 iu
1010 137 1127 172 (15-16).
1142 136 1329 165 AlMacedouii
1337 136 1440 163 alumni
1449 135 1505 172 (i7)
1512 136 1672 164 sicutsancti
1689 136 1749 172 Spi-

113 181 173 214 τρὶ.
187 179 235 206 καὶ
247 179 307 214 οὐχὶ
320 179 462 214 ὁμοούσιον
476 179 600 214 λέγοντες
614 181 696 208 αὐτόν
708 190 714 197 ·
731 181 768 212 ὡς
780 181 908 212 νοεῖσθαι,

114 224 159 250 ὅτι
176 223 259 259 ἄλλης
274 225 370 260 ὁμοίας
383 225 477 257 οὺσίας
490 226 574 253 ἐστίν.
595 227 675 253 Ὥστε
695 227 819 254 λείπεται
834 227 910 262 αἰρε-

113 270 230 302 τικοὺς,
259 270 275 306 ἢ
299 271 416 306 ἀμεῖψαι
444 272 473 298 ὲν
493 273 554 303 ταῖς
582 271 742 308 θρησκείαις
769 273 857 300 αὐτῶν
880 273 910 300 τὸ

113 316 203 351 δνομα
217 316 264 343 τοῦ
284 317 390 352 Πατρὺς
401 336 409 348 ,
421 311 466 349 ὡς
487 319 520 352 τῇ
536 317 650 354 ἀληθείᾳ
673 319 738 354 παρ’
752 319 842 350 αὐτοῖς
861 318 910 346 οὐκ

114 362 195 394 ὄντος
213 362 294 389 αὐτοῦ
318 363 444 399 Πατρὸς,
466 363 506 390 ἔτι
532 364 586 399 μὴν
611 365 659 390 καὶ
678 364 725 391 τοῦ
750 364 911 400 μονογενοῦς

115 408 196 440 Υἱοῦ,
213 409 261 435 καὶ
276 408 323 435 τοῦ
339 409 498 445 Πνεύματος
513 409 541 437 δὲ
553 409 601 437 τοῦ
616 410 695 443 Θεοῦ,
712 411 750 442 ὡς
762 410 841 437 τοῦτο
861 411 911 438 οὐκ

112 455 193 487 two;
219 455 389 489 (συγγνώτω
413 456 441 482 δὲ
464 457 530 491 ἡμῖν
549 457 566 492 ἡ
590 456 656 491 ἁγία
675 457 723 484 καὶ
744 457 845 493 σεπτὴ,
864 457 912 484 καὶ

113 502 183 537 παρ’
196 501 274 536 ἡμῶν
291 501 458 537 δοξαζομένη
482 502 625 538 ὁμοούσιος
650 503 735 538 Τριάς
747 503 773 539 )·
793 503 910 538 ἀμεῖψαι

112 548 145 574 δὲ
162 548 215 583 πρό
232 556 264 582 γε
280 548 388 574 πάντων
409 549 438 574 τὸ
460 549 565 575 ἑαυτῶν
582 549 685 584 ὄνομα,
703 549 752 576 καὶ
773 550 841 584 μήτε
864 558 912 576 κα-

114 593 220 620 λεῖσθαι
234 594 414 629 Χριστιανοὺς
425 594 441 629 ἢ
451 594 667 629 [Ινευματικοὺς.
681 596 750 630 μήτε
760 594 912 622 διακεῖσθαι

114 638 155 669 ὡς
171 638 248 669 lit/1:;
264 639 341 665 αὐτοὶ
358 639 456 665 ἐκεῖνοι
471 639 612 674 ὁμογενεῖς
627 640 681 666 υἱοὶ
695 640 750 666 τῶν
773 639 846 666 ἰδίων
861 649 912 666 πα-

115 685 205 720 τέρων
216 691 223 697 ·
243 685 259 720 ἢ
279 683 317 720 μὴ
336 684 510 717 ἐξαλλάττειν
528 686 579 720 τῆς
595 685 643 711 τοῦ
662 686 768 720 Πατρὸς
786 685 911 721 θεότητος

116 731 164 757 καὶ
177 730 267 765 δόξης,
283 731 330 757 τὸν
347 730 476 766 ἀληθινὸν
492 731 567 763 Υἱὺν,
587 732 634 758 καὶ
654 732 684 758 τὸ
709 732 786 766 ἆγιον
801 732 911 768 Πνεῦμα

115 776 213 804 αὐτοῦ.
231 777 309 804 Ἰδιον
334 777 388 813 γὰρ
410 777 545 804 Ἰουδαίων
563 778 613 814 μὲν
629 778 660 805 τὸ
677 779 722 805 τδν
738 778 848 814 Πατέρα
864 778 912 813 μό-

962 182 1040 213 ritus,
1054 182 1094 209 sic
1109 182 1190 209 etiam
1205 181 1340 217 Uuigeniti
1359 181 1470 217 gloriam
1494 181 1674 212 labefactant.
1689 191 1749 210 cum

961 229 1049 264 ipsum
1064 230 1140 257 aiunt
1155 237 1215 258 esse
1230 229 1302 256 Patri
1316 229 1496 256 bommusium
1513 228 1579 264 (18),
1594 229 1619 256 id
1647 233 1698 261 est,
1714 229 1750 256 si-

962 277 1033 307 milis
1049 284 1110 303 cum
1129 284 1160 303 eo
1176 276 1344 307 substantiae,
1357 283 1408 302 non
1434 282 1497 302 vero
1521 275 1702 307 homousinm,
1723 274 1750 301 id

961 327 999 349 est
1016 322 1291 354 consubstantialem;
1304 326 1332 349 ut
1349 321 1504 356 signiﬁcent
1516 321 1585 357 (19),
1610 328 1671 348 eum
1685 320 1752 348 alte—

961 371 1018 397 rius
1030 370 1127 398 similis
1140 370 1296 398 substantia:
1314 368 1395 405 104
1409 369 1548 396 exsistere.
1573 368 1666 402 Itaque
1686 368 1751 395 reli-

961 422 1042 449 quum
1060 419 1111 447 est,
1127 420 1156 443 ut
1172 415 1291 443 hmretici
1308 419 1354 442 aut
1376 415 1400 443 in
1410 413 1607 449 superstitiosis
1633 413 1752 448 ipsorum

961 461 1079 496 liturgiia
1090 468 1189 488 nomen
1203 460 1456 492 Patr-isimmutent,
1485 458 1583 494 quippe
1604 466 1663 485 cum
1690 465 1753 485 vere

959 505 1035 540 juxta
1054 505 1113 533 illos
1129 513 1181 533 non
1194 506 1229 533 sit
1242 504 1343 533 Pater:
1362 505 1426 540 quin
1441 503 1524 533 etiam
1545 511 1641 531 nomen
1660 504 1753 538 unige-

963 552 1098 584 nitiFilii.
1114 558 1142 580 et
1173 552 1292 587 Spiritus
1320 551 1365 579 Dei
1394 551 1538 581 obliterent
1566 557 1677 577 necesse
1698 554 1752 580 est,

959 599 1061 633 quippe
1081 591 1252 627 cum‘eornm
1264 597 1399 626 sententia
1415 600 1512 625 neuter
1525 596 1560 624 sit
1591 595 1653 622 talis
1680 594 1753 630 (par-

965 649 1009 671 cat
1030 651 1094 672 vero
1108 644 1185 672 nobis
1209 648 1314 676 sant-ta,
1324 647 1351 671 et
1367 642 1514 675 adoranda,
1533 647 1560 669 et
1574 649 1588 668 a
1605 641 1681 668 nobis
1697 640 1754 675 glo-

964 690 1068 718 riﬁcata
1100 689 1343 718 consubstantialis
1357 687 1510 724 Trinitas):
1527 688 1573 715 sed
1605 687 1632 714 iu
1659 686 1754 721 primis

961 736 1101 771 proprium
1121 742 1219 764 nomen
1238 739 1342 763 mutent
1361 739 1480 769 oportet,
1507 742 1539 762 ac
1559 741 1645 768 neque
1672 732 1755 760 Chri—

962 782 1044 809 stiani
1057 787 1199 814 vocentur,
1212 786 1260 809 aut
1281 781 1428 816 spiritales,
1445 787 1531 815 neque
1549 787 1578 807 se
1591 779 1640 814 ipsi
1656 785 1755 813 paren-

114 831 164 849 νον
180 823 272 858 τιμᾷν,
291 823 426 858 Ἑλλήνων
442 823 470 850 δὲ
485 823 516 850 τὸ
534 822 581 859 [45
598 823 624 859 b]
654 824 756 859 πλῆθος
768 824 911 859 δαιμονίων

968 832 1020 853 ttnu
1037 833 1147 854 suorum
1167 833 1337 861 congenercs
1354 825 1423 852 ﬁlios
1431 832 1492 852 esse
1507 824 1682 856 existiment;
1709 827 1755 849 aut

117 870 209 904 μέγα,
229 870 277 896 καὶ
305 870 414 906 μικρὸν,
434 870 481 897 καὶ
507 871 652 906 χρονικον,
672 871 719 897 καὶ
741 871 910 907 ὲτεροούσιον

116 916 221 943 σέϐειν.

965 879 980 898 a
995 873 1106 904 deitate,
1119 875 1145 899 et
1163 871 1248 906 gloria
1277 870 1366 899 Patris
1384 877 1476 898 verum
1501 869 1609 902 Filium,
1637 873 1665 896 et
1693 875 1755 896 san-

964 923 1036 945 ctum
1052 918 1110 953 ejus
1128 917 1260 953 Spiritum
1272 925 1324 944 non
1334 917 1495 944 subducant.
1515 915 1581 942 Nam
1596 915 1752 943 Juda:orum

115 963 228 997 quidem
240 962 377 997 proprium
389 967 442 994 est,
456 962 542 990 solum
566 962 675 989 Patrem
705 962 855 993 honorare;
887 962 1042 990 Griecorum
1071 969 1148 994 vero,
1175 962 1374 990 multitudinem
1401 961 1554 988 daemonum
1581 960 1683 992 colere,
1709 958 1755 994 qui

116 1009 211 1042 uiagtii
228 1009 294 1040 sint,
311 1012 337 1035 et
356 1009 478 1043 parvl,et
506 1008 678 1043 temporarii,
702 1012 729 1034 et
757 1007 914 1040 heterousii,
935 1008 987 1036 hoc
1002 1013 1054 1040 est,
1073 1009 1116 1035 alii
1134 1009 1201 1036 alia:
1212 1008 1335 1035 habentes
1350 1012 1473 1037 naturas.

429 1075 509 1102 ΚΕΦ.
540 1076 602 1102 ΛΕ’.

139 1121 241 1154 Ὅπως
263 1119 321 1155 χρὴ
349 1119 432 1146 νοεῖν
458 1121 517 1159 τειςῇ
530 1121 687 1154 θεολογίας
716 1120 775 1147 τῶν
796 1121 872 1155 Γρα-

476 1164 552 1189 φων.

155 1201 396 1235 Συναγωνίσασοαι
412 1200 440 1226 δὲ
455 1201 469 1226 ὁ
490 1200 599 1233 ἀνάξιος
623 1199 679 1234 ὲγὼ
698 1202 759 1232 ταῖς
785 1202 848 1236 περὶ
864 1201 911 1228 τοῦ

119 1245 284 1282 μονογενοῦς
298 1246 364 1273 Υἱοῦ
377 1247 424 1272 καὶ
438 1245 485 1272 τοῦ
498 1246 577 1281 ἁγίου
591 1246 751 1281 Πνεύματος
764 1246 912 1280 θεολογίαις

119 1291 273 1327 προήχθην,
289 1291 349 1318 οὐδὲ
362 1291 434 1318 κατὰ
451 1291 554 1318 ἔννοιαν
569 1291 772 1327 παραϐλάπτων
787 1292 835 1328 τὴν
848 1293 913 1328 περὶ

119 1337 168 1364 τοῦ
196 1337 263 1364 Θεοῦ
290 1337 339 1364 καὶ
365 1337 472 1373 Harpe;
504 1337 644 1373 ἄφραστον
675 1338 755 1371 δόξαν
785 1339 833 1373 (οὐ
859 1339 912 1374 γὰρ

119 1383 267 1419 ἠγνόηται,
284 1383 350 1410 ὡσεὶ
369 1384 415 1410 καὶ
439 1384 476 1419 μὴ
501 1384 554 1419 πρὸ
571 1384 672 1419 ἀμφοῖν
691 1384 839 1419 δεδήλωται
859 1384 912 1411 τῶν

119 1431 274 1466 εἰρημένων
296 1431 377 1457 θείων
402 1432 578 1458 ὑποστάσεων
590 1440 596 1447 ·
613 1432 670 1458 ἀλλ’
691 1433 766 1467 ὅμως
782 1432 865 1468 ἄμφω
884 1434 912 1459 αἱ

119 1477 286 1508 ὑποστάσεις
305 1477 334 1510 ἐξ
355 1476 438 1503 αὑτοῦ
456 1477 526 1503 κατὰ
542 1477 623 1512 φύσιν
651 1477 783 1512 συμφυῶς
802 1478 913 1512 εἰσιν.ή

121 1523 173 1558 μὲν
186 1522 231 1549 τοῦ
246 1522 310 1549 Υἱοῦ
326 1523 505 1559 γεννητικῶς,
519 1524 534 1558 ἡ
551 1523 579 1549 δὲ.
593 1523 640 1549 τοῦ
657 1523 816 1557 Πνεῦματος
831 1523 913 1549 αὑτοῦ

121 1569 360 1605 ὲκπορευτικῶς)·
390 1569 449 1596 ἀλλ’
475 1569 622 1605 αίρετικῶν
646 1569 696 1600 τὰς
721 1567 914 1603 πανολεθρίους

120 1614 264 1649 ἐξηγήσεις
285 1613 558 1648 ἀποσκευαζόμενος,
577 1613 623 1639 καὶ
646 1613 849 1648 συνιστάμενος,
870 1613 911 1639 ὅτι

120 1659 154 1685 δι’
172 1656 209 1686 ὧν
228 1659 337 1686 δοκοῦσι
357 1660 434 1695 παρὰ
456 1659 504 1692 τὴν
528 1658 641 1695 Γραφὴν
661 1659 743 1685 πλέον
766 1659 850 1694 τιμᾷν
866 1658 911 1685 τὸν

120 1705 242 1741 Πατέρα,
260 1705 305 1732 διὰ
320 1705 422 1732 τούτων
439 1705 519 1732 αὐτόν
534 1713 563 1731 τε
579 1704 711 1736 λυποῦσι,
729 1705 775 1731 καὶ
797 1705 842 1731 τὸν
857 1705 913 1731 Mo-

121 1751 219 1786 νογενῆ
237 1751 329 1784 αὑτοῦ,
351 1752 397 1778 καὶ
413 1752 442 1778 τὸ
458 1752 571 1787 Πνεῦμα
588 1751 786 1791 ἐνυϐρίζουσιν.

1257 1074 1333 1103 CA'P.
1352 1074 1463 1102 XXXV.

966 1123 1101 1156 Quomodo
1113 1122 1256 1157 intelligere
1271 1126 1387 1162 oporteat
1401 1121 1616 1162 _Scripturarttm
1641 1122 1673 1148 tle
1703 1121 1756 1148 Deo

1275 1161 1434 1184 testimonia.

1000 1204 1037 1231 Eo
1052 1208 1141 1231 autem
1159 1203 1292 1231 adductus
1305 1211 1363 1231 sum
1378 1210 1428 1238 ego
1441 1202 1580 1238 indignus,
1604 1207 1633 1229 ut
1654 1203 1680 1229 in
1707 1202 1757 1229 hoc

966 1250 1114 1277 certamine
1122 1249 1327 1284 Scripturarum
1343 1248 1514 1280 testimoniis,
1533 1249 1559 1275 in
1580 1249 1678 1282 quibus
1700 1248 1757 1275 uni~

966 1294 1049 1329 geniti
1063 1294 1136 1326 Filii,
1155 1300 1182 1320 et
1194 1294 1312 1328 Spiritus
1328 1294 1414 1321 sancti
1438 1294 1566 1321 divinitas
1594 1293 1757 1325 declaratur,

966 1340 1047 1367 veluti
1065 1339 1204 1374 suppetias
1224 1339 1335 1366 ferrem.
1354 1338 1380 1365 ld
1398 1346 1479 1373 porro
1498 1346 1551 1365 non
1575 1345 1607 1365 eo
1635 1337 1757 1372 prmstiti,

966 1385 1037 1420 quod
1051 1385 1214 1412 ineﬂ'abilem
1232 1385 1278 1411 Dei
1295 1392 1326 1412 ac
1335 1383 1426 1411 Patris
1440 1384 1552 1418 gloriam
1566 1391 1601 1410 ne
1618 1383 1758 1418 cogitatio-

966 1439 1000 1459 ne
1012 1431 1119 1466 quidem
1136 1430 1300 1458 labefactare
1312 1430 1426 1462 vellem;
1456 1434 1519 1456 uota
1542 1430 1614 1456 enim
1644 1435 1675 1455 ea
1699 1432 1756 1456 est:

967 1477 1128 1512 etquamvis
1137 1476 1195 1513 (20)
1211 1481 1274 1503 ante
1290 1476 1386 1503 ambas
1400 1475 1544 1510 praedictas
1566 1474 1670 1501 divinas
1697 1481 1758 1508 per-

967 1531 1049 1550 sonas
1065 1523 1253 1550 manifcstatus
1266 1522 1324 1554 sit;
1351 1526 1442 1548 tamen
1465 1526 1580 1555 utraque
1606 1519 1758 1556 liypostasis

967 1576 1000 1595 ex
1019 1569 1077 1604 ipso
1093 1569 1241 1596 secundum
1262 1560 1398 1600 naturam,
1413 1571 1440 1594 et
1452 1574 1512 1594 cum
1526 1567 1584 1602 ipso
1607 1566 1758 1597 eoexsistit,

968 1613 1028 1640 Filii
1053 1614 1162 1648 quidem
1178 1614 1334 1649 hypostasis
1349 1621 1396 1648 per
1411 1612 1625 1648 generationem,
1641 1612 1758 1647 Spiritus

961 1664 1050 1687 autem
1078 1660 1163 1695 ipsius
1182 1667 1230 1695 per
1250 1659 1467 1694 procvssiouem.
1492 1659 1545 1686 Sed
1573 1658 1630 1686 haec
1646 1658 1759 1691 dictavi,

962 1711 992 1732 ut
1007 1706 1199 1734 haereticorum
1215 1706 1459 1741 perniciosissimas
1473 1704 1666 1740 explicationes
1681 1711 1759 1731 ever-

964 1756 1061 1785 terem,
1077 1752 1212 1787 simulque
1230 1753 1383 1787 probarem,
1396 1752 1457 1779 illos
1480 1759 1528 1786 per
1553 1758 1584 1778 ea
1599 1751 1656 1784 ipsa
1684 1748 1758 1776 Patri

123 1795 279 1830 displicere,
300 1801 382 1831 atque
417 1797 593 1832 Unigvnitum
610 1796 679 1831 ejus,
698 1805 729 1823 ac
741 1796 872 1832 Spiritum
888 1797 1049 1824 contumelia
1067 1796 1188 1829 afﬁcere,
1201 1805 1247 1832 per
1268 1805 1327 1832 qua:
1345 1797 1453 1824 Patrem
1470 1797 1558 1832 ipsum
1573 1801 1667 1824 contra
1685 1795 1758 1823 Scri-

122 1848 209 1878 ptura:
232 1849 349 1872 mentem
380 1845 464 1880 magis
495 1845 620 1872 videntur
648 1846 790 1872 honorare.

436 1922 515 1949 ΚΕΦ.
532 1923 602 1956 AG".

300 1968 354 1995 Καὶ
367 1968 456 1995 τοῦτο
473 1969 539 2004 περὶ
558 1969 611 1996 τοῦ
634 1969 737 1996 αὐτοῦ.

159 2014 228 2046 Τοὺς
244 2014 331 2041 τοίνυν
359 2014 516 2050 όρθοδόξους
529 2015 582 2050 χρὴ
606 2015 706 2042 εἰδέναι
732 2016 782 2051 μὲν
793 2036 800 2048 ,
818 2016 855 2047 ὡς
871 2017 918 2044 καὶ

123 2060 189 2095 περὶ
207 2060 305 2095 μικροῦ
322 2060 403 2097 ἔργου
421 2061 467 2088 τοῦ
483 2060 549 2088 Θεοῦ
565 2061 606 2097 (εἰ
629 2061 803 2097 τολμήσαντα
820 2062 916 2098 μικρὸν

124 2106 205 2140 ἔργον
215 2105 273 2132 ἔστι
289 2107 371 2141 φάναι
384 2107 467 2141 Θεοῦ)
477 2109 533 2139 τοῖς
547 2107 684 2134 διαλαϐεῖν
695 2107 826 2139 ἐθέλουσι,
839 2107 917 2143 χρεία

1193 1922 1270 1957 105
1279 1921 1393 1950 CAPUT
1418 1921 1537 1949 xxxvr.

1269 1968 1307 1995 De
1321 1969 1410 1995 eadem
1423 1976 1460 1995 re.

1007 2014 1073 2041 lllud
1090 2021 1172 2049 porro
1193 2013 1337 2040 orthodoxi
1352 2013 1443 2040 norint
1457 2017 1574 2048 oportet,
1588 2019 1635 2040 eos
1650 2012 1698 2047 qui
1714 2011 1756 2040 vel

969 2060 1004 2087 de
1020 2067 1104 2095 parvo
1117 2059 1210 2093 aliquo
1223 2059 1269 2086 Dei
1285 2067 1367 2094 opere
1381 2059 1415 2094 (si
1428 2063 1518 2086 tamen
1535 2059 1618 2086 ullum
1631 2058 1677 2086 Dei
1688 2065 1757 2093 opus

971 2106 1030 2133 sine
1048 2105 1161 2132 audacia
1179 2113 1289 2140 parvum
1303 2112 1401 2132 vocare
1420 2105 1493 2141 licet)
1510 2105 1645 2132 disserere
1662 2104 1757 2136 velint.

124 2151 222 2185 λόγων,
237 2153 285 2179 καὶ
298 2153 387 2188 ἔργων
404 2153 457 2190 πρὸ
471 2153 526 2180 τῶν
540 2154 637 2188 λόγων,
661 2154 708 2181 καὶ
727 2154 845 2185 πίστεως
865 2153 911 2190 ττρὲ

973 2150 1125 2178 eruditione
1149 2150 1283 2185 indigere,
1312 2150 1358 2178 sed
1387 2154 1449 2178 ante
1469 2149 1648 2178 eruditionem
1669 2149 1758 2184 operi-

162 2277 266 2311 (15-16)
286 2276 349 2304 Alia
361 2281 399 2304 est
412 2277 552 2304 ratio.Pro
566 2277 653 2310 ἄλλως
664 2277 753 2312 λόγος,
771 2277 830 2312 lege
838 2278 916 2309 ἄλλος

127 2313 222 2346 λόγος·
244 2320 324 2346 quam
351 2312 547 2346 proverbialem
578 2313 741 2341 locutionem
768 2313 793 2340 in
817 2313 915 2340 Atticis

128 2348 306 2380 scriptoribus
327 2347 437 2374 memini
454 2354 495 2374 me
515 2347 615 2380 legere.

164 2383 218 2418 (17)
239 2382 355 2409 Alumni.
374 2383 402 2410 lu
423 2382 517 2418 ϐιωεο
537 2383 654 2418 παῖδεςιγ
667 2390 714 2409 seu
738 2383 799 2417 ﬁlii,
820 2389 917 2416 nempe

128 2418 263 2451 discipuli.
280 2417 368 2444 Simili
382 2418 461 2445 modo
485 2417 529 2444 alii
546 2418 628 2444 etiam
649 2417 796 2451 loquuntur
816 2418 915 2445 vetusti

128 2454 284 2486 scriptores.
306 2453 342 2479 Ita
359 2452 404 2487 qui
424 2453 602 2486 philosophia:
619 2460 727 2487 operam
749 2453 825 2484 dant,
841 2452 915 2487 φιλο-

128 2488 217 2522 σόφων
234 2487 327 2519 παῖδες
346 2491 478 2515 vocantur
496 2495 510 2513 a
532 2487 670 2515 Clemente
686 2487 712 2514 in
731 2487 894 2522 Protremico
905 2496 914 2519 ,-

127 2521 172 2556 qui
185 2530 250 2550 vero
264 2524 439 2557 grammatica
454 2527 511 2549 arte
524 2523 621 2549 eruditi
637 2527 711 2554 sunt,
725 2523 750 2549 in
765 2521 914 2557 Pwdagogo

129 2558 254 2594 dicuntur
270 2557 475 2594 γραμματικῶν
483 2557 586 2594 παῖδες.
602 2557 671 2594 Quin
690 2565 782 2594 vocem
797 2565 913 2594 quinque,

129 2593 201 2625 υἱός,
222 2591 315 2620 eodem
329 2591 413 2620 sensu
435 2593 590 2620 adhibuisse
612 2592 717 2619 videtur
739 2591 866 2619 Justinus
887 2593 913 2618 in

131 2629 236 2654 (Saliari.
249 2629 283 2654 ad
298 2627 413 2660 Gnaeos,
434 2636 508 2654 num.
526 2627 554 2660 5,
580 2627 642 2654 dum
662 2627 790 2654 Musaeum
814 2627 913 2662 Orphei

129 2664 202 2694 υἱόν,
225 2671 272 2690 seu
290 2663 375 2697 ﬁlium
392 2667 548 2696 nuncupat;
574 2663 662 2689 Μειεωί
677 2663 748 2690 enim
767 2668 843 2697 pater
861 2663 915 2689 Eu-

132 2698 235 2731 molpus
245 2698 281 2725 l'ni
297 2719 303 2726 .
318 2706 369 2725 non
382 2698 514 2732 Orpheus.

166 2732 222 2767 (18)
245 2733 434 2760 llommulium.
455 2732 608 2760 Doctissitui
636 2732 759 2760 monachi
779 2732 808 2759 S.
831 2732 913 2759 Mauri

133 2768 163 2793 ad
176 2768 304 2795 Albanas.
321 2769 366 2795 lib.
391 2768 429 2795 De
442 2768 558 2803 aynmlis,
577 2775 637 2802 pag.
659 2767 719 2798 746,
741 2768 911 2795 scribendum

133 2809 192 2830 οδω
221 2803 400 2836 contendunt,
427 2803 603 2837 ὁμοιωύῖιον,
635 2803 689 2830 sive
714 2804 910 2830 Immwansium.

966 2276 1022 2311 Ego
1042 2275 1183 2311 lectione-ii
1206 2273 1389 2311 I’assioneiani
1411 2273 1513 2302 codicis
1537 2279 1589 2300 non
1605 2273 1756 2305 immutavi,

966 2309 1016 2338 etsi
1034 2310 1146 2337 alteram
1157 2310 1242 2344 magis
1253 2309 1374 2344 probem.

1001 2345 1057 2381 (19)
1091 2344 1126 2371 Ut
1154 2342 1309 2381 aigtiiﬁceut.
1330 2343 1431 2381 _Rect_e
1460 2342 1757 2381 _hate__Macetloni:_tnis

966 2377 1065 2415 potius,
1090 2377 1355 2414 q‘nam'Macedonio
1378 2378 1479 2415 tribuit
1513 2378 1655 2415 Didymus.
1675 2377 1752 2415 _Nam

968 2412 1115 2442 Macedonii
1131 2414 1224 2448 dogma
1240 2418 1288 2445 est,
1312 2418 1340 2440 ut
1360 2413 1401 2449 ait
1413 2412 1592 2449 Hieronymus
1618 2413 1650 2449 ini
1669 2412 1756 2449 Claro-

968 2451 1034 2480 nico,
1059 2447 1171 2476 Patrenr
1185 2449 1306 2482 quidem,
1332 2453 1354 2475 et
1379 2447 1478 2475 Filium
1495 2447 1573 2475 uilius
1599 2447 1753 2479 divinitalis,

967 2485 1133 2520 ejusdemque
1143 2485 1295 2520 substantin
1306 2483 1434 2520 conﬁteri,
1447 2483 1490 2510 sed
1500 2483 1627 2516 S,:iritum
1637 2488 1755 2520 sanctam

967 2517 1053 2547 ditem
1077 2517 1236 2546 creaturam.
1261 2518 1516 2546 Macedonianornut
1540 2523 1629 2544 aulcm
1652 2517 1756 2549 opinio-

968 2564 1028 2582 nem
1044 2554 1212 2582 Antiocheua
1236 2554 1354 2589 synodus
1374 2561 1446 2589 anno
1469 2552 1520 2579 565
1541 2553 1688 2589 declaravit
1706 2551 1754 2589 :_in

967 2599 1017 2625 qua
1031 2591 1144 2625 synodo,
1160 2595 1194 2625 uti
1212 2585 1362 2625 ait'ibidem
1387 2585 1753 2625 Hieronymus,llomousio,

967 2621 1141 2658 Anauimoque
1158 2624 1260 2657 rejecto,
1282 2624 1395 2658 medium
1412 2623 1479 2650 inter
1490 2621 1553 2648 ’11αέ
1582 2621 1755 2647 Ηυηιοίιιείοιι

971 2660 996 2686 Μ
1001 2657 1189 2686 ncedanianum
1204 2660 1298 2692 dogma
1317 2657 1510 2685 vindicaverunt
1516 2675 1522 2682 .

1005 2694 1060 2728 (‘20)
1081 2694 1112 2720 Et
1130 2690 1255 2728 quamvii.
1275 2692 1380 2728 Ulrunl
1390 2701 1420 2719 ea
1443 2692 1530 2728 lectio,
1556 2690 1622 2728 dies}.
1639 2690 1686 2716 καὶ
1703 2690 1752 2725 μή,

969 2725 1105 2762 recta-sit,
1126 2725 1333 2761 j'ttdicctlcctor.
1359 2726 1416 2760 Ego
1439 2726 1560 2753 vocuiam
1584 2725 1620 2761 μή
1649 2732 1754 2760 expuu-

967 2765 1079 2799 gcndam
1096 2763 1265 2791 crediderint.
