1917 3064
225 88 276 117 ιπὶ

848 83 966 111 DIDYMI
983 82 1216 110 ALEXANDRINI

1795 85 1842 116 432

224 148 372 179 exsislcns,
387 153 414 174 ct
434 151 505 174 tottts
522 145 556 172 ab
570 145 695 172 omnibus
718 149 826 179 propter
838 144 922 179 ipsius
934 144 1006 172 boni-

1070 143 1258 178 ιαταλάμπον,
1288 143 1333 169 καὶ
1369 141 1506 177 πανταχοῦ
1544 142 1664 177 πληθύον
1695 143 1841 179 ἁγιασμόν,

227 199 308 221 tatem
324 193 508 227 participatns.
532 196 558 218 et
581 196 717 225 receptus,
732 198 784 218 non
799 195 888 217 tamen
902 190 1012 222 divisus,

227 247 312 271 anue
339 239 389 263 alio
420 237 625 271 transmigrans,
643 242 731 269 neque
748 235 921 262 mulationem
949 234 1014 261 suh-

227 283 299 313 ictis,
318 283 362 309 sed
382 283 505 308 munibus
518 282 610 308 eodem
631 288 739 315 semper
767 280 857 311 modo,
885 287 936 307 non
951 286 1015 306 vero

225 335 256 354 ex
273 334 358 360 p'lrlc,
375 328 517 361 inspirans,
530 332 557 354 et
574 326 710 361 propriam
729 326 874 361 puritatem
892 333 906 352 a
919 333 1013 359 corpo-

229 373 301 399 ribus
331 373 571 400 inrontaminatam
594 379 725 404 servans,
755 376 783 398 et
809 371 898 398 omnia
924 371 1014 398 divino

227 419 306 444 modo
319 418 482 449 tlhnninaus,
500 424 526 444 et
541 418 639 452 ubique
659 417 911 448 sanctiﬁcationem,
929 416 1015 443 chari-

228 470 321 494 tatetn,
341 472 442 498 pacem,
470 464 642 495 sapientiam,
664 463 803 498 gaudium,
827 463 1011 495 securitatem,

227 516 344 536 νιοιηιιε
366 511 464 535 bonum
483 509 562 545 114
577 510 723 543 adaugens,
746 513 838 543 utpote
851 507 896 542 qui
916 515 949 534 ex
968 515 1015 541 pa-

230 561 304 581 terno
328 554 400 582 fonte
425 555 481 590 (55)
508 555 684 582 subsisteutcr
713 555 889 581 cmanavitac
903 554 1012 581 eluxit:

230 608 276 634 per
302 607 400 632 quem,
428 605 455 627 et
484 605 593 634 propter
621 608 700 634 quem
727 600 863 627 nobiscum
894 604 1015 626 versatur

231 646 300 672 heus
312 651 337 671 et
354 645 441 677 Pater,
455 653 514 671 cum
527 652 580 679 quo
593 645 710 680 Spiritus
726 653 782 679 Ipse
794 650 821 671 et
835 645 860 671 in
876 645 952 672 caelis
962 649 1013 677 est,

229 696 256 717 «λι
274 691 343 724 apud
364 699 412 717 nos
430 696 534 723 manet;
559 698 620 717 nam
644 696 732 725 potest
753 691 860 725 quidem
887 697 1015 725 unaquae-

230 745 281 769 que
296 737 385 762 divina
400 744 511 769 persona
528 736 617 762 omnia
643 735 763 770 perfecte
777 735 835 762 sine
850 735 929 762 ullius
945 736 1014 762 indi-

230 782 318 815 gentia
335 781 440 814 facere;
467 789 558 808 verum
575 787 603 808 ut
622 782 714 808 eadem
733 781 891 808 ostendatur
915 788 1014 816 opera-

1065 189 1186 223 ἀγάπην,
1201 187 1322 222 είρήνην,
1336 187 1442 221 σοφίαν,
1453 187 1552 224 χαρὰν,
1565 189 1724 222 ἀσφάλειαν,
1738 190 1783 216 καὶ
1794 192 1843 217 πᾶν

1065 232 1177 268 ἀγαθὸν,
1194 233 1241 260 ἅτε
1252 233 1284 259 ὲκ
1296 233 1345 268 τῆς
1358 234 1495 269 πατρικῆς
1507 234 1697 266 ὲνυποστάτως
1710 234 1843 270 ἐκλάμψαν

1066 278 1173 314 πηγῆς·
1197 278 1230 304 δι’
1246 275 1276 305 οὗ
1297 277 1344 304 καὶ
1359 277 1392 304 δι’
1406 277 1420 304 δ
1445 279 1510 313 ἡμῖν
1528 277 1674 313 πλησιάζει
1693 279 1708 305 ό
1723 278 1786 309 Θεὸς
1802 280 1844 306 καὶ

1065 323 1170 358 Πατὴρ,
1184 321 1243 357 μεθ’
1257 319 1287 348 οὗ
1303 322 1349 348 καὶ
1364 323 1393 348 ὲν
1407 323 1533 358 οὐρανοῖς
1545 323 1630 354 ἐστιν,
1648 323 1696 349 καὶ
1709 324 1772 359 παρ’
1785 324 1844 359 ἡμῖν

1067 368 1158 403 μένει·
1183 367 1335 404 δυναμένης
1362 368 1411 404 μὲν
1434 369 1554 404 ἑκάστης
1576 369 1652 400 θείας
1679 367 1844 400 ὑποστάσεως

1065 413 1223 450 ἀπροσδεῶς
1245 414 1335 441 πάντα
1360 414 1471 449 ποιῆσαι
1494 414 1623 445 ’τελείως⁸
1643 414 1688 441 ἵνα
1713 415 1741 441 δὲ
1760 414 1844 450 δειχθῇ

1065 460 1095 487 τὸ
1119 460 1326 495 σνμπρακτικδν
1345 460 1393 486 καὶ
1417 459 1627 496 ἀπαράλλακτον
1651 460 1700 496 τῆς
1714 467 1744 486 τε
1760 461 1845 492 οὐσίας

1066 504 1166 536 αὐτῶν,
1182 505 1231 540 τῆς
1248 514 1277 531 τε
1300 505 1524 541 προσκυνήσεως,
1545 506 1592 532 καὶ
1617 505 1716 541 δόξης,
1739 506 1785 532 καὶ
1807 506 1846 531 εὑ-

1064 550 1207 584 χαριστίας
1223 549 1273 584 τῆς
1294 549 1456 584 ὀφειλούσης
1473 550 1537 585 παρ’
1550 550 1630 585 ἡμῶν
1647 551 1787 585 γίνεσθαι,
1806 551 1845 577 διὰ

1064 596 1143 622 τοῦτο
1158 597 1233 631 κοινῇ
1249 597 1323 631 παρὰ
1347 596 1397 631 τῆς
1419 594 1500 630 ἁγίας
1523 596 1638 631 Τριάδος
1663 597 1714 631 τῆς
1739 597 1845 628 κτίσεως

1040 669 1049 677 _
1065 641 1265 677 πληρωθείσης.
1293 641 1377 677 [51a]
1398 642 1544 677 Παριστῶν
1561 641 1627 676 γοῦν
1651 642 1684 668 τὸ
1710 641 1845 678 τριαδικῶς

1065 687 1297 722 διακεκοσμῆσθαι
1318 687 1368 722 τὴν
1381 687 1480 719 κτίσιν,
1500 687 1611 722 ψάλλει·
1634 697 1643 713 t
1659 687 1704 722 Τῷ
1718 688 1787 722 λόγῳ
1799 689 1846 714 Κυ-

1067 733 1126 769 ρίου
1146 735 1169 760 οἱ
1197 734 1307 769 οὐρανοὶ
1340 733 1557 769 ἐστερεώθησαν,
1582 734 1630 760 καὶ
1652 734 1691 769 τῷ
1718 733 1846 769 Πνεὺματι

1065 781 1112 806 τοῦ
1139 780 1272 814 στόματος
1296 779 1378 806 αὐτοῦ
1415 780 1500 806 πᾶσαι
1524 780 1554 806 αἱ
1578 780 1708 814 δυνάμεις
1730 780 1843 806 αὑτῶν.ι

231 828 277 854 lio.
298 829 446 860 eademque
461 835 519 853 cutn
534 827 649 854 essentia
664 827 794 860 ipsarum,
812 832 867 853 tum
883 827 1014 858 adoratio,

1070 824 1150 852 Εἶπεν
1164 825 1218 860 γὰρ
1231 825 1333 861 Κύριον
1352 825 1402 860 μὲν
1429 825 1474 852 τὸν
1488 825 1554 852 Θεὸν
1573 825 1685 860 Πατέρα
1695 834 1701 840 ·
1716 826 1798 859 Λόγον
1821 825 1846 851 δὲ

229 880 252 900 et
271 873 366 907 gloria,
384 877 408 899 cl
430 873 576 906 gratiarum
590 872 671 904 actio,
687 880 747 906 qua:
760 873 799 899 eis
816 872 890 899 reddi
905 880 919 898 a
939 872 1015 900 nobis

229 920 316 950 debet,
333 919 393 945 ideo
411 918 591 945 communiter
607 926 622 944 a
645 923 737 945 sancta
755 918 889 944 'l‘rinitate
910 917 1013 944 creatio

228 964 359 998 ctnnpleta
376 964 435 990 fuit.
454 962 485 991 Ut
504 965 574 991 hunc
590 971 672 998 porro
694 967 847 990 creatarum
869 971 958 990 rerum
971 970 1017 990 or-

228 1016 320 1037 natum
349 1016 428 1044 atque
455 1011 576 1037 ordinem
602 1018 617 1037 a
645 1015 700 1036 tota
728 1009 862 1036 Triuilale
886 1017 946 1037 esse
971 1010 1017 1036 de-

228 1061 361 1084 monstret
385 1056 478 1089 David,
506 1057 546 1083 sic
564 1056 673 1090 psallit;
693 1065 702 1082 (
725 1055 814 1083 Verbo
834 1056 889 1090 (34)
911 1055 1016 1082 Domini

229 1103 291 1129 cmli
307 1101 406 1128 firmati
421 1107 495 1134 sunt,
512 1107 539 1128 et
559 1101 661 1136 Spiritu
680 1101 735 1128 oris
751 1101 809 1135 ejus
824 1108 918 1128 omnes
932 1101 1017 1127 virtu—

230 1153 269 1173 tes
281 1155 384 1174 ct)l'tllll.
403 1157 412 1173 ι
430 1147 534 1175 Etenim
558 1148 698 1174 Dominum
721 1147 828 1181 quidem
850 1146 914 1174 dicit
935 1147 1016 1174 Deum

228 1191 356 1225 Patrem;
384 1192 501 1220 Verbum
537 1201 612 1224 vero,
640 1192 811 1227 Unigeuitum
840 1191 949 1224 Filium,
972 1199 1020 1226 per

229 1245 320 1272 quem,
335 1242 362 1263 et
377 1245 390 1263 a
413 1245 466 1271 quo
488 1238 571 1264 creati
584 1241 646 1263 sunt
666 1236 745 1269 cteli;
767 1237 897 1271 Spiritum
915 1242 1015 1269 autem,

229 1287 351 1310 sanctum
370 1282 414 1309 Dei
438 1282 632 1309 subsistentem
651 1281 794 1318 Spit-itum,
808 1290 822 1309 a
836 1290 888 1318 quo
908 1288 935 1309 et
954 1291 1018 1310 san-

229 1329 339 1355 clit‘tcati
363 1328 419 1364 (35)
444 1333 470 1354 et
494 1329 663 1356 corroborati
690 1333 772 1356 sunt:
801 1329 857 1364 ipse
882 1329 953 1356 enim
979 1332 1018 1355 est

229 1375 349 1401 divinum
364 1382 461 1401 nomen
476 1384 483 1407 ;
506 1375 564 1409 ipse
576 1375 780 1409 mnnipotentia,
803 1380 830 1402 et
846 1374 1019 1402 excellentis—

229 1420 297 1447 sima
320 1420 447 1454 dignitate
464 1421 609 1454 praeditus;
631 1421 675 1454 qui
701 1420 780 1447 simul
808 1428 867 1447 cum
883 1420 964 1447 Patre
987 1428 1018 1448 ac

229 1465 298 1492 Filio
308 1469 334 1492 et
351 1470 588 1495 commemoratur,
601 1470 627 1492 et
646 1465 875 1499 cOngloriﬁcatur;
888 1462 933 1499 qui
954 1472 1018 1491 sen-
1032 1485 1053 1513 c

228 1510 342 1542 etilical,
360 1515 386 1537 et
402 1510 531 1543 vivificat,
547 1515 575 1538 et
590 1510 710 1537 cmlestis
726 1510 794 1537 lucis
816 1510 961 1544 participes
979 1509 1018 1536 fa-

232 1556 288 1587 cit;
313 1555 358 1590 qui
382 1556 549 1590 singulorum
577 1556 603 1582 in
622 1555 764 1583 concordia
789 1556 1016 1589 perseverantiam

229 1601 364 1632 custodit;
383 1601 427 1635 qui
455 1602 594 1635 prophetis
611 1605 638 1628 et
663 1600 792 1635 apostolis
816 1600 968 1635 inspiravit,
993 1604 1019 1627 et

231 1646 407 1681 martyribus,
436 1651 463 1672 ut
488 1646 636 1681 tyrannica:
669 1646 821 1673 crudelitati
850 1646 1016 1678 resisterent,

229 1692 283 1719 vim
301 1692 390 1724 dedit;
412 1692 457 1727 qui
482 1697 604 1724 renovat,
628 1697 656 1719 et
678 1692 774 1719 liberat
789 1696 818 1719 ut
835 1691 974 1724 Dominus,
992 1696 1020 1718 et

230 1738 301 1765 ﬁlios
317 1738 362 1765 Dei
377 1745 426 1765 nos
449 1738 514 1765 facit
528 1745 556 1765 ut
578 1738 696 1772 Spiritus
716 1738 883 1772 adoptionis;
902 1737 947 1772 qui
963 1738 1018 1764 dte-

231 1792 340 1811 monutn
355 1784 427 1812 acies
441 1792 489 1818 per
514 1784 749 1817 illuminatiouem,
780 1783 806 1810 id
835 1788 876 1810 est
901 1791 948 1818 per
971 1784 1018 1811 ba~

232 1831 347 1865 ptisma,
375 1831 490 1864 repellit,
519 1835 547 1856 et
569 1831 768 1862 adversarium,
792 1837 839 1857 seu
870 1829 1015 1862 Satanam,

232 1876 377 1911 ignominia
393 1876 488 1908 allicit;
504 1877 548 1909 qtti
566 1876 696 1904 caelorum
711 1881 802 1910 portas
815 1875 892 1903 nobis
902 1881 1016 1908 reserat,

231 1927 258 1948 et
269 1922 301 1948 ad
318 1922 412 1949 salutis
424 1922 524 1948 aditum
539 1921 594 1957 (56)
608 1930 657 1949 nos
669 1922 753 1954 ducit,
767 1927 794 1949 et
806 1921 935 1956 angelica
951 1928 1018 1948 catt-

232 1967 402 2001 versationis,
425 1968 630 2003 bymnodiaeque
652 1968 797 2002 participes
821 1967 900 2001 facit;
916 1966 961 2002 qui
976 1975 1018 1994 se-

233 2013 297 2039 mita
315 2013 392 2040 ttobis
419 2013 458 2046 tit,
477 2013 509 2039 ad
539 2013 624 2047 ipsum
648 2013 784 2040 cmlestem
810 2011 892 2040 Deum
918 2019 950 2039 ac
966 2012 1017 2038 Pa-

233 2065 300 2085 trem
316 2059 467 2091 deducens;
490 2058 536 2093 qui
553 2058 726 2085 serenissimo
742 2058 860 2085 adventu
876 2065 925 2085 suo
941 2058 1017 2085 nobis

233 2111 293 2130 sese
318 2103 453 2130 liberrime
486 2108 513 2130 et
545 2103 773 2131 excellentissime
800 2102 1011 2135 manifestavit;

234 2149 278 2183 qui
293 2155 334 2177 est
351 2148 429 2184 115
447 2149 570 2181 fecunda,
587 2154 614 2177 et
627 2149 745 2182 inﬁnita,
761 2154 788 2175 et
800 2150 932 2176 servatrix
953 2149 1015 2181 vis;
1035 2161 1057 2188 ο

234 2195 426 2230 magnitudine,
455 2202 500 2222 seu
529 2194 696 2222 ditnensione
722 2194 818 2228 quavis
846 2201 962 2226 carens,
989 2199 1016 2221 ct

270 2281 326 2342 l{323)
344 2280 437 2308 Fonte.
449 2281 494 2308 Est
504 2281 573 2307 enim
589 2281 678 2311 Pater.
692 2286 721 2307 ut
736 2281 880 2315 loquuntur
892 2281 1019 2316 theologi,

279 2325 327 2342 ous
345 2317 427 2342 totius
447 2316 605 2342 divinitatis.
630 2326 638 2342 ι
661 2315 732 2342 Cave
752 2321 840 2342 autem
861 2321 938 2342 outes
951 2336 959 2342 .
979 2316 1019 2342 his

241 2326 251 2342 ς
270 2315 327 2343 fons
345 2317 427 2342 totius
447 2316 605 2342 divinitatis.
630 2326 638 2342 ι
661 2315 732 2342 Cave
752 2321 840 2342 autem
861 2321 938 2350 putes
951 2336 959 2347 ,
979 2316 1021 2343 his

239 2351 418 2377 lnt'llliOIIllltlS
445 2351 642 2382 processinnem
661 2351 777 2385 Spiritus
797 2349 884 2378 sancti
898 2358 912 2377 a
928 2349 1019 2383 Patre,

239 2386 360 2420 Filioque
374 2386 474 2418 negari.
490 2386 545 2418 Qua
559 2387 591 2412 de
605 2394 632 2412 rc
648 2386 715 2412 alias
729 2394 881 2413 sermonem
895 2385 975 2413 habui
991 2385 1020 2413 ilt

238 2420 405 2455 Epistolqnd
421 2420 572 2446 Art/timum
587 2421 736 2454 praesulem.

272 2456 327 2488 (34)
352 2453 444 2481 Verbo.
467 2455 536 2481 I'sal.
553 2453 639 2487 xxrxn,
655 2463 725 2483 rcrs.
749 2456 775 2483 ϐ.

274 2491 330 2525 (55)
351 2489 525 2523 Sancti/irati.
550 2491 615 2517 Cum
636 2491 694 2516 inec
720 2491 753 2518 ab
770 2498 802 2517 eo
826 2490 925 2517 dictata
954 2495 1018 2521 smt,

239 2526 283 2559 qui
300 2526 334 2551 ob
348 2525 546 2559 Origettismum
560 2525 628 2552 male
641 2526 724 2557 audit,
740 2525 806 2552 nihil
821 2525 926 2552 facilius
938 2532 1017 2559 quam

238 2566 267 2587 ut
293 2560 355 2587 illnc
384 2563 417 2586 ab
440 2560 529 2594 aliquo
551 2560 702 2587 trahantur.
727 2560 793 2588 Vide
818 2568 876 2594 quae
898 2561 1021 2593 superius

238 2603 299 2629 pag.
320 2595 366 2628 87,
381 2595 516 2621 adnotavi.
530 2594 599 2628 Quid
618 2600 706 2621 tamen
724 2599 797 2621 vetat
816 2595 960 2628 quominus
978 2594 1021 2621 Di-

238 2631 346 2664 dymutn
382 2629 567 2656 existimemus
595 2629 724 2656 caelorum
753 2631 862 2657 nomine
894 2630 1021 2663 angelos,

239 2665 425 2698 cmlorttntque
453 2665 575 2694 virtutes.
596 2672 643 2690 seu
665 2670 821 2698 potestates.
840 2670 885 2691 aut
913 2664 1021 2691 fortitu—

239 2701 314 2726 dines
328 2699 373 2726 hic
391 2699 549 2733 intelligere,
568 2699 681 2731 ideoque
698 2699 861 2733 Origeniauo
876 2707 956 2726 sensu
970 2707 1022 2725 non

240 2734 333 2768 loqui?
351 2734 528 2769 Hieronymus
548 2740 612 2769 sane
636 2733 662 2769 in
689 2733 808 2763 Epistula
828 2735 862 2760 ad
887 2734 1023 2768 Algasium

242 2767 314 2794 nnin.
332 2769 375 2801 Ιθ,
395 2778 404 2794 ι
422 2767 515 2795 Militia
535 2767 607 2800 cmli,
624 2778 633 2794 I
650 2768 745 2803 inquit,
764 2778 772 2793 ι
793 2777 844 2795 non
863 2767 965 2795 tantum
984 2768 1023 2795 sol

242 2803 399 2838 ut-pt‘llalur,
414 2808 442 2830 et
456 2803 530 2834 luna,
544 2807 570 2829 ct
583 2809 655 2830 astra
672 2803 820 2839 rutilantia,
833 2804 879 2830 sed
896 2810 923 2831 et
935 2804 1023 2830 ontnis

1067 871 1112 897 τὸν
1128 871 1259 906 μονογενῆ
1280 871 1355 903 Υἰδν,
1376 871 1410 897 δι’
1425 869 1456 898 οὗ
1478 872 1525 898 καὶ
1540 871 1604 906 παρ’
1621 868 1653 897 οὗ
1671 871 1844 905 ἐκτίσθησαν·

1067 915 1179 950 Πνεῦμα
1192 915 1221 942 δὲ
1248 915 1279 941 τὸ
1295 915 1475 942 ὲνυπόστατον
1492 916 1569 949 ἅγιον
1585 915 1700 951 Πνεῦμα
1714 915 1761 942 τοῦ
1775 914 1846 946 Θεοῦ,

1069 961 1132 995 παρ’
1158 957 1185 987 ali
1214 960 1392 995 ἁγιασθέντες
1419 960 1675 997 ὲνεδυναμὼθησαν.
1701 961 1772 988 Αὐτὸ
1799 961 1847 995 γάρ

1070 1007 1144 1032 ἐστιν
1174 1006 1204 1032 τὸ
1232 1006 1320 1032 θεῖκὺν
1345 1004 1447 1041 ὕνομα,
1475 1006 1506 1033 τὸ
1533 1006 1781 1042 παντοκρατορικδν
1805 1005 1847 1032 καὶ

1070 1051 1203 1087 ὑπερέχον
1226 1052 1350 1086 ἀξίωμα,
1375 1051 1405 1078 τὸ
1428 1052 1476 1078 σὺν
1496 1052 1582 1087 Πατρὶ
1602 1052 1651 1079 καὶ
1677 1052 1733 1087 Υἱῷ
1753 1061 1847 1087 μνημο-

1069 1097 1214 1133 νευόμενον
1236 1098 1283 1124 καὶ
1308 1097 1547 1132 συνδοξαζόμενον·
1569 1097 1598 1124 τὸ
1620 1097 1788 1132 ἀγιαστικὸν,
1805 1097 1848 1122 καὶ

1070 1143 1217 1174 ζωοποιδν,
1245 1143 1292 1169 καὶ
1326 1142 1414 1176 φωτὸς
1442 1143 1569 1178 οὐρανίου
1604 1143 1798 1178 μεταδοτικόν·
1821 1142 1848 1168 τὸ

1070 1188 1253 1224 φρουρητικὺν
1279 1188 1401 1215 ἑκάστων
1426 1189 1475 1224 τῆς
1490 1189 1519 1215 ὲν
1542 1189 1688 1224 ταυτότητι
1708 1188 1846 1223 διαμονῆ;’

1068 1234 1097 1260 τὸ
1121 1234 1274 1270 προφήταις
1297 1235 1344 1260 καὶ
1370 1234 1527 1265 ἀποστόλοις
1552 1235 1700 1270 ὲνηχῆσαν,
1719 1234 1765 1261 καὶ
1783 1234 1848 1268 μὰρ-

1069 1288 1154 1315 τυρας
1179 1281 1336 1315 ἀντιστῆναι
1362 1282 1510 1316 τυραννικῇ
1535 1280 1660 1316 ὠμότητι
1692 1280 1845 1315 ὲνισχύσαν·

1070 1326 1099 1352 τὸ
1114 1325 1288 1357 ἅνακαινίζον
1305 1325 1350 1352 καὶ
1367 1325 1526 1361 ἐλευθεροῦν
1539 1326 1576 1357 ὡς
1595 1326 1709 1362 Κύριος,
1722 1326 1767 1353 καὶ
1782 1325 1848 1356 υἱοὺς

1069 1371 1139 1397 Θεοῦ
1159 1372 1233 1406 ἡμᾶς
1266 1371 1361 1398 ποιοῦν
1385 1372 1423 1402 ὡς
1448 1372 1561 1407 Πνεῦμα
1582 1371 1736 1404 υἱοθεσίας·
1754 1371 1783 1398 τὺ
1803 1371 1849 1398 ἁπ-

1073 1416 1184 1442 ελαῦνον
1205 1417 1242 1452 τῷ
1258 1417 1412 1452 φωτίσματι
1433 1417 1566 1452 δαιμόνων
1578 1417 1671 1453 στίφη,
1692 1417 1738 1445 καὶ
1750 1418 1793 1444 τὸν
1807 1417 1848 1443 ἀν-

1070 1461 1222 1496 τικείμενον
1246 1461 1442 1497 καταισχύνον·
1465 1463 1495 1489 τὸ
1518 1463 1689 1495 ἀναπετάζον
1716 1464 1779 1498 ἡμῖν
1804 1462 1847 1493 τὰς

1069 1507 1190 1541 οὐρανῶν
1208 1506 1305 1538 πύλας,
1329 1507 1376 1533 καὶ
1394 1507 1460 1541 ἄγον
1477 1507 1523 1533 ἐπὶ
1546 1507 1596 1543 τὴν
1617 1507 1720 1535 εἴσοδον
1735 1508 1783 1543 τῆς
1801 1516 1847 1534 σωκ

1069 1551 1180 1586 τηρίας,
1203 1552 1250 1578 καὶ
1273 1552 1323 1586 τῆς
1347 1552 1470 1586 ἀγγέλων
1494 1553 1633 1585 πολιτείας
1657 1555 1704 1581 καὶ
1721 1554 1848 1590 ὑμνῳδίας

1069 1597 1251 1633 ἐργαζόμενον
1277 1598 1438 1630 κοινωνούς·
1456 1599 1485 1626 τὸ
1506 1600 1650 1635 γινόμενον
1674 1601 1739 1636 ἡμῖν
1763 1600 1847 1636 τρίσος

1070 1643 1248 1678 ἀποφέρουσα
1274 1644 1343 1679 πρὸς
1369 1645 1450 1671 αὑτὸν
1469 1646 1515 1672 τὸν
1542 1647 1704 1682 ἐπουράνιον
1721 1646 1783 1673 Θεὸν
1806 1646 1847 1672 καὶ

1070 1689 1179 1724 Πατέρα
1190 1697 1198 1704 ·
1215 1691 1232 1724 ὴ
1251 1689 1422 1722 αὑτεξούσιος
1447 1691 1494 1718 καὶ
1512 1692 1719 1728 ὑπερϐάλλουσα
1742 1692 1847 1727 γαληνο-

1068 1735 1137 1770 τάτη
1156 1735 1352 1770 ἐπιφάνεια-ἠ
1378 1736 1499 1771 γόνιμος,
1521 1738 1569 1764 καὶ
1591 1738 1717 1774 ἄπειρος,
1737 1738 1782 1765 καὶ
1802 1746 1847 1763 σω·

1071 1779 1150 1815 στικὴ
1177 1779 1309 1816 δύναμις·
1329 1782 1346 1816 ἡ
1368 1781 1518 1818 ἀμεγέθης,
1539 1783 1587 1810 καὶ
1609 1784 1783 1819 ἀσύγκριτος,
1806 1782 1847 1808 καὶ

1071 1826 1156 1860 σεπτὴ
1183 1827 1382 1862 ὑπόστασις·ή
1408 1827 1558 1863 ἄχραντος,
1585 1830 1632 1856 καὶ
1659 1829 1847 1866 ἐγκριτος,κιὶ

1071 1872 1208 1905 πάναγνος
1224 1871 1302 1904 δόξαν
1319 1874 1334 1908 ἠ
1361 1872 1421 1899 θεία
1437 1874 1528 1909 χάρις,
1552 1875 1567 1909 ἡ
1592 1874 1623 1901 τὰ
1646 1873 1771 1902 λεὶποντα
1789 1875 1846 1901 ἀνα-

1070 1916 1227 1952 πληροῦσα,
1253 1918 1299 1944 καὶ
1320 1917 1354 1944 τὰ
1373 1918 1473 1954 ἀσθενῆ
1492 1919 1611 1954 ἰωμένη·
1634 1921 1651 1955 ή
1670 1921 1786 1956 span-.0;
1807 1918 1848 1944 καὶ

1070 1962 1155 1994 ἀΐδιος
1170 1962 1322 1998 ὰγαοότης·
1337 1964 1353 1998 ὴ
1370 1964 1445 1999 πηγὴ
1459 1964 1512 1991 τῶν
1527 1965 1710 1992 ἀνεκλείπτων
1727 1964 1847 2000 χαρισμά-

1069 2017 1134 2040 των,
1150 2009 1198 2035 καὶ
1217 2009 1318 2040 παντὸς
1339 2009 1443 2042 ἀγαθοῦ
1462 2010 1509 2037 νοῦ
1529 2011 1656 2046 πρόοδος·
1674 2013 1690 2046 ὴ
1708 2010 1846 2046 μελλόντων

1071 2054 1118 2081 καὶ
1132 2054 1280 2087 ἀγνώστων
1301 2055 1404 2090 ἀληθὴς
1428 2057 1598 2092 φανέρωσις·
1620 2057 1637 2092 ἡ
1661 2057 1703 2093 [5|
1719 2056 1744 2092 b]
1768 2055 1846 2089 σωτή-

1071 2110 1128 2137 ριος
1149 2102 1276 2137 σφραγὶς,
1294 2103 1341 2128 καὶ
1356 2103 1386 2129 τὺ
1404 2103 1475 2129 θεῖον
1493 2103 1610 2138 χρίσμα·
1626 2104 1641 2129 ὁ
1663 2101 1787 2139 ἀρραϐὼν
1799 2100 1846 2127 τῶν

1071 2147 1162 2174 ἀϊδίων
1188 2147 1311 2181 ἀγαθῶν·
1333 2149 1398 2184 παρ’
1416 2145 1446 2175 οὗ
1472 2148 1545 2175 πᾶσα
1571 2149 1677 2182 κτίσις,
1702 2147 1783 2184 ὁρατὴ
1805 2145 1846 2173 καὶ

1072 2193 1197 2230 ἀόρατος,
1214 2194 1310 2230 λογικὴ
1324 2196 1371 2222 καὶ
1387 2195 1424 2231 μὴ
1439 2196 1545 2232 λογικὴ,
1560 2196 1754 2232 ὲνδυναμοῦται
1765 2203 1771 2209 ·
1788 2192 1845 2227 παρ’

1076 2281 1196 2318 angelica
1221 2283 1373 2318 multitudo,
1399 2291 1547 2318 eorumque
1569 2285 1713 2315 exercitus,
1734 2283 1777 2318 qui
1798 2281 1846 2318 lle-

1076 2316 1167 2343 braice
1185 2317 1335 2352 appellatur
1359 2316 1538 2349 Sabaotltfid
1559 2325 1615 2352 est,
1636 2316 1772 2348 virtutum,
1796 2316 1847 2352 sive

1074 2351 1255 2388 exercitum".
1269 2361 1278 2378 ›
1293 2351 1409 2380 Hilarius
1424 2361 1488 2379 vero
1503 2355 1534 2379 ad
1548 2361 1578 2380 ca
1594 2354 1661 2388 psal.
1672 2359 1744 2381 vatt
1761 2351 1844 2388 verba.

1075 2394 1085 2411 ι
1101 2385 1167 2423 Qtnli
1181 2387 1385 2423 distillaveruut,
1396 2397 1405 2413 ι
1419 2388 1458 2415 sic
1471 2384 1600 2422 loquitur.
1613 2397 1671 2423 pag.
1685 2388 1736 2415 220
1750 2392 1810 2414 tom.
1821 2384 1845 2410 l:

1078 2430 1087 2446 ι
1105 2420 1133 2448 Si
1145 2422 1220 2458 enim
1242 2421 1283 2449 lex
1305 2423 1434 2457 disposita
1451 2428 1492 2449 est
1508 2420 1556 2456 per
1569 2420 1690 2457 angelos,
1708 2427 1846 2458 panemque

1072 2456 1228 2493 angelorum
1255 2456 1426 2493 manducavit
1450 2458 1538 2490 homo,
1563 2456 1680 2493 caelique
1696 2456 1844 2493 stillasseuin

1074 2490 1138 2527 Sina
1158 2492 1322 2520 scribuntur.
1340 2492 1459 2527 profecto
1480 2489 1658 2520 tttittisteriuftt
1675 2494 1723 2520 hoc
1738 2500 1752 2518 a
1765 2489 1843 2517 caelis.

1074 2525 1100 2561 id
1119 2532 1171 2559 est,
1186 2527 1221 2554 ab
1241 2525 1346 2561 angelis
1361 2527 1496 2560 expletum
1511 2535 1570 2554 esse
1583 2536 1634 2554 non
1650 2528 1756 2555 dubium
1772 2530 1818 2561 est.
1834 2532 1843 2561 ξ

1074 2559 1143 2598 Quid
1171 2559 1499 2598 pltg‘a‘!VDidymusjpse
1521 2563 1592 2598 hunc
1614 2563 1737 2598 eumdem
1759 2559 1844 2594 psalmi

1077 2595 1302 2632 locum'aﬂ‘erens
1317 2595 1401 2632 se‘gm.
1425 2596 1458 2624 78
1479 2598 1504 2630 b,
1530 2607 1539 2622 α
1557 2596 1674 2624 Virtutes
1689 2596 1812 2632 malorum
1835 2600 1842 2615 ι

1075 2630 1113 2656 nil
1133 2639 1194 2658 esse
1213 2639 1266 2659 non
1290 2630 1369 2658 modo
1389 2632 1519 2659 cmlorutn
1538 2641 1548 2658 ι
1567 2633 1738 2663 substantias,
1761 2639 1770 2655 ι
1793 2630 1845 2654 sive

1072 2664 1098 2691 id
1115 2674 1169 2697 qtlo
1187 2675 1196 2691 ί
1215 2667 1426 2698 constitunnltlr,
1443 2676 1452 2693 ι
1469 2675 1561 2694 verum
1577 2668 1657 2694 etiam
1674 2676 1683 2692 ι
1703 2663 1841 2700 angelos.)

1108 2700 1164 2735 (56)
1185 2700 1288 2728 Saluti:
1303 2696 1542 2729 aditum-Locutio
1556 2702 1702 2733 translata;
1717 2696 1844 2736 e'tetnltlis

1074 2736 1191 2771 sellicrt,
1217 2741 1245 2762 ut
1271 2737 1376 2770 opinor,
1402 2737 1494 2767 ducta.
1515 2745 1630 2770 quotutn
1652 2736 1845 2771 pars_antertor

1074 2770 1188 2803 εἴσοδος,
1205 2771 1261 2807 sive
1277 2769 1295 2796 ί
1309 2772 1396 2799 aditus
1416 2780 1424 2797 ι
1443 2769 1552 2805 dicitur,
1570 2777 1615 2799 aut
1629 2769 1788 2807 προπύλαια,
1804 2770 1845 2793 seu

1077 2813 1084 2830 t
1108 2806 1276 2833 vestibulum.
1296 2816 1305 2832 ι
