1917 3064
229 102 282 133 459

231 205 299 232 ritus
313 203 359 232 Dei
375 214 384 230 ι
405 203 447 231 vel
466 203 532 236 sola,
559 203 698 238 multoque
723 205 808 239 magis
827 212 888 232 cum
909 205 1015 232 addita-

231 255 322 278 tnento
337 257 430 277 vocum
449 258 459 275 ι
475 256 562 283 meus,
578 259 588 276 ι
609 254 637 277 et
657 259 667 275 ι
685 254 745 277 tuus
763 249 830 286 (67),
847 260 856 276 ι
875 251 1016 286 perspicue

231 296 374 331 signiﬁcat,
392 295 478 330 ipsum
492 299 519 322 et
532 295 683 323 increatum
699 303 770 328 esse,
785 300 812 323 et
825 296 917 329 Deum,
931 303 1017 331 neque

233 342 283 369 hoc
307 341 353 368 Dei
377 348 476 368 nomen
518 341 663 369 ascititium
686 342 797 376 habere,
821 342 868 370 sed
888 343 949 370 ideo
967 343 1016 370 ha-

231 386 310 417 bere.
336 387 407 420 quod
432 393 464 414 ex
488 391 585 414 natura
609 386 645 414 sit
665 387 703 420 id,
727 387 799 422 quod
821 392 930 415 vocatus
954 387 1015 415 fuit.

231 432 306 465 Quod
320 436 410 459 autem
423 432 552 466 scriptum
563 436 616 465 est,
625 432 713 467 ipsum
728 440 789 461 esse
802 442 811 458 ι
823 433 954 468 Spiritum
968 432 1016 461 Fi-

230 477 258 504 lii
273 477 341 512 (68),
359 487 369 504 ι
380 477 499 505 ostendit
513 478 651 510 similiter,
670 478 750 514 119
762 486 930 507 communem
956 486 1017 507 esse

231 523 343 558 Spiritui
378 528 406 550 et
429 522 498 550 Filio
519 527 654 556 naturam,
680 528 709 551 ut
733 524 838 560 opinari
862 532 916 552 non
939 524 1017 552 liceat

230 569 291 596 Filii
310 573 462 596 creaturam
476 576 538 596 esse
554 569 684 604 Spiritum
700 578 707 596 :
723 571 857 604 quomodo
871 570 942 597 enim
954 578 1017 604 pro-

231 615 289 649 prio
311 614 394 646 Patri,
415 615 491 648 quasi
515 621 576 641 eum
601 620 679 642 antea
703 622 736 642 ex
761 622 791 642 se
809 617 868 650 Ipso
891 623 944 642 non
968 615 1017 642 ha-

232 659 320 691 benti,
333 659 487 686 condidisse
502 659 553 686 dici
569 664 657 694 potest
672 659 756 687 Filius
770 660 855 691 illum.
867 661 912 695 qui
924 665 951 688 et
964 665 1016 693 est,

231 710 255 732 et
273 705 359 732 dictus
377 703 426 731 fuit
441 704 467 731 in
484 703 630 739 Scriptnris
648 705 763 740 Spiritus
782 705 849 732 Dei?
861 705 888 732 ld
908 706 1017 740 quidem

234 757 286 776 non
303 749 382 776 modo
399 748 584 783 blasphemum
604 753 655 782 est,
672 750 718 777 sed
734 750 816 777 etiam
833 751 955 777 Stultum.
973 750 1016 777 ln-

233 795 369 830 telligatur
391 800 479 822 autem
505 804 514 821 ι
530 795 648 830 Spiritus
665 794 776 827 Christi.
795 805 804 822 ι
827 796 853 823 id
869 801 912 823 est
931 796 1017 823 virtus

860 99 980 127 DIDYMI
1000 98 1232 128 ALEXANDle

230 160 368 189 stimoniis
380 160 436 188 inec
452 159 602 188 considera.
615 159 746 187 Nimirum
758 161 922 195 nuncupatio
935 170 944 187 ι
958 161 1015 195 Spi-

1072 161 1133 187 στόν
1159 161 1217 187 ἐστι
1231 179 1238 190 ,

1792 99 1839 127 ιοο

1275 160 1320 186 καὶ
1342 158 1407 190 Θεὸς
1431 158 1547 193 τοῦνομα
1571 157 1629 193 ἔχον
1650 157 1699 184 οὒκ
1721 158 1837 189 ἐπακτὸν,

1066 207 1122 234 ἀλλ’
1140 206 1195 233 ἀπὸ
1209 205 1256 232 τοῦ
1274 203 1343 231 εἷναι
1364 204 1452 231 ἐκεῖνο
1469 204 1602 238 φυσικῶς,
1616 203 1695 229 τοῦτο
1715 203 1780 239 ὅπερ
1797 204 1838 230 καὶ

1066 252 1296 287 προσηγόρευται.
1310 251 1365 276 Καὶ
1377 250 1408 276 τὸ
1418 249 1572 285 γεγράφθαι
1582 249 1609 275 δὲ
1625 248 1699 281 αὐτὸ,
1715 258 1723 274 ι
1737 248 1839 283 Πνεῦμα

1066 297 1112 324 τοῦ
1128 297 1204 328 Υἱοῦ,
1233 306 1241 322 ι
1259 296 1360 332 ὁμοίως
1382 295 1431 330 τὴν
1451 294 1520 330 πρὸς
1536 294 1616 320 αὑτὸν
1637 294 1775 320 κοινωνίαν
1795 294 1839 328 τῆς

1067 342 1175 377 φύσεως
1192 341 1321 377 ἐδήλωσε,
1338 340 1385 367 καὶ
1410 339 1481 366 ὥστε
1498 339 1535 374 μὴ
1557 338 1658 373 κτίσμα
1673 338 1753 365 αὑτοῦ
1766 347 1840 373 νομι-

1069 387 1176 422 σθῆναι.
1199 387 1261 418 Πῶς
1281 386 1336 422 γὰρ
1351 385 1384 412 ἂν
1401 385 1440 420 τῷ
1457 384 1512 420 ἰδίῳ
1533 384 1629 419 Πατρὶ.
1644 384 1681 415 ὡς
1697 385 1745 410 οὐκ
1761 383 1840 418 ἔχοντι

1067 433 1120 469 πρὸ
1145 432 1241 459 τούτου
1266 432 1296 464 ἐξ
1321 430 1428 462 ἑαυτοῦ,
1446 430 1553 457 ἔκτισεν
1571 431 1585 456 ὁ
1599 430 1663 461 Υἱὸς
1684 429 1756 456 τοῦθ’
1779 429 1840 463 ὅπερ

1066 477 1124 504 ἐστι
1140 486 1169 504 τε
1184 477 1229 504 καὶ
1241 477 1398 512 γέγραπται
1410 474 1524 510 Πνεῦμα
1538 474 1605 501 Θεοῦ
1613 483 1620 507 ;
1629 474 1717 510 Ὅπερ
1729 474 1758 501 οὐ
1770 474 1842 508 βλασ-

1067 522 1157 557 φημον
1180 522 1238 548 ἐστι
1256 521 1346 556 μόνον,
1360 519 1427 546 ἀλλὰ
1452 519 1500 546 καὶ
1513 519 1627 554 ¹ἠλίθιον.
1644 519 1761 554 Νοηθειη
1774 519 1800 545 δὲ
1813 519 1842 545 ἂν

1069 577 1078 593 ι
1097 566 1208 603 Πνεῦμα
1225 566 1355 602 Χριστοῦ,
1372 575 1382 592 ι
1411 565 1482 592 τοῦτ’
1500 565 1557 591 ἐστι
1584 564 1698 600 δύναμις
1720 564 1841 599 Χριστοῦ,

1066 614 1095 640 ὃν
1112 613 1212 648 τρόπον
1225 612 1334 648 εἴρηται
1345 620 1352 627 ·
1370 611 1486 647 Χριστὸν
1503 610 1571 637 Θεοῦ
1585 610 1709 646 δύναμιν,
1723 611 1768 636 καὶ
1781 610 1841 636 Θεοῦ

1068 659 1172 693 σοφίαν.
1201 658 1310 693 Ἐπειδὴ
1323 657 1378 693 γὰρ
1393 658 1424 683 ὲκ
1439 656 1485 683 τοῦ
1500 657 1558 688 ἐνὸς
1575 656 1680 691 Πατρὸς
1697 656 1784 690 φύσει.
1800 656 1842 682 καὶ

1066 705 1096 731 οὑ
1112 704 1294 739 δημιουργικῇ
1306 702 1583 738 ὲνεργείᾳ,προῆλθον
1598 703 1626 729 al
1640 701 1772 737 μακάριαι
1787 701 1843 727 ὐπο-

1068 748 1176 779 στάσεις
1200 744 1299 780 αὗται,
1317 748 1356 779 εἰς
1373 747 1418 774 τὸν
1442 747 1521 773 αὐτὸν
1542 747 1589 773 ἕνα
1613 746 1766 780 ἀνάγονται.
1791 746 1845 771 Ἵνα

1068 794 1124 829 γὰρ
1142 793 1179 828 μή
1199 801 1241 824 τις
1263 792 1420 827 ὑποπτεύσῃ
1436 793 1522 827 ἀρχὴν
1542 792 1624 818 αὑτοῦ
1639 790 1708 818 εἶναι
1722 792 1738 826 ἢ
1755 792 1843 827 πέρας,

231 841 342 872 Christi,
371 847 404 868 eo
423 841 502 868 modo
523 848 576 875 quo
602 840 702 868 dictum
721 845 786 869 est:
802 841 940 869 Christum
961 842 1015 878 (69)

1068 839 1125 866 ἀλλ’
1143 838 1197 865 ἀπὸ
1214 839 1263 873 τῆς
1294 838 1364 865 κατὰ
1389 837 1438 872 τὴν
1461 837 1541 872 φύσιν
1562 837 1644 863 αὐτοῦ
1668 837 1779 873 προόδου
1794 831 1845 862 Ὶπι-

231 886 279 913 Dei
291 886 427 916 virtutem.
444 891 470 914 et
483 886 530 913 Dei
551 887 724 921 sapientiam.
750 887 880 920 Quoniam
896 888 966 915 enim
983 895 1015 915 ex

231 939 286 959 uno
308 931 389 959 Patre
415 937 524 965 natura,
551 940 604 959 non
630 940 694 960 vero
711 933 841 960 creatrice
861 933 1017 968 operatione

232 983 422 1012 processerunt
450 979 536 1006 beate
562 978 620 1007 istae
646 979 816 1015 hypostases,
838 980 870 1006 ad
893 980 1016 1007 eumdem

232 1031 314 1050 unum
340 1023 509 1050 referuntur.
534 1024 639 1051 Etenim
655 1030 688 1051 ne
711 1024 868 1058 suspiceris,
895 1024 945 1059 ipsi
967 1025 1019 1051 ini-

233 1069 297 1095 tium
312 1077 382 1102 esse,
399 1073 446 1096 aut
460 1070 556 1102 linem,
571 1069 618 1097 sed
634 1076 695 1096 eum
709 1076 772 1097 vere
785 1070 880 1096 credas
891 1070 926 1097 ob
943 1077 1017 1097 suam

232 1114 431 1148 processionem
460 1114 607 1141 secundum
638 1119 783 1146 naturam.
814 1114 943 1149 Spiritum
972 1115 1017 1142 Dei

232 1166 303 1190 esse,
323 1159 356 1186 ab
373 1164 474 1186 aeterno
488 1159 632 1193 spiratum,
653 1167 707 1187 non
730 1167 797 1187 vero
815 1159 928 1193 factum,
942 1161 1018 1196 quasi

234 1212 302 1230 unus
326 1203 395 1231 foret
416 1211 447 1232 ex
469 1204 530 1231 aliis
552 1204 606 1231 Deo
620 1204 810 1232 famulantibus
824 1205 973 1240 spiritibus,
992 1206 1018 1233 in

235 1248 381 1282 Evangelia
397 1248 544 1275 secundum
561 1247 689 1275 Joannem
703 1249 760 1276 lucc
776 1248 904 1276 Dominus
920 1249 1017 1277 docet:

236 1302 245 1319 ι
261 1293 380 1328 Spiritus
394 1293 451 1327 ('10)
477 1293 598 1320 veritatis
611 1313 619 1326 .
647 1294 691 1328 qui
722 1302 737 1321 a
758 1294 839 1322 Patre
860 1296 990 1330 procedit.
1007 1306 1016 1322 ι

233 1338 290 1366 Νοιι
306 1339 345 1366 ait
361 1344 463 1372 autem,
478 1344 605 1373 creatur;
624 1340 713 1367 omnis
729 1340 801 1368 enim
834 1342 972 1377 generatio
992 1347 1020 1369 et

233 1385 371 1419 processio
390 1385 417 1412 in
442 1384 475 1412 iis
492 1384 536 1420 qui
552 1385 666 1420 aequales
693 1390 720 1413 et
734 1386 836 1414 similes
858 1387 921 1418 sint.
937 1387 1018 1422 perii-

233 1430 321 1462 citur,
346 1429 463 1457 maxime
485 1434 574 1457 autem
603 1434 631 1457 et
650 1432 830 1465 praestantiori
861 1433 940 1459 modo
973 1440 1020 1467 ge-

233 1476 338 1503 neratio
369 1484 401 1504 ac
424 1475 562 1511 processio
596 1483 656 1511 quae
678 1482 719 1504 est
739 1479 772 1505 ab
794 1486 847 1505 lan
865 1478 946 1506 Patre
977 1483 1018 1506 est

234 1522 381 1549 secundum
407 1522 538 1549 unitatem
559 1521 667 1549 deitatis
695 1523 780 1557 ipsius
802 1523 902 1551 Patris.
928 1524 966 1551 Ac
991 1525 1017 1552 in

235 1567 367 1594 creaturis
387 1567 495 1602 quidem
513 1572 634 1603 tempore
654 1569 780 1602 praecedit
795 1573 978 1604 prototypus,‘
991 1573 1019 1597 at

234 1617 300 1638 vero
315 1611 341 1638 in
357 1611 413 1638 Deo
429 1618 481 1638 non
495 1611 531 1638 ita
551 1617 580 1638 se
595 1617 637 1638 res
657 1611 756 1645 habet;
773 1612 819 1639 sed
842 1620 963 1647 personae
979 1613 1019 1640 sic

235 1657 396 1688 subsistunt,
408 1660 438 1684 ut
453 1656 533 1684 simul
545 1657 706 1689 subsistant,
723 1662 750 1685 et
768 1658 803 1684 ita
816 1659 975 1693 procedunt.
990 1664 1019 1686 ut

234 1700 313 1728 simul
331 1702 485 1735 procedant.
502 1701 616 1730 Domino
637 1706 728 1730 autetn
743 1703 889 1731 concinens
900 1703 1018 1731 Joannes

235 1753 341 1781 quoque
355 1751 475 1775 sanctum
491 1747 621 1783 Spiritum
637 1747 711 1775 Patri
724 1749 782 1776 sine
795 1748 846 1776 ulla
859 1749 1016 1782 discrepan-

236 1793 272 1819 tia
286 1792 426 1826 aaqualem,
441 1798 478 1824 et.
495 1797 524 1821 ut
538 1793 575 1820 ita
589 1793 688 1826 dicam,
710 1798 795 1821 totum
818 1794 1018 1823 incircumscri-

234 1842 308 1873 ptum
320 1838 403 1866 Deum
414 1839 520 1866 Patrem
533 1839 802 1874 compreltendentem
814 1840 979 1874 praedicavit,
991 1846 1019 1868 et

211 1910 214 1913 ,
234 1884 262 1910 in
279 1884 401 1911 lidelibus
414 1884 526 1912 inveniri
542 1884 669 1918 ostendit,
686 1892 746 1911 cum
759 1884 814 1912 ait:
833 1894 842 1910 ι
858 1885 883 1911 In
899 1885 949 1912 hoc
962 1885 1017 1921 (7i)

233 1927 306 1955 enim
336 1928 437 1956 scimus
459 1929 530 1964 quod
554 1929 580 1957 in
599 1929 656 1962 ipso
682 1936 832 1962 manemus,
851 1935 877 1957 et
904 1930 961 1965 ipse
990 1931 1016 1958 in

272 2038 325 2072 (67)
343 2038 429 2070 Meus.
444 2044 467 2066 et
485 2043 554 2066 tum.
582 2039 676 2066 Simile
692 2044 893 2073 argumentum,
907 2041 1015 2067 ductum

234 2073 338 2109 scilicet
351 2081 474 2109 esrvorce,
490 2083 499 2099 ι
515 2082 601 2109 meus.
617 2083 625 2099 ι
640 2073 698 2109 lege
708 2075 777 2108 apud
791 2074 933 2108 Hilarium,
949 2079 1014 2102 lout.

235 2106 266 2139 ιι,
278 2115 338 2141 pag.
351 2107 413 2138 H8.
426 2108 485 2138 H9.
499 2108 559 2135 167.

572 2143 766 2182 Ctt_m_Spiri_tt_ts
774 2145 930 2182 _sanctns__in
944 2143 1018 2182 Sc_r_i-

236 2168 323 2210 pttiris'
338 2168 438 2204 dicitur
451 2168 465 2202 ι
473 2168 588 2211 Spiritus
599 2168 684 2209 "Filii:
692 2168 707 2202 ἶ
1034 2168 1056 2195 Ῑ)

235 2213 340 2246 dymus,
358 2216 386 2238 ut
402 2211 528 2245 Spiritum
558 2213 643 2246 ipsum
666 2212 734 2239 Filio
761 2211 1014 2240 consubstantialem

235 2254 294 2273 esse
314 2246 455 2281 signiﬁcet.
483 2246 581 2273 Eodem
599 2247 676 2280 plane
700 2246 778 2273 modo
801 2248 976 2274 ratiocinatnr
989 2252 1016 2274 et

236 2281 262 2307 in
278 2280 349 2308 libro
366 2281 403 2307 De
419 2280 519 2314 Spiritu
532 2286 622 2308 sancto
636 2290 645 2313 ;
665 2289 724 2308 nam
742 2289 815 2308 num.
836 2282 881 2314 5i,
897 2291 906 2307 ι
918 2283 1015 2309 Osten-

235 2315 397 2350 dittinquit,
412 2317 474 2350 quia
490 2316 591 2342 unitate
601 2316 754 2349 sitjunctus
769 2317 802 2342 ad
817 2316 913 2343 Filium
926 2326 933 2344 :
945 2317 1015 2344 unde

234 2354 262 2385 et
276 2349 334 2376 Filii
359 2349 445 2376 dictus
463 2354 504 2377 est
528 2350 664 2385 Spiritus;
684 2360 694 2376 ι
721 2358 833 2378 numero
854 2358 942 2379 autem
968 2351 1013 2383 5i,

235 2384 304 2410 idem
324 2389 512 2421 argumentum
532 2384 619 2413 fusius
638 2386 817 2420 persequitur.
840 2385 1013 2421 Postibidy-

236 2425 306 2454 mum
324 2417 507 2454 Thiodoretus
528 2417 643 2454 quoque'
656 2417 798 2454 (praeiereo
821 2420 890 2449 alios
910 2417 1013 2454 Patrés)

239 2453 262 2479 in
279 2452 327 2487 Ep.
338 2453 378 2488 iud
395 2452 472 2488 Rom.
497 2452 556 2488 cap.
571 2452 600 2486 χ,
613 2452 685 2481 num.
703 2455 734 2482 ll
764 2463 771 2480 :
798 2455 956 2488 (Sanctum,
973 2452 1015 2482 in-

235 2488 303 2524 quit.
330 2487 459 2524 Spiritum
479 2494 506 2524 et
522 2487 568 2516 Dei
589 2489 743 2524 appellavit,
761 2494 787 2516 et
803 2488 901 2524 Christi
927 2498 934 2516 :
961 2497 1014 2517 non

234 2522 317 2556 quod,
333 2527 363 2550 ut
381 2522 471 2549 volunt
484 2522 664 2555 haereticifcx
685 2523 739 2551 Deo
759 2531 806 2558 per
820 2523 915 2551 Filium
935 2532 1011 2551 crea-

235 2557 341 2589 tussit;
358 2558 403 2584 sed
420 2558 482 2592 quia
506 2563 547 2586 est
572 2558 691 2592 ejusdem
713 2557 774 2585 cum
797 2558 878 2586 Patre
899 2564 926 2585 et
946 2559 1014 2586 Filio

233 2592 402 2628 substantiae.
417 2591 512 2625 {Quin
533 2591 615 2628 etiam
628 2601 700 2628 "cum
717 2592 749 2628 S.
765 2592 880 2628 Cyl-illus
898 2594 923 2620 in
946 2595 1014 2620 Ana-

234 2626 412 2654 thematismis
439 2636 448 2652 ι
464 2627 600 2661 proprium
626 2627 687 2654 Filii
714 2626 865 2661 Spiriiumr
889 2628 1012 2659 dixisset.

234 2661 335 2688 veritus
351 2661 537 2696 Theodoretus
555 2662 623 2696 ipse,
637 2670 670 2688 ne
686 2662 710 2688 id
721 2670 801 2696 seusu
820 2662 1012 2690 Macedoniano

234 2696 365 2732 prolauim
375 2695 491 2732 fuisset.
508 2696 553 2732 sic
565 2695 704 2732 respondit
717 2705 723 2723 :
738 2695 900 2732 (Proprium
923 2703 1012 2724 autem

234 2728 295 2756 Filii
313 2728 453 2765 Spiritum,
471 2731 493 2757 si
508 2728 619 2765 quidem
633 2737 661 2757 ut
677 2731 796 2763 ejusdem
811 2728 870 2758 cum
885 2739 918 2759 eo
931 2737 1012 2758 natu-

234 2769 286 2801 τε,
295 2768 323 2789 et
348 2771 381 2801 ex
398 2764 488 2801 _l_’atre
506 2764 695 2801 proqadentem
712 2766 779 2793 dixit
802 2766 948 2801 (Cyrillns).
970 2774 1013 2793 se-

235 2796 288 2825 mei
302 2796 542 2828 conﬁtebimur..."
564 2799 593 2828 Si
608 2807 671 2828 vero
687 2796 814 2835 tanquam
829 2796 861 2828 ἐκ
879 2796 955 2833 Filio.
967 2807 1012 2828 aut

1070 884 1172 919 στεύσῃ
1188 883 1297 918 ἀληθῶς
1321 883 1387 909 αὐτὸ
1409 882 1521 917 Πνεῦμα
1536 881 1606 909 εἶναι
1624 882 1672 909 τοῦ
1695 882 1772 914 Θεοῦ,
1788 883 1845 908 ἀνα-

1068 929 1199 956 πνευσθὲν
1222 929 1364 965 ἁνάρχως,
1387 929 1434 955 καὶ
1453 929 1483 956 οὐ
1510 929 1672 964 γενόμενον,
1695 930 1732 962 ὡς
1753 929 1780 955 ἓν
1797 929 1845 956 τῶν

1069 974 1155 1000 ἄλλων
1174 973 1368 1010 λειτουργικῶν
1387 973 1549 1009 πνευμάτων
1560 982 1566 989 ’
1586 974 1721 1000 διδάσκων
1751 973 1802 1009 [55
1815 972 1844 1008 ι]

1070 1021 1085 1046 ἠ
1101 1019 1203 1054 Κύριος
1222 1021 1250 1047 ὲν
1271 1019 1309 1055 τῷ
1331 1020 1402 1046 κατὰ
1428 1019 1554 1055 Ἰωάννην
1573 1020 1742 1055 Εὐαγγελίῳ,
1762 1020 1843 1053 λέγει·

1072 1075 1081 1091 ι
1099 1066 1136 1093 Τὸ
1151 1065 1263 1100 Πνεῦμα
1279 1066 1328 1099 τῆς
1341 1064 1480 1100 ἀληθείας,
1493 1065 1507 1091 ὃ
1525 1065 1599 1101 παρὰ
1619 1065 1666 1092 τοῦ
1688 1065 1791 1101 Πατρὸς
1803 1065 1845 1090 ὲκ-

1069 1109 1223 1145 πορεύεται.
1244 1119 1254 1135 ι
1273 1110 1331 1136 Οὐκ
1344 1107 1404 1136 εἷπε
1428 1109 1468 1140 δὲ,
1497 1110 1626 1142 κτίζεται.
1641 1110 1721 1137 Πᾶσα
1738 1110 1784 1146 μὲν
1797 1109 1848 1144 γὰρ

1069 1156 1194 1191 γέννησις
1225 1155 1273 1182 καὶ
1289 1155 1462 1191 ὲκπόρευσις,
1478 1155 1521 1181 διὰ
1537 1155 1591 1182 τῶν
1609 1156 1676 1184 ῐσων
1693 1156 1739 1182 καὶ
1755 1155 1847 1190 ὁμοίων

1070 1201 1252 1229 ἐπιτελεῖται·
1269 1201 1386 1237 μάλιστα
1398 1202 1426 1228 δὲ
1441 1202 1623 1238 διαφερόντως
1633 1203 1650 1237 ὴ
1667 1201 1721 1228 ἀπὸ
1735 1200 1778 1228 τοῦ
1793 1201 1845 1231 ἑνὸς

1070 1247 1177 1282 Πατρὺς
1195 1247 1255 1274 καθ’
1279 1247 1376 1274 ἕνωσιν
1393 1247 1445 1282 τῆς
1462 1247 1559 1274 ἑαυτοῦ
1580 1247 1708 1283 θεότητός
1725 1248 1780 1274 ἐστι
1792 1246 1846 1279 γέν-

1069 1300 1147 1328 νησις
1170 1292 1219 1319 καὶ
1243 1293 1416 1328 ἐκπόρευσις.
1446 1293 1515 1320 Ἀλλ’
1530 1293 1577 1320 ἐπὶ
1601 1293 1650 1328 μὲν
1663 1293 1719 1320 τῶν
1737 1292 1845 1327 κτισμά-

1070 1346 1123 1364 των
1160 1339 1267 1373 ἡγεῖται
1287 1339 1326 1374 τῷ
1345 1339 1433 1375 χρόνῳ
1451 1339 1465 1366 ό
1485 1339 1679 1375 πρωτότυπος·
1699 1340 1745 1367 ἐπὶ
1761 1339 1787 1365 δὲ
1804 1337 1845 1364 τοῦ

1069 1383 1136 1409 Θεοῦ
1156 1384 1204 1418 οὐχ
1225 1384 1321 1417 οὕτως,
1344 1384 1411 1411 ἀλλὰ
1441 1385 1652 1419 συνυφεατώτως
1674 1387 1720 1412 καὶ
1739 1393 1846 1420 συμπρο-

1075 1429 1251 1463 εληλυθότως.
1276 1430 1399 1465 Συνᾲδων
1417 1430 1446 1457 δὲ
1467 1431 1506 1466 τῷ
1531 1431 1626 1466 Κυρίῳ
1654 1433 1703 1458 καὶ
1731 1432 1846 1465 Ἰωάννης

1071 1475 1185 1510 ἐκήρυξε
1212 1474 1258 1501 τοῦ
1278 1476 1355 1510 ἁγίου
1375 1476 1532 1511 Πνεύματος
1551 1476 1582 1503 τὸ
1603 1477 1673 1512 πρὸς
1691 1478 1735 1504 τὺν
1747 1477 1847 1511 Πατέρα

1071 1521 1126 1546 ἴσον
1151 1521 1197 1547 καὶ
1212 1521 1432 1556 ἀπαράλλακτον,
1451 1522 1524 1554 ὅλον,
1545 1522 1583 1554 ὠς
1601 1523 1635 1549 ἀν
1650 1523 1724 1550 εῐποι
1745 1531 1794 1554 τις,
1807 1522 1845 1548 τέν

1070 1567 1260 1602 ἀπερίγραφον
1277 1567 1342 1594 Θεὸν
1358 1567 1467 1603 Πατέρα
1484 1567 1701 1603 περιλαμϐάνον,
1720 1569 1765 1594 καὶ
1780 1566 1846 1602 παρὰ

1070 1614 1176 1643 πιστοῖς
1190 1612 1385 1648 εὑρισκόμενον
1399 1613 1544 1646 δείκνυσιν,
1564 1613 1648 1640 εἰπών
1658 1623 1665 1629 ·
1684 1624 1692 1640 ι
1715 1614 1758 1640 Ἐν
1769 1613 1847 1647 τούτῳ

1069 1658 1123 1693 γὰρ
1145 1657 1325 1693 γινώσκομεν,
1350 1659 1392 1685 ὃτι
1412 1659 1441 1685 ὲν
1461 1659 1534 1694 αὐτῷ
1558 1659 1687 1695 μένομεν,
1708 1661 1753 1687 καὶ
1774 1658 1846 1689 αὐτὸς

1069 1705 1097 1730 ὲν
1108 1706 1185 1739 ἡμῖν,
1200 1705 1230 1731 ὲκ
1243 1704 1290 1730 τοῦ
1306 1704 1464 1740 Πνεύματος
1475 1705 1569 1737 αὐτοῦ,
1585 1703 1615 1733 οὗ
1627 1706 1728 1734 ἔδωκεν
1742 1708 1818 1742 ἡμῖν·
1835 1715 1842 1730 ι

1069 1749 1098 1775 ὃν
1120 1750 1218 1784 τρόπον
1234 1751 1248 1776 ὁ
1266 1750 1328 1781 Υἱὸς
1344 1748 1419 1777 εἶπεν
1431 1759 1439 1768 ⁸
1462 1761 1472 1777 ι
1495 1751 1524 1778 '0
1544 1744 1676 1787 ἑωρακὼς
1695 1753 1743 1788 ἐμὲ
1766 1752 1844 1788 ἑώρα-

1070 1803 1102 1821 κε
1129 1795 1173 1821 τὸν
1193 1795 1301 1830 Πατέρα
1314 1803 1320 1809 ·
1339 1806 1350 1821 ι
1373 1796 1431 1827 καὶ,
1459 1805 1469 1822 ι
1497 1796 1568 1830 Ἐγὼ
1585 1797 1662 1832 παρὰ
1686 1798 1732 1824 τοῦ
1750 1797 1846 1831 Πατρδς

1068 1840 1190 1875 ἐξῆλθον.
1206 1849 1215 1866 ι
1237 1840 1320 1867 Οὐδὲν
1348 1841 1402 1877 γὰρ
1423 1842 1491 1874 ὅλως
1523 1842 1584 1868 κατ’
1607 1842 1712 1876 οὐσίαν,
1737 1843 1753 1878 ἦ
1783 1842 1845 1869 κατὰ

1068 1886 1174 1921 χρόνον,
1191 1885 1207 1920 ἥ
1225 1885 1303 1918 δόξαν
1326 1885 1421 1921 ὕφεσιν
1438 1887 1509 1922 ἔχον,
1531 1887 1643 1913 δύναται
1657 1887 1707 1924 τὴν
1728 1889 1788 1923 ὃλην
1805 1888 1845 1913 ὲκ-

1069 1930 1172 1965 φαίνειν
1196 1930 1335 1965 ἀλήθειαν,
1358 1930 1374 1966 ἥ
1395 1931 1518 1966 ὁμοειδὲς
1539 1932 1696 1967 τυγχάνειν,
1719 1934 1764 1960 καὶ
1790 1932 1844 1966 iam

1068 2043 1226 2082 per_l"ilinm
1236 2046 1398 2082 erstuntiam
1423 2046 1532 2082 habent.
1554 2046 1605 2073 hoc
1624 2052 1650 2072 ut
1669 2047 1844 2082 blasphemum

1070 2083 1095 2113 et
1115 2078 1225 2113 impium
1241 2079 1406 2113 rejicietnus.
1420 2089 1429 2105 ι
1452 2080 1585 2108 Nimirum
1605 2088 1666 2108 eum
1682 2078 1787 2109 sen'sum
1805 2088 1843 2106 re-

1067 2110 1336 2148 jicitr'l‘hcodorétus,
1357 2121 1436 2148 quem
1459 2114 1566 2142 Biblictn
1589 2115 1626 2142 illi
1640 2115 1765 2143 locutioni
1780 2116 1844 2141 Aun-

1071 2147 1133 2183 ιιιωί
1153 2147 1407 2183 adltibebanttdum
1428 2148 1557 2183 Spiritum
1579 2155 1702 2178 sanctum
1727 2158 1779 2176 te:
1805 2149 1845 2176 Fi-

1070 2181 1116 2213 lio,
1130 2190 1149 2222 ι.
1166 2185 1212 2208 aut
1243 2191 1252 2207 ι
1264 2190 1312 2217 per
1323 2182 1420 2210 Filium
1434 2181 1602 2212 {exstitisse
1629 2185 1783 2220 inquiebaut
1803 2191 1847 2218 per

1067 2221 1240 2243 creationem.

1102 2250 1165 2285 (69)-
1188 2249 1330 2279 Christum.
1360 2251 1371 2279 l
1407 2252 1470 2281 Cor.
1495 2260 1524 2284 ι.
1555 2253 1599 2281 ει.
1626 2254 1690 2282 Vide
1716 2261 1791 2282 notas
1815 2253 1843 2279 ad

1066 2292 1148 2321 segm.
1167 2285 1215 2321 l_7l
1232 2294 1259 2317 α,
1267 2293 1314 2313 seu
1328 2286 1374 2314 lib.
1390 2295 1431 2319 ιιι,
1446 2295 1505 2321 cap.
1520 2288 1546 2314 'l.

1102 2319 1156 2353 (70)
1169 2319 1292 2351 Spiritus.
1306 2321 1383 2349 Joan.
1400 2330 1443 2354 xv.
1462 2319 1507 2349 ΞΒ.

1102 2354 1159 2388 ('ll)
1180 2353 1213 2380 In
1230 2355 1289 2383 hac.
1319 2355 1328 2382 l
1350 2353 1489 2386 Joanam.
1517 2357 1560 2389 24,
1599 2357 1643 2385 ubi
1675 2358 1767 2386 Greca
1792 2357 1839 2384 rdi-

1067 2388 1104 2415 tio
1127 2389 1208 2416 habet
1225 2389 1273 2421 ita.
1291 2395 1318 2417 ut
1336 2389 1466 2425 Vulgatus
1486 2392 1536 2418 int.
1557 2388 1714 2420 transtulit:
1730 2403 1738 2418 ι
1750 2393 1780 2420 Et
1802 2391 1842 2425 qui

1065 2424 1298 2462 seryat_tn:tnd_ata
1314 2425 1380 2459 ejus.
1391 2424 1424 2462 in
1447 2426 1492 2453 illo
1508 2431 1608 2459 manet,
1627 2432 1654 2454 et
1673 2428 1730 2462 ipse
1746 2429 1770 2454 in
1790 2424 1840 2462 eu:

1065 2462 1092 2495 e_t
1112 2458 1137 2485 in
1157 2458 1209 2485 hoc
1223 2458 1468 2495 scituus’quouiam
1487 2465 1577 2488 manet
1599 2462 1625 2488 in
1639 2458 1727 2495 nobis,
1741 2462 1773 2488 de
1787 2461 1842 2494 Spi-

1065 2492 1117 2518 ritu
1145 2500 1224 2527 qnem
1248 2493 1320 2520 dedit
1345 2492 1452 2522 nobis.»
1472 2495 1575 2523 Omitto
1597 2495 1688 2524 Graeca
1712 2492 1843 2524 brevitatis

1065 2534 1157 2569 causa.
1168 2527 1336 2569 Atqueuillud
1351 2531 1440 2569 potius
1460 2531 1655 2569 animadverto,
1673 2532 1742 2569 hunc
1754 2531 1841 2569 ipsum

1066 2566 1167 2600 textum
1179 2596 1184 2600 _
1195 2563 1243 2600 ad”
1254 2563 1317 2600 illud
1351 2563 1422 2600 idem
1463 2565 1627 2598 probandum
1643 2586 1650 2598 ,
1667 2567 1736 2600 quod
1753 2564 1840 2600 hocin

1065 2596 1123 2623 loco
1143 2596 1196 2623 vult
1216 2596 1353 2633 Didymus,
1370 2596 1559 2626 aﬁerri‘etiam
1576 2600 1601 2626 in
1615 2596 1684 2627 libro
1697 2601 1732 2627 De
1744 2598 1839 2632 Spiritu

1065 2635 1167 2668 rigido,
1200 2639 1271 2659 num.
1301 2633 1336 2659 40
1355 2634 1422 2660 :sed
1453 2641 1561 2661 sensum
1591 2635 1680 2668 potius
1707 2635 1840 2666 utrobique

1064 2663 1166 2700 aﬂ'erri.
1181 2673 1261 2700 quam
1278 2667 1370 2695 verba.
1392 2668 1431 2694 lbi
1445 2669 1517 2695 enim
1539 2669 1576 2695 ita
1591 2663 1712 2696 'dictavit
1727 2678 1734 2695 :
1747 2678 1755 2692 ι
1768 2663 1839 2694 Ειίὶιι

1062 2698 1174 2740 Joannis
1190 2698 1329 2740 Epistola:
1349 2701 1397 2728 (In
1415 2703 1468 2730 hoc
1491 2704 1661 2740 cognoscitur
1683 2704 1753 2740 Deus
1770 2701 1840 2740 habi-

1063 2739 1125 2760 tans
1137 2734 1164 2760 in
1175 2743 1186 2760 ι
1202 2735 1373 2769 quihusdam,
1389 2744 1449 2764 cum
1472 2747 1482 2762 ι
1494 2734 1622 2765 manserit
1642 2739 1667 2765 in
1680 2748 1689 2765 ι
1707 2739 1745 2765 eis
1767 2746 1776 2762 ι
1789 2735 1840 2768 Βρί-

1064 2768 1130 2794 ritus
1138 2776 1216 2806 quem
1226 2771 1328 2806 dedit.)
1345 2771 1381 2797 Ex
1393 2771 1489 2806 quibus
1499 2773 1622 2799 omnibus
1632 2771 1840 2800 indissociabilis.

1062 2808 1141 2837 atque
1152 2804 1293 2832 indiscreta
1305 2804 1446 2833 Trinitatis
1459 2807 1608 2835 substantia
1622 2808 1838 2836 demonstratum
