1917 3064
122 121 175 148 661

636 120 679 146 DE
699 119 886 148 TRINlTATE
905 118 1005 146 LIBER
1025 119 1217 147 SECUNDUS.

1695 121 1749 151 ὅ(λὲ

123 173 390 213 ἔχειν’ὲπίγνωσιν·
419 177 482 203 οὔτε
512 176 540 203 δέ
560 185 602 209 τις
627 177 702 212 τύχοι
731 178 764 204 ἂν
799 179 913 213 μετοχῆς

970 177 1058 210 nobis,
1081 185 1113 204 cx
1142 177 1243 211 Spiritu
1270 176 1344 210 eius,
1368 184 1446 211 quem
1475 178 1546 205 dedit
1573 178 1664 212 nobis;
1681 189 1690 205 ι
1715 187 1748 206 eo

123 224 252 259 θεότητος
265 222 381 258 ἀληθοῦς
393 222 438 249 διὰ
452 222 600 259 κτίσματος
614 233 619 238 -
634 223 735 249 δίδοται
750 223 778 250 δὲ
793 223 824 250 τὺ
836 224 912 258 ἅγιον

124 267 254 303 Πνεῦμα,
278 268 310 294 οὐ
328 267 488 303 ητατομῆς
512 269 666 303 μερισμοῖς,
691 268 760 295 ἀλλὰ
782 268 820 304 τῷ
842 269 913 304 λόγῳ

123 314 176 348 τῆς
199 312 354 348 μετουσίας,
377 313 426 339 καὶ
445 312 492 339 τοῦ
516 313 553 349 μὴ
569 313 688 341 νοεῖσθαι
711 314 875 349 ἑτεροφυῶς,
896 314 913 349 ἢ

124 359 324 394 ἑτερογνώμως
347 358 394 385 τοῦ
420 359 528 394 Harpe;
552 360 636 386 οἰκεῖν
657 360 687 386 ἐν
710 360 785 395 ἡμῖν.
810 359 915 392 Ἔδειξε

124 405 155 431 δὲ
179 405 238 440 ἅμα
260 405 274 432 6
295 404 345 440 τῆς
359 403 474 440 βροντῆς
488 405 556 438 υἱὸς,
576 405 614 436 ὡς
627 405 692 432 ἔνθα
712 405 771 432 ἐστὶ
795 405 825 432 τὸ
838 405 915 440 ἆγιον

126 450 252 484 Πνεῦμα,
270 450 402 485 πάρεστιν
418 451 432 477 6
447 450 513 482 Θεὸς
527 450 633 487 Πατὴρ,
647 448 678 478 οὗ
691 451 803 487 Πνεῦμα
822 452 894 478 ἐστιν
907 459 913 465 ·

125 497 196 532 ὅπερ
221 496 267 522 καὶ
292 495 373 528 αὐτὸς
400 496 414 523 6
438 496 507 528 Θεὸς
540 496 778 532 προανεφώνησεν,
809 496 913 523 εἰπών·

129 553 139 568 ι
165 542 311 577 Ἐνοικήσω
340 543 369 568 ὲν
391 542 492 575 αὐτοῖς,
523 542 569 569 καὶ
603 543 839 578 ὲμπιριπατήοω·
868 543 916 569 καὶ

127 588 225 623 ἔσομαι
249 587 339 614 αὐτῶν
357 587 434 620 Θεὸς,
459 588 506 614 καὶ
519 588 597 614 αὐτοὶ
618 588 725 615 ἔσονταί
743 597 793 623 μου
812 588 885 620 λαός.
904 598 913 614 ι

133 635 178 666 Ὠς
192 634 273 660 πάλιν
285 634 315 660 τὸ
325 634 511 669 ἀντικείμενον
521 634 606 669 δηλοῖ,
618 635 658 661 ὅτι
672 634 705 661 Εἴ
712 643 754 666 τις
762 634 793 661 τὸ
804 634 916 669 Πνεῦμα

127 680 176 706 τοῦ
200 679 269 706 Θεοῦ
284 679 321 711 ὡς
337 678 404 706 Θεὸν
434 679 480 714 [54
500 679 537 715 ιι]
557 679 683 715 ἀληθινὸν
702 679 753 706 οὐκ
769 679 836 715 ἔχει,
857 679 917 706 οὐδὲ

127 726 174 752 τὸν
188 725 298 761 Πατέρα
313 724 369 760 ἔχει
379 733 386 740 ·
405 725 471 761 παρ’
487 724 528 757 οἷς
541 725 569 751 δὲ
594 725 631 761 μὴ
648 722 725 757 οὗτός
739 726 825 756 ἔστιν,
841 725 916 752 οὐδὲν

129 771 239 807 ἀληθὲς,
253 771 307 798 οὐδ’
323 771 454 806 ἀσφαλὲς,
468 770 529 797 οὐδὲ
549 770 666 806 βέὄαιον.
684 771 727 803 Ὣς
738 771 769 798 τὸ
782 770 898 806 ἔμπαλιν
908 779 914 786 ·

135 818 278 844 Ὀστιοοῦν
297 817 383 852 λέγων
399 817 463 852 περὶ
483 816 578 848 αὑτοῦ,
595 817 648 843 κᾶν
661 817 797 852 αίρετικος
810 816 847 843 ὢν
869 816 916 843 τύο

129 873 183 899 χοι,
198 864 246 890 ἐὰν
259 863 383 899 ἑρωτηθῇ
402 863 467 899 περὶ
488 864 564 890 ποίου
578 862 732 897 διαλέγεται
752 861 914 897 πνεύματος,

130 911 209 946 λέγῃ,
230 919 239 936 ι
255 909 302 937 τοῦ
314 910 392 944 ἁγίου
403 917 409 924 ·
425 919 434 935 ι
448 909 496 936 καὶ
511 910 536 935 εί
547 907 625 941 αὖθις
640 909 720 936 πάλιν
734 908 830 940 πεῦσις
842 907 918 944 αὐτῷ

132 956 337 992 προσενεχθείη,
355 965 364 981 ι
382 955 459 981 ποίου
482 955 572 989 ἁγίου,
587 964 597 979 ι
613 955 719 990 ἀνάγκη
734 953 816 981 αὑτὸν
831 954 917 980 εἰπεῖν

130 1002 171 1034 εἰς
200 1001 393 1036 φανερωτάτην
413 1000 548 1035 δήλωσιν,
572 1008 582 1025 ι
605 998 652 1026 τοῦ
686 999 843 1034 Πνεύματος
870 998 918 1026 τοῦ

128 1047 211 1079 Θεοῦ,
226 1058 235 1073 ι
257 1046 295 1079 ὡς
317 1046 370 1073 τῶν
392 1046 479 1073 ἄλλων
501 1045 538 1081 μὴ
558 1045 696 1077 οὑσιωδῶς
717 1045 800 1072 όντων
822 1044 915 1072 αὑτοῦ.

131 1093 276 1129 Μοχθηροὶ
287 1092 316 1119 δὲ
334 1093 441 1123 ἑαυτοῖς
455 1100 484 1118 τε
505 1092 553 1119 καὶ
566 1093 623 1124 τοῖς
639 1091 766 1118 ἀκούουσι
783 1091 917 1126 γινόμενοι

130 1139 276 1174 αῑρετικοὶ,
305 1138 401 1173 βιαίοις
417 1138 624 1173 ἐπιχειρήσεων
644 1136 839 1172 συκοφαντοῦσι
855 1137 918 1169 τοὺς

131 1184 212 1219 ἡμῶν
232 1183 279 1210 καὶ
297 1183 386 1210 αὐτῶν
408 1183 554 1218 ἀμείνους,
571 1183 617 1209 καὶ
634 1181 763 1218 μέγιστον
775 1182 916 1218 διαφέρον-

131 1238 191 1262 τας,
215 1229 263 1255 καὶ
295 1228 360 1264 περὶ
390 1228 436 1255 τοῦ
467 1228 545 1263 ἁγίου
574 1227 732 1263 Πνεύματος
763 1228 917 1264 χρήσαντας

132 1274 243 1308 ἁγίους.
267 1271 308 1306 οἷς
331 1275 383 1301 οὐκ
411 1273 521 1300 ἐναντία
547 1273 748 1309 νομοθετητέον.
773 1274 841 1300 Φασὶ
863 1274 917 1310 γὰρ

132 1320 204 1346 κατὰ
215 1320 287 1353 λέξιν
301 1319 387 1352 οὕτως
397 1328 404 1335 ·
416 1320 502 1346 Ὅταν
515 1317 562 1346 οὖν
573 1319 640 1356 λέγῃ
653 1320 668 1346 ὀ
681 1319 748 1351 Θεός
757 1327 764 1335 ·
778 1329 787 1345 ι
809 1319 838 1346 '0
853 1320 918 1351 παῖς

133 1373 185 1400 μου
193 1365 314 1396 Ἡσαΐας·
335 1365 410 1396 ικαὶ,
427 1374 436 1390 ι
449 1364 687 1401 Υίδςπρωτάτοκός
703 1373 754 1399 μου
767 1363 884 1400 Ἰσραὴλ,
904 1373 914 1389 ι

132 1411 149 1445 ἡ
169 1420 179 1436 ι
198 1419 247 1446 μου
267 1420 276 1436 ι
295 1410 413 1446 συλλαϐὴ
437 1410 510 1446 ἔχειν
533 1419 559 1438 τι
576 1410 664 1438 κοινὸν
680 1410 729 1446 τὴν
746 1410 918 1443 ἀνθρωπείαν

132 1456 214 1491 φύσιν
235 1457 304 1492 πρὸς
330 1457 379 1493 τὴν
397 1457 445 1483 τοῦ
467 1456 535 1484 Θεοῦ
562 1457 714 1489 δείκνυσιν;
733 1456 838 1492 ’Ὠσπερ
859 1454 916 1489 οὖν,

132 1502 210 1537 φησι,
233 1502 311 1528 τοῦτο
324 1500 399 1529 εἶπεν
412 1502 449 1534 ὡς
472 1502 518 1530 τοῦ
534 1499 603 1528 εἶναι
618 1502 710 1533 αὐτοῖς
723 1502 818 1533 αἴτιος,
832 1500 918 1532 οὕτως
930 1511 952 1541 α

132 1548 181 1574 καὶ
205 1547 255 1583 τὴν
274 1547 396 1583 ψύχωσιν
426 1548 516 1575 αὐτῶν
541 1557 550 1574 ι
569 1547 683 1583 Πνεῦμά
706 1555 756 1582 μου
775 1556 785 1572 ι
810 1547 918 1583 προσεῖ-

132 1603 195 1623 πεν.
221 1594 255 1622 El
269 1603 311 1627 τις
326 1595 355 1622 δὲ
374 1595 467 1627 αὐτοῖς
481 1595 534 1630 τῆς
556 1594 686 1630 ἀληθείας
703 1594 750 1621 καὶ
775 1593 918 1629 ἀκριϐείας

132 1641 211 1675 λόγος
226 1640 309 1676 ὑπῆν,
322 1641 372 1668 οὐκ
388 1641 421 1668 ἂν
435 1640 586 1676 τηλικαῦτα
604 1640 724 1667 ἑπταιον.
740 1639 851 1676 Πρῶτον
870 1638 918 1674 μὲν

133 1687 188 1722 γὰρ
202 1687 275 1722 αὐτῷ
289 1686 328 1722 τῷ
345 1687 437 1721 φάναι,
457 1687 582 1717 Ἦσαῒαν,
600 1686 656 1718 καὶ,
680 1685 797 1721 Ἰσραὴλ,
813 1683 918 1720 ἀνθρώ-

133 1742 202 1765 πους
215 1733 331 1768 ἐδήλωσε
341 1742 348 1748 ·
366 1732 582 1769 προσέθηκενδὲ
600 1733 658 1758 κατ’
673 1731 812 1767 ἐξαίρετον
828 1731 919 1762 αὐτοῖς

133 1778 164 1804 τὺ
183 1787 194 1803 ι
212 1777 262 1813 μοῦ
284 1787 292 1803 ι
309 1778 347 1809 ὡς
361 1778 436 1814 αὐτῷ
450 1779 510 1809 ταῖς
526 1777 640 1813 πράξεσι
655 1777 852 1812 προσήκουσιν.
867 1775 919 1801 Τδν

138 1823 254 1850 Ἡσαΐαν
267 1823 295 1849 δὲ
316 1823 398 1850 παῖδα
412 1823 540 1854 ἐκάλεσε,
558 1822 629 1849 τοῦτ’
650 1822 723 1848 ἐστιν
737 1821 858 1856 οἰκέτην*
874 1819 919 1847 τὸν

133 1868 163 1896 δὲ
186 1868 295 1904 Ἰσραὴλ
319 1868 501 1903 πρωτότοκον,
518 1868 556 1899 ὡς
571 1867 679 1904 πρῶτον
699 1866 851 1906 ἀρξάμενον
872 1865 919 1891 λα-

133 1913 241 1950 τρεύειν
258 1913 343 1948 αὐτῷ,
360 1913 407 1940 καὶ
423 1913 487 1940 ὄντα
505 1914 539 1948 τῇ
555 1913 618 1948 περὶ
634 1912 715 1938 αὐτὸν
729 1911 858 1942 διαθέσει,
874 1910 920 1937 καὶ

135 1958 255 1994 φροντίδι
268 1959 314 1986 τοῦ
329 1959 411 1990 Θεοῦ,
439 1959 468 1985 ὲν
480 1958 556 1991 τάξει
576 1957 645 1985 υἱοῦ.
663 1958 744 1984 Ὥστε
756 1957 786 1983 τὸ
800 1965 810 1982 ι
829 1955 890 1991 μοῦ,
908 1966 917 1980 ι

135 2003 182 2030 ἐπὶ
200 2004 249 2039 μὲν
270 2003 316 2030 τοῦ
338 2003 464 2039 ἀληθινοῦ
478 2003 536 2030 υἱοῦ
552 2003 599 2030 κα)⁵
615 2002 661 2029 τοῦ
684 2001 810 2037 ἀληθινοῦ
836 2000 921 2028 Πνεύ-

138 2058 222 2085 ματος
241 2049 386 2084 λεγόμενον
407 2049 483 2084 παρά
498 2048 546 2075 τοῦ
560 2048 639 2081 Θεοῦ,
657 2047 706 2083 τὴν
723 2046 858 2074 οἰκείωσιν
872 2046 920 2080 τῆς

136 2095 245 2129 φύσεως
259 2095 414 2130 δηλοῖ-ἐπὶ
435 2095 464 2122 δὲ
477 2094 531 2121 τῶν
549 2094 635 2121 ἀλλων
655 2093 774 2126 πάντων,
794 2092 825 2119 τὸ
847 2092 921 2127 αὺτῷ

136 2142 208 2168 κατὰ
223 2141 383 2168 δεσποτείαν
399 2141 415 2176 ἢ
435 2141 527 2168 πίστιν
549 2140 687 2176 διαφέρειν
697 2148 703 2154 ·
718 2139 756 2171 ὡς
779 2139 826 2166 καὶ
842 2139 921 2174 ἡμεῖς

965 224 1044 250 modo
1068 231 1122 258 quo
1147 223 1230 250 Filius
1249 223 1337 250 dixit:
1357 232 1366 249 ι
1382 223 1432 257 Qui
1456 224 1523 251 vidit
1536 224 1593 260 (72)
1610 232 1662 258 me,
1683 226 1750 252 vidit

965 269 1090 303 Patrem;
1106 279 1115 295 ι
1141 274 1190 297 et:
1211 279 1220 295 ι
1237 268 1293 304 Ego
1311 269 1369 306 (73)
1396 277 1411 297 ο
1436 269 1516 297 Patre
1540 270 1622 298 exivi.
1639 280 1648 297 ι
1676 270 1749 298 Nihil

966 314 1039 341 eltim
1051 314 1164 342 omnino
1193 314 1265 348 quod
1280 314 1426 342 secundum
1444 315 1600 348 essentiam,
1617 319 1664 342 aut
1678 320 1746 343 tem.

964 366 1025 394 pus,
1045 364 1091 386 aut
1112 359 1224 393 gloriam
1245 359 1357 388 inferius
1382 360 1427 394 sit,
1448 363 1532 388 totum
1556 361 1686 389 exhibere
1718 369 1750 389 nc

965 411 1159 440 repraesentare
1181 406 1251 434 valet
1265 406 1416 438 veritatem,
1433 411 1479 434 aut
1496 407 1521 434 ei
1542 407 1680 434 conl'ortne
1693 407 1751 443 (76)

966 457 1038 481 esse.
1060 455 1088 478 et
1101 451 1197 486 aequali
1221 459 1280 479 cum
1297 452 1353 486 ipsa
1374 452 1488 480 veritate
1505 453 1584 488 120
1598 453 1751 488 cognitione

965 496 1092 530 cognosci
1108 505 1115 524 :
1133 504 1182 524 nec
1196 501 1324 531 praeterea
1341 501 1429 533 potest
1453 498 1513 532 quis
1535 506 1625 526 veram
1644 499 1752 526 deitatis

967 541 1204 577 participationem
1216 543 1346 578 consequi
1358 551 1406 578 per
1416 549 1567 571 creaturam
1584 553 1590 572 :
1603 544 1683 572 datur
1701 553 1750 572 au-

968 589 1021 613 tem
1040 585 1158 621 Spiritus
1182 592 1294 615 sanctus
1306 595 1359 615 non
1380 588 1509 616 concisim
1534 594 1561 616 et
1583 597 1629 624 per
1650 595 1751 624 partes,

967 631 1013 658 sed
1029 632 1134 659 ratione
1147 633 1373 667 partieipationis,
1390 638 1418 661 et
1434 633 1496 668 quia
1512 634 1615 669 concipi
1632 642 1685 662 non
1703 643 1752 670 po-

968 681 1031 709 test,
1048 684 1109 704 eum
1134 677 1169 705 ita
1193 678 1316 706 habitare
1338 679 1364 706 in
1390 679 1477 714 nobis,
1503 685 1532 707 ut
1550 680 1586 708 sit
1608 680 1720 708 alterius
1735 688 1750 708 a

967 720 1048 749 Patre
1063 727 1178 755 naturte,
1192 725 1399 752 autsententiae.
1415 725 1486 758 Quin
1501 725 1565 753 illud
1577 726 1658 753 etiam
1671 726 1752 754 simul

971 767 1090 794 ostendit
1117 769 1227 796 tonitrui
1253 770 1324 798 ﬁlius
1337 770 1405 806 (75),
1421 771 1466 799 ubi
1489 776 1532 800 est
1555 771 1673 807 Spiritus
1693 780 1752 799 san-

970 815 1041 844 ctus,
1059 812 1094 840 ibi
1115 814 1210 842 adesse
1223 815 1307 843 Deum
1322 816 1441 849 Patrem,
1461 817 1538 853 cujus
1548 823 1590 846 est
1609 818 1727 853 Spiritus
1743 827 1750 846 :

971 857 997 885 id
1010 859 1082 892 quod
1095 859 1152 894 ipse
1165 866 1271 894 quoque
1283 860 1356 888 Deus
1369 866 1449 890 antea
1462 862 1611 891 inclamans
1626 864 1750 892 dixerat:

972 911 982 928 ι
999 903 1158 932 lnbabitabo
1169 905 1226 941 (76)
1238 906 1264 934 in
1281 906 1331 939 eis,
1349 912 1376 935 et
1391 907 1574 941 inambulabo,
1588 913 1615 936 et
1632 917 1679 937 ero
1692 910 1753 937 illo-

970 957 1028 976 rum
1042 949 1126 983 Deus,
1142 955 1170 978 et
1186 951 1236 986 ipsi
1249 958 1331 980 erunt
1346 953 1459 988 populus
1470 960 1556 982 meus.
1572 964 1583 981 ι
1603 954 1680 983 Sicut
1693 963 1753 982 rur-

969 1001 1014 1022 sus
1034 1003 1066 1023 ex
1093 997 1218 1032 opposito
1237 997 1367 1031 declarat,
1391 999 1414 1026 si
1435 999 1480 1034 qui
1504 999 1633 1034 Spiritum
1654 999 1702 1028 Dei
1725 1006 1753 1028 ut

969 1047 1062 1067 verum
1082 1041 1164 1068 Deum
1189 1049 1241 1070 non
1260 1042 1371 1076 habentI
1389 1050 1436 1071 eos
1460 1051 1495 1072 ue
1517 1043 1625 1072 Patrem
1643 1045 1752 1080 quidem

970 1084 1072 1114 habere
1089 1092 1117 1113 ut
1131 1087 1210 1115 talem
1224 1096 1231 1114 :
1249 1087 1283 1115 iis
1296 1094 1398 1121 autem,
1409 1089 1479 1124 apud
1491 1096 1559 1124 quos
1572 1090 1632 1117 talis
1645 1098 1698 1118 non
1712 1096 1754 1119 est

969 1131 1060 1164 Pater,
1075 1133 1143 1160 nihil
1158 1141 1264 1167 verum,
1278 1135 1345 1162 nihil
1365 1139 1462 1168 tutum,
1479 1137 1548 1164 nihil
1565 1137 1672 1164 ﬁrmum
1688 1145 1750 1166 esse

968 1183 1068 1213 potest.
1086 1178 1163 1208 Sicut
1176 1181 1235 1209 vice
1248 1188 1326 1209 versa
1338 1181 1492 1217 quicunque
1506 1183 1540 1211 de
1552 1183 1610 1218 ipso
1629 1183 1753 1219 loquens,

967 1224 1093 1260 quamvis
1112 1225 1257 1254 lmretieus
1276 1227 1370 1260 fuerit,
1387 1228 1408 1255 si
1433 1228 1615 1264 interrogetur
1635 1231 1669 1258 de
1687 1237 1754 1265 quo—

969 1276 1031 1297 nam
1050 1270 1146 1305 spirilu
1168 1271 1293 1304 disserat,
1321 1280 1331 1298 ι
1344 1272 1379 1300 de
1395 1277 1501 1306 sancto.
1518 1282 1528 1299 ι
1547 1273 1666 1309 inquiet;
1684 1282 1716 1302 ac
1730 1275 1754 1303 si

968 1320 1065 1341 rursus
1099 1319 1229 1349 urgeatur
1250 1315 1437 1351 interrogatio,
1464 1325 1474 1343 ι
1490 1317 1524 1345 de
1545 1325 1599 1353 quo
1618 1323 1722 1353 sancto,
1742 1329 1753 1346 ι

969 1366 1080 1387 necesse
1094 1364 1139 1387 est
1160 1364 1190 1387 ut
1201 1361 1234 1388 ad
1259 1361 1445 1396 explicandam
1460 1363 1612 1392 clarissime
1635 1369 1753 1393 mentem

968 1413 1045 1434 suam
1064 1406 1137 1434 dicat
1153 1416 1160 1434 :
1179 1416 1189 1433 ι
1203 1407 1236 1434 de
1254 1407 1356 1442 Spiritu
1375 1408 1438 1443 Dei;
1457 1418 1467 1435 ι
1485 1416 1546 1437 cum
1571 1410 1616 1438 alii
1640 1411 1752 1446 spiritus

969 1459 1023 1479 non
1041 1451 1097 1479 sint
1116 1452 1333 1480 substantialiter
1350 1454 1435 1489 ipsius
1452 1453 1510 1482 Dei.
1524 1455 1646 1483 Haeretici
1664 1461 1754 1484 autent

969 1505 1029 1526 cum
1044 1498 1230 1534 sibimetipsis,
1252 1503 1308 1526 tum
1332 1500 1500 1528 auditoribus
1520 1508 1617 1536 graves
1648 1509 1680 1530 ac
1696 1510 1754 1530 mo-

969 1543 1040 1577 lesti,
1064 1550 1184 1577 sanctos,
1211 1545 1257 1579 qui
1285 1545 1365 1573 nobis
1394 1549 1422 1573 et
1442 1546 1508 1581 ipsis
1531 1547 1657 1575 meliores
1680 1553 1753 1582 sunt,

968 1590 1109 1625 multoque
1133 1590 1350 1624 excellentiores,
1367 1592 1469 1627 quique
1483 1592 1611 1620 divinitus
1631 1593 1753 1628 inspirati

969 1635 1002 1662 de
1016 1634 1118 1670 Spiritu
1136 1640 1231 1665 sancto
1251 1637 1430 1672 scripserunt,
1446 1638 1544 1674 quibus
1558 1640 1670 1673 proinde
1687 1648 1754 1668 con-

970 1683 1053 1709 traria
1068 1686 1189 1710 statuere
1213 1690 1266 1710 non
1283 1683 1356 1717 licet,
1378 1683 1505 1712 violentis
1518 1686 1661 1714 conatibus
1678 1686 1755 1714 inva-

969 1727 1045 1760 tlunl,
1068 1731 1095 1754 et
1110 1722 1203 1755 eorum
1228 1728 1308 1756 verba
1332 1728 1508 1757 calumniosis
1525 1729 1755 1765 interpretationi-

969 1773 1019 1800 bus
1038 1778 1204 1808 perverlunt.
1228 1772 1275 1801 Sic
1298 1774 1369 1802 enim
1397 1776 1430 1802 ad
1452 1777 1565 1803 verbum
1586 1776 1753 1811 (77)alunt:

969 1818 1035 1846 Cum
1055 1819 1094 1846 ait
1116 1818 1197 1852 Dens,
1217 1829 1227 1845 ι
1241 1819 1313 1846 Puer
1323 1819 1380 1855 (78)
1395 1828 1470 1848 meus
1485 1822 1581 1854 Isaias;
1599 1831 1607 1847 ι
1629 1827 1666 1854 et,
1686 1832 1696 1848 ι
1712 1823 1756 1850 Fi-

970 1864 1021 1892 lius
1037 1865 1094 1900 (79)
1118 1865 1313 1900 primogenitus
1332 1873 1408 1894 meus
1424 1865 1517 1899 Israel,
1531 1875 1541 1892 ι
1563 1868 1683 1902 nunquid
1704 1875 1754 1896 vox

970 1908 1025 1942 illa,
1043 1918 1053 1935 ι
1069 1917 1155 1943 meus,
1170 1919 1179 1936 ι
1196 1911 1326 1943 Ostendit,
1344 1916 1469 1938 naturam
1489 1912 1633 1939 humanam
1655 1913 1755 1941 habere

970 1955 1070 1990 aliquid
1087 1962 1232 1983 commune
1250 1963 1311 1983 eum
1330 1955 1378 1983 Dei
1395 1956 1511 1984 natura?
1524 1956 1601 1984 Sicut
1622 1965 1696 1992 ergo,
1714 1960 1756 1986 in-

970 1999 1078 2034 qniunt,
1102 2001 1160 2027 hinc
1174 2000 1241 2027 dixit
1256 2000 1337 2032 Deus,
1354 2005 1488 2035 quatenus
1505 2001 1558 2029 illis
1571 2009 1653 2029 causa
1669 2008 1710 2031 est
1728 2008 1756 2030 ut

970 2044 1121 2077 exsistant;
1135 2045 1170 2071 ita
1181 2049 1208 2072 et
1219 2052 1314 2073 eorum
1324 2046 1411 2072 anima
1417 2045 1527 2081 tionem,
1535 2045 1664 2082 Spiritum
1677 2056 1755 2076 suum

972 2091 1088 2118 vocavit.
1111 2091 1146 2117 At
1174 2091 1196 2119 si
1219 2099 1300 2126 quam
1321 2092 1357 2119 illi
1381 2092 1502 2120 veritatis
1524 2097 1606 2128 atque
1624 2100 1757 2123 accuratae

972 2135 1203 2170 interpretationis
1230 2136 1361 2164 rationem
1384 2137 1524 2171 haberent,
1547 2139 1574 2166 itt
1601 2139 1755 2174 hujusmodi

137 2187 274 2222 εἰώθαμεν
290 2187 389 2222 λέγειν,
406 2187 452 2214 ἐπὶ
468 2187 516 2222 μὲν
529 2187 583 2214 τῶν
596 2185 747 2222 ὀμοουοίων
762 2185 838 2220 ἡμῖν,
858 2193 867 2209 ι
892 2184 918 2210 'U

972 2188 1080 2209 errores
1097 2189 1149 2209 non
1167 2181 1326 2210 inciderent.
1343 2182 1410 2210 Nam
1427 2184 1543 2218 primum
1557 2192 1590 2213 eo
1608 2185 1668 2221 ipso
1686 2189 1756 2221 quod

138 2234 195 2264 υἱός
210 2242 271 2268 μου,
289 2233 320 2259 τὸ
337 2232 447 2268 πνεῦμά
463 2241 527 2268 μου·
546 2242 556 2258 ι
571 2232 616 2259 ἐπὶ
630 2231 659 2258 δὲ
677 2230 732 2257 τῶν
747 2230 755 2266 ί
768 2230 802 2257 54
822 2229 836 2256 l7
848 2228 858 2265 ]
872 2229 920 2255 ἀλ-

138 2280 202 2311 λων,
222 2289 231 2305 ι
255 2279 284 2305 '0
305 2279 391 2314 ἀγρός
407 2287 468 2314 μου,
485 2280 499 2305 6
511 2279 592 2310 ἵππος
609 2286 670 2313 μου,
692 2286 701 2302 ι
721 2276 789 2303 ἀλλά
805 2275 863 2307 καὶ,
879 2284 887 2300 ι
908 2275 923 2301 6

135 2323 205 2354 Θεός
230 2331 289 2358 μου.
315 2333 325 2349 ι
353 2324 402 2350 Ὃν
417 2323 517 2358 τρόπον
531 2323 586 2358 γὰρ
602 2323 647 2349 τὸν
662 2322 712 2357 τῆς
727 2321 803 2352 θείας
816 2320 923 2356 φύσεως

139 2369 318 2396 ἔνυπόστατον
338 2368 433 2401 Λόγον,
451 2369 481 2395 οὐ
495 2369 526 2394 τὸ
541 2368 635 2399 ἁπλῶς
651 2369 698 2394 καὶ
715 2365 922 2401 ἀπολελυμένως

172 2476 228 2510 (72)
247 2477 298 2510 Qui
311 2477 382 2504 vidit.
398 2476 475 2504 Joan.
493 2484 547 2509 xw,
557 2476 584 2504 9.

175 2512 231 2545 (75)
247 2512 313 2547 Ego.
327 2511 405 2540 Joun.
423 2520 484 2547 ιιι,
497 2512 605 2544 27,28.

176 2547 230 2581 (74)
250 2545 398 2582 conforme.
417 2547 445 2574 In
465 2546 570 2578 Graeco,
585 2545 716 2582 ὁμοειδές.
743 2545 827 2580 Cuius
851 2554 924 2575 vocts

139 2582 240 2608 nullum
258 2582 283 2608 in
300 2582 455 2616 vulgaribus
469 2581 564 2608 lexicis
579 2581 866 2616 nilei-turext-mplum.
886 2582 922 2610 Ea

140 2620 229 2643 tamen
248 2624 313 2643 usus
334 2615 384 2647 est.
409 2621 437 2643 ut
457 2616 523 2643 alios
541 2621 656 2649 taceam,
673 2615 709 2643 Μ.
725 2615 852 2645 Aurelius
868 2618 924 2644 Διι-

141 2651 248 2678 toninus
265 2651 312 2678 Iub.
324 2659 363 2682 Vi,
380 2659 453 2678 unm.
469 2650 513 2680 57.
529 2656 555 2678 et
570 2651 642 2678 alibi.

176 2685 232 2720 (75)
251 2685 379 2721 Tom'trui
397 2686 478 2719 ﬁlius.
504 2686 532 2721 ltl
551 2690 602 2717 est,
623 2685 741 2714 Joannes
759 2686 825 2721 ipse.
841 2686 924 2714 Nemo

139 2721 210 2748 enim
223 2721 345 2756 ignorat.
364 2720 492 2756 Iacobum
508 2720 628 2756 Zebctlazi
647 2722 740 2752 lilium,
755 2727 782 2748 et
793 2721 923 2749 Joannem

140 2756 199 2789 ejus
218 2754 329 2782 fratrem
344 2763 361 2782 a
378 2755 487 2782 Christo
513 2754 625 2796 Domino
637 2756 707 2797 apud
723 2756 805 2783 Marc.
823 2764 862 2798 tu.
879 2757 922 2784 l'l.

141 2798 152 2816 ι
165 2789 395 2818 Βωιιειιιεε.ι1ιοε
408 2795 457 2818 est.
475 2793 599 2817 «tonurut
614 2791 708 2818 ﬁlios.)
723 2798 922 2818 counommatos

141 2798 152 2816 ι
165 2797 395 2825 ιιοιιιιειεεεμιιοε
408 2797 457 2821 est,
475 2797 599 2817 «tonitru:
614 2797 708 2822 tinos.)
723 2797 925 2826 cognominatos

141 2832 212 2853 esse.
230 2824 266 2852 De
281 2833 346 2852 voce
358 2830 446 2852 autem
461 2825 516 2859 ipsa
539 2825 709 2860 tlioancrgcs
719 2835 729 2852 ›
750 2827 817 2860 leg-5
835 2828 855 2854 si
868 2828 924 2862 ιιιιι-

971 2227 1080 2259 lsaiam,
1095 2231 1122 2255 et
1138 2226 1221 2255 Israel
1237 2228 1398 2261 nominavit,
1419 2229 1453 2255 de
1468 2229 1622 2258 hominibus
1638 2237 1668 2258 se
1684 2230 1756 2266 loqui

971 2273 1100 2299 ostendit.
1117 2271 1153 2299 Ut
1170 2280 1233 2300 vero
1245 2280 1291 2300 eos
1314 2280 1328 2299 a
1345 2273 1456 2308 reliquis
1473 2279 1637 2308 secerneret,
1654 2275 1759 2304 addidit

973 2317 1049 2351 121
1063 2317 1096 2345 iis
1111 2325 1256 2352 pronomen
1271 2318 1346 2350 illud,
1362 2326 1463 2351 «meus,
1483 2329 1493 2345 ι
1510 2321 1588 2355 quasi
1598 2322 1634 2350 ob
1650 2322 1756 2351 illorum

973 2368 1046 2397 gesta
1060 2364 1118 2398 ejus
1133 2364 1276 2398 propinqui
1292 2364 1390 2391 forent.
1405 2367 1441 2391 Ac
1460 2364 1556 2393 Isaiam
1569 2367 1676 2403 quidem
1692 2377 1758 2404 puc-

975 2454 1035 2487 oet._
1041 2449 1145 2487 fossini
1156 2449 1327 2487 (Spieitegt’um
1342 2454 1526 2487 evangelicum.

1009 2483 1281 2524 (76)_lnlt_abilaba.ll
1306 2486 1367 2524 Cor.
1391 2483 1435 2519 νῖ,
1467 2489 1518 2524 16;
1551 2490 1637 2519 Levii,
1671 2500 1753 2524 un.

974 2519 1003 2547 ll
1021 2539 1029 2552 ,
1054 2519 1097 2546 l2.
1125 2519 1152 2546 In
1176 2522 1292 2547 secunda
1311 2522 1418 2555 quidem
1441 2523 1473 2549 ad
1500 2519 1654 2552 Corinthios
1672 2519 1754 2553 Βίωπὶ

973 2562 1021 2589 pro
1041 2562 1092 2590 μου
1114 2555 1212 2581 habent
1246 2563 1300 2590 μοι.
1328 2556 1356 2582 lu
1382 2556 1500 2584 Levitico
1522 2565 1611 2586 autem
1628 2560 1755 2595 Complu-

974 2591 1057 2616 tensis
1072 2588 1155 2616 editio
1168 2598 1173 2615 :
1189 2589 1243 2616 Καὶ
1255 2589 1328 2616 θήσω
1342 2591 1391 2616 τὴν
1407 2593 1510 2616 σκηνήν
1527 2602 1576 2616 tum
1590 2595 1619 2616 ἐν
1634 2595 1698 2616 sua.

974 2591 1057 2616 tensis
1072 2591 1155 2616 editio
1168 2598 1173 2615 :
1189 2591 1243 2616 Καὶ
1255 2591 1328 2616 lime
1342 2591 1391 2626 τὴν
1407 2593 1510 2628 σκηνήν
1526 2602 1576 2628 μου
1590 2595 1619 2620 ἐν
1634 2591 1753 2630 opif”...

974 2624 1029 2664 καὶ
1042 2625 1260 2664 εμξεηπατῄσω
1281 2608 1401 2664 ἒνλὺμιίν,
1413 2627 1459 2653 καὶ
1472 2627 1568 2663 ἔσομαι
1583 2629 1659 2664 ὑμῶν
1678 2631 1754 2662 Θεὸς,

974 2659 1116 2694 καὶγρμεῖς
1127 2659 1220 2686 ἔσεσθέ
1242 2667 1286 2694 μοι
1301 2659 1428 2693 εξς⁷λαόν.
1521 2659 1527 2663 ⁷
1601 2659 1607 2664 ’
1734 2659 1753 2662 ”’
1796 2686 1799 2689 .

1009 2693 1065 2732 (7.7)
1082 2693 1122 2732 Ad
1134 2693 1373 2732 νειοοοηιέηνιᾳοιυι·
1381 2697 1424 2722 hic
1436 2695 1533 2732 all‘crre
1546 2697 1603 2732 ipsa
1633 2699 1755 2728 Eunomii

973 2733 1019 2754 ant
1034 2727 1212 2756 Macedoniam
1228 2729 1340 2762 alicujus
1352 2730 1470 2758 hmretici
1487 2727 1578 2760 Verba.

1009 2762 1064 2795 (78,)
1081 2762 1157 2789 Puer.
1180 2763 1230 2790 ιε),
1247 2772 1290 2791 χι.
1313 2764 1338 2790 5.

1011 2797 1064 2830 (τευ
1084 2797 1177 2824 Ιῖιὶιιιδ.
1196 2798 1278 2825 Exod.
1295 2807 1329 2831 ιγ,
1345 2799 1388 2827 ‘22.
