1917 3064
75 82 133 112 £8!

600 79 641 107 me
662 63 845 109 inmunis
864 82 962 109 LIBER
983 82 1178 110 suosunus.

1654 88 1706 116 482

75 142 139 169 τῶν
161 141 242 177 ιερῶν
265 140 350 174 λόγων
370 140 417 175 τὴν
438 139 606 174 προαίρεσιν,
625 139 684 164 καθ’
704 139 735 173 ἣν
754 138 838 164 ὲὺέὶει
861 139 874 164 ὁ

933 148 1032 167 tensum
1062 143 1280 177 propositumque
1307 145 1412 173 inscitia
1441 147 1574 182 repleutes
1592 168 1599 179 ,
1628 147 1704 181 juxta

75 188 153 218 Θεὸς
174 186 269 221 Πατὴρ
289 186 319 212 τὸ
340 185 451 220 Πνεῦμα
474 183 555 210 αὐτοῦ
577 183 767 210 συντάττεσθαι
787 183 873 217 αὐτῷ,

79 236 121 264 (ξς
144 232 192 259 τὸν
213 231 344 267 μονογενῆ
368 231 462 264 Λόγον,
484 230 531 255 καὶ
550 229 580 255 τὺ
602 229 770 265 ἐξῃρημένον
792 229 873 255 αὐτοῦ

78 276 141 304 ἀπὸ
153 277 204 311 τῆς
217 276 331 307 κτίσεως
352 275 399 301 καὶ
415 274 547 310 ὑπερέχον
561 272 747 308 ἀσφαλίξεται,
768 273 807 300 διδ
826 273 873 300 καὶ

79 321 350 358 τρισαγιολογεῖται,
392 320 473 356 φασίν
491 329 497 336 ·
541 320 602 351 Πῶς
634 320 681 346 τοῦ
718 319 874 355 Πνεῦματος

81 368 202 402 Πνεῦμα
213 367 244 394 τὸ
264 367 340 401 ἅγιον
364 365 476 401 Πνεῠμά
493 367 583 398 ὲστιν;
607 366 668 392 "Usi
688 366 716 392 δὲ
737 366 816 392 τοῦτο
827 365 874 399 γέ-

82 423 221 449 γραπται,
243 413 389 440 δέδεικται·
406 413 436 438 τὸ
458 412 487 438 δὲ
510 412 579 444 πῶς.
597 412 642 438 νοῦ
665 412 712 438 καὶ
729 411 809 445 λόγου
828 411 874 438 τοῦ

84 459 150 486 καθ’
173 459 263 493 ἡμᾶς,
285 457 324 484 ἔτι
343 457 372 483 δὲ
392 457 439 483 καὶ
461 456 583 490 ἀγγέλων
604 455 729 490 γνώσεως
749 456 875 482 ἐπέκεινα

83 505 229 539 τυγχάνει.
262 503 305 534 Ὠς
333 502 387 538 γὰρ
409 502 566 538 Πνεύματος
594 501 760 537 ὑπάρχοντος
781 501 874 533 αὐτοῦ,

85 552 134 587 [59
154 551 184 586 ιι]
201 550 331 585 ἐγεννήθη
353 549 383 582 ἐξ
401 548 483 575 αὑτοῦ
504 549 517 574 ὸ
536 547 602 579 Θεὸς
619 548 719 581 Myos
742 546 827 578 οὕτως
846 547 875 579 ἐξ

85 593 174 623 αὑτοῦ
191 597 237 622 καὶ
250 596 298 622 σὺν
311 594 386 629 αὐτῷ
403 594 518 629 ἐξεφάνη
539 594 569 619 τὸ
591 594 665 627 ἆγιον
685 592 804 627 Πνεῦμα·
824 591 876 618 δεί-

85 641 206 668 κνυσθαι
221 650 249 667 τε
263 641 291 666 ἐν
304 640 390 675 τούτῳ
407 639 522 674 μάλιστα
535 639 565 665 τδ
581 639 769 672 ἀκατάληπτον
783 637 874 668 αὑτοῦ,

87 691 117 715 ὲν
132 688 172 720 τῷ
185 687 215 714 τὸ
231 687 392 722 φαινόμενον
407 686 454 712 καὶ
466 685 496 711 ὃν
507 686 539 720 τῇ
553 685 640 711 κτίσει
653 684 792 716 ἀδύνατον,
807 682 875 710 εἶναι

87 735 157 769 παρ’
175 733 249 767 αὐτῷ
271 732 392 759 δυνατόν.
421 731 496 757 Ἐπεὶ
509 730 551 761 τίς
573 731 588 765 ή
606 729 722 765 διαφορὰ
738 729 786 764 τῆς
801 730 877 756 ἀναι-

87 780 148 806 τιου
163 779 210 805 καὶ
225 777 356 810 ζωοποιοῦ
370 777 488 811 φύσεως,
509 775 613 810 καὶτῆς
630 774 876 810 δημιουργηθείσης

89 827 139 852 καὶ
156 807 392 859 ζωοπάοομένηςξ
412 807 601 858 οὺκγὲγχωρεί
615 821 643 848 δὲ
655 807 694 848 -τδ
893 807 912 835 Β

89 871 161 899 εἶναι
177 871 317 906 ὁμοούσιον
331 870 376 897 καὶ
390 870 509 904 ἰσότιμον
522 869 625 895 ἐκείνου
638 868 667 900 ἐξ
679 865 709 894 οὗ
728 868 785 893 ὲστι
794 875 800 882 ·
821 866 875 893 διό-

90 925 144 951 περ
159 915 234 941 ἐστὶν
252 915 299 941 καί
321 914 397 948 ἅγιον
420 912 551 947 φυσικῶς.
576 913 607 938 υἱ
625 910 671 938 οὖν
692 911 812 945 ἄγγελοι,
826 919 876 944 φη-

91 960 143 990 σὶν,
159 960 210 985 οὐκ
221 959 289 984 εἰσὶν
301 958 355 984 ἀπὸ
368 957 413 983 τοῦ
426 957 504 987 Θεοῦ,
522 956 568 982 καὶ
581 956 662 990 ἅγιοι,
676 956 721 982 καὶ
736 955 877 990 πνεύματα

89 1005 137 1031 τοῦ
150 1003 236 1035 Θεοῦ;
261 1002 372 1029 Ἐκεῖνοι
384 1003 452 1029 εἰσιν
466 1001 520 1028 ἀπὸ
532 1001 579 1027 τοῦ
598 1000 676 1032 Θεοῦ,
695 1001 754 1027 καθ’
767 1000 781 1026 ὃ
795 1008 878 1031 προσ-

79 1049 167 1082 “τὰξει
205 1047 287 1074 αὐτοῦ
326 1047 489 1081 γεγόνασιν,
523 1046 561 1077 ὡς
603 1045 710 1071 πάντα·
743 1044 816 1078 amt
847 1043 875 1070 δὲ

93 1093 163 1130 μετὰ
186 1093 216 1118 τὺ
237 1091 414 1126 ἁγιασοῆναι,
443 1090 481 1122 ὡς
513 1091 536 1116 οἱ
558 1089 709 1124 ἄνθρωποι·
733 1088 876 1122 πνεύματα

91 1139 136 1168 δὲ,
173 1138 240 1165 καθὸ
269 1137 338 1173 πρὸς
369 1137 441 1172 ἡμᾶς
475 1135 637 1171 ἀσώματοι·
669 1135 699 1160 οὐ
731 1134 878 1168 κληθέντες

93 1184 237 1219 πνεύματα
258 1182 305 1209 τοῦ
327 1182 405 1212 Θεοῦ,
429 1182 446 1217 ἢ
469 1182 501 1208 ὲκ
521 1180 568 1207 τοῦ
594 1179 671 1211 Θεοῦ,
692 1179 708 1214 ἢ
733 1179 878 1214 ἐκπορευό-

95 1238 163 1265 μενα
181 1228 256 1264 παρὰ
270 1227 316 1254 τοῦ
333 1227 448 1262 Πατρδς.
474 1226 490 1262 ἢ
511 1226 584 1257 θεῖα,
607 1225 624 1261 ἢ
647 1225 789 1260 πνεύματα
812 1224 878 1259 ἁλη-

95 1275 179 1307 θείας,
196 1275 213 1310 ἢ
235 1273 376 1308 πνεύματα
389 1272 541 1307 ἁγιωσύνης
552 1280 558 1286 ·
571 1271 627 1297 ἀλλ’
637 1271 747 1305 ἄγγελοι
760 1271 879 1306 λειτουρ-

95 1322 147 1356 γοὶ,
159 1322 206 1347 καὶ
219 1320 331 1354 σώματα
341 1319 463 1354 οὖράνια,
476 1318 520 1344 διὰ
530 1318 560 1344 τὸ
575 1318 695 1353 ἀπείρως
710 1316 821 1351 ἀπέχειν
833 1316 879 1342 καὶ

96 1368 233 1402 ὺφιζάνειν
250 1365 297 1392 τοῦ
316 1366 443 1392 ἀκτίστου
457 1364 613 1400 Πνεύματος
637 1363 684 1390 τοῦ
707 1362 773 1389 Θεοῦ
786 1384 793 1395 ,
809 1361 880 1389 κατὰ

95 1415 140 1440 τὸν
160 1414 297 1449 γράφοντα
313 1412 441 1446 ἔμπειρον
463 1409 621 1437 Ἀπόστολον
632 1418 640 1425 ·
666 1419 674 1434 ι
691 1408 807 1444 Σώματα
821 1408 881 1434 ἐπί-

96 1468 167 1494 γεια,
184 1459 229 1485 κα)
244 1458 356 1493 σώματα
370 1456 527 1492 ἐπουράνια.
550 1466 559 1482 ι
583 1455 625 1488 Ὠς
640 1454 694 1490 γὰρ
709 1455 739 1481 οὔ
754 1455 814 1481 κατ’
829 1454 877 1480 αὖ·

97 1506 158 1536 τοὺς
174 1505 208 1531 τὰ
224 1504 366 1539 πνεύματα
378 1503 432 1529 τῶν
449 1502 566 1536 ἀνέμων,
583 1501 642 1527 οὐδὲ
659 1501 736 1527 αὐτοὶ
761 1500 831 1527 κατὰ
850 1500 880 1526 τὸ

98 1551 173 1585 ἅγιον
188 1549 300 1584 Ilva-3pc:
314 1548 359 1575 τοῦ
377 1547 452 1574 Θεοῦ.
470 1547 550 1573 Αὐτοὶ
571 1547 625 1581 γὰρ
649 1545 811 1580 ἐκτίσθησαν
822 1566 829 1577 ,
850 1545 879 1571 οὐ

100 1597 189 1631 μέντοι
207 1594 420 1630 ὲξεπορεύθησαν
444 1595 475 1620 ὲκ
488 1594 537 1628 τῆς
556 1593 731 1624 ὑποστάσεως
754 1591 799 1618 τοῦ
813 1591 881 1618 Θεοῦ

99 1643 145 1669 καὶ
165 1641 269 1677 Πατρός
279 1650 285 1656 ·
300 1641 350 1667 οὐκ
364 1639 546 1674 ἀναγεννῶσιν
558 1639 641 1674 ἡμᾶς.
656 1639 687 1665 οὐ
701 1637 881 1669 θεοποιοῦσιν,

101 1686 235 1723 ἁμαρτίας
251 1686 281 1713 οὐ
310 1684 504 1720 συγχωροῦσιν,
533 1685 563 1710 οὐ
583 1684 773 1717 ζωοποιοῦσιν,
789 1684 819 1710 οὐ
834 1684 882 1719 δη-

102 1732 284 1769 μιουργοῦσιν,
299 1731 348 1767 οὐχ
364 1731 531 1766 ἀγιάζουσιν,
543 1731 573 1757 οὐ
591 1730 737 1766 κρίνουσιν,
754 1729 819 1757 ἀλλὰ
838 1730 883 1756 καὶ

101 1779 236 1814 κρίνονται
253 1777 389 1812 (ι’Υμεῐς
415 1786 424 1802 ι
443 1776 507 1811 γὰρ,
529 1776 626 1811 φησιν,
647 1785 656 1800 ι
679 1775 725 1802 καὶ
749 1775 880 1810 ἀγγέλους

101 1825 216 1860 κρινεῖτε
230 1833 239 1848 ι
289 1823 350 1849 Οὐδ’
362 1823 391 1849 ὲν
405 1823 497 1853 αὐτοῖς
522 1822 574 1848 εισι
589 1821 644 1847 τῶν
660 1821 781 1856 οὐρανῶν
795 1821 823 1846 αι
839 1820 884 1846 δυ-

101 1870 205 1905 νάμεις.
222 1869 260 1896 Οὐ
276 1868 367 1900 τόποις
378 1868 447 1894 εἰσὶν
457 1867 640 1903 ἁπερίγραφοι
652 1887 660 1898 ,
676 1866 722 1892 καὶ
735 1866 884 1901 διαστήμα-

103 1922 143 1940 σιν
157 1912 316 1948 ἀμέτρητοι.
337 1911 366 1938 '0
376 1911 430 1946 γὰρ
448 1911 566 1946 Γαϐριὴλ
585 1910 672 1937 λαλῶν
688 1910 726 1945 τῷ
739 1910 847 1946 Δανιὴλ,
866 1910 883 1945 ἦ

103 1958 343 1993 εἷαγγελιζόμενος
357 1957 405 1992 τὴν
418 1956 547 1983 Θεοτόκον
561 1956 708 1992 Παρθένον,
726 1955 773 1991 [59
789 1955 817 1992 ὁ]
835 1955 886 1982 οὐκ

103 2003 135 2040 ἦν
149 2004 195 2030 καὶ
207 2005 236 2030 ὲν
250 2002 355 2039 οὐρανῷ
369 2003 401 2038 τῇ
415 2002 502 2037 οὐσίᾳ,
516 2001 553 2033 ὡς
565 2003 597 2037 τῇ
611 2001 713 2036 διανοίᾳ
723 2010 730 2016 ·
747 2000 814 2028 ἀλλὰ
824 2000 885 2027 τότε

105 2049 148 2075 ἐπὶ
166 2049 217 2084 γῆς
231 2048 346 2084 διέτριϐε
369 2047 458 2083 μόνον.
476 2047 542 2074 Οὐδὲ
558 2048 612 2079 τοῖς
630 2047 725 2074 αἱῶσίν
739 2048 807 2074 εἰσιν
819 2048 886 2073 ἀπε-

105 2095 226 2130 ρίληπτοι
238 2102 245 2109 ·
263 2104 271 2120 ι
296 2094 325 2120 '0
342 2093 426 2120 ποιῶν
447 2103 456 2118 ι
477 2093 541 2128 γὰρ,
558 2093 635 2129 φησὶ,
652 2102 661 2119 I
679 2093 741 2124 τοὺς
755 2092 887 2127 ἀγγέλους

925 194 983 220 qua:
1009 187 1138 221 Spiritum
1166 197 1243 216 stium
1260 209 1269 222 ,
1295 198 1346 218 non
1372 199 1450 219 secus
1482 201 1513 220 ac
1539 194 1704 229 unigenitum

926 229 1054 264 Verbum,
1069 232 1118 258 sibi
1132 233 1262 267 aequalem
1276 235 1326 261 dici
1340 235 1475 264 vultDcus
1490 237 1578 270 Pater,
1590 246 1703 273 eumque

927 275 953 303 in
972 283 1159 304 creaturarum
1178 285 1291 309 numero
1314 288 1366 307 non
1382 289 1450 314 esse,
1467 283 1513 310 sed
1532 283 1611 318 longe
1623 292 1704 318 supra

926 323 986 351 illas
1007 323 1140 351 excellere
1164 330 1320 360 asseverat;
1334 335 1385 361 qua
1407 330 1488 356 etiam
1507 330 1539 357 de
1556 337 1636 357 causa
1666 336 1707 358 ter

925 369 953 396 in
969 369 1079 404 trisagio
1093 375 1202 397 sanctus
1215 372 1368 400 nominatur
1380 382 1387 400 :
1403 374 1541 407 Quomodo
1551 379 1649 410 potest,
1661 377 1704 403 iu-

925 415 1019 449 quiimt
1036 436 1043 448 ,
1071 416 1188 450 Spiritus
1213 423 1322 445 sanctus
1340 425 1400 446 esse
1423 419 1540 454 Spiritus
1563 421 1634 449 illius
1657 422 1705 456 qui

925 464 967 488 est
980 461 1115 494 Spiritus?
1129 462 1176 489 Ast
1189 462 1240 490 hoc
1255 463 1280 490 in
1297 464 1444 499 Scripturis
1465 465 1591 494 alIirmari
1614 472 1704 495 osten-

897 520 902 526 -
925 513 985 533 sum
1000 511 1050 534 est.
1073 507 1131 540 Qua
1146 513 1233 536 autem
1256 510 1359 537 ratione
1374 511 1398 537 id
1414 511 1475 544 liat,
1491 512 1639 546 intelligere
1652 521 1706 540 non

926 552 1045 580 valemus
1062 565 1068 580 :
1088 555 1193 581 excedit
1215 555 1286 582 enim
1311 556 1362 583 hoc
1382 561 1497 584 mentem
1527 563 1552 584 ct
1572 559 1706 585 rationem

927 603 1058 630 nostram,
1076 598 1129 625 into
1142 600 1221 626 etiam
1243 601 1397 634 angelorum
1422 603 1612 636 cognitionem.
1637 604 1704 630 Nam

926 643 996 671 sicut
1021 651 1080 670 cum
1109 641 1165 679 ipse
1185 645 1263 672 Pater
1277 651 1350 673 esset
1374 646 1508 680 Spiritus,
1537 649 1643 682 genitus
1672 657 1705 675 es

926 689 985 723 ipso
997 689 1047 716 fuit
1057 689 1126 717 Deus
1141 689 1279 723 Verbum;
1301 692 1336 718 ita
1352 700 1384 719 ex
1407 693 1482 726 ipso,
1511 699 1539 720 et
1561 701 1620 721 cum
1649 694 1708 728 ipso

925 735 1012 762 eluxit
1039 735 1157 770 Spiritus
1177 741 1296 764 sanctus.
1316 737 1353 764 Ex
1372 745 1404 764 eo
1433 744 1521 765 autem
1538 739 1705 772 potissimum

927 785 1038 815 apparet
1051 781 1106 816 (τι)
1132 781 1204 807 illum
1227 789 1286 809 esse
1302 783 1619 817 incmnpn-bensihilem,
1634 786 1706 819 quod

927 827 950 853 ci
966 827 990 853 id
1006 826 1131 861 p05sibile
1150 827 1197 859 sit,
1217 829 1287 862 quod
1303 833 1434 856 creatum
1451 835 1478 857 et
1495 830 1601 857 videtur
1617 836 1643 857 et
1665 836 1705 857 est

928 871 1092 905 impossibile
1108 871 1311 907 (75).Alioquin
1330 881 1446 907 quanam
1478 875 1503 901 in
1534 883 1561 902 re
1586 875 1707 902 diii'erret

929 923 1022 943 natura
1047 925 1134 944 cansze
1161 922 1206 944 aut
1229 917 1353 952 principii
1370 926 1465 952 expers
1483 939 1491 950 ,
1515 927 1546 946 ac
1570 919 1709 947 viviﬁcaris

928 969 943 988 a
969 966 1063 988 natura
1088 969 1177 989 creata
1197 967 1277 996 atque
1305 962 1458 990 viriticata?
1474 963 1529 990 Non
1556 969 1642 997 potest
1660 972 1709 990 an-

929 1012 981 1034 ten-
998 1008 1114 1041 Spiritus
1134 1015 1185 1034 non
1213 1016 1272 1035 esse
1298 1009 1535 1036 consubstantialis
1566 1014 1593 1036 et
1620 1017 1708 1044 aequa-

928 1054 962 1080 lis
985 1053 1021 1080 illi
1040 1061 1072 1080 ex
1090 1061 1143 1088 quo
1155 1054 1263 1080 exsistit
1282 1055 1417 1088 :ideoque
1436 1059 1478 1081 est
1506 1055 1587 1081 etiam
1614 1061 1708 1083 natura

929 1104 1047 1126 sanctus.
1064 1098 1188 1134 Nunquid
1213 1107 1278 1135 ergo
1299 1101 1385 1134 angeli
1412 1101 1547 1135 (inquiunt
1569 1100 1638 1137 [76])
1657 1109 1709 1128 non

928 1144 1094 1176 suntaDeo,
1109 1152 1157 1171 nec
1180 1145 1282 1176 sancti,
1310 1152 1360 1171 nec
1387 1145 1496 1179 spiritus
1525 1146 1590 1172 Dei?
1611 1147 1677 1172 Sunt
1693 1154 1708 1171 a

932 1189 996 1223 Duo,
1013 1194 1146 1224 quatenus
1167 1189 1243 1224 jussu
1263 1190 1346 1224 ipsius
1363 1190 1424 1217 l‘acti
1450 1195 1522 1222 sunt,
1536 1191 1627 1218 utalia
1652 1199 1706 1218 om-

931 1235 994 1262 nia:
1023 1235 1107 1262 sancti
1142 1241 1230 1261 autetn
1260 1240 1341 1267 sunt,
1381 1240 1521 1270 postquam
1551 1235 1709 1262 sanctificati

930 1288 1011 1314 sunt,
1035 1287 1062 1308 ut
1093 1282 1232 1314 homines;
1261 1281 1370 1315 spiritus
1393 1289 1456 1308 vero
1473 1287 1550 1315 sunt,
1579 1287 1712 1316 quatenus

931 1331 1054 1361 respectu
1068 1332 1191 1354 nostrum
1202 1331 1266 1354 sunt
1278 1327 1440 1361 incorporei.
1456 1330 1491 1354 At
1511 1335 1641 1361 nusquam
1663 1335 1710 1354 ro-

930 1373 983 1399 cati
1008 1371 1114 1399 fuerunt
1133 1373 1245 1406 spiritus
1261 1372 1318 1405 Dei,
1341 1378 1386 1400 aut
1401 1381 1432 1400 ex
1448 1373 1518 1405 Deo,
1552 1378 1599 1400 aut
1617 1381 1712 1408 proce-

933 1418 1054 1445 deutesa
1070 1416 1160 1449 Patre,
1176 1421 1221 1444 aut
1247 1417 1340 1449 divini,
1366 1423 1412 1445 aut
1437 1418 1547 1452 spiritus
1571 1419 1710 1450 veritatis,

893 1474 914 1501 ε
933 1468 979 1490 aut
1005 1463 1114 1497 spiritus
1137 1463 1287 1490 sanctitatis
1307 1471 1314 1490 :
1338 1464 1384 1491 sed
1410 1464 1496 1499 angeli
1526 1465 1711 1492 ministrantes

932 1512 978 1535 aut
997 1508 1163 1539 servientes,
1190 1513 1218 1534 ct
1242 1516 1354 1543 corpora
1382 1509 1511 1542 coelestia,
1540 1517 1572 1536 eo
1588 1510 1658 1542 quod
1677 1512 1712 1536 at»

933 1553 1011 1589 133
1028 1553 1147 1580 inrreato
1162 1553 1207 1580 Dei
1223 1553 1323 1588 Spiritu
1344 1555 1369 1581 in
1384 1554 1516 1581 inﬁnitum
1537 1555 1646 1587 distent,
1664 1563 1710 1582 eo-

932 1607 984 1640 qu.e
1010 1598 1151 1626 inferiores
1172 1599 1225 1626 sint
1244 1599 1320 1632 juxta
1348 1601 1462 1634 peritum
1482 1600 1651 1634 Apostolum,
1667 1602 1713 1635 qui

932 1645 1044 1672 scribit:
1063 1653 1072 1670 t
1090 1644 1207 1679 Corpora
1230 1645 1286 1680 (77)
1311 1649 1435 1677 terrena,
1459 1650 1485 1672 et
1506 1653 1617 1680 corpora
1633 1647 1714 1674 cccle-

933 1690 995 1718 stia.
1015 1700 1024 1715 ι
1042 1690 1116 1717 Sicut
1135 1691 1207 1718 enim
1237 1691 1300 1725 ipsis
1322 1691 1423 1717 similes
1443 1699 1494 1718 non
1518 1697 1581 1718 sunt
1604 1692 1714 1726 spiritus

931 1740 1084 1767 ventorum,
1102 1735 1140 1763 sic
1159 1743 1192 1762 ne
1205 1735 1255 1770 ipsi
1271 1735 1377 1768 quidem
1398 1740 1461 1763 sunt
1483 1736 1585 1763 similes
1603 1737 1714 1771 Spirinxi

933 1786 1026 1808 saneto
1042 1781 1099 1808 Dei.
1115 1781 1181 1807 Nam
1199 1781 1247 1816 ipsi
1267 1781 1375 1816 quidem
1392 1781 1475 1808 creati
1492 1787 1570 1810 sunt:
1596 1787 1714 1809 attamen

932 1834 966 1854 ex
981 1826 1119 1862 hypostasi
1140 1825 1186 1853 Dei
1207 1830 1234 1852 et
1254 1825 1343 1852 Patris
1360 1833 1413 1852 non
1436 1830 1635 1860 processerunt,
1661 1834 1716 1853 nou

934 1877 1095 1907 regenerant
1111 1878 1171 1903 nos,
1187 1878 1238 1897 non
1253 1869 1355 1897 faciunt
1371 1870 1439 1897 tilios
1454 1870 1512 1903 Dei,
1529 1875 1637 1906 peccata
1661 1879 1714 1898 non

934 1916 1085 1947 remittunt,
1099 1923 1152 1942 non
1168 1915 1316 1946 viviﬁcant,
1335 1923 1387 1941 non
1402 1919 1506 1947 creant,
1521 1922 1573 1944 nou
1596 1916 1719 1942 sanctilio

934 1965 1007 1992 cant,
1037 1967 1089 1987 non
1116 1958 1251 1992 indicant,
1276 1959 1354 1985 sede
1376 1960 1515 1986 contrario
1539 1959 1715 1993 iudicantur:

936 2006 958 2041 (ι
975 2004 1029 2032 Vos
1056 2014 1065 2030 ι
1083 2005 1166 2037 enim,
1190 2003 1277 2038 inquit
1291 2003 1346 2039 (78)
1360 2003 1510 2038 Scriptura,
1530 2013 1541 2030 ι
1563 2004 1645 2031 etiam
1669 2013 1717 2031 an-

936 2051 1009 2086 gelos
1022 2049 1216 2084 iudicabitisa)
1230 2048 1284 2076 Nec
1307 2049 1332 2075 in
1348 2049 1413 2083 ipsis
1431 2054 1493 2076 sunt
1517 2049 1572 2084 (79)
1586 2050 1717 2077 cmlorum

936 2097 1063 2128 virtutes,
1093 2103 1140 2122 seu
1161 2100 1318 2130 potestates.
1337 2093 1391 2121 Non
1405 2100 1466 2121 sunt
1481 2095 1548 2123 locis
1574 2096 1720 2123 incircum-

105 2138 185 2166 αὑτοῦ
204 2139 355 2173 πνεύματα,
383 2138 429 2164 καὶ
453 2138 515 2169 τοὺς
538 2137 710 2173 λειτουργοὺς
734 2136 815 2163 αὑτοῦ
832 2136 879 2173 πῦε

939 2141 1042 2176 scripti,
1059 2149 1108 2168 nec
1134 2139 1268 2167 distantiis
1289 2140 1433 2167 immensi:
1461 2148 1522 2167 nam
1541 2140 1648 2168 Gabriel
1668 2143 1717 2168 Dil-

106 2185 210 2219 φλέγον.
227 2195 236 2210 ι
259 2185 313 2219 Οὐχ
325 2184 353 2210 ἓν
365 2193 390 2210 τι
405 2183 457 2210 τῶν
481 2184 629 2218 γινομένων
647 2183 721 2220 παρὰ
742 2183 789 2210 τοῦ
805 2183 884 2218 ἁγίου

106 2230 260 2264 Πνεὺματος
275 2228 403 2261 ποιοῦσιν,
418 2227 484 2255 ἀλλὰ
509 2229 554 2256 καὶ
577 2229 776 2264 λειτουργοῦσιν
799 2229 883 2264 αὐτῷ,

105 2276 141 2308 ὡς
153 2275 250 2309 ἔδειξεν
273 2276 288 2302 ὁ
310 2275 477 2311 ἀρχάγγελος
494 2275 512 2301 Γ
514 2274 611 2311 αὸριὴλ
624 2295 631 2306 ,
656 2274 883 2310 διακονησάμενος

140 2367 195 2402 (75)
216 2367 339 2401 Apparet.
355 2366 407 2393 Pro
422 2366 575 2402 δείκνυσθαι
600 2367 744 2402 legendum
769 2365 884 2394 fortasse

106 2403 258 2430 δείκνυται⁸
287 2403 338 2428 nisi
363 2403 423 2435 quis
445 2401 498 2427 ἀπὺ
524 2401 613 2428 κοινοῦ
637 2402 781 2428 sulmudire
807 2403 883 2428 malit

106 2437 229 2471 superius
245 2436 308 2464 illud
327 2436 476 2469 δέδεικται,
493 2437 562 2470 quod
579 2443 668 2463 tamen
690 2437 766 2463 valde
781 2436 877 2463 durum

107 2473 184 2500 foret.

141 2507 196 2539 (73')
214 2507 386 2540 Imliassibile.
400 2505 492 2532 Matth.
509 2514 564 2537 xix.
575 2506 621 2536 26.
633 2511 660 2532 et
669 2505 733 2532 Luc.
748 2513 825 2537 xvut,
835 2505 882 2532 27.

141 2542 195 2576 (76)
205 2541 398 2576 Inquiunt.Qui
413 2541 540 2575 Spit-itum
554 2546 675 2568 sanctum
690 2541 812 2575 angelum
825 2548 885 2568 esse

125 2581 209 2604 tttattl.

107 2585 367 2645 p'ltliilii'CorparaJ
394 2610 457 2637 Cor.
487 2617 540 2643 xv,
569 2609 615 2636 40.
647 2609 739 2636 Plures
756 2616 787 2636 ex
812 2614 885 2636 vetu-

106 2648 156 2674 Itis
171 2644 294 2673 Patribus
316 2654 429 2679 cornum
453 2645 566 2678 alicujus
592 2646 697 2679 generis
722 2645 825 2678 angelis
837 2644 885 2670 tri-

107 2681 207 2711 buisse,
222 2685 319 2710 norunt
335 2681 464 2714 theologi.~
485 2689 494 2705 ι
510 2681 656 2713 Corporum
672 2689 682 2706 ι
705 2687 768 2706 vero
786 2688 795 2704 ι
808 2680 889 2706 catla-

107 2718 185 2744 Ilium
199 2725 207 2741 ι
226 2716 353 2743 vocabulo
365 2716 407 2741 alii
425 2717 450 2742 in
468 2716 517 2742 hoc
528 2715 603 2741 Pauli
616 2714 886 2745 locosolemenam,

109 2751 198 2777 stellas
216 2751 381 2784 intellexere.
399 2755 426 2776 ut
447 2750 624 2784 Hieronymus
648 2749 674 2776 in
703 2750 771 2776 libro
797 2754 886 2776 contra

109 2785 235 2812 Juannem
248 2783 505 2819 Jerosolymimimm.

938 2187 1036 2214 nielem
1051 2186 1189 2221 alloquens
1200 2206 1207 2217 ,
1224 2189 1270 2212 aut
1288 2185 1408 2220 Deiparaa
1421 2185 1522 2221 Virgini
1543 2187 1719 2218 annuntians,

938 2238 990 2257 non
1013 2236 1072 2258 erat.
1089 2232 1171 2258 etiam
1190 2232 1216 2258 in
1237 2231 1307 2258 uelo
1321 2231 1449 2264 essentia,
1463 2232 1534 2258 sient
1547 2237 1656 2265 mente;
1672 2233 1721 2260 sed

938 2276 964 2303 in
983 2281 1054 2304 terra
1069 2277 1200 2304 duntaxat
1221 2281 1284 2304 tunc
1309 2277 1423 2311 degebat
1449 2276 1514 2312 (80).
1545 2277 1636 2312 Neque
1657 2284 1718 2306 sunt

971 2365 1025 2400 (78)
1039 2365 1162 2399 loqui/.1
1194 2365 1256 2392 Cor.
1287 2373 1324 2398 VI,
1349 2366 1376 2393 5.
1403 2365 1495 2392 Grmca
1517 2366 1599 2392 editio
1623 2366 1719 2393 habet:

934 2402 991 2427 υὺκ
1005 2401 1103 2432 οἴδατε,
1122 2401 1164 2427 ὅτι
1188 2401 1319 2434 ἀγγέλους
1342 2400 1506 2436 κρινοῦμενς
1533 2401 1557 2427 id
1584 2407 1633 2433 est,
1654 2411 1662 2426 t
1678 2401 1719 2429 An

936 2437 1052 2465 nescitis.
1071 2438 1143 2470 quod
1160 2438 1268 2470 angelos
1280 2435 1461 2469 iudicabimus
1473 2435 1484 2462 ’Ξ
1497 2446 1506 2461 ι

972 2491 1025 2526 (79)
1042 2491 1097 2518 Nec
1111 2492 1136 2518 in
1156 2492 1220 2524 ipsis
1229 2497 1299 2518 sunt.
1317 2492 1443 2518 Eamdem
1460 2491 1622 2519 locutionum
1640 2491 1718 2518 habet

936 2527 1017 2553 etiam
1035 2534 1118 2561 segni.
1145 2526 1178 2553 69
1193 2535 1218 2552 ιι.
1243 2528 1284 2552 An
1306 2527 1412 2560 respicit
1441 2526 1503 2552 illud
1525 2526 1639 2553 Psaltis:
1666 2535 1674 2551 ι
1691 2527 1720 2552 Et

938 2562 1032 2595 spiritu
1047 2562 1103 2587 oris
1121 2561 1178 2595 ejus
1195 2569 1289 2588 omnes
1301 2561 1414 2589 virtutes
1435 2561 1547 2587 eorum?
1563 2570 1572 2587 ι
1597 2562 1636 2588 An
1659 2568 1722 2587 vero

940 2597 1027 2630 potius
1043 2597 1105 2632 illud
1124 2606 1129 2623 :
1154 2607 1162 2621 ι
1177 2596 1208 2623 Ει
1229 2598 1290 2628 hoc,
1310 2596 1383 2632 quod
1401 2597 1520 2624 continet
1538 2597 1639 2627 omnia,
1655 2604 1665 2620 )
1695 2599 1724 2622 et

940 2631 1063 2664 reliqua?

975 2676 1031 2713 (80)
1050 2676 1081 2703 In
1095 2682 1163 2713 terra
1178 2677 1308 2713 dunlaaal
1326 2681 1386 2703 tunc
1407 2676 1522 2710 (legebat.
1549 2674 1642 2713 Aliinia
1666 2679 1720 2707 ιιυιι

941 2711 993 2742 his,
1019 2718 1072 2738 tum
1092 2712 1124 2737 iis
1143 2720 1202 2746 qua:
1220 2711 1297 2745 patilo
1314 2717 1373 2746 post
1391 2716 1550 2746 sequentur,
1576 2712 1720 2737 dictaverat

942 2747 1068 2781 Didymus
1083 2747 1108 2772 in
1129 2747 1197 2773 libro
1221 2747 1257 2772 De
1286 2746 1333 2780 Sp.
1358 2745 1399 2777 S.,
1416 2753 1489 2770 Ittllli.
1517 2745 1551 2771 ϐε
1578 2752 1722 2781 quatient“

942 2779 1015 2808 utitia
1032 2781 1108 2808 nobis
1124 2788 1183 2808 mox
1203 2782 1290 2808 futura
1303 2782 1365 2813 sint,
1384 2787 1471 2813 operae
1485 2782 1599 2814 pretium
1615 2780 1667 2806 erit
1681 2779 1724 2808 hic
