1917 3064
218 112 265 142 ιθι

845 112 962 141 οιογξιιι
982 113 1001 140 Α

1060 114 1216 141 {ANDRINI
1805 117 1851 144 Ηἷὲ

218 171 302 198 verba
324 175 475 206 repetentes
491 171 615 207 inquiunt
633 182 639 200 :
669 173 739 200 Deus
758 172 874 200 Verbum
895 178 1005 201 vocatus

1060 171 1272 206 ἁναστρέφοντε,
1300 170 1429 203 πολλάκις
1456 171 1490 198 τὰ
1514 171 1584 198 αὐτὰ
1609 172 1735 207 ῥήματα,
1755 174 1850 207 φασίν

218 223 262 246 est
281 217 451 253 Unigenitus,
473 218 536 253 quia
554 217 673 253 Spiritus
688 223 798 246 sanctus
812 226 843 247 ex
866 219 1004 254 hypostasi

219 261 307 290 Patris
321 270 373 290 non
388 263 517 290 exsistit:
543 263 662 298 alioquin
687 265 743 299 ipse
758 264 867 299 quidem
891 270 1004 293 vocatus

219 315 272 335 non
287 307 381 335 fuisset
394 306 567 342 Unigenitus;
587 308 704 344 Spiritus
719 317 784 338 vero
797 314 908 338 sanctus
926 318 1005 337 voca-

219 358 262 381 tus
278 353 372 381 fuisset
388 354 472 389 ipsius
493 354 577 383 frater
601 355 651 391 (3).
671 355 708 383 lta
728 347 836 391 quidem
860 356 897 383 illi
919 356 1005 383 disse-

218 405 291 432 runt,
315 407 346 428 ac
377 401 482 436 seipsos
507 401 625 436 produnt
648 402 689 429 vel
717 402 768 430 sibi
797 402 862 437 ipsis
890 402 1006 430 dissimi-

219 446 258 473 les
275 447 325 481 (4),
344 447 415 474 sicut
429 448 469 475 eis
480 447 619 476 dissimilis
640 453 682 475 est
699 449 811 476 veritas.
832 449 1005 483 Unigenitum

218 492 287 519 dixit
313 492 454 527 Scriptura
480 492 588 525 Filium,
613 498 668 520 tum
695 494 758 529 quia
784 494 857 522 solus
872 502 905 521 ex
923 495 1006 530 hypo-

217 539 283 565 stasi
299 537 388 566 Patris
412 539 517 574 genitus
539 538 600 571 fuit,
626 547 677 567 non
702 548 766 568 vero
789 541 930 575 processit,
952 541 1006 568 sie-

217 589 246 610 nt
275 583 391 617 Spiritus
415 589 541 617 sanctus;
569 588 624 612 tum
655 585 718 621 quia
747 586 893 613 excludere
920 586 1006 614 voluit

218 629 406 659 haereticorum
434 629 640 664 blasphemias,
667 631 714 666 qui
738 639 799 659 eum
828 631 922 659 dicunt
947 639 1006 659 esse

218 680 383 709 creaturam,
410 679 438 702 et
456 674 551 707 ﬁlium,
577 675 647 703 sicut
669 684 719 704 nos
745 684 849 704 sumus.
876 675 1005 711 Spiritum

218 727 307 748 autem
325 725 448 749 sanctum
467 722 505 750 ait
519 721 658 757 Scriptura
678 731 761 750 unum
776 729 804 750 et
823 723 913 751 solum
934 731 1006 755 esse,

219 771 274 793 tum
291 767 353 801 quia
364 767 444 795 unico
458 768 497 803 (5)
513 769 642 803 quodam,
658 773 686 796 et
700 769 832 804 singulari
850 769 930 796 modo
948 769 1007 802 ipse

217 811 349 851 processit
367 819 400 839 ex
419 812 465 839 Dei
477 817 511 842 νει
533 812 620 839 Patris
637 813 784 848 hypostasi,
801 820 854 840 non
880 820 945 847 vero
959 820 1006 847 ge-

1057 217 1211 253 Μονογενὴς
1239 216 1340 253 ἐκλήθη
1366 219 1380 244 ό
1408 217 1475 249 Θεὸς
1492 217 1588 251 Λόγος,
1614 217 1713 253 ἐπειδὴ
1727 218 1757 245 τὺ
1780 219 1851 252 ἅγιον

1058 262 1171 297 Πνεῦμα
1183 262 1232 288 οὐκ
1248 256 1281 288 ἐκ
1295 262 1344 297 τῆς
1368 263 1543 295 ὑποστάσεώς
1565 264 1639 289 ἐστιν
1670 263 1720 289 τοῦ
1741 264 1849 300 Πατρός.

1064 306 1139 333 Ἐπεὶ
1156 306 1239 338 αὐτὸς
1266 307 1316 341 μὲν
1342 307 1393 334 οὐκ
1417 307 1450 334 ἂν
1475 307 1571 343 ἐλέχθη
1593 309 1771 344 Μονογενὴς,
1785 310 1851 337 τὸδὲ

1057 352 1135 387 ἅγιον
1168 352 1282 388 Πνεῦμα
1313 353 1521 389 προσηγορεύθη
1550 353 1583 381 ἂν
1613 354 1733 389 ἀδελφὸς
1764 355 1852 384 αὑτοῦ.

1063 399 1176 426 Ἐκεῖνοι
1190 399 1239 434 μὲν
1254 399 1351 432 οὕτως,
1366 400 1412 426 καὶ
1423 399 1491 435 προς
1508 400 1621 432 ἑαυτοὺς
1633 401 1852 436 ἀνομοιούμενοι,

1056 446 1072 480 ὴ
1088 445 1117 472 δὲ
1131 445 1245 481 ἀλήθεια
1257 445 1325 480 πρὸς
1337 445 1445 477 αὐτούς.
1462 445 1617 481 Μονογενὴς
1629 446 1800 481 γέγραπται,
1814 447 1854 473 διὰ

1057 499 1086 518 τε
1103 491 1134 531 τὸ
1149 491 1229 527 μόνον
1241 491 1404 526 γεννηθῆναι
1418 492 1450 517 ἐκ
1465 490 1515 526 τῆς
1534 491 1717 523 ὑποστάσεως
1730 492 1777 518 τοῦ
1803 493 1854 519 Πα-

1056 536 1131 573 τρὸς,
1146 537 1192 563 καὶ
1209 536 1246 572 μὴ
1259 536 1470 572 ὲκπορευθῆναι,
1486 536 1523 568 ὡς
1536 536 1566 562 τὸ
1579 536 1658 570 ἅγιον
1671 536 1800 572 Πνεῦμα·
1814 538 1853 565 διά

1056 591 1086 609 τε
1102 582 1132 609 τὸ
1151 583 1344 610 ἀποκλείεσθαι
1359 582 1409 614 τὰς
1425 582 1600 618 βλασφημίας
1626 583 1790 618 αἱρετικῶν,
1815 582 1854 609 λε-

1057 629 1159 662 γόντων
1172 629 1254 656 αὐτὸν
1269 629 1372 665 κτίσμα
1387 629 1434 656 καὶ
1447 629 1513 661 υἱὸν,
1529 628 1567 660 ὡς
1589 628 1677 664 ἐσμεν
1693 629 1786 664 ἡμεῖς.
1804 629 1854 656 Καὶ

1057 675 1087 701 τὸ
1102 674 1179 709 ἅγιον
1194 674 1222 701 δὲ
1242 674 1354 710 Πνεῦμα
1371 675 1400 701 ἓν
1420 675 1468 701 καὶ
1485 674 1564 709 μόνον
1583 673 1654 701 εἷναι
1681 674 1834 710 γέγραπται
1846 694 1852 706 ,

1057 721 1101 748 διά
1115 730 1143 747 τε
1158 720 1189 747 τὸ
1204 721 1315 752 ὲνιαίως
1329 721 1378 747 καὶ
1395 721 1482 756 μόνως
1494 721 1560 747 αὐτὸ
1574 722 1605 747 ὲκ
1617 721 1670 756 τῆς
1685 721 1854 751 ὑποστάσεως

1057 767 1104 793 τοῦ
1117 767 1185 793 Θεοῦ
1200 767 1247 793 καὶ
1264 766 1371 802 Πατρὸς
1383 766 1591 802 ἐκπορευθῆναι,
1604 767 1652 793 καὶ
1671 767 1710 803 μὴ
1725 766 1853 801 γεννηθῆ-

1058 822 1113 842 ναι,
1128 812 1164 844 ὡς
1180 813 1194 838 ὁ
1212 812 1273 844 Υἱός
1286 820 1293 826 ⁵
1306 812 1350 839 διά
1366 821 1396 839 τε
1423 813 1453 839 τὸ
1475 813 1511 848 μὴ
1528 813 1641 848 κτίσμα.
1673 813 1714 844 ὼς
1742 812 1777 839 τὰ
1792 812 1854 839 ἄλλα

217 857 289 885 nitus
305 862 364 891 est,
383 858 453 886 sicut
476 858 579 885 Filius:
601 863 656 885 tum
670 859 750 886 etiam
770 867 804 886 ne
826 859 1004 894 suspicemur,

1060 858 1210 893 πνεύματα,
1234 859 1416 885 ὑπονοεῖσθαι.
1447 858 1483 885 Τὸ
1499 858 1553 893 γὰρ
1567 858 1595 884 ἓν
1621 857 1687 885 οὔτε
1718 858 1855 889 ἀλλότριόν

216 911 278 931 eum
293 911 353 932 esse
365 909 528 936 creaturam,
542 910 572 932 ut
586 909 650 932 sunt
664 905 708 932 alii
732 906 854 941 spiritus.
875 906 941 933 Nam
959 907 1004 940 qui

216 954 258 976 est
274 958 345 977 unus
359 949 478 986 Spiritus
496 950 548 986 (6),
566 951 671 979 alienus
699 959 752 979 non
777 956 818 979 est
837 951 871 979 ab
886 952 1005 979 essentia

217 995 316 1028 Patris,
332 1004 422 1031 neque
437 997 470 1025 ab
486 997 590 1025 unitate
608 997 692 1032 illius,
715 998 786 1032 quod
802 1005 883 1024 unum
899 1002 951 1031 est,
964 1005 1006 1026 se-

214 1042 346 1077 jungitur,
374 1043 420 1070 sed
437 1051 519 1071 unum
545 1051 607 1071 cum
632 1051 664 1071 eo
683 1048 749 1071 est:
771 1051 858 1079 neque
882 1048 1004 1078 respectu

217 1089 289 1127 illius
309 1094 357 1115 aut
374 1089 472 1121 minor,
489 1089 662 1124 subjectusve
679 1094 732 1122 est,
751 1094 797 1116 aut
816 1089 898 1116 alium
914 1089 1003 1121 habet,

217 1136 262 1169 qui
275 1135 487 1168 connaturalior,
502 1137 640 1170 magisque
650 1143 712 1164 cum
725 1136 799 1163 illius
807 1136 926 1163 essentia
941 1143 1006 1163 con-

216 1183 326 1217 junctus
341 1183 387 1216 sit,
406 1187 453 1209 aut
469 1183 524 1210 Deo
538 1183 717 1218 propinquior
732 1192 739 1210 :
758 1189 846 1216 neque
861 1186 948 1216 potest
964 1181 1003 1217 (Τ)

218 1233 264 1255 aut
275 1235 405 1256 numerus
416 1228 519 1259 vocari,
535 1235 595 1255 cum
615 1228 750 1262 pertineat
764 1228 797 1254 ad
812 1227 945 1254 unitatem
960 1234 1004 1254 es-

218 1274 322 1307 sentizc,
336 1279 383 1300 aut
403 1273 474 1300 inter
491 1281 534 1300 res
561 1273 707 1307 productas
736 1273 874 1305 collocari,
905 1274 1005 1309 quippe

218 1319 262 1354 qui
279 1326 331 1346 una
339 1326 400 1346 cum
412 1317 504 1352 Patre,
516 1324 542 1345 et
553 1318 622 1346 Filio
634 1319 754 1346 omniutn
777 1327 866 1346 rerum
881 1320 1006 1347 conditor

218 1369 271 1393 est.
286 1364 384 1399 Nequit
398 1371 463 1399 ergo
477 1372 546 1392 untts
557 1369 668 1391 sanctus
679 1363 797 1399 Spiritus
809 1369 855 1391 aut
867 1364 949 1392 unius
957 1364 1006 1391 Pa-

218 1411 278 1444 tris,
297 1411 410 1438 unitISVe
429 1410 490 1438 Filii
516 1418 576 1438 esse
600 1410 753 1442 dissimilis,
775 1415 822 1437 aut
839 1409 1005 1438 multitudini

217 1456 361 1492 spirituum
382 1456 489 1483 similis.
529 1454 761 1488 Quemadmodum
786 1455 857 1482 enim
883 1454 1006 1490 quamvis

219 1509 289 1529 unus
321 1502 356 1528 sit
386 1501 455 1529 Deus
487 1505 515 1528 et
546 1500 648 1532 Pater,
689 1505 716 1527 et
745 1508 815 1528 unus
839 1500 926 1527 Filius
959 1507 1005 1526 ve-

219 1555 274 1580 rus,
291 1547 372 1582 139
385 1555 479 1574 omnes
496 1552 597 1579 tamen,
611 1546 656 1581 qui
669 1546 701 1573 ad
719 1545 777 1580 ejus
793 1545 937 1580 imaginem
960 1552 1006 1572 su-

218 1601 289 1626 mus,
303 1593 339 1620 dii
351 1598 378 1620 et
398 1593 444 1619 lilii
461 1592 496 1619 ob
528 1592 601 1619 illius
627 1592 774 1619 bonitatem
805 1596 833 1618 et
857 1591 1006 1618 liberalita-

219 1644 284 1671 tem,
300 1639 361 1666 licet
378 1637 464 1672 reipsa
480 1645 531 1664 non
549 1638 646 1670 simus,
680 1637 768 1663 vocati
795 1637 904 1669 fuimus,
928 1636 1004 1671 juxta

219 1685 295 1716 illud,
312 1693 321 1710 ι
343 1684 399 1719 Ego
417 1683 471 1711 dixi
487 1684 525 1719 (8)
542 1691 549 1709 :
567 1683 606 1710 Dii
629 1683 707 1715 estis,
720 1687 748 1709 et
759 1682 806 1709 lilii
822 1682 926 1710 Excelsi
949 1689 1006 1710 ow-

220 1738 268 1758 nes
278 1739 284 1762 ;
293 1740 302 1757 ι
319 1730 355 1757 ita
365 1730 416 1757 etsi
428 1737 498 1756 unus
511 1729 546 1756 sit
559 1734 585 1756 et
599 1729 672 1756 solus
686 1729 803 1763 Spiritus
812 1733 924 1756 sanctus
935 1729 1006 1755 veri-

221 1774 293 1805 tatis,
309 1773 385 1800 mttlti
402 1777 492 1799 tamen
511 1772 624 1806 spiritus
638 1771 777 1802 dicttntnr,
793 1771 838 1805 qui
866 1778 919 1797 non
944 1774 1007 1797 sunt

219 1824 316 1847 natura
333 1818 450 1853 Spiritus
462 1817 520 1844 Dei.
535 1817 619 1844 Porro
640 1815 678 1851 (9)
693 1816 811 1843 haeretici
824 1815 891 1842 nihil
914 1815 947 1842 de
974 1822 1006 1842 eo

219 1864 338 1898 solliciti,
355 1869 383 1891 ut
397 1863 497 1891 divinis
514 1862 646 1898 theologis
662 1866 843 1889 consentanea
858 1861 950 1888 dicere
964 1861 1006 1887 vi-

218 1911 343 1943 deantur,
356 1910 411 1938 alia
419 1917 527 1945 quoque
541 1908 637 1936 allerre
650 1915 702 1935 non
718 1912 845 1934 verentur
857 1907 933 1934 valde
945 1914 1007 1941 per-

219 1956 333 1984 niciosa.
349 1955 441 1990 Neque
454 1963 518 1983 vero
541 1954 675 1990 quispiam
697 1958 841 1988 antequam
868 1953 894 1980 id
916 1959 1005 1985 omne,

219 2002 291 2037 quod
322 2002 443 2029 dicturus
480 2009 550 2034 sum,
579 2001 710 2032 audierit,
738 2007 781 2027 tne
810 1999 1005 2034 reprehendat,

219 2050 292 2083 quod
307 2047 458 2083 perniciosa
471 2055 564 2074 vocem
581 2054 640 2081 quae
656 2045 692 2073 illi
710 2044 844 2073 aﬂ‘erunt:
862 2052 909 2072 eos
933 2044 1005 2072 enini

219 2092 260 2120 sic
274 2092 348 2127 loqui
361 2091 683 2126 comperiet,utillorutn
713 2091 833 2117 virorum
865 2089 947 2116 menti
975 2097 1006 2115 ac

220 2138 361 2165 sententiae
384 2137 526 2164 manifesto
551 2141 713 2172 repugnent,
742 2137 787 2171 qui
817 2136 872 2164 Deo
899 2135 1007 2163 alnattle

220 2183 364 2218 scripsere,
381 2183 481 2218 quique
497 2183 596 2210 donum
612 2182 662 2210 hoc
675 2190 690 2209 a
706 2181 763 2210 Deo
790 2181 951 2215 habuerunt,
977 2186 1006 2208 ut

1057 905 1115 930 ἐστι
1131 904 1161 929 τὸ
1177 903 1287 938 Πνεῦμα
1309 903 1359 938 τῆς
1373 903 1467 936 οὐσίας
1489 903 1535 930 τοῦ
1554 904 1674 939 Πατρὸς.
1691 903 1755 930 οὔτε
1767 903 1854 938 διώρι-

1058 960 1118 978 σται
1138 951 1188 985 τῆς
1200 951 1267 986 πρὸς
1280 950 1310 977 τὸ
1324 951 1352 976 ἓν
1371 950 1495 982 ὲνώσεως
1508 958 1514 965 ·
1535 949 1597 977 οὔτε
1626 951 1699 986 πρὸς
1717 951 1814 981 ἐκεῖνο,
1836 949 1852 984 ἢ

1057 996 1153 1032 ὕφεσιν
1167 996 1233 1032 ἔχει,
1246 997 1261 1032 ἢ
1278 996 1324 1033 [61
1346 997 1379 1032 α]
1394 997 1474 1024 ἄλλον
1489 997 1586 1023 ἑαυτοῦ
1608 997 1713 1032 μᾶλλον
1738 996 1854 1032 συμφυέ-

1057 1051 1161 1078 στερον,
1179 1043 1195 1078 ῆ
1210 1042 1336 1078 ἀγχίθεον
1348 1051 1354 1057 ·
1371 1042 1426 1069 οὔτ’
1439 1043 1576 1078 ἀνέχεται,
1591 1044 1607 1078 ἢ
1623 1043 1746 1079 ἀριθμὸς
1773 1050 1852 1078 προσ-

1057 1089 1247 1125 αγορεύεσθαι,
1265 1089 1316 1125 τῆς
1332 1088 1424 1120 ἑνάδος
1441 1089 1535 1120 οὐσίας
1547 1089 1587 1122 ὃν,
1603 1089 1619 1124 ἦ
1637 1090 1695 1120 τοῖς
1711 1088 1851 1123 παρηγμέ-

1058 1143 1112 1166 νοις
1125 1134 1329 1168 συντάττεσθαι,
1345 1133 1399 1161 τῶν
1422 1135 1510 1161 πάντα
1523 1134 1744 1170 παραγαγόντων
1758 1134 1805 1159 σὺν
1818 1132 1851 1166 τῷ

1057 1181 1144 1216 Πατρὶ
1158 1181 1205 1207 καὶ
1219 1180 1257 1215 τῷ
1271 1179 1326 1215 Υἱῷ
1347 1181 1489 1215 τυγχάνον.
1510 1180 1546 1207 Οὐ
1570 1180 1686 1207 δύναται
1708 1178 1756 1207 οὖν
1771 1179 1801 1206 τὸ
1825 1178 1852 1205 ἒν

1057 1226 1133 1259 ἆγιον
1147 1225 1268 1260 Πνεῦμα,
1282 1224 1342 1251 οὔτε
1357 1225 1395 1260 τῷ
1411 1226 1451 1252 ἑνὶ
1462 1226 1519 1252 Πατ
1526 1226 1561 1261 ρὶ,
1575 1226 1591 1261 ἢ
1605 1226 1643 1261 τῷ
1658 1226 1700 1252 ἑνὶ
1718 1225 1775 1260 mp
1788 1223 1851 1251 εἶναι

1057 1271 1192 1306 ἀνόμοιον,
1204 1271 1264 1297 οὔτε
1273 1271 1311 1306 τῷ
1323 1271 1420 1306 πλήθει
1429 1271 1482 1297 τῶν
1495 1272 1660 1306 πνευμάτων
1669 1272 1774 1306 ὅμοιον.
1783 1269 1852 1296 Καθ-

1058 1318 1128 1352 άπερ
1147 1318 1200 1352 γὰρ
1211 1317 1268 1348 ἐνὸς
1281 1317 1356 1348 ὄντος
1372 1317 1439 1343 Θεοῦ
1456 1318 1501 1344 καὶ
1519 1317 1637 1353 Πατρδς,
1655 1317 1704 1344 καὶ
1718 1316 1775 1348 ἑνὸς
1791 1314 1852 1341 Υίοῦ

1058 1362 1195 1397 diluet-1:5,
1216 1363 1314 1394 πάντες
1338 1363 1362 1390 οξ
1385 1363 1445 1390 κατ’
1461 1363 1552 1390 εἰκόνα
1574 1363 1607 1389 δι’
1631 1363 1791 1397 ἁγαθότητα
1805 1361 1849 1387 καὶ

1057 1408 1188 1442 ἀφθονίαν
1201 1408 1283 1435 αὑτοῦ
1301 1408 1456 1444 ἐκλήθημεν
1479 1409 1536 1435 Θεοὶ
1557 1409 1604 1435 καὶ
1618 1409 1683 1441 υἱοὶ,
1708 1409 1758 1434 οὐκ
1780 1407 1849 1437 ὅντες

1056 1456 1090 1490 τῇ
1113 1454 1227 1489 ἀληθείᾳ
1251 1454 1322 1481 κατὰ
1346 1454 1386 1486 τὸ,
1409 1464 1417 1479 ι
1441 1453 1512 1489 Ἐγὼ
1536 1452 1616 1481 εἶπα·
1635 1455 1700 1481 Θεοί
1727 1455 1788 1480 ἐστι
1807 1452 1849 1479 καὶ

1057 1500 1111 1526 υἱοὶ
1137 1499 1264 1534 Ὑψίστου
1278 1500 1378 1531 πάντες
1389 1508 1395 1515 ·
1417 1509 1426 1525 ›
1445 1499 1531 1531 οὕτως
1544 1500 1602 1532 ἑνὸς
1617 1500 1664 1526 καὶ
1680 1500 1762 1535 μόνου
1778 1498 1848 1528 ὄντος

1060 1545 1136 1580 ἁγίου
1154 1545 1223 1572 Πνεύ
1228 1554 1312 1580 ματος
1324 1545 1466 1581 ἀληθείας,
1477 1545 1561 1572 πολλὰ
1577 1546 1723 1581 πνεύματα
1735 1544 1846 1578 λέγεται.

1060 1592 1110 1618 οὐκ
1124 1591 1187 1618 ὄντα
1201 1592 1234 1626 τῇ
1250 1590 1329 1625 φύσει
1345 1591 1489 1627 πνεύματα
1502 1591 1550 1618 τοῦ
1563 1592 1643 1618 Θεοῦ.
1658 1592 1696 1619 Οὐ
1712 1591 1848 1626 βλέποντες

1060 1636 1108 1662 καὶ
1117 1636 1359 1671 ἁνασχεπτόμενοι,
1375 1637 1449 1668 ὅπως
1462 1636 1494 1663 ἂν
1505 1638 1561 1668 τοῖς
1572 1637 1709 1670 θεολόγοις
1723 1635 1848 1670 φαίνοιντο

1061 1680 1207 1716 συμϐαῖνόν
1222 1689 1247 1707 τι
1264 1681 1399 1715 λέγοντες.
1416 1682 1465 1708 οὐκ
1482 1682 1591 1708 ὀκνοῦσι
1607 1681 1656 1708 καὶ
1675 1681 1743 1709 ἄλλα
1760 1679 1848 1713 ἐπιφέ-

1062 1735 1118 1762 ρειν
1146 1726 1275 1762 βλαϐερά.
1302 1728 1357 1753 Καὶ
1382 1727 1439 1762 μοὶ,
1454 1727 1519 1762 πρὶν
1541 1727 1661 1759 ἅπαντας
1682 1726 1794 1754 ἀκοῦσαι
1805 1722 1846 1750 τοῦ

1059 1774 1150 1808 λόγου,
1171 1773 1312 1808 μέμψηται
1339 1773 1407 1808 μηδὲ
1431 1770 1482 1805 εἷς,
1507 1774 1531 1799 εἰ
1557 1773 1661 1808 βλάϐην
1685 1773 1720 1800 τὰ
1742 1771 1845 1799 ἐκείνων

1060 1819 1145 1846 καλῶ.
1162 1819 1280 1854 Εὑρήσει
1293 1818 1358 1853 γὰρ,
1378 1818 1418 1844 ὅτι
1438 1819 1613 1852 φθέγγονται,
1636 1819 1767 1853 ἄντικρυς
1780 1817 1845 1843 ἀντι-

1061 1865 1224 1900 πράττοντες
1245 1866 1278 1900 τῇ
1300 1863 1397 1900 γνώμῃ
1417 1864 1471 1891 τῶν
1495 1864 1633 1900 θεηγόρων
1655 1863 1769 1900 ἀνδρῶν,
1785 1861 1846 1888 οῗτδ

1060 1911 1124 1946 περὶ
1134 1911 1213 1937 τοῦτο
1224 1911 1385 1947 διαπρέπειν
1400 1909 1473 1946 εῖχον
1484 1911 1560 1947 παρὰ
1569 1910 1614 1937 τοῦ
1624 1910 1694 1937 θεοῦ
1710 1912 1738 1937 ὲν
1752 1907 1845 1943 δωρεὸς

1062 1956 1149 1992 μέρει.
1169 1956 1285 1990 Λέγουσι
1311 1956 1382 1992 γάρ·
1403 1957 1435 1983 El
1457 1956 1524 1988 Θεὸς
1550 1956 1581 1983 τὸ
1601 1956 1681 1990 ἅγιον
1699 1951 1846 1989 Πνεῦμα,ἢ

1061 2001 1167 2037 Πατὴρ,
1184 2001 1200 2036 ἢ
1226 2001 1290 2033 γίόῖ
1310 2002 1399 2028 ὲστιΨ
1423 2001 1459 2037 μὴ
1474 2001 1503 2028 ὃν
1519 2002 1548 2028 δὲ
1570 2001 1674 2028 τούτων
1692 2000 1783 2036 μηδὲν,
1800 1997 1844 2023 οὒκ

1060 2046 1117 2074 ἐστι
1132 2047 1208 2080 Θεὸς,
1220 2047 1257 2078 ὡς
1275 2047 1335 2073 οὐδὲ
1355 2047 1390 2073 τὰ
1411 2047 1478 2074 ἄλλα
1498 2047 1650 2083 πνεύματα.
1674 2044 1845 2079 Ἀπαντητέον

1059 2094 1148 2120 τοίνυν
1161 2093 1251 2125 αὐτοῖς
1265 2093 1376 2120 οὑτωσί·
1395 2093 1501 2129 Ὥσπερ
1520 2094 1586 2125 Θεὸς
1604 2095 1617 2120 ὁ
1639 2093 1743 2129 Πατὴρ,
1762 2091 1789 2117 οῦ
1807 2087 1845 2114 διὰ

1060 2139 1090 2166 τὸ
1107 2137 1176 2166 εἶναι
1191 2139 1311 2174 Πατέρα,
1323 2140 1390 2166 ἀλλὰ
1401 2140 1445 2168 διὰ
1456 2141 1486 2166 τὸ
1498 2138 1568 2167 εἶναι
1580 2140 1657 2172 θείας
1672 2140 1791 2174 φύσεως·
1803 2134 1844 2161 καὶ

1060 2186 1074 2212 ό
1089 2185 1162 2218 Υἱὸς,
1175 2186 1205 2211 οὺ
1222 2185 1267 2211 διὰ
1289 2185 1320 2211 τὸ
1341 2184 1410 2213 εἶναι
1431 2186 1478 2212 τοῦ
1496 2186 1623 2222 τυχόντος
1646 2185 1713 2218 υἱὸς,
1728 2182 1792 2210 ἀλλὰ
1806 2179 1843 2206 διὰ

221 2230 274 2256 ista
291 2229 317 2256 in
332 2236 360 2256 re
380 2229 510 2264 praeclare
538 2233 722 2256 versarentur.
753 2228 833 2255 Aiunt
863 2227 952 2254 enim:
980 2227 1005 2254 Si

1060 2231 1090 2257 τὸ
1106 2230 1153 2257 τοῦ
1178 2230 1247 2257 Θεοῦ
1270 2229 1339 2257 εἷναι
1361 2231 1426 2258 Υῑὺν
1445 2232 1541 2266 Λόγον,
1565 2232 1612 2259 καὶ
1633 2229 1787 2266 ἀναγκαίως
1800 2226 1843 2260 τῆἕ

221 2274 277 2309 (10)
291 2274 360 2301 Deus
375 2279 417 2301 est
436 2273 553 2309 Spiritus
569 2278 690 2307 sanctus,
708 2277 755 2300 aut
780 2273 860 2300 Pater
885 2280 936 2305 est,
961 2279 1008 2301 aut

219 2320 314 2347 FlliuS.
334 2321 414 2354 Atqui
432 2325 525 2347 neuter
541 2320 635 2346 horum
650 2325 709 2347 est:
728 2326 780 2346 non
793 2325 908 2354 estergo
927 2320 1008 2353 Deus,

258 2421 296 2453 (3)
315 2419 417 2457 frater.
451 2420 506 2448 lloc
533 2420 785 2457 Macedonianorum
813 2428 1005 2457 argumentum

221 2455 299 2483 alicrt
321 2456 448 2492 Didymus
468 2464 500 2484 ac
524 2457 601 2483 diluit
618 2457 643 2483 itt
659 2456 730 2484 lihro
748 2458 829 2484 etiam
846 2455 884 2484 De
905 2456 1007 2492 Spiritu

220 2496 320 2522 musto.
328 2498 402 2518 num.
417 2491 461 2518 οε.

257 2527 296 2562 (ι)
317 2525 585 2562 ρῑιεὶυιίιεεηυψθιο
605 2526 772 2560 versipelles.

257 2560 296 2598 (ὅ)
316 2560 408 2588 Unico.
428 2562 456 2588 ln
475 2560 578 2595 Gut-co,
601 2563 720 2594 ὲνιαίως.
741 2562 787 2589 Est
804 2563 1008 2598 autemiévtaioc

224 2607 234 2623 ι
256 2599 340 2630 solus,
355 2605 436 2628 unus,
454 2605 463 2622 ι
483 2603 529 2623 aut
546 2607 555 2623 ι
571 2597 724 2632 singularis.
752 2607 761 2622 ι
785 2598 877 2631 Itaque
892 2597 1010 2625 Joannes

223 2632 413 2660 Eucltaitarum
427 2632 599 2668 metropolila
613 2633 642 2668 in
659 2634 783 2660 oratione
797 2632 897 2660 inedita
914 2634 941 2660 in
956 2632 1008 2668 Sy-

221 2668 311 2702 gtazim
328 2668 490 2702 angelorum,
509 2676 569 2702 pag.
590 2667 633 2699 58,
663 2668 800 2701 cujusdam
825 2677 875 2694 ms.
907 2667 1009 2696 cadit-is

221 2701 349 2729 Nanianm
362 2701 595 2738 ltihliotlteeie,rsic
607 2703 726 2738 loquitur
741 2711 747 2729 :
761 2703 790 2729 τὺ
803 2703 912 2737 τρισσὸν
924 2702 1008 2738 αὐτῆς

222 2740 330 2772 (nempe
343 2737 393 2772 τῆς
404 2737 478 2769 θείας
491 2737 718 2773 μεγαλειότητος)
731 2738 777 2764 καὶ
793 2739 902 2771 ἐνιαῖον,
919 2739 943 2765 id
956 2737 1007 2770 est,

225 2781 237 2796 ι
264 2772 411 2799 trinitatem
432 2773 517 2806 ipsius
540 2772 660 2807 (divina:
676 2773 847 2808 tnajestatis)
868 2779 895 2800 et
917 2773 1007 2800 unita-

222 2810 287 2834 tem.
311 2816 320 2832 ν

259 2841 296 2876 (ὃ)
318 2840 440 2876 δρίιὶιιιε.
458 2841 488 2869 Si
505 2842 668 2877 coniecturis
681 2843 822 2877 indulgere
834 2844 946 2873 liceret.
962 2850 1007 2870 su-

1061 2275 1144 2303 αὐτοῦ
1164 2275 1240 2308 θείας
1257 2276 1363 2311 φύσεως
1380 2277 1530 2313 ὑπάρχειν·
1549 2277 1635 2310 οὕτως
1658 2278 1706 2305 κα)¹
1725 2276 1755 2302 τὸ
1774 2274 1845 2307 ἆγιθν

1062 2320 1175 2357 Πνεῦμα
1189 2321 1267 2354 Θεὸς,
1282 2323 1313 2349 οὺ
1330 2323 1374 2349 διὰ
1388 2323 1417 2349 τὸ
1438 2323 1531 2355 ἁπλῶς
1549 2321 1618 2350 εἴναι
1637 2323 1759 2358 Πνεῦμα,
1784 2317 1843 2344 ἀλλέε

1061 2430 1181 2484 ξριεοέετ
1195 2422 1338 2484 legendam
1357 2430 1419 2451 esse
1437 2422 1463 2448 in
1480 2422 1574 2450 Graeco
1598 2430 1604 2447 :
1622 2421 1653 2447 τὸ
1667 2421 1721 2456 γὰρ
1735 2419 1762 2445 ἓν
1777 2414 1842 2451 δηληῖ

1061 2466 1101 2484 οτι
1119 2467 1133 2484 ο
1152 2466 1191 2484 τε.
1205 2466 1232 2484 κ.
1252 2466 1278 2484 τ.
1315 2478 1321 2484 .

1061 2458 1101 2484 ὃτι
1119 2458 1191 2488 οὒτε,
1205 2466 1232 2485 κ.
1252 2466 1278 2484 τ.
1296 2458 1321 2485 λ.
1806 2485 1811 2491 ,

1063 2492 1250 2553 ένὲζὲιίνεᾳυε
1277 2497 1371 2527 potest.
1389 2492 1491 2524 Codex,
1506 2490 1540 2518 ἂν
1562 2491 1664 2527 ἔχεται.
1689 2491 1768 2525 Lego.
1800 2493 1840 2511 αν·

1078 2537 1215 2597 χῖὲῗιῖθο
1227 2563 1295 2590 dixi.
1313 2562 1383 2590 Psal.
1401 2570 1492 2595 Lxxxt,
1507 2570 1579 2590 vers.
1593 2561 1619 2589 6.

1160 2591 1254 2625 Porro.
1272 2598 1329 2634 Nisi
1348 2597 1448 2634 aliquid
1463 2591 1547 2634 addas
1558 2597 1585 2624 in
1600 2597 1748 2634 Grzecoﬁt‘:
1763 2591 1838 2634 198‘]:

1062 2629 1178 2668 exempli
1195 2640 1288 2664 causa.
1306 2633 1336 2660 οὐ
1359 2629 1503 2667 βλέποντες
1518 2630 1575 2664 οὖν,
1593 2633 1644 2668 id.
1658 2632 1695 2668 οὗ,
1706 2629 1838 2668 illa“???

1062 2668 1100 2701 δέ,
1119 2663 1171 2700 vel,
1188 2668 1245 2695 ἀλλ’
1259 2669 1290 2695 οὐ
1311 2663 1465 2703 βλέῖηοντες,
1483 2663 1675 2703 ιὶίιιιῖεεοιιιὶο,
1689 2663 1755 2695 laxa,
1767 2663 1840 2693 atque

1062 2705 1208 2738 exsanguis
1224 2702 1358 2730 videbitur
1375 2704 1472 2730 oratio.
1493 2702 1651 2738 Quanquam
1665 2702 1719 2728 Ιιςεο
1739 2702 1837 2738 magnos

1063 2745 1127 2773 pere
1142 2735 1252 2766 c'urasse
1269 2747 1320 2766 non
1338 2739 1443 2765 videtur
1466 2738 1605 2773 Didymus.
1625 2737 1749 2773 Fortasse.
1762 2735 1835 2773 cum"

1063 2771 1167 2814 novum.
1179 2779 1259 2814 caput
1272 2774 1315 2801 hic
1332 2773 1411 2808 incipi
1428 2771 1545 2806 volebat,
1557 2780 1617 2799 cum
1630 2772 1662 2798 ad
1674 2771 1748 2798 aliam
1760 2772 1837 2793 trans-

1062 2813 1105 2835 eat
1123 2809 1311 2843 objectionetn.

1100 2839 1214 2879 (lO)'Si.
1236 2844 1262 2871 ln
1281 2843 1384 2878 codice,
1403 2843 1420 2878 ὴ
1436 2843 1512 2874 Θεός.
1528 2841 1609 2878 Lego,
1626 2841 1656 2867 El
1671 2839 1742 2870 Θεός.
