  <div class='ocr_page' id='page_1' title='image "/cluster/home/n/w/nwhite01/storage/ocr_20150623/39/njp.32101010943528/263.png"; bbox 0 0 1917 3064; ppageno 0'>
   <div class='ocr_carea' id='block_1_1' title="bbox 180 104 971 142">
    <p class='ocr_par' dir='ltr' id='par_1_1' title="bbox 180 105 971 142">
     <span class='ocr_line' id='line_1_1' title="bbox 180 105 971 142; baseline -0.013 0"><span class='ocrx_word' id='word_1_1' title='bbox 180 114 234 142; x_wconf 77' lang='grc'><strong>515</strong></span> <span class='ocrx_word' id='word_1_2' title='bbox 795 106 915 134; x_wconf 73' lang='lat' dir='ltr'><strong>DIDYMI</strong></span> <span class='ocrx_word' id='word_1_3' title='bbox 933 105 971 132; x_wconf 82' lang='lat' dir='ltr'><strong>Al.</strong></span> 
     </span>
    </p>
   </div>
   <div class='ocr_carea' id='block_1_2' title="bbox 1029 104 1810 142">
    <p class='ocr_par' dir='ltr' id='par_1_2' title="bbox 1029 104 1810 133">
     <span class='ocr_line' id='line_1_2' title="bbox 1029 104 1810 133; baseline 0.001 -2"><span class='ocrx_word' id='word_1_4' title='bbox 1029 104 1166 132; x_wconf 74' lang='lat' dir='ltr'><strong>ANDBINI</strong></span> <span class='ocrx_word' id='word_1_5' title='bbox 1752 104 1810 133; x_wconf 79' lang='grc'><strong>516</strong></span> 
     </span>
    </p>
   </div>
   <div class='ocr_carea' id='block_1_3' title="bbox 180 159 971 202">
    <p class='ocr_par' dir='ltr' id='par_1_3' title="bbox 180 160 965 202">
     <span class='ocr_line' id='line_1_3' title="bbox 180 160 965 202; baseline -0.013 -6"><span class='ocrx_word' id='word_1_6' title='bbox 180 174 267 202; x_wconf 82' lang='lat' dir='ltr'><strong>neque</strong></span> <span class='ocrx_word' id='word_1_7' title='bbox 279 165 464 194; x_wconf 81' lang='lat' dir='ltr'><strong>conversionis</strong></span> <span class='ocrx_word' id='word_1_8' title='bbox 480 164 670 196; x_wconf 84' lang='lat' dir='ltr'><strong>obumbratio;</strong></span> <span class='ocrx_word' id='word_1_9' title='bbox 688 174 697 188; x_wconf 76' lang='grc' dir='ltr'><strong>ι</strong></span> <span class='ocrx_word' id='word_1_10' title='bbox 709 168 735 190; x_wconf 89' lang='lat' dir='ltr'><strong>et</strong></span> <span class='ocrx_word' id='word_1_11' title='bbox 747 170 761 189; x_wconf 73' lang='grc' dir='ltr'><strong>ε</strong></span> <span class='ocrx_word' id='word_1_12' title='bbox 778 162 860 189; x_wconf 84' lang='lat' dir='ltr'><strong>Paulo</strong></span> <span class='ocrx_word' id='word_1_13' title='bbox 875 171 881 188; x_wconf 91' lang='lat'><strong>:</strong></span> <span class='ocrx_word' id='word_1_14' title='bbox 902 169 911 186; x_wconf 75' lang='grc' dir='ltr'><strong>ι</strong></span> <span class='ocrx_word' id='word_1_15' title='bbox 925 160 965 187; x_wconf 94' lang='lat' dir='ltr'><strong>ln-</strong></span> 
     </span>
    </p>
   </div>
   <div class='ocr_carea' id='block_1_4' title="bbox 1029 159 1815 202">
    <p class='ocr_par' dir='ltr' id='par_1_4' title="bbox 1029 159 1815 196">
     <span class='ocr_line' id='line_1_4' title="bbox 1029 159 1815 196; baseline 0.003 -10"><span class='ocrx_word' id='word_1_16' title='bbox 1029 160 1124 191; x_wconf 74' lang='grc' dir='ltr'>ιὺτοὺς,</span> <span class='ocrx_word' id='word_1_17' title='bbox 1144 161 1191 186; x_wconf 78' lang='grc' dir='ltr'><strong>καὶ</strong></span> <span class='ocrx_word' id='word_1_18' title='bbox 1206 160 1414 196; x_wconf 78' lang='grc' dir='ltr'>ἀλλαγήσονται-</span> <span class='ocrx_word' id='word_1_19' title='bbox 1431 161 1461 186; x_wconf 69' lang='grc' dir='ltr'><strong>σὺ</strong></span> <span class='ocrx_word' id='word_1_20' title='bbox 1475 160 1502 186; x_wconf 75' lang='grc' dir='ltr'>δὲ</span> <span class='ocrx_word' id='word_1_21' title='bbox 1521 161 1534 186; x_wconf 82' lang='grc' dir='ltr'><em>ὸ</em></span> <span class='ocrx_word' id='word_1_22' title='bbox 1551 160 1630 191; x_wconf 45' lang='lat' dir='ltr'><strong>aueo;</strong></span> <span class='ocrx_word' id='word_1_23' title='bbox 1646 161 1698 192; x_wconf 74' lang='grc' dir='ltr'>ἀεὶ,</span> <span class='ocrx_word' id='word_1_24' title='bbox 1713 162 1760 188; x_wconf 74' lang='grc' dir='ltr'><strong>καὶ</strong></span> <span class='ocrx_word' id='word_1_25' title='bbox 1775 159 1815 189; x_wconf 73' lang='grc' dir='ltr'><strong>τὰ</strong></span> 
     </span>
    </p>
   </div>
   <div class='ocr_carea' id='block_1_5' title="bbox 181 205 971 247">
    <p class='ocr_par' dir='ltr' id='par_1_5' title="bbox 181 207 962 247">
     <span class='ocr_line' id='line_1_5' title="bbox 181 207 962 247; baseline -0.01 -7"><span class='ocrx_word' id='word_1_26' title='bbox 181 212 348 247; x_wconf 75' lang='lat' dir='ltr'><strong>corruptibili</strong></span> <span class='ocrx_word' id='word_1_27' title='bbox 375 210 444 245; x_wconf 84' lang='lat'><strong>(59),</strong></span> <span class='ocrx_word' id='word_1_28' title='bbox 469 209 606 241; x_wconf 85' lang='lat' dir='ltr'><strong>invisibili,</strong></span> <span class='ocrx_word' id='word_1_29' title='bbox 636 209 685 236; x_wconf 93' lang='lat' dir='ltr'><strong>soli</strong></span> <span class='ocrx_word' id='word_1_30' title='bbox 710 209 836 243; x_wconf 77' lang='lat' dir='ltr'><strong>sapienti,</strong></span> <span class='ocrx_word' id='word_1_31' title='bbox 871 207 934 233; x_wconf 85' lang='lat' dir='ltr'><strong>Deo.</strong></span> <span class='ocrx_word' id='word_1_32' title='bbox 953 215 962 231; x_wconf 76' lang='grc' dir='ltr'><strong>ι</strong></span> 
     </span>
    </p>
   </div>
   <div class='ocr_carea' id='block_1_6' title="bbox 1029 205 1409 247">
    <p class='ocr_par' dir='ltr' id='par_1_6' title="bbox 1029 205 1409 241">
     <span class='ocr_line' id='line_1_6' title="bbox 1029 205 1409 241; baseline -0.003 -9"><span class='ocrx_word' id='word_1_33' title='bbox 1029 205 1066 241; x_wconf 81' lang='grc' dir='ltr'>Ξτη</span> <span class='ocrx_word' id='word_1_34' title='bbox 1085 214 1130 232; x_wconf 85' lang='grc' dir='ltr'>σου</span> <span class='ocrx_word' id='word_1_35' title='bbox 1143 206 1192 232; x_wconf 73' lang='grc' dir='ltr'>οὐκ</span> <span class='ocrx_word' id='word_1_36' title='bbox 1204 205 1382 240; x_wconf 70' lang='grc' dir='ltr'><strong>ἐκλείψουσιν.</strong></span> <span class='ocrx_word' id='word_1_37' title='bbox 1401 215 1409 230; x_wconf 80' lang='grc' dir='ltr'>ι</span> 
     </span>
    </p>
   </div>
   <div class='ocr_carea' id='block_1_7' title="bbox 178 251 1814 292">
    <p class='ocr_par' dir='ltr' id='par_1_7' title="bbox 178 251 1814 292">
     <span class='ocr_line' id='line_1_7' title="bbox 178 251 1814 292; baseline -0.005 -6"><span class='ocrx_word' id='word_1_38' title='bbox 178 258 410 292; x_wconf 79' lang='lat' dir='ltr'><strong>Quemadmodum</strong></span> <span class='ocrx_word' id='word_1_39' title='bbox 430 256 511 284; x_wconf 86' lang='lat' dir='ltr'><strong>etiam</strong></span> <span class='ocrx_word' id='word_1_40' title='bbox 531 257 564 283; x_wconf 90' lang='lat' dir='ltr'><strong>de</strong></span> <span class='ocrx_word' id='word_1_41' title='bbox 590 255 659 282; x_wconf 86' lang='lat' dir='ltr'><strong>Filio</strong></span> <span class='ocrx_word' id='word_1_42' title='bbox 686 256 711 282; x_wconf 93' lang='lat' dir='ltr'><strong>in</strong></span> <span class='ocrx_word' id='word_1_43' title='bbox 728 255 830 290; x_wconf 90' lang='lat' dir='ltr'><strong>psalmo</strong></span> <span class='ocrx_word' id='word_1_44' title='bbox 851 261 875 281; x_wconf 76' lang='lat' dir='ltr'><strong>c1</strong></span> <span class='ocrx_word' id='word_1_45' title='bbox 899 258 1010 279; x_wconf 79' lang='lat' dir='ltr'><strong>testatur</strong></span> <span class='ocrx_word' id='word_1_46' title='bbox 1038 252 1143 279; x_wconf 74' lang='lat' dir='ltr'><strong>Psaltcs</strong></span> <span class='ocrx_word' id='word_1_47' title='bbox 1160 261 1167 278; x_wconf 86' lang='lat'><strong>:</strong></span> <span class='ocrx_word' id='word_1_48' title='bbox 1187 261 1196 276; x_wconf 76' lang='grc' dir='ltr'><strong>ι</strong></span> <span class='ocrx_word' id='word_1_49' title='bbox 1212 253 1252 279; x_wconf 90' lang='lat' dir='ltr'><strong>&#39;l&#39;u</strong></span> <span class='ocrx_word' id='word_1_50' title='bbox 1269 258 1358 278; x_wconf 80' lang='lat' dir='ltr'><strong>alitem</strong></span> <span class='ocrx_word' id='word_1_51' title='bbox 1382 251 1450 286; x_wconf 82' lang='grc'>(60),</span> <span class='ocrx_word' id='word_1_52' title='bbox 1485 252 1607 284; x_wconf 76' lang='lat' dir='ltr'><strong>Domine,</strong></span> <span class='ocrx_word' id='word_1_53' title='bbox 1631 251 1656 278; x_wconf 90' lang='lat' dir='ltr'><strong>iu</strong></span> <span class='ocrx_word' id='word_1_54' title='bbox 1679 256 1814 278; x_wconf 75' lang='lat' dir='ltr'><strong>:eleruum</strong></span> 
     </span>
    </p>
   </div>
   <div class='ocr_carea' id='block_1_8' title="bbox 179 297 1812 336">
    <p class='ocr_par' dir='ltr' id='par_1_8' title="bbox 179 297 1812 336">
     <span class='ocr_line' id='line_1_8' title="bbox 179 297 1812 336; baseline -0.005 -4"><span class='ocrx_word' id='word_1_55' title='bbox 179 312 289 336; x_wconf 84' lang='lat' dir='ltr'><strong>manes;</strong></span> <span class='ocrx_word' id='word_1_56' title='bbox 306 313 315 329; x_wconf 78' lang='grc' dir='ltr'>ι</span> <span class='ocrx_word' id='word_1_57' title='bbox 336 309 363 328; x_wconf 85' lang='lat' dir='ltr'><strong>et</strong></span> <span class='ocrx_word' id='word_1_58' title='bbox 392 309 508 329; x_wconf 83' lang='lat' dir='ltr'><strong>rursus:</strong></span> <span class='ocrx_word' id='word_1_59' title='bbox 538 311 547 326; x_wconf 73' lang='grc' dir='ltr'><strong>ι</strong></span> <span class='ocrx_word' id='word_1_60' title='bbox 565 301 644 328; x_wconf 89' lang='lat' dir='ltr'><strong>Initio</strong></span> <span class='ocrx_word' id='word_1_61' title='bbox 658 300 712 335; x_wconf 81' lang='grc'>(61)</span> <span class='ocrx_word' id='word_1_62' title='bbox 737 305 835 327; x_wconf 86' lang='lat' dir='ltr'><strong>terram</strong></span> <span class='ocrx_word' id='word_1_63' title='bbox 855 305 895 330; x_wconf 88' lang='grc' dir='ltr'>ιιι,</span> <span class='ocrx_word' id='word_1_64' title='bbox 915 298 1036 329; x_wconf 84' lang='lat' dir='ltr'><strong>Domine,</strong></span> <span class='ocrx_word' id='word_1_65' title='bbox 1055 297 1183 330; x_wconf 82' lang='lat' dir='ltr'><strong>fundasti,</strong></span> <span class='ocrx_word' id='word_1_66' title='bbox 1211 303 1239 325; x_wconf 86' lang='lat' dir='ltr'><strong>et</strong></span> <span class='ocrx_word' id='word_1_67' title='bbox 1266 306 1348 332; x_wconf 84' lang='lat' dir='ltr'><strong>opera</strong></span> <span class='ocrx_word' id='word_1_68' title='bbox 1381 306 1509 324; x_wconf 83' lang='lat' dir='ltr'><strong>manuum</strong></span> <span class='ocrx_word' id='word_1_69' title='bbox 1523 303 1628 324; x_wconf 79' lang='lat' dir='ltr'><strong>tuarum</strong></span> <span class='ocrx_word' id='word_1_70' title='bbox 1647 302 1709 324; x_wconf 89' lang='lat' dir='ltr'><strong>sunt</strong></span> <span class='ocrx_word' id='word_1_71' title='bbox 1736 298 1812 326; x_wconf 63' lang='grc' dir='ltr'>(ωλι.</span> 
     </span>
    </p>
   </div>
   <div class='ocr_carea' id='block_1_9' title="bbox 181 345 1817 387">
    <p class='ocr_par' dir='ltr' id='par_1_9' title="bbox 181 345 1817 387">
     <span class='ocr_line' id='line_1_9' title="bbox 181 345 1817 387; baseline -0.006 -7"><span class='ocrx_word' id='word_1_72' title='bbox 181 353 234 386; x_wconf 85' lang='lat' dir='ltr'><strong>Ipsi</strong></span> <span class='ocrx_word' id='word_1_73' title='bbox 253 352 386 387; x_wconf 78' lang='lat' dir='ltr'><strong>peribunt,</strong></span> <span class='ocrx_word' id='word_1_74' title='bbox 404 357 431 377; x_wconf 91' lang='lat' dir='ltr'><strong>tu</strong></span> <span class='ocrx_word' id='word_1_75' title='bbox 451 355 541 376; x_wconf 80' lang='lat' dir='ltr'><strong>autem</strong></span> <span class='ocrx_word' id='word_1_76' title='bbox 557 355 710 383; x_wconf 86' lang='lat' dir='ltr'><strong>permanes,</strong></span> <span class='ocrx_word' id='word_1_77' title='bbox 735 353 761 374; x_wconf 88' lang='lat' dir='ltr'><strong>et</strong></span> <span class='ocrx_word' id='word_1_78' title='bbox 782 355 875 374; x_wconf 82' lang='lat' dir='ltr'><strong>omnes</strong></span> <span class='ocrx_word' id='word_1_79' title='bbox 896 347 965 374; x_wconf 84' lang='lat' dir='ltr'><strong>sicut</strong></span> <span class='ocrx_word' id='word_1_80' title='bbox 985 346 1175 374; x_wconf 73' lang='lat' dir='ltr'><strong>vestimentum</strong></span> <span class='ocrx_word' id='word_1_81' title='bbox 1197 350 1385 376; x_wconf 78' lang='lat' dir='ltr'><strong>veterasceut,</strong></span> <span class='ocrx_word' id='word_1_82' title='bbox 1413 349 1440 372; x_wconf 89' lang='lat' dir='ltr'><strong>et</strong></span> <span class='ocrx_word' id='word_1_83' title='bbox 1471 345 1539 372; x_wconf 86' lang='lat' dir='ltr'><strong>sicut</strong></span> <span class='ocrx_word' id='word_1_84' title='bbox 1572 345 1736 379; x_wconf 80' lang='lat' dir='ltr'><strong>opertorium</strong></span> <span class='ocrx_word' id='word_1_85' title='bbox 1772 345 1817 371; x_wconf 74' lang='lat' dir='ltr'><strong>iu-</strong></span> 
     </span>
    </p>
   </div>
   <div class='ocr_carea' id='block_1_10' title="bbox 181 391 1492 429">
    <p class='ocr_par' dir='ltr' id='par_1_10' title="bbox 181 391 1492 429">
     <span class='ocr_line' id='line_1_10' title="bbox 181 391 1492 429; baseline -0.006 -4"><span class='ocrx_word' id='word_1_86' title='bbox 181 399 273 427; x_wconf 78' lang='lat' dir='ltr'><strong>volves</strong></span> <span class='ocrx_word' id='word_1_87' title='bbox 290 398 360 429; x_wconf 87' lang='lat' dir='ltr'><strong>illos,</strong></span> <span class='ocrx_word' id='word_1_88' title='bbox 377 403 404 424; x_wconf 90' lang='lat' dir='ltr'><strong>et</strong></span> <span class='ocrx_word' id='word_1_89' title='bbox 415 397 591 424; x_wconf 84' lang='lat' dir='ltr'><strong>mutabuntur</strong></span> <span class='ocrx_word' id='word_1_90' title='bbox 606 404 613 421; x_wconf 85' lang='lat'><strong>:</strong></span> <span class='ocrx_word' id='word_1_91' title='bbox 642 400 669 421; x_wconf 89' lang='lat' dir='ltr'><strong>tu</strong></span> <span class='ocrx_word' id='word_1_92' title='bbox 695 399 784 422; x_wconf 87' lang='lat' dir='ltr'><strong>autem</strong></span> <span class='ocrx_word' id='word_1_93' title='bbox 809 395 880 421; x_wconf 84' lang='lat' dir='ltr'><strong>idem</strong></span> <span class='ocrx_word' id='word_1_94' title='bbox 902 401 1008 428; x_wconf 92' lang='lat' dir='ltr'><strong>semper</strong></span> <span class='ocrx_word' id='word_1_95' title='bbox 1025 400 1065 423; x_wconf 78' lang='lat' dir='ltr'><strong>es.</strong></span> <span class='ocrx_word' id='word_1_96' title='bbox 1078 399 1104 419; x_wconf 84' lang='lat' dir='ltr'><strong>et</strong></span> <span class='ocrx_word' id='word_1_97' title='bbox 1124 392 1188 419; x_wconf 85' lang='lat' dir='ltr'><strong>anni</strong></span> <span class='ocrx_word' id='word_1_98' title='bbox 1208 392 1244 418; x_wconf 92' lang='grc' dir='ltr'>ιιιί</span> <span class='ocrx_word' id='word_1_99' title='bbox 1261 400 1312 418; x_wconf 90' lang='lat' dir='ltr'><strong>ttou</strong></span> <span class='ocrx_word' id='word_1_100' title='bbox 1330 391 1466 418; x_wconf 72' lang='lat' dir='ltr'><strong>delirient.</strong></span> <span class='ocrx_word' id='word_1_101' title='bbox 1482 399 1492 416; x_wconf 71' lang='grc' dir='ltr'><strong>ι</strong></span> 
     </span>
    </p>
   </div>
   <div class='ocr_carea' id='block_1_11' title="bbox 217 440 967 474">
    <p class='ocr_par' dir='ltr' id='par_1_11' title="bbox 217 440 967 474">
     <span class='ocr_line' id='line_1_11' title="bbox 217 440 967 474; baseline -0.008 -3"><span class='ocrx_word' id='word_1_102' title='bbox 217 444 259 472; x_wconf 81' lang='grc' dir='ltr'>ιν.</span> <span class='ocrx_word' id='word_1_103' title='bbox 273 445 401 471; x_wconf 85' lang='lat' dir='ltr'><strong>Creatura</strong></span> <span class='ocrx_word' id='word_1_104' title='bbox 419 450 472 469; x_wconf 89' lang='lat' dir='ltr'><strong>non</strong></span> <span class='ocrx_word' id='word_1_105' title='bbox 488 447 529 469; x_wconf 86' lang='lat' dir='ltr'><strong>cst</strong></span> <span class='ocrx_word' id='word_1_106' title='bbox 544 441 677 471; x_wconf 78' lang='lat' dir='ltr'><strong>absolute.</strong></span> <span class='ocrx_word' id='word_1_107' title='bbox 691 445 719 467; x_wconf 88' lang='lat' dir='ltr'><strong>et</strong></span> <span class='ocrx_word' id='word_1_108' title='bbox 737 448 784 474; x_wconf 87' lang='lat' dir='ltr'><strong>per</strong></span> <span class='ocrx_word' id='word_1_109' title='bbox 799 448 828 466; x_wconf 84' lang='lat' dir='ltr'><strong>se</strong></span> <span class='ocrx_word' id='word_1_110' title='bbox 847 440 967 474; x_wconf 74' lang='lat' dir='ltr'><strong>perfecte</strong></span> 
     </span>
    </p>
   </div>
   <div class='ocr_carea' id='block_1_12' title="bbox 181 485 969 524">
    <p class='ocr_par' dir='ltr' id='par_1_12' title="bbox 181 485 969 524">
     <span class='ocr_line' id='line_1_12' title="bbox 181 485 969 524; baseline -0.009 -6"><span class='ocrx_word' id='word_1_111' title='bbox 181 498 280 518; x_wconf 70' lang='lat' dir='ltr'><strong>auerti:</strong></span> <span class='ocrx_word' id='word_1_112' title='bbox 293 499 299 517; x_wconf 87' lang='lat'><strong>:</strong></span> <span class='ocrx_word' id='word_1_113' title='bbox 313 490 428 524; x_wconf 90' lang='lat' dir='ltr'><strong>primtttn</strong></span> <span class='ocrx_word' id='word_1_114' title='bbox 448 488 554 522; x_wconf 83' lang='lat' dir='ltr'><strong>quidem</strong></span> <span class='ocrx_word' id='word_1_115' title='bbox 567 486 628 520; x_wconf 82' lang='lat' dir='ltr'><strong>quia</strong></span> <span class='ocrx_word' id='word_1_116' title='bbox 659 486 709 513; x_wconf 89' lang='lat' dir='ltr'><strong>hoc</strong></span> <span class='ocrx_word' id='word_1_117' title='bbox 732 485 766 513; x_wconf 86' lang='lat' dir='ltr'><strong>de</strong></span> <span class='ocrx_word' id='word_1_118' title='bbox 788 493 838 512; x_wconf 88' lang='lat' dir='ltr'><strong>suo</strong></span> <span class='ocrx_word' id='word_1_119' title='bbox 861 493 911 512; x_wconf 90' lang='lat' dir='ltr'><strong>non</strong></span> <span class='ocrx_word' id='word_1_120' title='bbox 925 486 969 512; x_wconf 88' lang='lat' dir='ltr'><strong>ha-</strong></span> 
     </span>
    </p>
   </div>
   <div class='ocr_carea' id='block_1_13' title="bbox 180 531 968 570">
    <p class='ocr_par' dir='ltr' id='par_1_13' title="bbox 180 531 968 570">
     <span class='ocr_line' id='line_1_13' title="bbox 180 531 968 570; baseline -0.01 -6"><span class='ocrx_word' id='word_1_121' title='bbox 180 538 236 570; x_wconf 85' lang='lat' dir='ltr'><strong>bet,</strong></span> <span class='ocrx_word' id='word_1_122' title='bbox 251 537 297 564; x_wconf 85' lang='lat' dir='ltr'><strong>sed</strong></span> <span class='ocrx_word' id='word_1_123' title='bbox 313 537 346 562; x_wconf 88' lang='lat' dir='ltr'><strong>ab</strong></span> <span class='ocrx_word' id='word_1_124' title='bbox 362 542 395 562; x_wconf 83' lang='lat' dir='ltr'><strong>eo</strong></span> <span class='ocrx_word' id='word_1_125' title='bbox 415 538 536 567; x_wconf 84' lang='lat' dir='ltr'><strong>tempore</strong></span> <span class='ocrx_word' id='word_1_126' title='bbox 553 540 606 566; x_wconf 90' lang='lat' dir='ltr'><strong>quo</strong></span> <span class='ocrx_word' id='word_1_127' title='bbox 623 532 691 558; x_wconf 80' lang='lat' dir='ltr'><strong>facta</strong></span> <span class='ocrx_word' id='word_1_128' title='bbox 705 531 766 563; x_wconf 79' lang='lat' dir='ltr'><strong>fuit,</strong></span> <span class='ocrx_word' id='word_1_129' title='bbox 784 531 808 558; x_wconf 88' lang='lat' dir='ltr'><strong>id</strong></span> <span class='ocrx_word' id='word_1_130' title='bbox 823 535 968 558; x_wconf 83' lang='lat' dir='ltr'><strong>consecuta</strong></span> 
     </span>
    </p>
   </div>
   <div class='ocr_carea' id='block_1_14' title="bbox 180 577 970 617">
    <p class='ocr_par' dir='ltr' id='par_1_14' title="bbox 180 577 970 617">
     <span class='ocr_line' id='line_1_14' title="bbox 180 577 970 617; baseline -0.011 -6"><span class='ocrx_word' id='word_1_131' title='bbox 180 591 262 611; x_wconf 50' lang='lat' dir='ltr'><strong>estex</strong></span> <span class='ocrx_word' id='word_1_132' title='bbox 291 581 496 617; x_wconf 87' lang='lat' dir='ltr'><strong>participatione</strong></span> <span class='ocrx_word' id='word_1_133' title='bbox 521 587 553 606; x_wconf 84' lang='lat' dir='ltr'><strong>ac</strong></span> <span class='ocrx_word' id='word_1_134' title='bbox 582 579 651 605; x_wconf 87' lang='lat' dir='ltr'><strong>dotto</strong></span> <span class='ocrx_word' id='word_1_135' title='bbox 680 577 737 608; x_wconf 84' lang='lat' dir='ltr'><strong>Dei,</strong></span> <span class='ocrx_word' id='word_1_136' title='bbox 763 577 808 612; x_wconf 86' lang='lat' dir='ltr'><strong>qui</strong></span> <span class='ocrx_word' id='word_1_137' title='bbox 837 577 915 603; x_wconf 88' lang='lat' dir='ltr'><strong>unice</strong></span> <span class='ocrx_word' id='word_1_138' title='bbox 942 581 970 603; x_wconf 88' lang='lat' dir='ltr'><strong>et</strong></span> 
     </span>
    </p>
   </div>
   <div class='ocr_carea' id='block_1_15' title="bbox 180 628 969 667">
    <p class='ocr_par' dir='ltr' id='par_1_15' title="bbox 180 628 969 667">
     <span class='ocr_line' id='line_1_15' title="bbox 180 628 969 667; baseline -0.01 -7"><span class='ocrx_word' id='word_1_139' title='bbox 180 638 365 667; x_wconf 68' lang='lat' dir='ltr'><strong>superanterue</strong></span> <span class='ocrx_word' id='word_1_140' title='bbox 378 635 420 658; x_wconf 88' lang='lat' dir='ltr'><strong>est</strong></span> <span class='ocrx_word' id='word_1_141' title='bbox 433 638 446 656; x_wconf 60' lang='lat'><strong>5|</strong></span> <span class='ocrx_word' id='word_1_142' title='bbox 461 638 507 657; x_wconf 89' lang='lat' dir='ltr'><strong>se:</strong></span> <span class='ocrx_word' id='word_1_143' title='bbox 522 637 582 656; x_wconf 83' lang='lat' dir='ltr'><strong>cum</strong></span> <span class='ocrx_word' id='word_1_144' title='bbox 596 628 667 655; x_wconf 87' lang='lat' dir='ltr'><strong>enim</strong></span> <span class='ocrx_word' id='word_1_145' title='bbox 685 629 770 654; x_wconf 70' lang='grc' dir='ltr'>ὺυιιιις</span> <span class='ocrx_word' id='word_1_146' title='bbox 783 628 828 658; x_wconf 75' lang='lat' dir='ltr'><strong>Sil,</strong></span> <span class='ocrx_word' id='word_1_147' title='bbox 843 631 927 658; x_wconf 84' lang='lat' dir='ltr'><strong>creat,</strong></span> <span class='ocrx_word' id='word_1_148' title='bbox 938 634 969 652; x_wconf 88' lang='lat' dir='ltr'><strong>ac</strong></span> 
     </span>
    </p>
   </div>
   <div class='ocr_carea' id='block_1_16' title="bbox 180 670 969 709">
    <p class='ocr_par' dir='ltr' id='par_1_16' title="bbox 180 670 969 709">
     <span class='ocr_line' id='line_1_16' title="bbox 180 670 969 709; baseline -0.009 -6"><span class='ocrx_word' id='word_1_149' title='bbox 180 685 237 703; x_wconf 77' lang='lat' dir='ltr'><strong>siue</strong></span> <span class='ocrx_word' id='word_1_150' title='bbox 249 677 359 703; x_wconf 67' lang='lat' dir='ltr'><strong>factura:</strong></span> <span class='ocrx_word' id='word_1_151' title='bbox 376 674 534 709; x_wconf 70' lang='lat' dir='ltr'><strong>prmsidcns,</strong></span> <span class='ocrx_word' id='word_1_152' title='bbox 562 673 740 699; x_wconf 69' lang='lat' dir='ltr'><strong>aeternitatem</strong></span> <span class='ocrx_word' id='word_1_153' title='bbox 774 672 822 706; x_wconf 89' lang='lat' dir='ltr'><strong>ipsi</strong></span> <span class='ocrx_word' id='word_1_154' title='bbox 845 670 969 697; x_wconf 79' lang='lat' dir='ltr'><strong>muniﬁce</strong></span> 
     </span>
    </p>
   </div>
   <div class='ocr_carea' id='block_1_17' title="bbox 181 715 968 754">
    <p class='ocr_par' dir='ltr' id='par_1_17' title="bbox 181 715 968 754">
     <span class='ocr_line' id='line_1_17' title="bbox 181 715 968 754; baseline -0.004 -9"><span class='ocrx_word' id='word_1_155' title='bbox 181 719 296 754; x_wconf 79' lang='lat' dir='ltr'><strong>largitur</strong></span> <span class='ocrx_word' id='word_1_156' title='bbox 315 728 322 745; x_wconf 84' lang='lat'><strong>:</strong></span> <span class='ocrx_word' id='word_1_157' title='bbox 337 719 454 745; x_wconf 85' lang='lat' dir='ltr'><strong>secundo</strong></span> <span class='ocrx_word' id='word_1_158' title='bbox 471 723 562 744; x_wconf 84' lang='lat' dir='ltr'><strong>autem</strong></span> <span class='ocrx_word' id='word_1_159' title='bbox 576 717 610 743; x_wconf 90' lang='lat' dir='ltr'><strong>ob</strong></span> <span class='ocrx_word' id='word_1_160' title='bbox 626 724 722 743; x_wconf 85' lang='lat' dir='ltr'><strong>causas</strong></span> <span class='ocrx_word' id='word_1_161' title='bbox 738 716 763 742; x_wconf 91' lang='lat' dir='ltr'><strong>in</strong></span> <span class='ocrx_word' id='word_1_162' title='bbox 787 715 968 751; x_wconf 74' lang='lat' dir='ltr'><strong>t-apitulo(6°.!)</strong></span> 
     </span>
    </p>
   </div>
   <div class='ocr_carea' id='block_1_18' title="bbox 182 761 969 799">
    <p class='ocr_par' dir='ltr' id='par_1_18' title="bbox 182 761 969 799">
     <span class='ocr_line' id='line_1_18' title="bbox 182 761 969 799; baseline -0.005 -7"><span class='ocrx_word' id='word_1_163' title='bbox 182 766 304 799; x_wconf 79' lang='lat' dir='ltr'><strong>proxime</strong></span> <span class='ocrx_word' id='word_1_164' title='bbox 319 764 460 798; x_wconf 87' lang='lat' dir='ltr'><strong>superiore</strong></span> <span class='ocrx_word' id='word_1_165' title='bbox 473 763 621 798; x_wconf 85' lang='lat' dir='ltr'><strong>expositas.</strong></span> <span class='ocrx_word' id='word_1_166' title='bbox 637 761 715 796; x_wconf 82' lang='lat'><strong>153</strong></span> <span class='ocrx_word' id='word_1_167' title='bbox 729 762 837 787; x_wconf 75' lang='grc' dir='ltr'>ΑΗ·ιίνο</span> <span class='ocrx_word' id='word_1_168' title='bbox 853 761 969 795; x_wconf 81' lang='lat' dir='ltr'><strong>Spiritus</strong></span> 
     </span>
    </p>
   </div>
   <div class='ocr_carea' id='block_1_19' title="bbox 1057 435 1812 469">
    <p class='ocr_par' dir='ltr' id='par_1_19' title="bbox 1057 435 1812 469">
     <span class='ocr_line' id='line_1_19' title="bbox 1057 435 1812 469; baseline -0.001 -5"><span class='ocrx_word' id='word_1_169' title='bbox 1057 439 1093 464; x_wconf 85' lang='lat' dir='ltr'><strong>A’.</strong></span> <span class='ocrx_word' id='word_1_170' title='bbox 1120 439 1151 464; x_wconf 86' lang='lat' dir='ltr'><strong>&#39;H</strong></span> <span class='ocrx_word' id='word_1_171' title='bbox 1175 438 1264 469; x_wconf 82' lang='grc' dir='ltr'><strong>κτίσις</strong></span> <span class='ocrx_word' id='word_1_172' title='bbox 1278 438 1308 464; x_wconf 86' lang='grc' dir='ltr'><strong>οὺ</strong></span> <span class='ocrx_word' id='word_1_173' title='bbox 1328 436 1455 468; x_wconf 78' lang='grc' dir='ltr'><strong>καθάπαξ</strong></span> <span class='ocrx_word' id='word_1_174' title='bbox 1470 436 1517 462; x_wconf 77' lang='grc' dir='ltr'>καὶ</span> <span class='ocrx_word' id='word_1_175' title='bbox 1530 435 1679 467; x_wconf 77' lang='grc' dir='ltr'>αὐτοτελῶς</span> <span class='ocrx_word' id='word_1_176' title='bbox 1701 436 1731 462; x_wconf 79' lang='grc' dir='ltr'>τὸ</span> <span class='ocrx_word' id='word_1_177' title='bbox 1745 436 1812 463; x_wconf 71' lang='grc' dir='ltr'><strong>αἱώ⁹</strong></span> 
     </span>
    </p>
   </div>
   <div class='ocr_carea' id='block_1_20' title="bbox 1022 481 1818 519">
    <p class='ocr_par' dir='ltr' id='par_1_20' title="bbox 1022 481 1818 519">
     <span class='ocr_line' id='line_1_20' title="bbox 1022 481 1818 519; baseline -0.001 -9"><span class='ocrx_word' id='word_1_178' title='bbox 1022 492 1077 510; x_wconf 92' lang='grc' dir='ltr'>νιον</span> <span class='ocrx_word' id='word_1_179' title='bbox 1092 485 1236 519; x_wconf 81' lang='grc' dir='ltr'>κέκτηται,</span> <span class='ocrx_word' id='word_1_180' title='bbox 1253 483 1359 519; x_wconf 78' lang='grc' dir='ltr'>πρῶτον</span> <span class='ocrx_word' id='word_1_181' title='bbox 1380 482 1429 518; x_wconf 80' lang='grc' dir='ltr'>μὲν</span> <span class='ocrx_word' id='word_1_182' title='bbox 1443 482 1536 517; x_wconf 80' lang='grc' dir='ltr'><strong>ἐπειδὴ</strong></span> <span class='ocrx_word' id='word_1_183' title='bbox 1552 481 1657 509; x_wconf 66' lang='grc' dir='ltr'>οἴκοθεν</span> <span class='ocrx_word' id='word_1_184' title='bbox 1671 481 1748 509; x_wconf 85' lang='grc' dir='ltr'>τοῦτο</span> <span class='ocrx_word' id='word_1_185' title='bbox 1763 482 1818 509; x_wconf 78' lang='grc' dir='ltr'>οὐκ</span> 
     </span>
    </p>
   </div>
   <div class='ocr_carea' id='block_1_21' title="bbox 1022 526 1817 564">
    <p class='ocr_par' dir='ltr' id='par_1_21' title="bbox 1022 526 1817 564">
     <span class='ocr_line' id='line_1_21' title="bbox 1022 526 1817 564; baseline -0.003 -8"><span class='ocrx_word' id='word_1_186' title='bbox 1022 529 1088 564; x_wconf 82' lang='grc' dir='ltr'>ἔχει,</span> <span class='ocrx_word' id='word_1_187' title='bbox 1105 530 1161 556; x_wconf 85' lang='grc' dir='ltr'>ἀλλ’</span> <span class='ocrx_word' id='word_1_188' title='bbox 1174 529 1267 564; x_wconf 77' lang='grc' dir='ltr'>ἔτυχεν</span> <span class='ocrx_word' id='word_1_189' title='bbox 1284 528 1366 555; x_wconf 77' lang='grc' dir='ltr'>αὑτοῦ</span> <span class='ocrx_word' id='word_1_190' title='bbox 1388 530 1428 560; x_wconf 81' lang='grc' dir='ltr'><strong>εἰς</strong></span> <span class='ocrx_word' id='word_1_191' title='bbox 1439 528 1469 554; x_wconf 81' lang='grc' dir='ltr'>τὸ</span> <span class='ocrx_word' id='word_1_192' title='bbox 1491 527 1565 562; x_wconf 74' lang='grc' dir='ltr'><strong>ἑξῆς,</strong></span> <span class='ocrx_word' id='word_1_193' title='bbox 1581 528 1627 562; x_wconf 80' lang='grc' dir='ltr'><strong>ἀφ’</strong></span> <span class='ocrx_word' id='word_1_194' title='bbox 1641 526 1672 555; x_wconf 76' lang='grc' dir='ltr'><strong>οὗ</strong></span> <span class='ocrx_word' id='word_1_195' title='bbox 1693 528 1817 562; x_wconf 73' lang='grc' dir='ltr'>ἐγένετο,</span> 
     </span>
    </p>
   </div>
   <div class='ocr_carea' id='block_1_22' title="bbox 1024 573 1821 611">
    <p class='ocr_par' dir='ltr' id='par_1_22' title="bbox 1024 573 1821 611">
     <span class='ocr_line' id='line_1_22' title="bbox 1024 573 1821 611; baseline 0.001 -10"><span class='ocrx_word' id='word_1_196' title='bbox 1024 576 1165 611; x_wconf 72' lang='grc' dir='ltr'><strong>μεταδόσει</strong></span> <span class='ocrx_word' id='word_1_197' title='bbox 1178 575 1225 602; x_wconf 81' lang='grc' dir='ltr'>τοῦ</span> <span class='ocrx_word' id='word_1_198' title='bbox 1241 575 1327 610; x_wconf 69' lang='grc' dir='ltr'>μόνως</span> <span class='ocrx_word' id='word_1_199' title='bbox 1344 575 1391 601; x_wconf 77' lang='grc' dir='ltr'><strong>καὶ</strong></span> <span class='ocrx_word' id='word_1_200' title='bbox 1406 574 1595 610; x_wconf 78' lang='grc' dir='ltr'><strong>ὺπεραιωνίως</strong></span> <span class='ocrx_word' id='word_1_201' title='bbox 1607 574 1682 605; x_wconf 76' lang='grc' dir='ltr'>δντος</span> <span class='ocrx_word' id='word_1_202' title='bbox 1694 573 1821 609; x_wconf 69' lang='grc' dir='ltr'>αὐτομά-</span> 
     </span>
    </p>
   </div>
   <div class='ocr_carea' id='block_1_23' title="bbox 1022 617 1818 656">
    <p class='ocr_par' dir='ltr' id='par_1_23' title="bbox 1022 617 1818 656">
     <span class='ocr_line' id='line_1_23' title="bbox 1022 617 1818 656; baseline -0.003 -9"><span class='ocrx_word' id='word_1_203' title='bbox 1022 630 1069 647; x_wconf 87' lang='grc' dir='ltr'><strong>του</strong></span> <span class='ocrx_word' id='word_1_204' title='bbox 1084 620 1161 648; x_wconf 81' lang='grc' dir='ltr'>Θεοῦ.</span> <span class='ocrx_word' id='word_1_205' title='bbox 1183 620 1296 655; x_wconf 77' lang='grc' dir='ltr'>Ἀγαθὺς</span> <span class='ocrx_word' id='word_1_206' title='bbox 1309 620 1362 656; x_wconf 82' lang='grc' dir='ltr'><strong>γὰρ</strong></span> <span class='ocrx_word' id='word_1_207' title='bbox 1379 620 1417 646; x_wconf 85' lang='grc' dir='ltr'><strong>ὢν</strong></span> <span class='ocrx_word' id='word_1_208' title='bbox 1428 617 1514 652; x_wconf 74' lang='grc' dir='ltr'>οὗτος,</span> <span class='ocrx_word' id='word_1_209' title='bbox 1524 620 1686 655; x_wconf 80' lang='grc' dir='ltr'><strong>δημιουργεῖ</strong></span> <span class='ocrx_word' id='word_1_210' title='bbox 1695 628 1701 634; x_wconf 74' lang='grc'><em>’</em></span> <span class='ocrx_word' id='word_1_211' title='bbox 1717 618 1766 655; x_wconf 84' lang='grc'>[68</span> <span class='ocrx_word' id='word_1_212' title='bbox 1780 617 1818 655; x_wconf 79' lang='lat' dir='ltr'><strong>a]</strong></span> 
     </span>
    </p>
   </div>
   <div class='ocr_carea' id='block_1_24' title="bbox 1024 665 1818 704">
    <p class='ocr_par' dir='ltr' id='par_1_24' title="bbox 1024 665 1818 704">
     <span class='ocr_line' id='line_1_24' title="bbox 1024 665 1818 704; baseline -0.003 -11"><span class='ocrx_word' id='word_1_213' title='bbox 1024 667 1222 704; x_wconf 77' lang='grc' dir='ltr'><strong>προϊστάμενος</strong></span> <span class='ocrx_word' id='word_1_214' title='bbox 1238 667 1286 701; x_wconf 79' lang='grc' dir='ltr'><strong>τῆς</strong></span> <span class='ocrx_word' id='word_1_215' title='bbox 1299 665 1394 692; x_wconf 77' lang='grc' dir='ltr'>ἑαυτοῦ</span> <span class='ocrx_word' id='word_1_216' title='bbox 1408 666 1553 701; x_wconf 82' lang='grc' dir='ltr'><strong>ποιήσεως,</strong></span> <span class='ocrx_word' id='word_1_217' title='bbox 1567 665 1748 700; x_wconf 81' lang='grc' dir='ltr'><strong>φιλοτιμεῖται</strong></span> <span class='ocrx_word' id='word_1_218' title='bbox 1763 665 1818 691; x_wconf 83' lang='grc' dir='ltr'><strong>αὺ-</strong></span> 
     </span>
    </p>
   </div>
   <div class='ocr_carea' id='block_1_25' title="bbox 1023 711 1819 749">
    <p class='ocr_par' dir='ltr' id='par_1_25' title="bbox 1023 711 1819 749">
     <span class='ocr_line' id='line_1_25' title="bbox 1023 711 1819 749; baseline -0.001 -10"><span class='ocrx_word' id='word_1_219' title='bbox 1023 715 1056 749; x_wconf 82' lang='grc' dir='ltr'>τῇ</span> <span class='ocrx_word' id='word_1_220' title='bbox 1073 713 1238 748; x_wconf 86' lang='grc' dir='ltr'>αἰωνιότητα</span> <span class='ocrx_word' id='word_1_221' title='bbox 1247 721 1254 727; x_wconf 91' lang='grc'>·</span> <span class='ocrx_word' id='word_1_222' title='bbox 1269 712 1394 746; x_wconf 81' lang='grc' dir='ltr'>δεύτερον</span> <span class='ocrx_word' id='word_1_223' title='bbox 1406 712 1445 744; x_wconf 77' lang='grc' dir='ltr'><strong>δὲ,</strong></span> <span class='ocrx_word' id='word_1_224' title='bbox 1464 711 1508 739; x_wconf 83' lang='grc' dir='ltr'><strong>διὰ</strong></span> <span class='ocrx_word' id='word_1_225' title='bbox 1522 712 1571 743; x_wconf 78' lang='grc' dir='ltr'><strong>τὰς</strong></span> <span class='ocrx_word' id='word_1_226' title='bbox 1583 711 1761 746; x_wconf 73' lang='grc' dir='ltr'><strong>ἐξηγηοείσας</strong></span> <span class='ocrx_word' id='word_1_227' title='bbox 1773 711 1819 738; x_wconf 81' lang='grc' dir='ltr'><strong>αι-</strong></span> 
     </span>
    </p>
   </div>
   <div class='ocr_carea' id='block_1_26' title="bbox 1023 756 1820 794">
    <p class='ocr_par' dir='ltr' id='par_1_26' title="bbox 1023 756 1820 794">
     <span class='ocr_line' id='line_1_26' title="bbox 1023 756 1820 794; baseline -0.003 -9"><span class='ocrx_word' id='word_1_228' title='bbox 1023 759 1082 791; x_wconf 87' lang='grc' dir='ltr'><strong>τίας</strong></span> <span class='ocrx_word' id='word_1_229' title='bbox 1106 760 1135 785; x_wconf 87' lang='grc' dir='ltr'>ὲν</span> <span class='ocrx_word' id='word_1_230' title='bbox 1160 759 1200 794; x_wconf 82' lang='grc' dir='ltr'>τῷ</span> <span class='ocrx_word' id='word_1_231' title='bbox 1217 758 1356 793; x_wconf 84' lang='grc' dir='ltr'>κεφαλαίῳ</span> <span class='ocrx_word' id='word_1_232' title='bbox 1382 758 1422 793; x_wconf 82' lang='grc' dir='ltr'>τῷ</span> <span class='ocrx_word' id='word_1_233' title='bbox 1444 757 1497 793; x_wconf 77' lang='grc' dir='ltr'><strong>πρὸ</strong></span> <span class='ocrx_word' id='word_1_234' title='bbox 1519 757 1605 784; x_wconf 84' lang='grc' dir='ltr'>τοῦδε.</span> <span class='ocrx_word' id='word_1_235' title='bbox 1632 757 1670 783; x_wconf 75' lang='grc' dir='ltr'><strong>Τὸ</strong></span> <span class='ocrx_word' id='word_1_236' title='bbox 1692 757 1720 784; x_wconf 82' lang='grc' dir='ltr'><strong>δὲ</strong></span> <span class='ocrx_word' id='word_1_237' title='bbox 1737 756 1820 791; x_wconf 71' lang='grc' dir='ltr'>ἅγιον</span> 
     </span>
    </p>
   </div>
   <div class='ocr_carea' id='block_1_27' title="bbox 183 803 971 840">
    <p class='ocr_par' dir='ltr' id='par_1_27' title="bbox 183 808 969 838">
     <span class='ocr_line' id='line_1_27' title="bbox 183 808 969 838; baseline -0.003 -2"><span class='ocrx_word' id='word_1_238' title='bbox 183 814 293 837; x_wconf 79' lang='lat' dir='ltr'><strong>sanctus</strong></span> <span class='ocrx_word' id='word_1_239' title='bbox 312 818 372 836; x_wconf 88' lang='lat' dir='ltr'><strong>cum</strong></span> <span class='ocrx_word' id='word_1_240' title='bbox 386 815 481 836; x_wconf 89' lang='lat' dir='ltr'><strong>natura</strong></span> <span class='ocrx_word' id='word_1_241' title='bbox 497 809 675 835; x_wconf 56' lang='lat' dir='ltr'><strong>aeternitatem</strong></span> <span class='ocrx_word' id='word_1_242' title='bbox 698 808 805 838; x_wconf 78' lang='lat' dir='ltr'><strong>habeat.</strong></span> <span class='ocrx_word' id='word_1_243' title='bbox 819 808 887 834; x_wconf 83' lang='lat' dir='ltr'><strong>sicut</strong></span> <span class='ocrx_word' id='word_1_244' title='bbox 902 815 969 834; x_wconf 89' lang='lat' dir='ltr'><strong>con-</strong></span> 
     </span>
    </p>
   </div>
   <div class='ocr_carea' id='block_1_28' title="bbox 1029 803 1819 840">
    <p class='ocr_par' dir='ltr' id='par_1_28' title="bbox 1029 803 1819 840">
     <span class='ocr_line' id='line_1_28' title="bbox 1029 803 1819 840; baseline -0.001 -9"><span class='ocrx_word' id='word_1_245' title='bbox 1029 805 1144 840; x_wconf 78' lang='grc' dir='ltr'>Ινεῦμα,</span> <span class='ocrx_word' id='word_1_246' title='bbox 1166 806 1204 837; x_wconf 82' lang='grc' dir='ltr'><strong>ὡς</strong></span> <span class='ocrx_word' id='word_1_247' title='bbox 1223 805 1303 839; x_wconf 73' lang='grc' dir='ltr'>φύσει</span> <span class='ocrx_word' id='word_1_248' title='bbox 1320 804 1350 831; x_wconf 82' lang='grc' dir='ltr'>τὺ</span> <span class='ocrx_word' id='word_1_249' title='bbox 1367 804 1476 831; x_wconf 83' lang='grc' dir='ltr'>αἰώνιον</span> <span class='ocrx_word' id='word_1_250' title='bbox 1493 804 1563 838; x_wconf 75' lang='grc' dir='ltr'><strong>ἔχον,</strong></span> <span class='ocrx_word' id='word_1_251' title='bbox 1588 803 1659 830; x_wconf 77' lang='grc' dir='ltr'>καθὰ</span> <span class='ocrx_word' id='word_1_252' title='bbox 1679 803 1819 839; x_wconf 78' lang='grc' dir='ltr'>προσῆκεν</span> 
     </span>
    </p>
   </div>
   <div class='ocr_carea' id='block_1_29' title="bbox 182 853 970 887">
    <p class='ocr_par' dir='ltr' id='par_1_29' title="bbox 182 853 970 887">
     <span class='ocr_line' id='line_1_29' title="bbox 182 853 970 887; baseline -0.001 -6"><span class='ocrx_word' id='word_1_253' title='bbox 182 856 256 882; x_wconf 73' lang='lat' dir='ltr'><strong>venit</strong></span> <span class='ocrx_word' id='word_1_254' title='bbox 269 856 369 882; x_wconf 81' lang='lat' dir='ltr'><strong>habere</strong></span> <span class='ocrx_word' id='word_1_255' title='bbox 388 855 556 885; x_wconf 74' lang='lat' dir='ltr'><strong>Creatorem,</strong></span> <span class='ocrx_word' id='word_1_256' title='bbox 574 859 599 880; x_wconf 86' lang='lat' dir='ltr'><strong>et</strong></span> <span class='ocrx_word' id='word_1_257' title='bbox 614 854 649 885; x_wconf 86' lang='lat' dir='ltr'><strong>sit</strong></span> <span class='ocrx_word' id='word_1_258' title='bbox 676 855 762 881; x_wconf 89' lang='lat' dir='ltr'><strong>bonus</strong></span> <span class='ocrx_word' id='word_1_259' title='bbox 779 854 895 887; x_wconf 85' lang='lat' dir='ltr'><strong>Spiritus</strong></span> <span class='ocrx_word' id='word_1_260' title='bbox 912 853 970 885; x_wconf 89' lang='lat' dir='ltr'><strong>Dei,</strong></span> 
     </span>
    </p>
   </div>
   <div class='ocr_carea' id='block_1_30' title="bbox 181 901 970 936">
    <p class='ocr_par' dir='ltr' id='par_1_30' title="bbox 181 901 970 936">
     <span class='ocr_line' id='line_1_30' title="bbox 181 901 970 936; baseline -0.001 -8"><span class='ocrx_word' id='word_1_261' title='bbox 181 903 270 928; x_wconf 84' lang='lat' dir='ltr'><strong>omnia</strong></span> <span class='ocrx_word' id='word_1_262' title='bbox 289 906 317 928; x_wconf 91' lang='lat' dir='ltr'><strong>ut</strong></span> <span class='ocrx_word' id='word_1_263' title='bbox 335 902 357 928; x_wconf 91' lang='lat' dir='ltr'><strong>is</strong></span> <span class='ocrx_word' id='word_1_264' title='bbox 372 902 417 936; x_wconf 84' lang='lat' dir='ltr'><strong>qui</strong></span> <span class='ocrx_word' id='word_1_265' title='bbox 436 907 552 928; x_wconf 70' lang='lat' dir='ltr'><strong>aeternus</strong></span> <span class='ocrx_word' id='word_1_266' title='bbox 563 901 599 927; x_wconf 89' lang='lat' dir='ltr'><strong>sit</strong></span> <span class='ocrx_word' id='word_1_267' title='bbox 614 908 741 935; x_wconf 81' lang='lat' dir='ltr'><strong>operans,</strong></span> <span class='ocrx_word' id='word_1_268' title='bbox 756 905 784 927; x_wconf 88' lang='lat' dir='ltr'><strong>et</strong></span> <span class='ocrx_word' id='word_1_269' title='bbox 799 901 856 934; x_wconf 86' lang='lat' dir='ltr'><strong>ipse</strong></span> <span class='ocrx_word' id='word_1_270' title='bbox 864 901 970 934; x_wconf 87' lang='lat' dir='ltr'><strong>quidem</strong></span> 
     </span>
    </p>
   </div>
   <div class='ocr_carea' id='block_1_31' title="bbox 183 946 973 982">
    <p class='ocr_par' dir='ltr' id='par_1_31' title="bbox 183 946 973 982">
     <span class='ocr_line' id='line_1_31' title="bbox 183 946 973 982; baseline -0.001 -8"><span class='ocrx_word' id='word_1_271' title='bbox 183 954 317 982; x_wconf 81' lang='lat' dir='ltr'><strong>nunquam</strong></span> <span class='ocrx_word' id='word_1_272' title='bbox 335 947 475 979; x_wconf 86' lang='lat' dir='ltr'><strong>limitetur,</strong></span> <span class='ocrx_word' id='word_1_273' title='bbox 490 947 538 973; x_wconf 86' lang='lat' dir='ltr'><strong>sed</strong></span> <span class='ocrx_word' id='word_1_274' title='bbox 554 954 615 981; x_wconf 70' lang='lat' dir='ltr'><strong>quae</strong></span> <span class='ocrx_word' id='word_1_275' title='bbox 637 946 671 972; x_wconf 82' lang='lat' dir='ltr'><strong>ab</strong></span> <span class='ocrx_word' id='word_1_276' title='bbox 695 947 752 980; x_wconf 86' lang='lat' dir='ltr'><strong>ipso</strong></span> <span class='ocrx_word' id='word_1_277' title='bbox 767 946 836 973; x_wconf 82' lang='lat' dir='ltr'><strong>facta</strong></span> <span class='ocrx_word' id='word_1_278' title='bbox 853 951 924 978; x_wconf 88' lang='lat' dir='ltr'><strong>sunt,</strong></span> <span class='ocrx_word' id='word_1_279' title='bbox 942 947 973 973; x_wconf 92' lang='lat' dir='ltr'><strong>li-</strong></span> 
     </span>
    </p>
   </div>
   <div class='ocr_carea' id='block_1_32' title="bbox 183 993 973 1027">
    <p class='ocr_par' dir='ltr' id='par_1_32' title="bbox 183 993 973 1027">
     <span class='ocr_line' id='line_1_32' title="bbox 183 993 973 1027; baseline -0.001 -7"><span class='ocrx_word' id='word_1_280' title='bbox 183 995 280 1020; x_wconf 84' lang='lat' dir='ltr'><strong>mitare</strong></span> <span class='ocrx_word' id='word_1_281' title='bbox 293 995 388 1027; x_wconf 84' lang='lat' dir='ltr'><strong>possit.</strong></span> <span class='ocrx_word' id='word_1_282' title='bbox 407 993 510 1020; x_wconf 88' lang='lat' dir='ltr'><strong>idcirco</strong></span> <span class='ocrx_word' id='word_1_283' title='bbox 532 1000 563 1020; x_wconf 84' lang='lat' dir='ltr'><strong>ea</strong></span> <span class='ocrx_word' id='word_1_284' title='bbox 591 993 792 1026; x_wconf 74' lang='lat' dir='ltr'><strong>nuncupatione</strong></span> <span class='ocrx_word' id='word_1_285' title='bbox 820 993 973 1020; x_wconf 86' lang='lat' dir='ltr'><strong>celebratus</strong></span> 
     </span>
    </p>
   </div>
   <div class='ocr_carea' id='block_1_33' title="bbox 183 1039 966 1073">
    <p class='ocr_par' dir='ltr' id='par_1_33' title="bbox 183 1039 966 1073">
     <span class='ocr_line' id='line_1_33' title="bbox 183 1039 966 1073; baseline 0 -7"><span class='ocrx_word' id='word_1_286' title='bbox 183 1040 329 1073; x_wconf 80' lang='lat' dir='ltr'><strong>luit.Quod</strong></span> <span class='ocrx_word' id='word_1_287' title='bbox 344 1040 366 1066; x_wconf 88' lang='lat' dir='ltr'><strong>si</strong></span> <span class='ocrx_word' id='word_1_288' title='bbox 384 1040 425 1066; x_wconf 87' lang='lat' dir='ltr'><strong>his</strong></span> <span class='ocrx_word' id='word_1_289' title='bbox 445 1047 505 1072; x_wconf 71' lang='lat' dir='ltr'><strong>qua:</strong></span> <span class='ocrx_word' id='word_1_290' title='bbox 525 1040 590 1072; x_wconf 75' lang='lat' dir='ltr'><strong>dixi.</strong></span> <span class='ocrx_word' id='word_1_291' title='bbox 613 1047 664 1066; x_wconf 90' lang='lat' dir='ltr'><strong>non</strong></span> <span class='ocrx_word' id='word_1_292' title='bbox 688 1039 872 1073; x_wconf 84' lang='lat' dir='ltr'><strong>acquiescitis,</strong></span> <span class='ocrx_word' id='word_1_293' title='bbox 903 1047 966 1066; x_wconf 82' lang='lat' dir='ltr'><strong>vera</strong></span> 
     </span>
    </p>
   </div>
   <div class='ocr_carea' id='block_1_34' title="bbox 182 1085 973 1113">
    <p class='ocr_par' dir='ltr' id='par_1_34' title="bbox 182 1085 973 1113">
     <span class='ocr_line' id='line_1_34' title="bbox 182 1085 973 1113; baseline -0.001 0"><span class='ocrx_word' id='word_1_294' title='bbox 182 1093 242 1113; x_wconf 75' lang='lat' dir='ltr'><strong>esse</strong></span> <span class='ocrx_word' id='word_1_295' title='bbox 252 1086 361 1113; x_wconf 86' lang='lat' dir='ltr'><strong>discetis</strong></span> <span class='ocrx_word' id='word_1_296' title='bbox 374 1086 423 1113; x_wconf 83' lang='lat' dir='ltr'><strong>hac</strong></span> <span class='ocrx_word' id='word_1_297' title='bbox 442 1085 556 1113; x_wconf 83' lang='lat' dir='ltr'><strong>ratiOne.</strong></span> <span class='ocrx_word' id='word_1_298' title='bbox 569 1085 669 1112; x_wconf 79' lang='lat' dir='ltr'><strong>Paulus</strong></span> <span class='ocrx_word' id='word_1_299' title='bbox 677 1085 708 1112; x_wconf 88' lang='lat' dir='ltr'><strong>ad</strong></span> <span class='ocrx_word' id='word_1_300' title='bbox 724 1085 850 1112; x_wconf 71' lang='lat' dir='ltr'><strong>Hebraeos</strong></span> <span class='ocrx_word' id='word_1_301' title='bbox 864 1086 899 1112; x_wconf 87' lang='lat' dir='ltr'><strong>ita</strong></span> <span class='ocrx_word' id='word_1_302' title='bbox 907 1086 973 1112; x_wconf 86' lang='lat' dir='ltr'><strong>scri-</strong></span> 
     </span>
    </p>
   </div>
   <div class='ocr_carea' id='block_1_35' title="bbox 183 1132 972 1167">
    <p class='ocr_par' dir='ltr' id='par_1_35' title="bbox 183 1132 972 1167">
     <span class='ocr_line' id='line_1_35' title="bbox 183 1132 972 1167; baseline -0.003 -7"><span class='ocrx_word' id='word_1_303' title='bbox 183 1133 222 1160; x_wconf 82' lang='lat' dir='ltr'><strong>bit</strong></span> <span class='ocrx_word' id='word_1_304' title='bbox 236 1143 243 1160; x_wconf 89' lang='lat'><strong>:</strong></span> <span class='ocrx_word' id='word_1_305' title='bbox 257 1142 266 1159; x_wconf 86' lang='grc'><strong>‹</strong></span> <span class='ocrx_word' id='word_1_306' title='bbox 283 1133 333 1166; x_wconf 88' lang='lat' dir='ltr'><strong>Qui</strong></span> <span class='ocrx_word' id='word_1_307' title='bbox 348 1132 402 1167; x_wconf 70' lang='grc'>(64)</span> <span class='ocrx_word' id='word_1_308' title='bbox 418 1141 466 1167; x_wconf 88' lang='lat' dir='ltr'><strong>per</strong></span> <span class='ocrx_word' id='word_1_309' title='bbox 493 1132 624 1166; x_wconf 85' lang='lat' dir='ltr'><strong>Spiritum</strong></span> <span class='ocrx_word' id='word_1_310' title='bbox 651 1137 780 1159; x_wconf 73' lang='lat' dir='ltr'><strong>mternum</strong></span> <span class='ocrx_word' id='word_1_311' title='bbox 798 1133 972 1166; x_wconf 83' lang='lat' dir='ltr'><strong>semetipsum</strong></span> 
     </span>
    </p>
   </div>
   <div class='ocr_carea' id='block_1_36' title="bbox 184 1175 973 1209">
    <p class='ocr_par' dir='ltr' id='par_1_36' title="bbox 184 1175 973 1209">
     <span class='ocr_line' id='line_1_36' title="bbox 184 1175 973 1209; baseline -0.003 -5"><span class='ocrx_word' id='word_1_312' title='bbox 184 1178 386 1205; x_wconf 74' lang='lat' dir='ltr'><strong>immaculatum</strong></span> <span class='ocrx_word' id='word_1_313' title='bbox 398 1177 494 1204; x_wconf 82' lang='lat' dir='ltr'><strong>obtulit</strong></span> <span class='ocrx_word' id='word_1_314' title='bbox 511 1177 574 1203; x_wconf 89' lang='lat' dir='ltr'><strong>Deo.</strong></span> <span class='ocrx_word' id='word_1_315' title='bbox 590 1186 598 1201; x_wconf 84' lang='grc' dir='ltr'><strong>ι</strong></span> <span class='ocrx_word' id='word_1_316' title='bbox 613 1176 745 1209; x_wconf 88' lang='lat' dir='ltr'><strong>Loquitur</strong></span> <span class='ocrx_word' id='word_1_317' title='bbox 759 1179 850 1203; x_wconf 86' lang='lat' dir='ltr'><strong>autem</strong></span> <span class='ocrx_word' id='word_1_318' title='bbox 869 1176 903 1202; x_wconf 87' lang='lat' dir='ltr'><strong>de</strong></span> <span class='ocrx_word' id='word_1_319' title='bbox 923 1175 973 1202; x_wconf 86' lang='lat' dir='ltr'><strong>Do-</strong></span> 
     </span>
    </p>
   </div>
   <div class='ocr_carea' id='block_1_37' title="bbox 184 1221 974 1256">
    <p class='ocr_par' dir='ltr' id='par_1_37' title="bbox 184 1221 974 1256">
     <span class='ocr_line' id='line_1_37' title="bbox 184 1221 974 1256; baseline -0.001 -6"><span class='ocrx_word' id='word_1_320' title='bbox 184 1224 256 1250; x_wconf 86' lang='lat' dir='ltr'><strong>tniuo</strong></span> <span class='ocrx_word' id='word_1_321' title='bbox 274 1222 392 1253; x_wconf 81' lang='lat' dir='ltr'><strong>Christo.</strong></span> <span class='ocrx_word' id='word_1_322' title='bbox 412 1222 457 1256; x_wconf 86' lang='lat' dir='ltr'><strong>qui</strong></span> <span class='ocrx_word' id='word_1_323' title='bbox 477 1222 502 1248; x_wconf 88' lang='lat' dir='ltr'><strong>itt</strong></span> <span class='ocrx_word' id='word_1_324' title='bbox 529 1222 682 1248; x_wconf 80' lang='lat' dir='ltr'><strong>veneranda</strong></span> <span class='ocrx_word' id='word_1_325' title='bbox 713 1229 761 1248; x_wconf 87' lang='lat' dir='ltr'><strong>sua</strong></span> <span class='ocrx_word' id='word_1_326' title='bbox 788 1221 974 1249; x_wconf 79' lang='lat' dir='ltr'><strong>incarnatione</strong></span> 
     </span>
    </p>
   </div>
   <div class='ocr_carea' id='block_1_38' title="bbox 183 1265 973 1301">
    <p class='ocr_par' dir='ltr' id='par_1_38' title="bbox 183 1265 973 1301">
     <span class='ocr_line' id='line_1_38' title="bbox 183 1265 973 1301; baseline -0.003 -7"><span class='ocrx_word' id='word_1_327' title='bbox 183 1269 359 1300; x_wconf 77' lang='lat' dir='ltr'><strong>semetipsum</strong></span> <span class='ocrx_word' id='word_1_328' title='bbox 379 1274 428 1301; x_wconf 89' lang='lat' dir='ltr'><strong>pro</strong></span> <span class='ocrx_word' id='word_1_329' title='bbox 453 1267 530 1293; x_wconf 89' lang='lat' dir='ltr'><strong>nobis</strong></span> <span class='ocrx_word' id='word_1_330' title='bbox 555 1274 602 1300; x_wconf 92' lang='lat' dir='ltr'><strong>per</strong></span> <span class='ocrx_word' id='word_1_331' title='bbox 619 1266 748 1300; x_wconf 88' lang='lat' dir='ltr'><strong>Spiritum</strong></span> <span class='ocrx_word' id='word_1_332' title='bbox 762 1271 884 1293; x_wconf 83' lang='lat' dir='ltr'><strong>sanctum</strong></span> <span class='ocrx_word' id='word_1_333' title='bbox 901 1265 973 1292; x_wconf 81' lang='lat' dir='ltr'><strong>Patri</strong></span> 
     </span>
    </p>
   </div>
   <div class='ocr_carea' id='block_1_39' title="bbox 186 1311 975 1346">
    <p class='ocr_par' dir='ltr' id='par_1_39' title="bbox 186 1311 975 1346">
     <span class='ocr_line' id='line_1_39' title="bbox 186 1311 975 1346; baseline -0.001 -7"><span class='ocrx_word' id='word_1_334' title='bbox 186 1320 235 1339; x_wconf 77' lang='lat' dir='ltr'><strong>suo</strong></span> <span class='ocrx_word' id='word_1_335' title='bbox 248 1313 356 1339; x_wconf 73' lang='lat' dir='ltr'><strong>obtulit.</strong></span> <span class='ocrx_word' id='word_1_336' title='bbox 373 1312 419 1339; x_wconf 88' lang='lat' dir='ltr'><strong>llis</strong></span> <span class='ocrx_word' id='word_1_337' title='bbox 444 1317 625 1338; x_wconf 80' lang='lat' dir='ltr'><strong>consentanea</strong></span> <span class='ocrx_word' id='word_1_338' title='bbox 649 1311 743 1339; x_wconf 85' lang='lat' dir='ltr'><strong>Petrus</strong></span> <span class='ocrx_word' id='word_1_339' title='bbox 767 1319 874 1346; x_wconf 90' lang='lat' dir='ltr'><strong>quoque</strong></span> <span class='ocrx_word' id='word_1_340' title='bbox 885 1319 975 1346; x_wconf 84' lang='lat' dir='ltr'><strong>perso-</strong></span> 
     </span>
    </p>
   </div>
   <div class='ocr_carea' id='block_1_40' title="bbox 184 1358 969 1393">
    <p class='ocr_par' dir='ltr' id='par_1_40' title="bbox 184 1358 969 1393">
     <span class='ocr_line' id='line_1_40' title="bbox 184 1358 969 1393; baseline 0 -8"><span class='ocrx_word' id='word_1_341' title='bbox 184 1364 241 1390; x_wconf 84' lang='lat' dir='ltr'><strong>nat,</strong></span> <span class='ocrx_word' id='word_1_342' title='bbox 271 1363 301 1385; x_wconf 93' lang='lat' dir='ltr'><strong>ut</strong></span> <span class='ocrx_word' id='word_1_343' title='bbox 324 1358 379 1392; x_wconf 85' lang='lat' dir='ltr'><strong>jam</strong></span> <span class='ocrx_word' id='word_1_344' title='bbox 398 1363 638 1385; x_wconf 84' lang='lat' dir='ltr'><strong>commemoratum</strong></span> <span class='ocrx_word' id='word_1_345' title='bbox 663 1363 706 1384; x_wconf 87' lang='lat' dir='ltr'><strong>est</strong></span> <span class='ocrx_word' id='word_1_346' title='bbox 728 1367 734 1384; x_wconf 87' lang='lat'><strong>:</strong></span> <span class='ocrx_word' id='word_1_347' title='bbox 755 1367 764 1383; x_wconf 81' lang='grc' dir='ltr'><strong>ι</strong></span> <span class='ocrx_word' id='word_1_348' title='bbox 784 1358 900 1385; x_wconf 78' lang='lat' dir='ltr'><strong>Verbum</strong></span> <span class='ocrx_word' id='word_1_349' title='bbox 913 1358 969 1393; x_wconf 79' lang='grc'>(65)</span> 
     </span>
    </p>
   </div>
   <div class='ocr_carea' id='block_1_41' title="bbox 184 1402 973 1430">
    <p class='ocr_par' dir='ltr' id='par_1_41' title="bbox 184 1402 973 1430">
     <span class='ocr_line' id='line_1_41' title="bbox 184 1402 973 1430; baseline -0.001 0"><span class='ocrx_word' id='word_1_350' title='bbox 184 1408 271 1430; x_wconf 88' lang='lat' dir='ltr'><strong>autem</strong></span> <span class='ocrx_word' id='word_1_351' title='bbox 288 1403 332 1430; x_wconf 90' lang='lat' dir='ltr'><strong>Dei</strong></span> <span class='ocrx_word' id='word_1_352' title='bbox 350 1408 440 1430; x_wconf 85' lang='lat' dir='ltr'><strong>manet</strong></span> <span class='ocrx_word' id='word_1_353' title='bbox 473 1403 498 1430; x_wconf 95' lang='lat' dir='ltr'><strong>in</strong></span> <span class='ocrx_word' id='word_1_354' title='bbox 516 1403 654 1430; x_wconf 58' lang='lat' dir='ltr'><strong>saxulum.</strong></span> <span class='ocrx_word' id='word_1_355' title='bbox 672 1413 680 1428; x_wconf 87' lang='grc' dir='ltr'><strong>ι</strong></span> <span class='ocrx_word' id='word_1_356' title='bbox 709 1403 774 1429; x_wconf 86' lang='lat' dir='ltr'><strong>Nam</strong></span> <span class='ocrx_word' id='word_1_357' title='bbox 799 1402 914 1429; x_wconf 74' lang='lat' dir='ltr'><strong>Verbum</strong></span> <span class='ocrx_word' id='word_1_358' title='bbox 928 1403 973 1429; x_wconf 84' lang='lat' dir='ltr'><strong>Dei</strong></span> 
     </span>
    </p>
   </div>
   <div class='ocr_carea' id='block_1_42' title="bbox 184 1448 972 1485">
    <p class='ocr_par' dir='ltr' id='par_1_42' title="bbox 184 1448 972 1485">
     <span class='ocr_line' id='line_1_42' title="bbox 184 1448 972 1485; baseline -0.003 -9"><span class='ocrx_word' id='word_1_359' title='bbox 184 1456 261 1478; x_wconf 82' lang='lat' dir='ltr'><strong>vocat</strong></span> <span class='ocrx_word' id='word_1_360' title='bbox 274 1449 404 1485; x_wconf 84' lang='lat' dir='ltr'><strong>Spiritum</strong></span> <span class='ocrx_word' id='word_1_361' title='bbox 419 1450 475 1478; x_wconf 89' lang='lat' dir='ltr'><strong>Dei.</strong></span> <span class='ocrx_word' id='word_1_362' title='bbox 495 1449 595 1476; x_wconf 83' lang='lat' dir='ltr'><strong>Paulus</strong></span> <span class='ocrx_word' id='word_1_363' title='bbox 611 1457 692 1484; x_wconf 87' lang='lat' dir='ltr'><strong>porro</strong></span> <span class='ocrx_word' id='word_1_364' title='bbox 706 1448 813 1475; x_wconf 86' lang='lat' dir='ltr'><strong>Patrem</strong></span> <span class='ocrx_word' id='word_1_365' title='bbox 838 1453 865 1475; x_wconf 90' lang='lat' dir='ltr'><strong>et</strong></span> <span class='ocrx_word' id='word_1_366' title='bbox 875 1448 972 1475; x_wconf 81' lang='lat' dir='ltr'><strong>Filium</strong></span> 
     </span>
    </p>
   </div>
   <div class='ocr_carea' id='block_1_43' title="bbox 184 1493 970 1528">
    <p class='ocr_par' dir='ltr' id='par_1_43' title="bbox 184 1493 970 1528">
     <span class='ocr_line' id='line_1_43' title="bbox 184 1493 970 1528; baseline -0.001 -8"><span class='ocrx_word' id='word_1_367' title='bbox 184 1502 411 1528; x_wconf 85' lang='lat' dir='ltr'><strong>connuemoraus,</strong></span> <span class='ocrx_word' id='word_1_368' title='bbox 438 1495 532 1521; x_wconf 84' lang='lat' dir='ltr'><strong>eadem</strong></span> <span class='ocrx_word' id='word_1_369' title='bbox 554 1493 660 1521; x_wconf 67' lang='lat' dir='ltr'><strong>(Eterni</strong></span> <span class='ocrx_word' id='word_1_370' title='bbox 680 1493 901 1520; x_wconf 87' lang='lat' dir='ltr'><strong>denominatioue</strong></span> <span class='ocrx_word' id='word_1_371' title='bbox 925 1493 970 1519; x_wconf 84' lang='lat' dir='ltr'><strong>Fi—</strong></span> 
     </span>
    </p>
   </div>
   <div class='ocr_carea' id='block_1_44' title="bbox 185 1537 969 1574">
    <p class='ocr_par' dir='ltr' id='par_1_44' title="bbox 185 1537 969 1574">
     <span class='ocr_line' id='line_1_44' title="bbox 185 1537 969 1574; baseline -0.004 -8"><span class='ocrx_word' id='word_1_372' title='bbox 185 1541 249 1566; x_wconf 88' lang='lat' dir='ltr'><strong>lium</strong></span> <span class='ocrx_word' id='word_1_373' title='bbox 262 1547 370 1574; x_wconf 83' lang='lat' dir='ltr'><strong>quoque</strong></span> <span class='ocrx_word' id='word_1_374' title='bbox 388 1539 505 1566; x_wconf 82' lang='lat' dir='ltr'><strong>celebrat</strong></span> <span class='ocrx_word' id='word_1_375' title='bbox 528 1544 638 1573; x_wconf 87' lang='lat' dir='ltr'><strong>propter</strong></span> <span class='ocrx_word' id='word_1_376' title='bbox 658 1538 826 1564; x_wconf 78' lang='lat' dir='ltr'><strong>itlentitatetn</strong></span> <span class='ocrx_word' id='word_1_377' title='bbox 849 1537 969 1564; x_wconf 81' lang='lat' dir='ltr'><strong>Deitatis.</strong></span> 
     </span>
    </p>
   </div>
   <div class='ocr_carea' id='block_1_45' title="bbox 186 1583 970 1619">
    <p class='ocr_par' dir='ltr' id='par_1_45' title="bbox 186 1583 970 1619">
     <span class='ocr_line' id='line_1_45' title="bbox 186 1583 970 1619; baseline -0.003 -7"><span class='ocrx_word' id='word_1_378' title='bbox 186 1585 278 1612; x_wconf 68' lang='lat' dir='ltr'><strong>«Deus</strong></span> <span class='ocrx_word' id='word_1_379' title='bbox 299 1585 365 1619; x_wconf 83' lang='lat'><strong>(66).</strong></span> <span class='ocrx_word' id='word_1_380' title='bbox 391 1585 489 1618; x_wconf 86' lang='lat' dir='ltr'><strong>inquit,</strong></span> <span class='ocrx_word' id='word_1_381' title='bbox 515 1589 542 1611; x_wconf 88' lang='lat' dir='ltr'><strong>et</strong></span> <span class='ocrx_word' id='word_1_382' title='bbox 564 1583 644 1610; x_wconf 76' lang='lat' dir='ltr'><strong>Pater</strong></span> <span class='ocrx_word' id='word_1_383' title='bbox 671 1583 776 1610; x_wconf 86' lang='lat' dir='ltr'><strong>Domini</strong></span> <span class='ocrx_word' id='word_1_384' title='bbox 809 1584 894 1610; x_wconf 89' lang='lat' dir='ltr'><strong>nostri</strong></span> <span class='ocrx_word' id='word_1_385' title='bbox 907 1583 970 1611; x_wconf 82' lang='lat' dir='ltr'><strong>Jesu</strong></span> 
     </span>
    </p>
   </div>
   <div class='ocr_carea' id='block_1_46' title="bbox 183 1629 972 1664">
    <p class='ocr_par' dir='ltr' id='par_1_46' title="bbox 183 1629 972 1664">
     <span class='ocr_line' id='line_1_46' title="bbox 183 1629 972 1664; baseline -0.003 -7"><span class='ocrx_word' id='word_1_386' title='bbox 183 1630 284 1658; x_wconf 84' lang='lat' dir='ltr'><strong>Christi</strong></span> <span class='ocrx_word' id='word_1_387' title='bbox 313 1631 396 1662; x_wconf 80' lang='lat' dir='ltr'><strong>novit,</strong></span> <span class='ocrx_word' id='word_1_388' title='bbox 417 1631 462 1664; x_wconf 87' lang='lat' dir='ltr'><strong>qui</strong></span> <span class='ocrx_word' id='word_1_389' title='bbox 485 1635 527 1656; x_wconf 87' lang='lat' dir='ltr'><strong>est</strong></span> <span class='ocrx_word' id='word_1_390' title='bbox 543 1630 703 1656; x_wconf 85' lang='lat' dir='ltr'><strong>benedictus</strong></span> <span class='ocrx_word' id='word_1_391' title='bbox 729 1629 754 1655; x_wconf 92' lang='lat' dir='ltr'><strong>in</strong></span> <span class='ocrx_word' id='word_1_392' title='bbox 777 1630 890 1661; x_wconf 62' lang='lat' dir='ltr'><strong>saecula;</strong></span> <span class='ocrx_word' id='word_1_393' title='bbox 915 1638 924 1655; x_wconf 84' lang='grc'><strong>›</strong></span> <span class='ocrx_word' id='word_1_394' title='bbox 944 1634 972 1655; x_wconf 88' lang='lat' dir='ltr'><strong>et</strong></span> 
     </span>
    </p>
   </div>
   <div class='ocr_carea' id='block_1_47' title="bbox 183 1673 971 1710">
    <p class='ocr_par' dir='ltr' id='par_1_47' title="bbox 183 1673 971 1710">
     <span class='ocr_line' id='line_1_47' title="bbox 183 1673 971 1710; baseline -0.003 -8"><span class='ocrx_word' id='word_1_395' title='bbox 183 1683 292 1702; x_wconf 87' lang='lat' dir='ltr'><strong>rursus:</strong></span> <span class='ocrx_word' id='word_1_396' title='bbox 303 1684 312 1700; x_wconf 81' lang='grc' dir='ltr'><strong>ι</strong></span> <span class='ocrx_word' id='word_1_397' title='bbox 323 1675 400 1701; x_wconf 84' lang='lat' dir='ltr'><strong>Jesus</strong></span> <span class='ocrx_word' id='word_1_398' title='bbox 413 1674 467 1710; x_wconf 79' lang='lat'><strong>(67)</strong></span> <span class='ocrx_word' id='word_1_399' title='bbox 482 1674 669 1701; x_wconf 86' lang='lat' dir='ltr'><strong>Christusheri</strong></span> <span class='ocrx_word' id='word_1_400' title='bbox 682 1678 710 1701; x_wconf 86' lang='lat' dir='ltr'><strong>et</strong></span> <span class='ocrx_word' id='word_1_401' title='bbox 727 1673 818 1705; x_wconf 88' lang='lat' dir='ltr'><strong>hodie,</strong></span> <span class='ocrx_word' id='word_1_402' title='bbox 831 1674 900 1700; x_wconf 81' lang='lat' dir='ltr'><strong>idem</strong></span> <span class='ocrx_word' id='word_1_403' title='bbox 911 1675 971 1700; x_wconf 89' lang='lat' dir='ltr'><strong>etin</strong></span> 
     </span>
    </p>
   </div>
   <div class='ocr_carea' id='block_1_48' title="bbox 184 1719 971 1754">
    <p class='ocr_par' dir='ltr' id='par_1_48' title="bbox 184 1719 971 1754">
     <span class='ocr_line' id='line_1_48' title="bbox 184 1719 971 1754; baseline -0.004 -6"><span class='ocrx_word' id='word_1_404' title='bbox 184 1722 292 1749; x_wconf 66' lang='lat' dir='ltr'><strong>sarculo.</strong></span> <span class='ocrx_word' id='word_1_405' title='bbox 309 1730 318 1747; x_wconf 86' lang='grc'><strong>›</strong></span> <span class='ocrx_word' id='word_1_406' title='bbox 333 1720 390 1747; x_wconf 87' lang='lat' dir='ltr'><strong>Non</strong></span> <span class='ocrx_word' id='word_1_407' title='bbox 410 1725 521 1754; x_wconf 89' lang='lat' dir='ltr'><strong>possunt</strong></span> <span class='ocrx_word' id='word_1_408' title='bbox 537 1724 646 1751; x_wconf 84' lang='lat' dir='ltr'><strong>autem,</strong></span> <span class='ocrx_word' id='word_1_409' title='bbox 671 1727 723 1746; x_wconf 83' lang='lat' dir='ltr'><strong>non</strong></span> <span class='ocrx_word' id='word_1_410' title='bbox 749 1723 863 1753; x_wconf 82' lang='lat' dir='ltr'><strong>posstutt</strong></span> <span class='ocrx_word' id='word_1_411' title='bbox 884 1719 971 1746; x_wconf 82' lang='lat' dir='ltr'><strong>audiri</strong></span> 
     </span>
    </p>
   </div>
   <div class='ocr_carea' id='block_1_49' title="bbox 184 1765 973 1801">
    <p class='ocr_par' dir='ltr' id='par_1_49' title="bbox 184 1765 973 1801">
     <span class='ocr_line' id='line_1_49' title="bbox 184 1765 973 1801; baseline -0.003 -7"><span class='ocrx_word' id='word_1_412' title='bbox 184 1775 216 1794; x_wconf 83' lang='lat' dir='ltr'><strong>ac</strong></span> <span class='ocrx_word' id='word_1_413' title='bbox 231 1767 305 1798; x_wconf 80' lang='lat' dir='ltr'><strong>ferri,</strong></span> <span class='ocrx_word' id='word_1_414' title='bbox 319 1775 378 1801; x_wconf 80' lang='lat' dir='ltr'><strong>qua:</strong></span> <span class='ocrx_word' id='word_1_415' title='bbox 391 1770 485 1794; x_wconf 83' lang='lat' dir='ltr'><strong>contra</strong></span> <span class='ocrx_word' id='word_1_416' title='bbox 498 1766 547 1792; x_wconf 90' lang='lat' dir='ltr'><strong>hoc</strong></span> <span class='ocrx_word' id='word_1_417' title='bbox 563 1766 644 1792; x_wconf 88' lang='lat' dir='ltr'><strong>etiam</strong></span> <span class='ocrx_word' id='word_1_418' title='bbox 657 1765 805 1800; x_wconf 81' lang='lat' dir='ltr'><strong>capitulum</strong></span> <span class='ocrx_word' id='word_1_419' title='bbox 819 1769 973 1792; x_wconf 88' lang='lat' dir='ltr'><strong>statuerunt</strong></span> 
     </span>
    </p>
   </div>
   <div class='ocr_carea' id='block_1_50' title="bbox 184 1810 972 1846">
    <p class='ocr_par' dir='ltr' id='par_1_50' title="bbox 184 1810 972 1846">
     <span class='ocr_line' id='line_1_50' title="bbox 184 1810 972 1846; baseline -0.003 -7"><span class='ocrx_word' id='word_1_420' title='bbox 184 1813 229 1846; x_wconf 79' lang='lat' dir='ltr'><strong>qui</strong></span> <span class='ocrx_word' id='word_1_421' title='bbox 248 1820 313 1846; x_wconf 79' lang='lat' dir='ltr'><strong>erga</strong></span> <span class='ocrx_word' id='word_1_422' title='bbox 327 1812 478 1839; x_wconf 82' lang='lat' dir='ltr'><strong>testimonia</strong></span> <span class='ocrx_word' id='word_1_423' title='bbox 496 1810 616 1846; x_wconf 85' lang='lat' dir='ltr'><strong>Spiritus</strong></span> <span class='ocrx_word' id='word_1_424' title='bbox 637 1811 722 1838; x_wconf 86' lang='lat' dir='ltr'><strong>sancti</strong></span> <span class='ocrx_word' id='word_1_425' title='bbox 746 1810 912 1838; x_wconf 86' lang='lat' dir='ltr'><strong>divinitatem</strong></span> <span class='ocrx_word' id='word_1_426' title='bbox 928 1812 972 1838; x_wconf 86' lang='lat' dir='ltr'><strong>de-</strong></span> 
     </span>
    </p>
   </div>
   <div class='ocr_carea' id='block_1_51' title="bbox 184 1856 972 1891">
    <p class='ocr_par' dir='ltr' id='par_1_51' title="bbox 184 1856 972 1891">
     <span class='ocr_line' id='line_1_51' title="bbox 184 1856 972 1891; baseline -0.003 -7"><span class='ocrx_word' id='word_1_427' title='bbox 184 1858 314 1884; x_wconf 78' lang='lat' dir='ltr'><strong>clarantia</strong></span> <span class='ocrx_word' id='word_1_428' title='bbox 330 1858 398 1885; x_wconf 87' lang='lat' dir='ltr'><strong>tnale</strong></span> <span class='ocrx_word' id='word_1_429' title='bbox 414 1857 502 1884; x_wconf 71' lang='lat' dir='ltr'><strong>allecti</strong></span> <span class='ocrx_word' id='word_1_430' title='bbox 526 1862 598 1884; x_wconf 84' lang='lat' dir='ltr'><strong>sunt.</strong></span> <span class='ocrx_word' id='word_1_431' title='bbox 626 1856 693 1884; x_wconf 86' lang='lat' dir='ltr'><strong>Nam</strong></span> <span class='ocrx_word' id='word_1_432' title='bbox 710 1857 745 1884; x_wconf 88' lang='lat' dir='ltr'><strong>ob</strong></span> <span class='ocrx_word' id='word_1_433' title='bbox 760 1861 972 1891; x_wconf 68' lang='lat' dir='ltr'><strong>praeoccupatam</strong></span> 
     </span>
    </p>
   </div>
   <div class='ocr_carea' id='block_1_52' title="bbox 186 1901 973 1935">
    <p class='ocr_par' dir='ltr' id='par_1_52' title="bbox 186 1901 973 1935">
     <span class='ocr_line' id='line_1_52' title="bbox 186 1901 973 1935; baseline 0.003 -10"><span class='ocrx_word' id='word_1_434' title='bbox 186 1901 339 1935; x_wconf 67' lang='lat' dir='ltr'><strong>opinionem</strong></span> <span class='ocrx_word' id='word_1_435' title='bbox 365 1901 527 1935; x_wconf 74' lang='lat' dir='ltr'><strong>semetipsos</strong></span> <span class='ocrx_word' id='word_1_436' title='bbox 541 1901 567 1928; x_wconf 92' lang='lat' dir='ltr'><strong>in</strong></span> <span class='ocrx_word' id='word_1_437' title='bbox 587 1906 665 1928; x_wconf 69' lang='lat' dir='ltr'><strong>terra:</strong></span> <span class='ocrx_word' id='word_1_438' title='bbox 681 1901 869 1928; x_wconf 83' lang='lat' dir='ltr'><strong>extremitates</strong></span> <span class='ocrx_word' id='word_1_439' title='bbox 889 1901 973 1928; x_wconf 88' lang='lat' dir='ltr'><strong>abdu-</strong></span> 
     </span>
    </p>
   </div>
   <div class='ocr_carea' id='block_1_53' title="bbox 183 1947 973 1983">
    <p class='ocr_par' dir='ltr' id='par_1_53' title="bbox 183 1947 973 1983">
     <span class='ocr_line' id='line_1_53' title="bbox 183 1947 973 1983; baseline -0.001 -9"><span class='ocrx_word' id='word_1_440' title='bbox 183 1953 250 1974; x_wconf 85' lang='lat' dir='ltr'><strong>cunt</strong></span> <span class='ocrx_word' id='word_1_441' title='bbox 262 1948 502 1983; x_wconf 2' lang='lat' dir='ltr'><strong>:qinconsideratus</strong></span> <span class='ocrx_word' id='word_1_442' title='bbox 525 1955 589 1975; x_wconf 87' lang='lat' dir='ltr'><strong>vero</strong></span> <span class='ocrx_word' id='word_1_443' title='bbox 606 1955 682 1974; x_wconf 84' lang='lat' dir='ltr'><strong>amor</strong></span> <span class='ocrx_word' id='word_1_444' title='bbox 702 1947 857 1981; x_wconf 74' lang='lat' dir='ltr'><strong>diligentem</strong></span> <span class='ocrx_word' id='word_1_445' title='bbox 872 1954 927 1981; x_wconf 73' lang='lat' dir='ltr'><strong>pra:</strong></span> <span class='ocrx_word' id='word_1_446' title='bbox 944 1954 973 1973; x_wconf 86' lang='lat' dir='ltr'><strong>se</strong></span> 
     </span>
    </p>
   </div>
   <div class='ocr_carea' id='block_1_54' title="bbox 183 1989 973 2027">
    <p class='ocr_par' dir='ltr' id='par_1_54' title="bbox 183 1989 973 2027">
     <span class='ocr_line' id='line_1_54' title="bbox 183 1989 973 2027; baseline -0.003 -7"><span class='ocrx_word' id='word_1_447' title='bbox 183 1991 255 2020; x_wconf 79' lang='lat' dir='ltr'><strong>ferre</strong></span> <span class='ocrx_word' id='word_1_448' title='bbox 269 1989 320 2019; x_wconf 86' lang='lat' dir='ltr'><strong>tiou</strong></span> <span class='ocrx_word' id='word_1_449' title='bbox 338 1993 407 2020; x_wconf 89' lang='lat' dir='ltr'><strong>solet</strong></span> <span class='ocrx_word' id='word_1_450' title='bbox 424 1993 642 2027; x_wconf 65' lang='lat' dir='ltr'><strong>inquisitionem.</strong></span> <span class='ocrx_word' id='word_1_451' title='bbox 655 1992 727 2019; x_wconf 76' lang='lat' dir='ltr'><strong>Nihil</strong></span> <span class='ocrx_word' id='word_1_452' title='bbox 752 1997 841 2019; x_wconf 80' lang='lat' dir='ltr'><strong>tamen</strong></span> <span class='ocrx_word' id='word_1_453' title='bbox 861 1992 973 2027; x_wconf 88' lang='lat' dir='ltr'><strong>impedit</strong></span> 
     </span>
    </p>
   </div>
   <div class='ocr_carea' id='block_1_55' title="bbox 184 2038 974 2072">
    <p class='ocr_par' dir='ltr' id='par_1_55' title="bbox 184 2038 974 2072">
     <span class='ocr_line' id='line_1_55' title="bbox 184 2038 974 2072; baseline 0 -8"><span class='ocrx_word' id='word_1_454' title='bbox 184 2038 249 2071; x_wconf 90' lang='lat' dir='ltr'><strong>quin</strong></span> <span class='ocrx_word' id='word_1_455' title='bbox 263 2039 331 2065; x_wconf 88' lang='lat' dir='ltr'><strong>hanc</strong></span> <span class='ocrx_word' id='word_1_456' title='bbox 348 2039 433 2072; x_wconf 89' lang='lat' dir='ltr'><strong>ipsant</strong></span> <span class='ocrx_word' id='word_1_457' title='bbox 446 2039 594 2072; x_wconf 72' lang='lat' dir='ltr'><strong>captiosum</strong></span> <span class='ocrx_word' id='word_1_458' title='bbox 604 2039 866 2072; x_wconf 82' lang='lat' dir='ltr'><strong>argumentationem</strong></span> <span class='ocrx_word' id='word_1_459' title='bbox 879 2038 974 2064; x_wconf 86' lang='lat' dir='ltr'><strong>audia-</strong></span> 
     </span>
    </p>
   </div>
   <div class='ocr_carea' id='block_1_56' title="bbox 186 2083 974 2118">
    <p class='ocr_par' dir='ltr' id='par_1_56' title="bbox 186 2083 974 2118">
     <span class='ocr_line' id='line_1_56' title="bbox 186 2083 974 2118; baseline -0.001 -9"><span class='ocrx_word' id='word_1_460' title='bbox 186 2090 264 2110; x_wconf 78' lang='lat' dir='ltr'><strong>mus:</strong></span> <span class='ocrx_word' id='word_1_461' title='bbox 286 2084 324 2110; x_wconf 91' lang='lat' dir='ltr'><strong>sic</strong></span> <span class='ocrx_word' id='word_1_462' title='bbox 342 2084 415 2110; x_wconf 86' lang='lat' dir='ltr'><strong>enim</strong></span> <span class='ocrx_word' id='word_1_463' title='bbox 429 2084 514 2118; x_wconf 80' lang='lat' dir='ltr'><strong>magis</strong></span> <span class='ocrx_word' id='word_1_464' title='bbox 529 2083 618 2110; x_wconf 89' lang='lat' dir='ltr'><strong>adltuc</strong></span> <span class='ocrx_word' id='word_1_465' title='bbox 630 2084 804 2110; x_wconf 79' lang='lat' dir='ltr'><strong>damnatione</strong></span> <span class='ocrx_word' id='word_1_466' title='bbox 815 2083 886 2118; x_wconf 83' lang='lat' dir='ltr'><strong>digni</strong></span> <span class='ocrx_word' id='word_1_467' title='bbox 902 2083 974 2109; x_wconf 72' lang='lat' dir='ltr'><strong>vitle-</strong></span> 
     </span>
    </p>
   </div>
   <div class='ocr_carea' id='block_1_57' title="bbox 187 2129 973 2164">
    <p class='ocr_par' dir='ltr' id='par_1_57' title="bbox 187 2129 973 2164">
     <span class='ocr_line' id='line_1_57' title="bbox 187 2129 973 2164; baseline -0.001 -8"><span class='ocrx_word' id='word_1_468' title='bbox 187 2131 296 2156; x_wconf 89' lang='lat' dir='ltr'><strong>buntur.</strong></span> <span class='ocrx_word' id='word_1_469' title='bbox 321 2130 367 2157; x_wconf 88' lang='lat' dir='ltr'><strong>Sic</strong></span> <span class='ocrx_word' id='word_1_470' title='bbox 386 2130 468 2164; x_wconf 76' lang='lat' dir='ltr'><strong>igitur</strong></span> <span class='ocrx_word' id='word_1_471' title='bbox 481 2137 511 2156; x_wconf 86' lang='lat' dir='ltr'><strong>ea</strong></span> <span class='ocrx_word' id='word_1_472' title='bbox 526 2137 555 2157; x_wconf 87' lang='lat' dir='ltr'><strong>se</strong></span> <span class='ocrx_word' id='word_1_473' title='bbox 572 2129 670 2156; x_wconf 78' lang='lat' dir='ltr'><strong>habet:</strong></span> <span class='ocrx_word' id='word_1_474' title='bbox 686 2129 713 2156; x_wconf 89' lang='lat' dir='ltr'><strong>Si</strong></span> <span class='ocrx_word' id='word_1_475' title='bbox 728 2129 792 2164; x_wconf 87' lang='lat' dir='ltr'><strong>quid</strong></span> <span class='ocrx_word' id='word_1_476' title='bbox 807 2130 973 2164; x_wconf 79' lang='lat' dir='ltr'><strong>homonyme</strong></span> 
     </span>
    </p>
   </div>
   <div class='ocr_carea' id='block_1_58' title="bbox 185 2173 972 2209">
    <p class='ocr_par' dir='ltr' id='par_1_58' title="bbox 185 2173 972 2209">
     <span class='ocr_line' id='line_1_58' title="bbox 185 2173 972 2209; baseline 0.003 -9"><span class='ocrx_word' id='word_1_477' title='bbox 185 2178 315 2201; x_wconf 71' lang='lat' dir='ltr'><strong>:eternum</strong></span> <span class='ocrx_word' id='word_1_478' title='bbox 331 2180 454 2202; x_wconf 79' lang='lat' dir='ltr'><strong>vocatum</strong></span> <span class='ocrx_word' id='word_1_479' title='bbox 469 2173 528 2206; x_wconf 83' lang='lat' dir='ltr'><strong>fuit,</strong></span> <span class='ocrx_word' id='word_1_480' title='bbox 544 2182 596 2202; x_wconf 91' lang='lat' dir='ltr'><strong>non</strong></span> <span class='ocrx_word' id='word_1_481' title='bbox 618 2175 747 2202; x_wconf 89' lang='lat' dir='ltr'><strong>continuo</strong></span> <span class='ocrx_word' id='word_1_482' title='bbox 766 2175 835 2202; x_wconf 90' lang='lat' dir='ltr'><strong>Deus</strong></span> <span class='ocrx_word' id='word_1_483' title='bbox 853 2175 904 2201; x_wconf 87' lang='lat' dir='ltr'><strong>dici</strong></span> <span class='ocrx_word' id='word_1_484' title='bbox 924 2183 972 2209; x_wconf 89' lang='lat' dir='ltr'><strong>po-</strong></span> 
     </span>
    </p>
   </div>
   <div class='ocr_carea' id='block_1_59' title="bbox 187 2221 972 2255">
    <p class='ocr_par' dir='ltr' id='par_1_59' title="bbox 187 2221 972 2255">
     <span class='ocr_line' id='line_1_59' title="bbox 187 2221 972 2255; baseline 0.003 -10"><span class='ocrx_word' id='word_1_485' title='bbox 187 2224 256 2246; x_wconf 81' lang='lat' dir='ltr'><strong>test:</strong></span> <span class='ocrx_word' id='word_1_486' title='bbox 271 2222 317 2247; x_wconf 86' lang='lat' dir='ltr'><strong>sed</strong></span> <span class='ocrx_word' id='word_1_487' title='bbox 345 2221 391 2254; x_wconf 90' lang='lat' dir='ltr'><strong>qui</strong></span> <span class='ocrx_word' id='word_1_488' title='bbox 423 2221 493 2248; x_wconf 89' lang='lat' dir='ltr'><strong>Dens</strong></span> <span class='ocrx_word' id='word_1_489' title='bbox 515 2225 568 2251; x_wconf 87' lang='lat' dir='ltr'><strong>est,</strong></span> <span class='ocrx_word' id='word_1_490' title='bbox 583 2221 605 2248; x_wconf 88' lang='lat' dir='ltr'><strong>is</strong></span> <span class='ocrx_word' id='word_1_491' title='bbox 629 2221 736 2247; x_wconf 89' lang='lat' dir='ltr'><strong>illorutn</strong></span> <span class='ocrx_word' id='word_1_492' title='bbox 760 2228 821 2255; x_wconf 69' lang='lat' dir='ltr'><strong>quze</strong></span> <span class='ocrx_word' id='word_1_493' title='bbox 847 2221 972 2248; x_wconf 82' lang='lat' dir='ltr'><strong>dicuntur</strong></span> 
     </span>
    </p>
   </div>
   <div class='ocr_carea' id='block_1_60' title="bbox 185 2267 972 2302">
    <p class='ocr_par' dir='ltr' id='par_1_60' title="bbox 185 2267 972 2302">
     <span class='ocr_line' id='line_1_60' title="bbox 185 2267 972 2302; baseline 0.003 -10"><span class='ocrx_word' id='word_1_494' title='bbox 185 2271 296 2298; x_wconf 80' lang='lat' dir='ltr'><strong>a-terua,</strong></span> <span class='ocrx_word' id='word_1_495' title='bbox 318 2271 482 2294; x_wconf 77' lang='lat' dir='ltr'><strong>creatorest.</strong></span> <span class='ocrx_word' id='word_1_496' title='bbox 497 2267 634 2302; x_wconf 84' lang='lat' dir='ltr'><strong>Scriptum</strong></span> <span class='ocrx_word' id='word_1_497' title='bbox 646 2268 715 2294; x_wconf 89' lang='lat' dir='ltr'><strong>enim</strong></span> <span class='ocrx_word' id='word_1_498' title='bbox 730 2267 779 2294; x_wconf 85' lang='lat' dir='ltr'><strong>fuit</strong></span> <span class='ocrx_word' id='word_1_499' title='bbox 796 2267 863 2302; x_wconf 86' lang='grc'>(68),</span> <span class='ocrx_word' id='word_1_500' title='bbox 877 2277 886 2292; x_wconf 78' lang='grc' dir='ltr'><strong>ι</strong></span> <span class='ocrx_word' id='word_1_501' title='bbox 904 2272 972 2294; x_wconf 88' lang='lat' dir='ltr'><strong>lent-</strong></span> 
     </span>
    </p>
   </div>
   <div class='ocr_carea' id='block_1_61' title="bbox 186 2312 972 2345">
    <p class='ocr_par' dir='ltr' id='par_1_61' title="bbox 186 2312 972 2345">
     <span class='ocr_line' id='line_1_61' title="bbox 186 2312 972 2345; baseline 0 -8"><span class='ocrx_word' id='word_1_502' title='bbox 186 2319 279 2345; x_wconf 86' lang='lat' dir='ltr'><strong>porum</strong></span> <span class='ocrx_word' id='word_1_503' title='bbox 297 2317 324 2338; x_wconf 85' lang='lat' dir='ltr'><strong>et</strong></span> <span class='ocrx_word' id='word_1_504' title='bbox 338 2312 496 2339; x_wconf 74' lang='lat' dir='ltr'><strong>sa-culorum</strong></span> <span class='ocrx_word' id='word_1_505' title='bbox 510 2312 638 2339; x_wconf 82' lang='lat' dir='ltr'><strong>factorem</strong></span> <span class='ocrx_word' id='word_1_506' title='bbox 659 2319 718 2339; x_wconf 83' lang='lat' dir='ltr'><strong>esse</strong></span> <span class='ocrx_word' id='word_1_507' title='bbox 727 2312 824 2343; x_wconf 84' lang='lat' dir='ltr'><strong>Deum;</strong></span> <span class='ocrx_word' id='word_1_508' title='bbox 845 2321 854 2336; x_wconf 83' lang='grc'><strong>›</strong></span> <span class='ocrx_word' id='word_1_509' title='bbox 869 2317 896 2338; x_wconf 87' lang='lat' dir='ltr'><strong>et</strong></span> <span class='ocrx_word' id='word_1_510' title='bbox 913 2320 972 2338; x_wconf 92' lang='lat' dir='ltr'><strong>rur-</strong></span> 
     </span>
    </p>
   </div>
   <div class='ocr_carea' id='block_1_62' title="bbox 184 2355 975 2392">
    <p class='ocr_par' dir='ltr' id='par_1_62' title="bbox 184 2355 975 2392">
     <span class='ocr_line' id='line_1_62' title="bbox 184 2355 975 2392; baseline 0.005 -11"><span class='ocrx_word' id='word_1_511' title='bbox 184 2364 244 2382; x_wconf 76' lang='lat' dir='ltr'><strong>sus:</strong></span> <span class='ocrx_word' id='word_1_512' title='bbox 258 2366 266 2381; x_wconf 87' lang='grc' dir='ltr'><strong>ι</strong></span> <span class='ocrx_word' id='word_1_513' title='bbox 283 2355 454 2383; x_wconf 77' lang='lat' dir='ltr'><strong>Multitar-iam</strong></span> <span class='ocrx_word' id='word_1_514' title='bbox 478 2356 533 2392; x_wconf 84' lang='lat'><strong>(69)</strong></span> <span class='ocrx_word' id='word_1_515' title='bbox 562 2357 709 2392; x_wconf 91' lang='lat' dir='ltr'><strong>multisque</strong></span> <span class='ocrx_word' id='word_1_516' title='bbox 727 2359 813 2385; x_wconf 85' lang='lat' dir='ltr'><strong>modis</strong></span> <span class='ocrx_word' id='word_1_517' title='bbox 833 2358 975 2385; x_wconf 83' lang='lat' dir='ltr'><strong>olituDeus</strong></span> 
     </span>
    </p>
   </div>
   <div class='ocr_carea' id='block_1_63' title="bbox 222 2445 765 2480">
    <p class='ocr_par' dir='ltr' id='par_1_63' title="bbox 222 2445 765 2480">
     <span class='ocr_line' id='line_1_63' title="bbox 222 2445 765 2480; baseline 0.006 -8"><span class='ocrx_word' id='word_1_518' title='bbox 222 2445 276 2480; x_wconf 79' lang='grc'>(59)</span> <span class='ocrx_word' id='word_1_519' title='bbox 299 2445 530 2479; x_wconf 85' lang='lat' dir='ltr'><strong>lncorruptibili.l</strong></span> <span class='ocrx_word' id='word_1_520' title='bbox 546 2446 578 2473; x_wconf 86' lang='lat' dir='ltr'><strong>ad</strong></span> <span class='ocrx_word' id='word_1_521' title='bbox 593 2447 664 2474; x_wconf 86' lang='lat' dir='ltr'><strong>Tim.</strong></span> <span class='ocrx_word' id='word_1_522' title='bbox 687 2456 706 2480; x_wconf 90' lang='grc' dir='ltr'>ι,</span> <span class='ocrx_word' id='word_1_523' title='bbox 725 2448 765 2475; x_wconf 81' lang='grc'><strong>17.</strong></span> 
     </span>
    </p>
   </div>
   <div class='ocr_carea' id='block_1_64' title="bbox 220 2481 730 2515">
    <p class='ocr_par' dir='ltr' id='par_1_64' title="bbox 220 2481 730 2515">
     <span class='ocr_line' id='line_1_64' title="bbox 220 2481 730 2515; baseline 0.008 -9"><span class='ocrx_word' id='word_1_524' title='bbox 220 2482 276 2515; x_wconf 77' lang='lat' dir='ltr'><strong>(ob)</strong></span> <span class='ocrx_word' id='word_1_525' title='bbox 299 2481 336 2507; x_wconf 86' lang='lat' dir='ltr'><strong>Tu</strong></span> <span class='ocrx_word' id='word_1_526' title='bbox 351 2486 447 2507; x_wconf 86' lang='lat' dir='ltr'><strong>autem.</strong></span> <span class='ocrx_word' id='word_1_527' title='bbox 467 2481 537 2509; x_wconf 87' lang='lat' dir='ltr'><strong>Psal.</strong></span> <span class='ocrx_word' id='word_1_528' title='bbox 552 2489 588 2512; x_wconf 83' lang='lat' dir='ltr'><strong>Cl.</strong></span> <span class='ocrx_word' id='word_1_529' title='bbox 602 2489 671 2510; x_wconf 87' lang='lat' dir='ltr'><strong>vers.</strong></span> <span class='ocrx_word' id='word_1_530' title='bbox 688 2484 730 2510; x_wconf 74' lang='lat'><strong>15.</strong></span> 
     </span>
    </p>
   </div>
   <div class='ocr_carea' id='block_1_65' title="bbox 218 2515 974 2577">
    <p class='ocr_par' dir='ltr' id='par_1_65' title="bbox 218 2515 974 2577">
     <span class='ocr_line' id='line_1_65' title="bbox 218 2515 974 2577; baseline 0.007 -36"><span class='ocrx_word' id='word_1_531' title='bbox 218 2515 385 2577; x_wconf 54' lang='lat' dir='ltr'><strong>Splg5lnitia.</strong></span> <span class='ocrx_word' id='word_1_532' title='bbox 413 2516 481 2543; x_wconf 80' lang='lat' dir='ltr'><strong>l’sal.</strong></span> <span class='ocrx_word' id='word_1_533' title='bbox 505 2524 542 2549; x_wconf 84' lang='lat' dir='ltr'><strong>Cl,</strong></span> <span class='ocrx_word' id='word_1_534' title='bbox 567 2525 637 2544; x_wconf 76' lang='lat' dir='ltr'><strong>vers.</strong></span> <span class='ocrx_word' id='word_1_535' title='bbox 658 2518 752 2545; x_wconf 68' lang='lat'><strong>26-28.</strong></span> <span class='ocrx_word' id='word_1_536' title='bbox 764 2518 830 2546; x_wconf 84' lang='lat' dir='ltr'><strong>Vide</strong></span> <span class='ocrx_word' id='word_1_537' title='bbox 852 2523 905 2546; x_wconf 88' lang='lat' dir='ltr'><strong>uol.</strong></span> <span class='ocrx_word' id='word_1_538' title='bbox 929 2519 974 2549; x_wconf 67' lang='grc'><strong>48.</strong></span> 
     </span>
    </p>
   </div>
   <div class='ocr_carea' id='block_1_66' title="bbox 186 2558 303 2583">
    <p class='ocr_par' dir='ltr' id='par_1_66' title="bbox 186 2558 303 2583">
     <span class='ocr_line' id='line_1_66' title="bbox 186 2558 303 2583; baseline 0 -6"><span class='ocrx_word' id='word_1_539' title='bbox 186 2558 244 2583; x_wconf 66' lang='lat' dir='ltr'><strong>pag.</strong></span> <span class='ocrx_word' id='word_1_540' title='bbox 260 2558 303 2577; x_wconf 73' lang='lat' dir='ltr'><strong>aa.</strong></span> 
     </span>
    </p>
   </div>
   <div class='ocr_carea' id='block_1_67' title="bbox 220 2585 973 2622">
    <p class='ocr_par' dir='ltr' id='par_1_67' title="bbox 220 2585 973 2622">
     <span class='ocr_line' id='line_1_67' title="bbox 220 2585 973 2622; baseline 0.005 -11"><span class='ocrx_word' id='word_1_541' title='bbox 220 2586 430 2622; x_wconf 18' lang='lat' dir='ltr'><strong>t62)7(‘1apitulo.</strong></span> <span class='ocrx_word' id='word_1_542' title='bbox 462 2585 593 2622; x_wconf 81' lang='lat' dir='ltr'><strong>Nimirum</strong></span> <span class='ocrx_word' id='word_1_543' title='bbox 620 2590 787 2622; x_wconf 81' lang='lat' dir='ltr'><strong>paragrapho</strong></span> <span class='ocrx_word' id='word_1_544' title='bbox 815 2589 973 2622; x_wconf 79' lang='lat' dir='ltr'><strong>superiore,</strong></span> 
     </span>
    </p>
   </div>
   <div class='ocr_carea' id='block_1_68' title="bbox 184 2620 974 2663">
    <p class='ocr_par' dir='ltr' id='par_1_68' title="bbox 184 2620 974 2663">
     <span class='ocr_line' id='line_1_68' title="bbox 184 2620 974 2663; baseline 0.004 -16"><span class='ocrx_word' id='word_1_545' title='bbox 184 2628 266 2663; x_wconf 56' lang='lat' dir='ltr'><strong>segni:</strong></span> <span class='ocrx_word' id='word_1_546' title='bbox 281 2620 314 2648; x_wconf 83' lang='lat'><strong>66</strong></span> <span class='ocrx_word' id='word_1_547' title='bbox 329 2622 353 2653; x_wconf 73' lang='grc' dir='ltr'>ί),</span> <span class='ocrx_word' id='word_1_548' title='bbox 376 2627 403 2648; x_wconf 89' lang='lat' dir='ltr'><strong>et</strong></span> <span class='ocrx_word' id='word_1_549' title='bbox 415 2622 447 2648; x_wconf 84' lang='grc'>67</span> <span class='ocrx_word' id='word_1_550' title='bbox 465 2629 491 2647; x_wconf 92' lang='lat' dir='ltr'><strong>a.</strong></span> <span class='ocrx_word' id='word_1_551' title='bbox 507 2621 628 2650; x_wconf 82' lang='lat' dir='ltr'><strong>Nutanda</strong></span> <span class='ocrx_word' id='word_1_552' title='bbox 646 2620 701 2651; x_wconf 65' lang='lat' dir='ltr'><strong>me</strong></span> <span class='ocrx_word' id='word_1_553' title='bbox 716 2620 879 2658; x_wconf 44' lang='lat' dir='ltr'><strong>signiﬁcat-i0</strong></span> <span class='ocrx_word' id='word_1_554' title='bbox 891 2620 974 2656; x_wconf 78' lang='lat' dir='ltr'><strong>vocis,</strong></span> 
     </span>
    </p>
   </div>
   <div class='ocr_carea' id='block_1_69' title="bbox 183 2663 341 2690">
    <p class='ocr_par' dir='ltr' id='par_1_69' title="bbox 183 2663 341 2690">
     <span class='ocr_line' id='line_1_69' title="bbox 183 2663 341 2690; baseline 0 -8"><span class='ocrx_word' id='word_1_555' title='bbox 183 2663 341 2690; x_wconf 60' lang='grc' dir='ltr'>κεφαλαιον.</span> 
     </span>
    </p>
   </div>
   <div class='ocr_carea' id='block_1_70' title="bbox 219 2691 976 2728">
    <p class='ocr_par' dir='ltr' id='par_1_70' title="bbox 219 2691 976 2728">
     <span class='ocr_line' id='line_1_70' title="bbox 219 2691 976 2728; baseline 0.005 -12"><span class='ocrx_word' id='word_1_556' title='bbox 219 2692 276 2728; x_wconf 48' lang='lat' dir='ltr'><strong>(by</strong></span> <span class='ocrx_word' id='word_1_557' title='bbox 293 2691 579 2728; x_wconf 64' lang='grc' dir='ltr'><strong>Εἵμοιέπείποισθε.</strong></span> <span class='ocrx_word' id='word_1_558' title='bbox 599 2692 707 2726; x_wconf 70' lang='lat' dir='ltr'><strong>Legisse</strong></span> <span class='ocrx_word' id='word_1_559' title='bbox 726 2693 828 2720; x_wconf 79' lang='lat' dir='ltr'><strong>videtur</strong></span> <span class='ocrx_word' id='word_1_560' title='bbox 841 2694 976 2728; x_wconf 80' lang='lat' dir='ltr'><strong>interpres</strong></span> 
     </span>
    </p>
   </div>
   <div class='ocr_carea' id='block_1_71' title="bbox 182 2724 973 2766">
    <p class='ocr_par' dir='ltr' id='par_1_71' title="bbox 182 2724 973 2766">
     <span class='ocr_line' id='line_1_71' title="bbox 182 2724 973 2766; baseline 0.006 -16"><span class='ocrx_word' id='word_1_561' title='bbox 182 2724 208 2750; x_wconf 72' lang='lat' dir='ltr'><strong>el</strong></span> <span class='ocrx_word' id='word_1_562' title='bbox 227 2725 274 2766; x_wconf 60' lang='grc' dir='ltr'><strong>μή,</strong></span> <span class='ocrx_word' id='word_1_563' title='bbox 298 2724 345 2766; x_wconf 70' lang='lat' dir='ltr'><strong>pro</strong></span> <span class='ocrx_word' id='word_1_564' title='bbox 362 2726 390 2766; x_wconf 61' lang='grc' dir='ltr'>ες</span> <span class='ocrx_word' id='word_1_565' title='bbox 412 2736 466 2766; x_wconf 68' lang='grc' dir='ltr'>μοι.</span> <span class='ocrx_word' id='word_1_566' title='bbox 493 2727 561 2762; x_wconf 73' lang='lat' dir='ltr'><strong>Lege</strong></span> <span class='ocrx_word' id='word_1_567' title='bbox 583 2724 738 2760; x_wconf 59' lang='grc' dir='ltr'><strong>ἐπέ-ἐεισθε,</strong></span> <span class='ocrx_word' id='word_1_568' title='bbox 765 2729 806 2755; x_wconf 87' lang='lat' dir='ltr'><strong>vel</strong></span> <span class='ocrx_word' id='word_1_569' title='bbox 831 2724 973 2762; x_wconf 71' lang='grc' dir='ltr'>πέπεισθε,</span> 
     </span>
    </p>
   </div>
   <div class='ocr_carea' id='block_1_72' title="bbox 183 2761 517 2794">
    <p class='ocr_par' dir='ltr' id='par_1_72' title="bbox 183 2761 517 2794">
     <span class='ocr_line' id='line_1_72' title="bbox 183 2761 517 2794; baseline 0.006 -8"><span class='ocrx_word' id='word_1_570' title='bbox 183 2765 233 2794; x_wconf 89' lang='lat' dir='ltr'><strong>pro</strong></span> <span class='ocrx_word' id='word_1_571' title='bbox 251 2761 418 2788; x_wconf 69' lang='grc' dir='ltr'>ὲπείποισοεζ</span> <span class='ocrx_word' id='word_1_572' title='bbox 439 2763 517 2788; x_wconf 81' lang='lat' dir='ltr'><strong>Eutr.</strong></span> 
     </span>
    </p>
   </div>
   <div class='ocr_carea' id='block_1_73' title="bbox 233 2795 590 2827">
    <p class='ocr_par' dir='ltr' id='par_1_73' title="bbox 233 2795 590 2827">
     <span class='ocr_line' id='line_1_73' title="bbox 233 2795 590 2827; baseline 0.011 -7"><span class='ocrx_word' id='word_1_573' title='bbox 233 2795 276 2827; x_wconf 63' lang='grc'>64)</span> <span class='ocrx_word' id='word_1_574' title='bbox 303 2796 364 2827; x_wconf 78' lang='lat' dir='ltr'><strong>Qui.</strong></span> <span class='ocrx_word' id='word_1_575' title='bbox 390 2797 470 2823; x_wconf 85' lang='lat' dir='ltr'><strong>Hebr.</strong></span> <span class='ocrx_word' id='word_1_576' title='bbox 491 2804 529 2827; x_wconf 81' lang='grc' dir='ltr'>ιιι.</span> <span class='ocrx_word' id='word_1_577' title='bbox 548 2798 590 2824; x_wconf 74' lang='grc' dir='ltr'><strong>Μ.</strong></span> 
     </span>
    </p>
   </div>
   <div class='ocr_carea' id='block_1_74' title="bbox 232 2829 974 2868">
    <p class='ocr_par' dir='ltr' id='par_1_74' title="bbox 232 2829 974 2868">
     <span class='ocr_line' id='line_1_74' title="bbox 232 2829 974 2868; baseline 0.008 -12"><span class='ocrx_word' id='word_1_578' title='bbox 232 2829 277 2864; x_wconf 72' lang='grc'>65)</span> <span class='ocrx_word' id='word_1_579' title='bbox 300 2829 422 2858; x_wconf 71' lang='lat' dir='ltr'><strong>Verbum.</strong></span> <span class='ocrx_word' id='word_1_580' title='bbox 441 2831 527 2866; x_wconf 77' lang='lat' dir='ltr'><strong>Epist.</strong></span> <span class='ocrx_word' id='word_1_581' title='bbox 550 2833 645 2860; x_wconf 83' lang='lat' dir='ltr'><strong>lPetr.</strong></span> <span class='ocrx_word' id='word_1_582' title='bbox 667 2841 685 2867; x_wconf 85' lang='grc' dir='ltr'>ι,</span> <span class='ocrx_word' id='word_1_583' title='bbox 703 2834 747 2861; x_wconf 72' lang='grc'><strong>25.</strong></span> <span class='ocrx_word' id='word_1_584' title='bbox 770 2834 834 2862; x_wconf 72' lang='lat' dir='ltr'><strong>Vide</strong></span> <span class='ocrx_word' id='word_1_585' title='bbox 848 2839 904 2863; x_wconf 87' lang='lat' dir='ltr'><strong>not.</strong></span> <span class='ocrx_word' id='word_1_586' title='bbox 928 2835 974 2868; x_wconf 66' lang='lat'><strong>2&#39;2,</strong></span> 
     </span>
    </p>
   </div>
   <div class='ocr_carea' id='block_1_75' title="bbox 1023 849 1819 886">
    <p class='ocr_par' dir='ltr' id='par_1_75' title="bbox 1023 849 1819 886">
     <span class='ocr_line' id='line_1_75' title="bbox 1023 849 1819 886; baseline -0.001 -9"><span class='ocrx_word' id='word_1_587' title='bbox 1023 851 1095 886; x_wconf 73' lang='grc' dir='ltr'>ἔχειν</span> <span class='ocrx_word' id='word_1_588' title='bbox 1108 851 1273 886; x_wconf 81' lang='grc' dir='ltr'>δημιουργὸν</span> <span class='ocrx_word' id='word_1_589' title='bbox 1290 851 1337 877; x_wconf 79' lang='grc' dir='ltr'><strong>καὶ</strong></span> <span class='ocrx_word' id='word_1_590' title='bbox 1348 850 1450 884; x_wconf 83' lang='grc' dir='ltr'>ἀγαθὸν</span> <span class='ocrx_word' id='word_1_591' title='bbox 1463 851 1574 886; x_wconf 77' lang='grc' dir='ltr'><strong>Πνεῦμα</strong></span> <span class='ocrx_word' id='word_1_592' title='bbox 1589 850 1636 876; x_wconf 85' lang='grc' dir='ltr'>τοῦ</span> <span class='ocrx_word' id='word_1_593' title='bbox 1654 849 1732 881; x_wconf 83' lang='grc' dir='ltr'>Θεοῦ,</span> <span class='ocrx_word' id='word_1_594' title='bbox 1748 850 1819 876; x_wconf 74' lang='grc' dir='ltr'><strong>πάν-</strong></span> 
     </span>
    </p>
   </div>
   <div class='ocr_carea' id='block_1_76' title="bbox 1023 897 1818 933">
    <p class='ocr_par' dir='ltr' id='par_1_76' title="bbox 1023 897 1818 933">
     <span class='ocr_line' id='line_1_76' title="bbox 1023 897 1818 933; baseline 0 -9"><span class='ocrx_word' id='word_1_595' title='bbox 1023 907 1056 923; x_wconf 85' lang='grc' dir='ltr'><strong>τα</strong></span> <span class='ocrx_word' id='word_1_596' title='bbox 1069 897 1197 933; x_wconf 77' lang='grc' dir='ltr'>ἐνεργοῦν</span> <span class='ocrx_word' id='word_1_597' title='bbox 1213 898 1340 928; x_wconf 79' lang='grc' dir='ltr'>αἰωνῐως.</span> <span class='ocrx_word' id='word_1_598' title='bbox 1356 898 1403 924; x_wconf 77' lang='grc' dir='ltr'><strong>καὶ</strong></span> <span class='ocrx_word' id='word_1_599' title='bbox 1421 897 1518 924; x_wconf 77' lang='grc' dir='ltr'>οὔποτε</span> <span class='ocrx_word' id='word_1_600' title='bbox 1533 897 1582 932; x_wconf 79' lang='grc' dir='ltr'>μὲν</span> <span class='ocrx_word' id='word_1_601' title='bbox 1599 897 1664 924; x_wconf 77' lang='grc' dir='ltr'><strong>αὺτό</strong></span> <span class='ocrx_word' id='word_1_602' title='bbox 1681 897 1818 933; x_wconf 80' lang='grc' dir='ltr'>περατού-</span> 
     </span>
    </p>
   </div>
   <div class='ocr_carea' id='block_1_77' title="bbox 1026 941 1819 979">
    <p class='ocr_par' dir='ltr' id='par_1_77' title="bbox 1026 941 1819 979">
     <span class='ocr_line' id='line_1_77' title="bbox 1026 941 1819 979; baseline -0.001 -9"><span class='ocrx_word' id='word_1_603' title='bbox 1026 952 1116 979; x_wconf 74' lang='grc' dir='ltr'>μενον,</span> <span class='ocrx_word' id='word_1_604' title='bbox 1129 944 1183 969; x_wconf 82' lang='grc' dir='ltr'>τῶν</span> <span class='ocrx_word' id='word_1_605' title='bbox 1198 942 1221 968; x_wconf 77' lang='grc' dir='ltr'><strong>δ’</strong></span> <span class='ocrx_word' id='word_1_606' title='bbox 1237 943 1282 968; x_wconf 84' lang='grc' dir='ltr'><strong>ὑπ’</strong></span> <span class='ocrx_word' id='word_1_607' title='bbox 1298 942 1381 969; x_wconf 81' lang='grc' dir='ltr'>αὐτοῦ</span> <span class='ocrx_word' id='word_1_608' title='bbox 1400 943 1553 977; x_wconf 80' lang='grc' dir='ltr'><strong>γενομένων</strong></span> <span class='ocrx_word' id='word_1_609' title='bbox 1573 943 1720 978; x_wconf 75' lang='grc' dir='ltr'><strong>δυνάμενον</strong></span> <span class='ocrx_word' id='word_1_610' title='bbox 1746 941 1819 970; x_wconf 85' lang='grc' dir='ltr'>εἶναι</span> 
     </span>
    </p>
   </div>
   <div class='ocr_carea' id='block_1_78' title="bbox 1024 987 1820 1024">
    <p class='ocr_par' dir='ltr' id='par_1_78' title="bbox 1024 987 1820 1024">
     <span class='ocr_line' id='line_1_78' title="bbox 1024 987 1820 1024; baseline 0.001 -9"><span class='ocrx_word' id='word_1_611' title='bbox 1024 989 1222 1024; x_wconf 70' lang='grc' dir='ltr'>περιτωτικὸν,</span> <span class='ocrx_word' id='word_1_612' title='bbox 1242 987 1326 1024; x_wconf 77' lang='grc' dir='ltr'>ταύτῃ</span> <span class='ocrx_word' id='word_1_613' title='bbox 1341 988 1521 1024; x_wconf 79' lang='grc' dir='ltr'>ἀνευφημήθη</span> <span class='ocrx_word' id='word_1_614' title='bbox 1538 990 1569 1023; x_wconf 66' lang='grc' dir='ltr'>τῇ</span> <span class='ocrx_word' id='word_1_615' title='bbox 1582 989 1743 1024; x_wconf 78' lang='grc' dir='ltr'><strong>προσρήσει.</strong></span> <span class='ocrx_word' id='word_1_616' title='bbox 1757 988 1820 1016; x_wconf 79' lang='grc' dir='ltr'><strong>Μά-</strong></span> 
     </span>
    </p>
   </div>
   <div class='ocr_carea' id='block_1_79' title="bbox 1025 1033 1819 1069">
    <p class='ocr_par' dir='ltr' id='par_1_79' title="bbox 1025 1033 1819 1069">
     <span class='ocr_line' id='line_1_79' title="bbox 1025 1033 1819 1069; baseline 0 -9"><span class='ocrx_word' id='word_1_617' title='bbox 1025 1035 1096 1061; x_wconf 84' lang='grc' dir='ltr'>θοιτε</span> <span class='ocrx_word' id='word_1_618' title='bbox 1123 1034 1151 1060; x_wconf 74' lang='grc' dir='ltr'><strong>δὲ</strong></span> <span class='ocrx_word' id='word_1_619' title='bbox 1180 1033 1222 1064; x_wconf 80' lang='grc' dir='ltr'><strong>ἂν,</strong></span> <span class='ocrx_word' id='word_1_620' title='bbox 1246 1034 1274 1060; x_wconf 73' lang='grc' dir='ltr'>εἴ</span> <span class='ocrx_word' id='word_1_621' title='bbox 1292 1042 1336 1068; x_wconf 82' lang='grc' dir='ltr'><strong>μοι</strong></span> <span class='ocrx_word' id='word_1_622' title='bbox 1356 1034 1515 1063; x_wconf 81' lang='grc' dir='ltr'>ὲπείποισθε</span> <span class='ocrx_word' id='word_1_623' title='bbox 1538 1034 1605 1069; x_wconf 79' lang='grc'>(65),</span> <span class='ocrx_word' id='word_1_624' title='bbox 1621 1034 1692 1069; x_wconf 77' lang='grc' dir='ltr'>τῇδεο</span> <span class='ocrx_word' id='word_1_625' title='bbox 1711 1034 1819 1066; x_wconf 75' lang='grc' dir='ltr'>Παῦλος</span> 
     </span>
    </p>
   </div>
   <div class='ocr_carea' id='block_1_80' title="bbox 1031 1078 1819 1115">
    <p class='ocr_par' dir='ltr' id='par_1_80' title="bbox 1031 1078 1819 1115">
     <span class='ocr_line' id='line_1_80' title="bbox 1031 1078 1819 1115; baseline 0 -9"><span class='ocrx_word' id='word_1_626' title='bbox 1031 1080 1166 1115; x_wconf 76' lang='grc' dir='ltr'><strong>Ἑϐραίοις</strong></span> <span class='ocrx_word' id='word_1_627' title='bbox 1191 1078 1341 1105; x_wconf 74' lang='grc' dir='ltr'><strong>ἐπιστέλλει</strong></span> <span class='ocrx_word' id='word_1_628' title='bbox 1371 1079 1472 1111; x_wconf 73' lang='grc' dir='ltr'>οὕτως·</span> <span class='ocrx_word' id='word_1_629' title='bbox 1495 1089 1504 1105; x_wconf 77' lang='grc' dir='ltr'><strong>ι</strong></span> <span class='ocrx_word' id='word_1_630' title='bbox 1525 1080 1571 1111; x_wconf 85' lang='grc' dir='ltr'><strong>Ὃς</strong></span> <span class='ocrx_word' id='word_1_631' title='bbox 1594 1079 1637 1106; x_wconf 68' lang='grc' dir='ltr'><strong>διὰ</strong></span> <span class='ocrx_word' id='word_1_632' title='bbox 1657 1080 1819 1114; x_wconf 76' lang='grc' dir='ltr'>Πνεύματος</span> 
     </span>
    </p>
   </div>
   <div class='ocr_carea' id='block_1_81' title="bbox 1024 1125 1819 1161">
    <p class='ocr_par' dir='ltr' id='par_1_81' title="bbox 1024 1125 1819 1161">
     <span class='ocr_line' id='line_1_81' title="bbox 1024 1125 1819 1161; baseline -0.001 -8"><span class='ocrx_word' id='word_1_633' title='bbox 1024 1126 1134 1153; x_wconf 75' lang='grc' dir='ltr'>αἰωνίου</span> <span class='ocrx_word' id='word_1_634' title='bbox 1151 1125 1245 1160; x_wconf 73' lang='grc' dir='ltr'>ἑαυτὸν</span> <span class='ocrx_word' id='word_1_635' title='bbox 1263 1125 1378 1160; x_wconf 80' lang='grc' dir='ltr'><strong>ἄμωμον</strong></span> <span class='ocrx_word' id='word_1_636' title='bbox 1390 1126 1576 1161; x_wconf 80' lang='grc' dir='ltr'><strong>προσήνεγκεν</strong></span> <span class='ocrx_word' id='word_1_637' title='bbox 1595 1125 1633 1160; x_wconf 82' lang='grc' dir='ltr'>τῷ</span> <span class='ocrx_word' id='word_1_638' title='bbox 1648 1126 1717 1161; x_wconf 80' lang='grc' dir='ltr'>Θεῷ.</span> <span class='ocrx_word' id='word_1_639' title='bbox 1737 1135 1746 1151; x_wconf 86' lang='grc'><strong>›</strong></span> <span class='ocrx_word' id='word_1_640' title='bbox 1764 1127 1819 1153; x_wconf 73' lang='grc' dir='ltr'><strong>Δέ-</strong></span> 
     </span>
    </p>
   </div>
   <div class='ocr_carea' id='block_1_82' title="bbox 1024 1171 1819 1208">
    <p class='ocr_par' dir='ltr' id='par_1_82' title="bbox 1024 1171 1819 1208">
     <span class='ocr_line' id='line_1_82' title="bbox 1024 1171 1819 1208; baseline 0.003 -11"><span class='ocrx_word' id='word_1_641' title='bbox 1024 1181 1067 1206; x_wconf 87' lang='grc' dir='ltr'>γει</span> <span class='ocrx_word' id='word_1_642' title='bbox 1079 1172 1107 1198; x_wconf 81' lang='grc' dir='ltr'>δὲ</span> <span class='ocrx_word' id='word_1_643' title='bbox 1121 1172 1166 1198; x_wconf 81' lang='grc' dir='ltr'><strong>τὸν</strong></span> <span class='ocrx_word' id='word_1_644' title='bbox 1179 1171 1317 1207; x_wconf 77' lang='grc' dir='ltr'><strong>Δεσπότην</strong></span> <span class='ocrx_word' id='word_1_645' title='bbox 1331 1171 1458 1207; x_wconf 81' lang='grc' dir='ltr'>Χριστὸν,</span> <span class='ocrx_word' id='word_1_646' title='bbox 1474 1172 1519 1198; x_wconf 84' lang='grc' dir='ltr'>τὸν</span> <span class='ocrx_word' id='word_1_647' title='bbox 1542 1173 1570 1198; x_wconf 77' lang='grc' dir='ltr'>ἐν</span> <span class='ocrx_word' id='word_1_648' title='bbox 1586 1173 1618 1208; x_wconf 84' lang='grc' dir='ltr'>τῇ</span> <span class='ocrx_word' id='word_1_649' title='bbox 1639 1174 1722 1208; x_wconf 78' lang='grc' dir='ltr'>σετπῇ</span> <span class='ocrx_word' id='word_1_650' title='bbox 1738 1174 1819 1200; x_wconf 75' lang='grc' dir='ltr'>ἐναν-</span> 
     </span>
    </p>
   </div>
   <div class='ocr_carea' id='block_1_83' title="bbox 1025 1217 1817 1254">
    <p class='ocr_par' dir='ltr' id='par_1_83' title="bbox 1025 1217 1817 1254">
     <span class='ocr_line' id='line_1_83' title="bbox 1025 1217 1817 1254; baseline 0.003 -11"><span class='ocrx_word' id='word_1_651' title='bbox 1025 1218 1165 1252; x_wconf 83' lang='grc' dir='ltr'><strong>ορωπήσει</strong></span> <span class='ocrx_word' id='word_1_652' title='bbox 1182 1217 1265 1243; x_wconf 80' lang='grc' dir='ltr'>αὑτοῦ</span> <span class='ocrx_word' id='word_1_653' title='bbox 1278 1217 1373 1243; x_wconf 81' lang='grc' dir='ltr'>ἑαυτὸν</span> <span class='ocrx_word' id='word_1_654' title='bbox 1384 1217 1429 1244; x_wconf 81' lang='grc' dir='ltr'><strong>διὰ</strong></span> <span class='ocrx_word' id='word_1_655' title='bbox 1443 1217 1488 1243; x_wconf 81' lang='grc' dir='ltr'>τοῦ</span> <span class='ocrx_word' id='word_1_656' title='bbox 1499 1218 1577 1252; x_wconf 81' lang='grc' dir='ltr'><strong>ἁγίου</strong></span> <span class='ocrx_word' id='word_1_657' title='bbox 1589 1218 1746 1254; x_wconf 82' lang='grc' dir='ltr'>Πνεὺματος</span> <span class='ocrx_word' id='word_1_658' title='bbox 1758 1218 1817 1247; x_wconf 75' lang='grc' dir='ltr'>ἀνθ’</span> 
     </span>
    </p>
   </div>
   <div class='ocr_carea' id='block_1_84' title="bbox 1025 1262 1819 1300">
    <p class='ocr_par' dir='ltr' id='par_1_84' title="bbox 1025 1262 1819 1300">
     <span class='ocr_line' id='line_1_84' title="bbox 1025 1262 1819 1300; baseline 0.004 -11"><span class='ocrx_word' id='word_1_659' title='bbox 1025 1264 1102 1299; x_wconf 82' lang='grc' dir='ltr'>ἡμῶν</span> <span class='ocrx_word' id='word_1_660' title='bbox 1116 1262 1155 1299; x_wconf 76' lang='grc' dir='ltr'>τῷ</span> <span class='ocrx_word' id='word_1_661' title='bbox 1169 1263 1265 1290; x_wconf 76' lang='grc' dir='ltr'>ἑαυτοῦ</span> <span class='ocrx_word' id='word_1_662' title='bbox 1284 1264 1370 1299; x_wconf 79' lang='grc' dir='ltr'>Πατρὶ</span> <span class='ocrx_word' id='word_1_663' title='bbox 1390 1264 1616 1300; x_wconf 78' lang='grc' dir='ltr'><strong>προσενηνοχότα.</strong></span> <span class='ocrx_word' id='word_1_664' title='bbox 1636 1265 1690 1292; x_wconf 79' lang='grc' dir='ltr'><strong>Καὶ</strong></span> <span class='ocrx_word' id='word_1_665' title='bbox 1715 1266 1819 1300; x_wconf 79' lang='grc' dir='ltr'>Πέτρος</span> 
     </span>
    </p>
   </div>
   <div class='ocr_carea' id='block_1_85' title="bbox 1024 1309 1819 1347">
    <p class='ocr_par' dir='ltr' id='par_1_85' title="bbox 1024 1309 1819 1347">
     <span class='ocr_line' id='line_1_85' title="bbox 1024 1309 1819 1347; baseline 0.003 -11"><span class='ocrx_word' id='word_1_666' title='bbox 1024 1310 1052 1337; x_wconf 79' lang='grc' dir='ltr'><strong>δὲ</strong></span> <span class='ocrx_word' id='word_1_667' title='bbox 1063 1310 1196 1345; x_wconf 77' lang='grc' dir='ltr'><strong>προσηχεῐ</strong></span> <span class='ocrx_word' id='word_1_668' title='bbox 1210 1309 1353 1342; x_wconf 63' lang='grc' dir='ltr'><strong>ἀκόλουοαι</strong></span> <span class='ocrx_word' id='word_1_669' title='bbox 1372 1310 1408 1341; x_wconf 81' lang='grc' dir='ltr'>ὡς</span> <span class='ocrx_word' id='word_1_670' title='bbox 1423 1310 1474 1345; x_wconf 72' lang='grc' dir='ltr'><strong>ἤδη</strong></span> <span class='ocrx_word' id='word_1_671' title='bbox 1489 1310 1680 1346; x_wconf 78' lang='grc' dir='ltr'><strong>ἐμνημονεύθη</strong></span> <span class='ocrx_word' id='word_1_672' title='bbox 1691 1320 1700 1347; x_wconf 78' lang='lat'><strong>&#39;_</strong></span> <span class='ocrx_word' id='word_1_673' title='bbox 1717 1321 1725 1337; x_wconf 86' lang='grc' dir='ltr'><strong>ι</strong></span> <span class='ocrx_word' id='word_1_674' title='bbox 1742 1311 1777 1338; x_wconf 85' lang='grc' dir='ltr'>Τὸ</span> <span class='ocrx_word' id='word_1_675' title='bbox 1789 1311 1819 1339; x_wconf 74' lang='grc' dir='ltr'><strong>δὲ</strong></span> 
     </span>
    </p>
   </div>
   <div class='ocr_carea' id='block_1_86' title="bbox 1031 1355 1819 1393">
    <p class='ocr_par' dir='ltr' id='par_1_86' title="bbox 1031 1355 1819 1393">
     <span class='ocr_line' id='line_1_86' title="bbox 1031 1355 1819 1393; baseline 0.004 -12"><span class='ocrx_word' id='word_1_676' title='bbox 1031 1356 1121 1391; x_wconf 83' lang='grc' dir='ltr'><strong>Ῥἧμα</strong></span> <span class='ocrx_word' id='word_1_677' title='bbox 1141 1355 1186 1382; x_wconf 89' lang='grc' dir='ltr'>τοῦ</span> <span class='ocrx_word' id='word_1_678' title='bbox 1210 1355 1278 1382; x_wconf 84' lang='grc' dir='ltr'>θεοῦ</span> <span class='ocrx_word' id='word_1_679' title='bbox 1310 1356 1384 1391; x_wconf 83' lang='grc' dir='ltr'>μένει</span> <span class='ocrx_word' id='word_1_680' title='bbox 1405 1357 1444 1388; x_wconf 67' lang='grc' dir='ltr'><strong>εἰς</strong></span> <span class='ocrx_word' id='word_1_681' title='bbox 1459 1356 1504 1383; x_wconf 74' lang='grc' dir='ltr'>τὸν</span> <span class='ocrx_word' id='word_1_682' title='bbox 1518 1356 1614 1383; x_wconf 84' lang='grc' dir='ltr'><strong>αἰῶνα.</strong></span> <span class='ocrx_word' id='word_1_683' title='bbox 1632 1367 1640 1382; x_wconf 85' lang='grc' dir='ltr'>ι</span> <span class='ocrx_word' id='word_1_684' title='bbox 1661 1357 1750 1393; x_wconf 85' lang='grc' dir='ltr'>Ῥῆμα</span> <span class='ocrx_word' id='word_1_685' title='bbox 1763 1357 1819 1393; x_wconf 84' lang='grc' dir='ltr'><strong>γὰρ</strong></span> 
     </span>
    </p>
   </div>
   <div class='ocr_carea' id='block_1_87' title="bbox 1025 1401 1820 1438">
    <p class='ocr_par' dir='ltr' id='par_1_87' title="bbox 1025 1401 1820 1438">
     <span class='ocr_line' id='line_1_87' title="bbox 1025 1401 1820 1438; baseline 0.005 -11"><span class='ocrx_word' id='word_1_686' title='bbox 1025 1401 1092 1428; x_wconf 78' lang='grc' dir='ltr'>Θεοῦ</span> <span class='ocrx_word' id='word_1_687' title='bbox 1119 1401 1234 1428; x_wconf 77' lang='grc' dir='ltr'>ἐνταῦθα</span> <span class='ocrx_word' id='word_1_688' title='bbox 1263 1401 1340 1428; x_wconf 81' lang='grc' dir='ltr'>καλεῖ</span> <span class='ocrx_word' id='word_1_689' title='bbox 1360 1403 1390 1428; x_wconf 81' lang='grc' dir='ltr'>τὸ</span> <span class='ocrx_word' id='word_1_690' title='bbox 1409 1402 1520 1438; x_wconf 79' lang='grc' dir='ltr'>Πνεῦμα</span> <span class='ocrx_word' id='word_1_691' title='bbox 1534 1403 1581 1429; x_wconf 82' lang='grc' dir='ltr'>τοῦ</span> <span class='ocrx_word' id='word_1_692' title='bbox 1594 1403 1672 1430; x_wconf 81' lang='grc' dir='ltr'>Θεοῦ.</span> <span class='ocrx_word' id='word_1_693' title='bbox 1690 1403 1741 1430; x_wconf 82' lang='grc' dir='ltr'><strong>Διά</strong></span> <span class='ocrx_word' id='word_1_694' title='bbox 1753 1403 1820 1438; x_wconf 80' lang='grc' dir='ltr'>γοῦν</span> 
     </span>
    </p>
   </div>
   <div class='ocr_carea' id='block_1_88' title="bbox 1024 1447 1818 1486">
    <p class='ocr_par' dir='ltr' id='par_1_88' title="bbox 1024 1447 1818 1486">
     <span class='ocr_line' id='line_1_88' title="bbox 1024 1447 1818 1486; baseline 0.004 -12"><span class='ocrx_word' id='word_1_695' title='bbox 1024 1448 1074 1482; x_wconf 83' lang='grc' dir='ltr'>τῆς</span> <span class='ocrx_word' id='word_1_696' title='bbox 1089 1447 1222 1483; x_wconf 85' lang='grc' dir='ltr'><strong>Θεότητος</strong></span> <span class='ocrx_word' id='word_1_697' title='bbox 1232 1448 1281 1483; x_wconf 85' lang='grc' dir='ltr'>τὴν</span> <span class='ocrx_word' id='word_1_698' title='bbox 1294 1448 1446 1483; x_wconf 79' lang='grc' dir='ltr'>ταυτότητα</span> <span class='ocrx_word' id='word_1_699' title='bbox 1463 1449 1639 1484; x_wconf 74' lang='grc' dir='ltr'>μνημονεύων</span> <span class='ocrx_word' id='word_1_700' title='bbox 1652 1449 1698 1476; x_wconf 84' lang='grc' dir='ltr'>τοῦ</span> <span class='ocrx_word' id='word_1_701' title='bbox 1711 1449 1818 1486; x_wconf 78' lang='grc' dir='ltr'>Πατρὸς</span> 
     </span>
    </p>
   </div>
   <div class='ocr_carea' id='block_1_89' title="bbox 1024 1491 1817 1533">
    <p class='ocr_par' dir='ltr' id='par_1_89' title="bbox 1024 1491 1817 1533">
     <span class='ocr_line' id='line_1_89' title="bbox 1024 1491 1817 1533; baseline 0.005 -15"><span class='ocrx_word' id='word_1_702' title='bbox 1024 1492 1070 1533; x_wconf 49' lang='grc' dir='ltr'>διαὶ</span> <span class='ocrx_word' id='word_1_703' title='bbox 1083 1491 1130 1518; x_wconf 91' lang='grc' dir='ltr'>τοῦ</span> <span class='ocrx_word' id='word_1_704' title='bbox 1143 1492 1209 1518; x_wconf 77' lang='grc' dir='ltr'>Υἱοῦ</span> <span class='ocrx_word' id='word_1_705' title='bbox 1223 1493 1237 1518; x_wconf 87' lang='grc' dir='ltr'>ὁ</span> <span class='ocrx_word' id='word_1_706' title='bbox 1249 1492 1366 1524; x_wconf 84' lang='grc' dir='ltr'><strong>Παῦλος,</strong></span> <span class='ocrx_word' id='word_1_707' title='bbox 1377 1494 1410 1528; x_wconf 85' lang='grc' dir='ltr'>τῇ</span> <span class='ocrx_word' id='word_1_708' title='bbox 1427 1493 1496 1529; x_wconf 82' lang='grc' dir='ltr'>αὐτῇ</span> <span class='ocrx_word' id='word_1_709' title='bbox 1514 1494 1645 1529; x_wconf 82' lang='grc' dir='ltr'>κέχρηται</span> <span class='ocrx_word' id='word_1_710' title='bbox 1663 1494 1710 1521; x_wconf 84' lang='grc' dir='ltr'>τοῦ</span> <span class='ocrx_word' id='word_1_711' title='bbox 1726 1495 1817 1530; x_wconf 80' lang='grc' dir='ltr'>ῥήμα-</span> 
     </span>
    </p>
   </div>
   <div class='ocr_carea' id='block_1_90' title="bbox 1022 1537 1819 1576">
    <p class='ocr_par' dir='ltr' id='par_1_90' title="bbox 1022 1537 1819 1576">
     <span class='ocr_line' id='line_1_90' title="bbox 1022 1537 1819 1576; baseline 0.006 -14"><span class='ocrx_word' id='word_1_712' title='bbox 1022 1545 1067 1569; x_wconf 80' lang='grc' dir='ltr'>τος</span> <span class='ocrx_word' id='word_1_713' title='bbox 1082 1537 1222 1573; x_wconf 77' lang='grc' dir='ltr'><strong>εὐφημίᾳ·</strong></span> <span class='ocrx_word' id='word_1_714' title='bbox 1245 1547 1255 1563; x_wconf 79' lang='grc' dir='ltr'><strong>ι</strong></span> <span class='ocrx_word' id='word_1_715' title='bbox 1280 1538 1308 1564; x_wconf 91' lang='lat'><strong>&#39;0</strong></span> <span class='ocrx_word' id='word_1_716' title='bbox 1326 1538 1403 1570; x_wconf 77' lang='grc' dir='ltr'>Θεὸς,</span> <span class='ocrx_word' id='word_1_717' title='bbox 1414 1539 1506 1574; x_wconf 76' lang='grc' dir='ltr'><strong>φησὶν,</strong></span> <span class='ocrx_word' id='word_1_718' title='bbox 1527 1539 1574 1566; x_wconf 75' lang='grc' dir='ltr'><strong>καὶ</strong></span> <span class='ocrx_word' id='word_1_719' title='bbox 1590 1539 1684 1576; x_wconf 85' lang='grc' dir='ltr'>Πατὴρ</span> <span class='ocrx_word' id='word_1_720' title='bbox 1696 1540 1743 1567; x_wconf 84' lang='grc' dir='ltr'>τοῦ</span> <span class='ocrx_word' id='word_1_721' title='bbox 1759 1542 1819 1568; x_wconf 81' lang='grc' dir='ltr'><strong>Κυ-</strong></span> 
     </span>
    </p>
   </div>
   <div class='ocr_carea' id='block_1_91' title="bbox 1024 1581 1817 1620">
    <p class='ocr_par' dir='ltr' id='par_1_91' title="bbox 1024 1581 1817 1620">
     <span class='ocr_line' id='line_1_91' title="bbox 1024 1581 1817 1620; baseline 0.005 -13"><span class='ocrx_word' id='word_1_722' title='bbox 1024 1582 1081 1616; x_wconf 77' lang='grc' dir='ltr'><strong>ρίου</strong></span> <span class='ocrx_word' id='word_1_723' title='bbox 1098 1582 1175 1617; x_wconf 78' lang='grc' dir='ltr'>ἡμῶν</span> <span class='ocrx_word' id='word_1_724' title='bbox 1193 1582 1280 1617; x_wconf 79' lang='grc' dir='ltr'>Ἰησοῦ</span> <span class='ocrx_word' id='word_1_725' title='bbox 1297 1582 1416 1617; x_wconf 80' lang='grc' dir='ltr'>Χριστοῦ</span> <span class='ocrx_word' id='word_1_726' title='bbox 1434 1581 1513 1616; x_wconf 74' lang='grc' dir='ltr'>οἶδεν,</span> <span class='ocrx_word' id='word_1_727' title='bbox 1529 1585 1543 1610; x_wconf 84' lang='grc' dir='ltr'>ὁ</span> <span class='ocrx_word' id='word_1_728' title='bbox 1558 1583 1595 1610; x_wconf 84' lang='grc' dir='ltr'>ὢν</span> <span class='ocrx_word' id='word_1_729' title='bbox 1614 1584 1760 1620; x_wconf 75' lang='grc' dir='ltr'><strong>εὐλογητὸς</strong></span> <span class='ocrx_word' id='word_1_730' title='bbox 1775 1586 1817 1618; x_wconf 82' lang='grc' dir='ltr'>εις</span> 
     </span>
    </p>
   </div>
   <div class='ocr_carea' id='block_1_92' title="bbox 1022 1626 1819 1665">
    <p class='ocr_par' dir='ltr' id='par_1_92' title="bbox 1022 1626 1819 1665">
     <span class='ocr_line' id='line_1_92' title="bbox 1022 1626 1819 1665; baseline 0.005 -13"><span class='ocrx_word' id='word_1_731' title='bbox 1022 1627 1086 1657; x_wconf 82' lang='grc' dir='ltr'>τοὺς</span> <span class='ocrx_word' id='word_1_732' title='bbox 1093 1626 1195 1658; x_wconf 77' lang='grc' dir='ltr'><strong>αἰῶνας</strong></span> <span class='ocrx_word' id='word_1_733' title='bbox 1208 1634 1216 1643; x_wconf 94' lang='grc'><strong>·</strong></span> <span class='ocrx_word' id='word_1_734' title='bbox 1227 1636 1236 1653; x_wconf 73' lang='grc' dir='ltr'><strong>ι</strong></span> <span class='ocrx_word' id='word_1_735' title='bbox 1249 1627 1296 1654; x_wconf 67' lang='grc' dir='ltr'><strong>καὶ</strong></span> <span class='ocrx_word' id='word_1_736' title='bbox 1308 1627 1388 1655; x_wconf 72' lang='grc' dir='ltr'>πάλιν</span> <span class='ocrx_word' id='word_1_737' title='bbox 1401 1635 1408 1642; x_wconf 85' lang='grc'><strong>·</strong></span> <span class='ocrx_word' id='word_1_738' title='bbox 1423 1638 1432 1653; x_wconf 79' lang='grc' dir='ltr'><strong>ι</strong></span> <span class='ocrx_word' id='word_1_739' title='bbox 1449 1629 1551 1664; x_wconf 78' lang='grc' dir='ltr'>Ἰησοῦς</span> <span class='ocrx_word' id='word_1_740' title='bbox 1561 1629 1677 1664; x_wconf 68' lang='grc' dir='ltr'>Χριστὸς</span> <span class='ocrx_word' id='word_1_741' title='bbox 1692 1629 1755 1665; x_wconf 79' lang='grc' dir='ltr'><strong>χθὲς</strong></span> <span class='ocrx_word' id='word_1_742' title='bbox 1770 1630 1819 1657; x_wconf 79' lang='grc' dir='ltr'><strong>καὶ</strong></span> 
     </span>
    </p>
   </div>
   <div class='ocr_carea' id='block_1_93' title="bbox 1024 1672 1816 1709">
    <p class='ocr_par' dir='ltr' id='par_1_93' title="bbox 1024 1672 1816 1709">
     <span class='ocr_line' id='line_1_93' title="bbox 1024 1672 1816 1709; baseline 0.008 -12"><span class='ocrx_word' id='word_1_743' title='bbox 1024 1672 1142 1707; x_wconf 82' lang='grc' dir='ltr'><strong>σήμερον</strong></span> <span class='ocrx_word' id='word_1_744' title='bbox 1159 1681 1165 1687; x_wconf 91' lang='grc'>·</span> <span class='ocrx_word' id='word_1_745' title='bbox 1177 1673 1191 1698; x_wconf 80' lang='grc' dir='ltr'>ὁ</span> <span class='ocrx_word' id='word_1_746' title='bbox 1201 1672 1281 1704; x_wconf 81' lang='grc' dir='ltr'>αὐτὸς</span> <span class='ocrx_word' id='word_1_747' title='bbox 1291 1673 1337 1700; x_wconf 81' lang='grc' dir='ltr'><strong>καὶ</strong></span> <span class='ocrx_word' id='word_1_748' title='bbox 1346 1674 1386 1705; x_wconf 86' lang='grc' dir='ltr'><strong>εἰς</strong></span> <span class='ocrx_word' id='word_1_749' title='bbox 1395 1674 1457 1706; x_wconf 77' lang='grc' dir='ltr'><strong>τοὺς</strong></span> <span class='ocrx_word' id='word_1_750' title='bbox 1472 1675 1584 1706; x_wconf 72' lang='grc' dir='ltr'><strong>αἰῶνας.</strong></span> <span class='ocrx_word' id='word_1_751' title='bbox 1599 1685 1608 1701; x_wconf 76' lang='grc' dir='ltr'><strong>ι</strong></span> <span class='ocrx_word' id='word_1_752' title='bbox 1625 1676 1681 1702; x_wconf 75' lang='grc' dir='ltr'><strong>Οὐκ</strong></span> <span class='ocrx_word' id='word_1_753' title='bbox 1695 1675 1768 1702; x_wconf 81' lang='grc' dir='ltr'>ἐστιν</span> <span class='ocrx_word' id='word_1_754' title='bbox 1778 1676 1816 1709; x_wconf 72' lang='grc' dir='ltr'><strong>δὲ,</strong></span> 
     </span>
    </p>
   </div>
   <div class='ocr_carea' id='block_1_94' title="bbox 1023 1717 1819 1755">
    <p class='ocr_par' dir='ltr' id='par_1_94' title="bbox 1023 1717 1819 1755">
     <span class='ocr_line' id='line_1_94' title="bbox 1023 1717 1819 1755; baseline 0.008 -12"><span class='ocrx_word' id='word_1_755' title='bbox 1023 1717 1072 1744; x_wconf 75' lang='grc' dir='ltr'>οὐκ</span> <span class='ocrx_word' id='word_1_756' title='bbox 1078 1717 1151 1744; x_wconf 74' lang='grc' dir='ltr'>ἔστιν</span> <span class='ocrx_word' id='word_1_757' title='bbox 1161 1718 1229 1754; x_wconf 76' lang='grc' dir='ltr'><strong>ἀκοῇ</strong></span> <span class='ocrx_word' id='word_1_758' title='bbox 1235 1718 1350 1746; x_wconf 85' lang='grc' dir='ltr'>ἀκοῦσαι</span> <span class='ocrx_word' id='word_1_759' title='bbox 1355 1740 1361 1751; x_wconf 87' lang='grc'>,</span> <span class='ocrx_word' id='word_1_760' title='bbox 1370 1719 1422 1746; x_wconf 75' lang='grc' dir='ltr'><strong>ἆπε</strong></span> <span class='ocrx_word' id='word_1_761' title='bbox 1426 1728 1441 1754; x_wconf 86' lang='grc' dir='ltr'><strong>ρ</strong></span> <span class='ocrx_word' id='word_1_762' title='bbox 1449 1721 1494 1748; x_wconf 69' lang='grc' dir='ltr'><strong>καὶ</strong></span> <span class='ocrx_word' id='word_1_763' title='bbox 1502 1730 1514 1747; x_wconf 88' lang='grc' dir='ltr'><strong>ε</strong></span> <span class='ocrx_word' id='word_1_764' title='bbox 1520 1721 1543 1752; x_wconf 69' lang='lat' dir='ltr'><strong>ig</strong></span> <span class='ocrx_word' id='word_1_765' title='bbox 1548 1721 1578 1747; x_wconf 87' lang='grc' dir='ltr'>τὺ</span> <span class='ocrx_word' id='word_1_766' title='bbox 1591 1721 1736 1755; x_wconf 80' lang='grc' dir='ltr'>κεφάλαιον</span> <span class='ocrx_word' id='word_1_767' title='bbox 1740 1721 1819 1749; x_wconf 81' lang='grc' dir='ltr'>τοῦτο</span> 
     </span>
    </p>
   </div>
   <div class='ocr_carea' id='block_1_95' title="bbox 1023 1763 1818 1804">
    <p class='ocr_par' dir='ltr' id='par_1_95' title="bbox 1023 1763 1818 1804">
     <span class='ocr_line' id='line_1_95' title="bbox 1023 1763 1818 1804; baseline 0.006 -14"><span class='ocrx_word' id='word_1_768' title='bbox 1023 1763 1156 1799; x_wconf 74' lang='grc' dir='ltr'><strong>ὡρίσαντο</strong></span> <span class='ocrx_word' id='word_1_769' title='bbox 1167 1766 1191 1791; x_wconf 79' lang='grc' dir='ltr'><strong>οἱ</strong></span> <span class='ocrx_word' id='word_1_770' title='bbox 1207 1766 1270 1800; x_wconf 77' lang='grc' dir='ltr'>περὶ</span> <span class='ocrx_word' id='word_1_771' title='bbox 1290 1765 1339 1797; x_wconf 82' lang='grc' dir='ltr'><strong>τὰς</strong></span> <span class='ocrx_word' id='word_1_772' title='bbox 1351 1765 1490 1800; x_wconf 85' lang='grc' dir='ltr'>θεολογίας</span> <span class='ocrx_word' id='word_1_773' title='bbox 1504 1767 1552 1793; x_wconf 88' lang='grc' dir='ltr'>τοῦ</span> <span class='ocrx_word' id='word_1_774' title='bbox 1567 1767 1644 1802; x_wconf 75' lang='grc' dir='ltr'>ἁγίου</span> <span class='ocrx_word' id='word_1_775' title='bbox 1659 1767 1818 1804; x_wconf 84' lang='grc' dir='ltr'>Πνεύματος</span> 
     </span>
    </p>
   </div>
   <div class='ocr_carea' id='block_1_96' title="bbox 1024 1810 1818 1849">
    <p class='ocr_par' dir='ltr' id='par_1_96' title="bbox 1024 1810 1818 1849">
     <span class='ocr_line' id='line_1_96' title="bbox 1024 1810 1818 1849; baseline 0.006 -13"><span class='ocrx_word' id='word_1_776' title='bbox 1024 1810 1255 1847; x_wconf 81' lang='grc' dir='ltr'><strong>ὰποδιακείμενοι.</strong></span> <span class='ocrx_word' id='word_1_777' title='bbox 1277 1812 1426 1846; x_wconf 80' lang='grc' dir='ltr'><strong>Ἀπάγουσι</strong></span> <span class='ocrx_word' id='word_1_778' title='bbox 1444 1812 1497 1848; x_wconf 81' lang='grc' dir='ltr'><strong>γὰρ</strong></span> <span class='ocrx_word' id='word_1_779' title='bbox 1514 1814 1553 1844; x_wconf 78' lang='grc' dir='ltr'><strong>εἰς</strong></span> <span class='ocrx_word' id='word_1_780' title='bbox 1570 1813 1671 1848; x_wconf 78' lang='grc' dir='ltr'>ἔσχατα</span> <span class='ocrx_word' id='word_1_781' title='bbox 1690 1814 1742 1849; x_wconf 82' lang='grc' dir='ltr'>γῆς</span> <span class='ocrx_word' id='word_1_782' title='bbox 1754 1815 1818 1841; x_wconf 80' lang='grc' dir='ltr'>ἐαυ-</span> 
     </span>
    </p>
   </div>
   <div class='ocr_carea' id='block_1_97' title="bbox 1023 1855 1818 1894">
    <p class='ocr_par' dir='ltr' id='par_1_97' title="bbox 1023 1855 1818 1894">
     <span class='ocr_line' id='line_1_97' title="bbox 1023 1855 1818 1894; baseline 0.005 -12"><span class='ocrx_word' id='word_1_783' title='bbox 1023 1855 1087 1887; x_wconf 76' lang='grc' dir='ltr'>τοὺς</span> <span class='ocrx_word' id='word_1_784' title='bbox 1108 1857 1162 1883; x_wconf 74' lang='grc' dir='ltr'><strong>ἀπὸ</strong></span> <span class='ocrx_word' id='word_1_785' title='bbox 1188 1857 1365 1893; x_wconf 79' lang='grc' dir='ltr'><strong>προλήψεως·</strong></span> <span class='ocrx_word' id='word_1_786' title='bbox 1382 1858 1493 1894; x_wconf 82' lang='grc' dir='ltr'>ἄκριτος</span> <span class='ocrx_word' id='word_1_787' title='bbox 1515 1859 1543 1885; x_wconf 85' lang='grc' dir='ltr'><strong>δὲ</strong></span> <span class='ocrx_word' id='word_1_788' title='bbox 1566 1859 1636 1894; x_wconf 70' lang='grc' dir='ltr'>ἔρως</span> <span class='ocrx_word' id='word_1_789' title='bbox 1656 1860 1706 1886; x_wconf 76' lang='grc' dir='ltr'>οὐκ</span> <span class='ocrx_word' id='word_1_790' title='bbox 1724 1859 1818 1886; x_wconf 77' lang='grc' dir='ltr'>εἴωθεν</span> 
     </span>
    </p>
   </div>
   <div class='ocr_carea' id='block_1_98' title="bbox 1024 1902 1819 1940">
    <p class='ocr_par' dir='ltr' id='par_1_98' title="bbox 1024 1902 1819 1940">
     <span class='ocr_line' id='line_1_98' title="bbox 1024 1902 1819 1940; baseline 0.005 -12"><span class='ocrx_word' id='word_1_791' title='bbox 1024 1902 1123 1938; x_wconf 78' lang='grc' dir='ltr'><strong>ἀκριϐῆ</strong></span> <span class='ocrx_word' id='word_1_792' title='bbox 1145 1905 1294 1939; x_wconf 83' lang='grc' dir='ltr'>μαρτυρεῖν</span> <span class='ocrx_word' id='word_1_793' title='bbox 1316 1904 1453 1936; x_wconf 73' lang='grc' dir='ltr'><strong>ἐξέτασιν·</strong></span> <span class='ocrx_word' id='word_1_794' title='bbox 1468 1906 1542 1940; x_wconf 81' lang='grc' dir='ltr'>ὅμως</span> <span class='ocrx_word' id='word_1_795' title='bbox 1556 1906 1632 1932; x_wconf 79' lang='grc' dir='ltr'><strong>οὐδὲν</strong></span> <span class='ocrx_word' id='word_1_796' title='bbox 1648 1904 1704 1933; x_wconf 81' lang='grc' dir='ltr'>οἷον</span> <span class='ocrx_word' id='word_1_797' title='bbox 1720 1905 1819 1932; x_wconf 82' lang='grc' dir='ltr'>κωλύει</span> 
     </span>
    </p>
   </div>
   <div class='ocr_carea' id='block_1_99' title="bbox 1024 1948 1818 1988">
    <p class='ocr_par' dir='ltr' id='par_1_99' title="bbox 1024 1948 1818 1988">
     <span class='ocr_line' id='line_1_99' title="bbox 1024 1948 1818 1988; baseline 0.008 -14"><span class='ocrx_word' id='word_1_798' title='bbox 1024 1948 1110 1983; x_wconf 81' lang='grc' dir='ltr'>αὐτῆς</span> <span class='ocrx_word' id='word_1_799' title='bbox 1123 1949 1231 1985; x_wconf 80' lang='grc' dir='ltr'><strong>ἐκείνης</strong></span> <span class='ocrx_word' id='word_1_800' title='bbox 1244 1950 1292 1985; x_wconf 81' lang='grc' dir='ltr'><strong>τῆς</strong></span> <span class='ocrx_word' id='word_1_801' title='bbox 1308 1950 1518 1986; x_wconf 76' lang='grc' dir='ltr'>πειθανουργίας</span> <span class='ocrx_word' id='word_1_802' title='bbox 1530 1951 1656 1979; x_wconf 80' lang='grc' dir='ltr'>ἀκοῦσαι.</span> <span class='ocrx_word' id='word_1_803' title='bbox 1674 1952 1752 1979; x_wconf 78' lang='grc' dir='ltr'>Οὕτω</span> <span class='ocrx_word' id='word_1_804' title='bbox 1765 1952 1818 1988; x_wconf 73' lang='grc' dir='ltr'>γὰρ</span> 
     </span>
    </p>
   </div>
   <div class='ocr_carea' id='block_1_100' title="bbox 1024 1994 1821 2032">
    <p class='ocr_par' dir='ltr' id='par_1_100' title="bbox 1024 1994 1821 2032">
     <span class='ocr_line' id='line_1_100' title="bbox 1024 1994 1821 2032; baseline 0.005 -11"><span class='ocrx_word' id='word_1_805' title='bbox 1024 1995 1057 2021; x_wconf 85' lang='grc' dir='ltr'><strong>ἂν</strong></span> <span class='ocrx_word' id='word_1_806' title='bbox 1071 1994 1111 2021; x_wconf 75' lang='grc' dir='ltr'>ἔτι</span> <span class='ocrx_word' id='word_1_807' title='bbox 1125 1995 1206 2022; x_wconf 77' lang='grc' dir='ltr'>πλέον</span> <span class='ocrx_word' id='word_1_808' title='bbox 1220 1996 1486 2032; x_wconf 72' lang='grc' dir='ltr'><strong>καταγνωσθείησαν.</strong></span> <span class='ocrx_word' id='word_1_809' title='bbox 1502 1997 1578 2032; x_wconf 83' lang='grc' dir='ltr'><strong>Ἔχει</strong></span> <span class='ocrx_word' id='word_1_810' title='bbox 1589 1996 1636 2024; x_wconf 83' lang='grc' dir='ltr'>οὖν</span> <span class='ocrx_word' id='word_1_811' title='bbox 1646 1994 1698 2024; x_wconf 85' lang='grc' dir='ltr'><strong>ὧδε</strong></span> <span class='ocrx_word' id='word_1_812' title='bbox 1726 1999 1782 2025; x_wconf 85' lang='grc' dir='ltr'><strong>Οὺκ</strong></span> <span class='ocrx_word' id='word_1_813' title='bbox 1795 1997 1821 2024; x_wconf 80' lang='grc' dir='ltr'>εἴ</span> 
     </span>
    </p>
   </div>
   <div class='ocr_carea' id='block_1_101' title="bbox 1027 2040 1818 2078">
    <p class='ocr_par' dir='ltr' id='par_1_101' title="bbox 1027 2040 1818 2078">
     <span class='ocr_line' id='line_1_101' title="bbox 1027 2040 1818 2078; baseline 0.005 -12"><span class='ocrx_word' id='word_1_814' title='bbox 1027 2048 1054 2066; x_wconf 82' lang='grc' dir='ltr'><strong>τι</strong></span> <span class='ocrx_word' id='word_1_815' title='bbox 1080 2040 1188 2067; x_wconf 80' lang='grc' dir='ltr'>αἰώνιον</span> <span class='ocrx_word' id='word_1_816' title='bbox 1210 2040 1371 2076; x_wconf 78' lang='grc' dir='ltr'>ὡμωνύμως</span> <span class='ocrx_word' id='word_1_817' title='bbox 1385 2043 1616 2078; x_wconf 71' lang='grc' dir='ltr'><strong>προσηγόρευται,</strong></span> <span class='ocrx_word' id='word_1_818' title='bbox 1632 2043 1697 2074; x_wconf 77' lang='grc' dir='ltr'>Θεὸς</span> <span class='ocrx_word' id='word_1_819' title='bbox 1709 2043 1818 2070; x_wconf 77' lang='grc' dir='ltr'>δύναται</span> 
     </span>
    </p>
   </div>
   <div class='ocr_carea' id='block_1_102' title="bbox 1024 2084 1816 2126">
    <p class='ocr_par' dir='ltr' id='par_1_102' title="bbox 1024 2084 1816 2126">
     <span class='ocr_line' id='line_1_102' title="bbox 1024 2084 1816 2126; baseline 0.005 -15"><span class='ocrx_word' id='word_1_820' title='bbox 1024 2084 1160 2119; x_wconf 77' lang='grc' dir='ltr'>λέγεσθαι,</span> <span class='ocrx_word' id='word_1_821' title='bbox 1184 2085 1241 2112; x_wconf 83' lang='grc' dir='ltr'>ἀλλ’</span> <span class='ocrx_word' id='word_1_822' title='bbox 1258 2085 1285 2112; x_wconf 69' lang='grc' dir='ltr'>εἴ</span> <span class='ocrx_word' id='word_1_823' title='bbox 1299 2095 1340 2118; x_wconf 84' lang='grc' dir='ltr'><strong>τις</strong></span> <span class='ocrx_word' id='word_1_824' title='bbox 1356 2087 1431 2126; x_wconf 68' lang='grc' dir='ltr'><strong>Θεὸς,</strong></span> <span class='ocrx_word' id='word_1_825' title='bbox 1445 2087 1562 2113; x_wconf 71' lang='grc' dir='ltr'>αἰωνίων</span> <span class='ocrx_word' id='word_1_826' title='bbox 1577 2087 1630 2123; x_wconf 82' lang='lat'><strong>[68</strong></span> <span class='ocrx_word' id='word_1_827' title='bbox 1644 2087 1675 2124; x_wconf 85' lang='lat' dir='ltr'><strong>b]</strong></span> <span class='ocrx_word' id='word_1_828' title='bbox 1693 2089 1816 2124; x_wconf 76' lang='grc' dir='ltr'><strong>ποιητής.</strong></span> 
     </span>
    </p>
   </div>
   <div class='ocr_carea' id='block_1_103' title="bbox 1026 2131 1820 2170">
    <p class='ocr_par' dir='ltr' id='par_1_103' title="bbox 1026 2131 1820 2170">
     <span class='ocr_line' id='line_1_103' title="bbox 1026 2131 1820 2170; baseline 0.006 -14"><span class='ocrx_word' id='word_1_829' title='bbox 1026 2131 1182 2166; x_wconf 81' lang='grc' dir='ltr'>Γέγραπται</span> <span class='ocrx_word' id='word_1_830' title='bbox 1211 2132 1282 2168; x_wconf 87' lang='grc' dir='ltr'>γάρ·</span> <span class='ocrx_word' id='word_1_831' title='bbox 1302 2142 1311 2158; x_wconf 85' lang='grc'><em>‹</em></span> <span class='ocrx_word' id='word_1_832' title='bbox 1332 2133 1444 2168; x_wconf 85' lang='grc' dir='ltr'>Χρόνων</span> <span class='ocrx_word' id='word_1_833' title='bbox 1466 2133 1512 2160; x_wconf 70' lang='grc' dir='ltr'><strong>καὶ</strong></span> <span class='ocrx_word' id='word_1_834' title='bbox 1541 2133 1647 2161; x_wconf 75' lang='grc' dir='ltr'>αἰώνων</span> <span class='ocrx_word' id='word_1_835' title='bbox 1671 2134 1785 2170; x_wconf 74' lang='grc' dir='ltr'><strong>ποιητὴς</strong></span> <span class='ocrx_word' id='word_1_836' title='bbox 1804 2134 1820 2162; x_wconf 81' lang='grc' dir='ltr'><strong>ό</strong></span> 
     </span>
    </p>
   </div>
   <div class='ocr_carea' id='block_1_104' title="bbox 1027 2175 1819 2215">
    <p class='ocr_par' dir='ltr' id='par_1_104' title="bbox 1027 2175 1819 2215">
     <span class='ocr_line' id='line_1_104' title="bbox 1027 2175 1819 2215; baseline 0.006 -14"><span class='ocrx_word' id='word_1_837' title='bbox 1027 2175 1093 2207; x_wconf 81' lang='grc' dir='ltr'><strong>Θεός</strong></span> <span class='ocrx_word' id='word_1_838' title='bbox 1106 2184 1113 2191; x_wconf 90' lang='grc'>·</span> <span class='ocrx_word' id='word_1_839' title='bbox 1134 2186 1143 2202; x_wconf 79' lang='grc' dir='ltr'>ι</span> <span class='ocrx_word' id='word_1_840' title='bbox 1163 2177 1210 2203; x_wconf 78' lang='grc' dir='ltr'><strong>καὶ</strong></span> <span class='ocrx_word' id='word_1_841' title='bbox 1233 2177 1330 2204; x_wconf 82' lang='grc' dir='ltr'><strong>πάλιν·</strong></span> <span class='ocrx_word' id='word_1_842' title='bbox 1347 2187 1355 2203; x_wconf 85' lang='grc' dir='ltr'><strong>ι</strong></span> <span class='ocrx_word' id='word_1_843' title='bbox 1377 2178 1542 2214; x_wconf 80' lang='grc' dir='ltr'>Πολυμερῶς</span> <span class='ocrx_word' id='word_1_844' title='bbox 1570 2179 1617 2206; x_wconf 77' lang='grc' dir='ltr'><strong>καὶ</strong></span> <span class='ocrx_word' id='word_1_845' title='bbox 1644 2180 1819 2215; x_wconf 81' lang='grc' dir='ltr'>πολυτρόπως</span> 
     </span>
    </p>
   </div>
   <div class='ocr_carea' id='block_1_105' title="bbox 1027 2221 1818 2261">
    <p class='ocr_par' dir='ltr' id='par_1_105' title="bbox 1027 2221 1818 2261">
     <span class='ocr_line' id='line_1_105' title="bbox 1027 2221 1818 2261; baseline 0.006 -13"><span class='ocrx_word' id='word_1_846' title='bbox 1027 2221 1111 2248; x_wconf 86' lang='grc' dir='ltr'>πάλαι</span> <span class='ocrx_word' id='word_1_847' title='bbox 1125 2223 1139 2249; x_wconf 88' lang='grc' dir='ltr'><strong><em>ὁ</em></strong></span> <span class='ocrx_word' id='word_1_848' title='bbox 1151 2222 1217 2255; x_wconf 77' lang='grc' dir='ltr'>θεὸς</span> <span class='ocrx_word' id='word_1_849' title='bbox 1238 2223 1358 2258; x_wconf 85' lang='grc' dir='ltr'><strong>λαλήσας</strong></span> <span class='ocrx_word' id='word_1_850' title='bbox 1381 2225 1410 2250; x_wconf 80' lang='grc' dir='ltr'>ὲν</span> <span class='ocrx_word' id='word_1_851' title='bbox 1430 2227 1486 2257; x_wconf 83' lang='grc' dir='ltr'>τοῖς</span> <span class='ocrx_word' id='word_1_852' title='bbox 1500 2226 1664 2261; x_wconf 77' lang='grc' dir='ltr'>προφήταις,</span> <span class='ocrx_word' id='word_1_853' title='bbox 1682 2226 1725 2252; x_wconf 77' lang='grc' dir='ltr'><strong>ἐπ’</strong></span> <span class='ocrx_word' id='word_1_854' title='bbox 1738 2226 1818 2261; x_wconf 75' lang='grc' dir='ltr'>ἐσχά-</span> 
     </span>
    </p>
   </div>
   <div class='ocr_carea' id='block_1_106' title="bbox 1025 2267 1818 2307">
    <p class='ocr_par' dir='ltr' id='par_1_106' title="bbox 1025 2267 1818 2307">
     <span class='ocr_line' id='line_1_106' title="bbox 1025 2267 1818 2307; baseline 0.005 -14"><span class='ocrx_word' id='word_1_855' title='bbox 1025 2275 1072 2293; x_wconf 89' lang='grc' dir='ltr'><strong>του</strong></span> <span class='ocrx_word' id='word_1_856' title='bbox 1084 2267 1138 2294; x_wconf 85' lang='grc' dir='ltr'><strong>τῶν</strong></span> <span class='ocrx_word' id='word_1_857' title='bbox 1153 2269 1264 2304; x_wconf 81' lang='grc' dir='ltr'>ἡμερῶν</span> <span class='ocrx_word' id='word_1_858' title='bbox 1276 2269 1408 2305; x_wconf 75' lang='grc' dir='ltr'>ἐλάλησεν</span> <span class='ocrx_word' id='word_1_859' title='bbox 1421 2271 1487 2306; x_wconf 86' lang='grc' dir='ltr'>ἡμῖν</span> <span class='ocrx_word' id='word_1_860' title='bbox 1499 2272 1527 2297; x_wconf 81' lang='grc' dir='ltr'>ὲν</span> <span class='ocrx_word' id='word_1_861' title='bbox 1542 2271 1609 2306; x_wconf 78' lang='grc' dir='ltr'><strong>Υεῷ,</strong></span> <span class='ocrx_word' id='word_1_862' title='bbox 1624 2271 1654 2297; x_wconf 79' lang='grc' dir='ltr'>ὃν</span> <span class='ocrx_word' id='word_1_863' title='bbox 1668 2271 1743 2298; x_wconf 72' lang='grc' dir='ltr'>ἔθετο</span> <span class='ocrx_word' id='word_1_864' title='bbox 1754 2272 1818 2307; x_wconf 77' lang='grc' dir='ltr'><strong>κλη-</strong></span> 
     </span>
    </p>
   </div>
   <div class='ocr_carea' id='block_1_107' title="bbox 1028 2313 1818 2353">
    <p class='ocr_par' dir='ltr' id='par_1_107' title="bbox 1028 2313 1818 2353">
     <span class='ocr_line' id='line_1_107' title="bbox 1028 2313 1818 2353; baseline 0.006 -14"><span class='ocrx_word' id='word_1_865' title='bbox 1028 2313 1141 2349; x_wconf 84' lang='grc' dir='ltr'>ρόνομον</span> <span class='ocrx_word' id='word_1_866' title='bbox 1154 2314 1314 2346; x_wconf 69' lang='grc' dir='ltr'><strong>πάντοΝ,δι“</strong></span> <span class='ocrx_word' id='word_1_867' title='bbox 1325 2313 1355 2343; x_wconf 74' lang='grc' dir='ltr'><strong>οὗ</strong></span> <span class='ocrx_word' id='word_1_868' title='bbox 1370 2317 1417 2342; x_wconf 75' lang='grc' dir='ltr'><strong>καὶ</strong></span> <span class='ocrx_word' id='word_1_869' title='bbox 1433 2318 1496 2348; x_wconf 75' lang='grc' dir='ltr'>τοὺς</span> <span class='ocrx_word' id='word_1_870' title='bbox 1509 2317 1610 2348; x_wconf 76' lang='grc' dir='ltr'>αἰῶνας</span> <span class='ocrx_word' id='word_1_871' title='bbox 1622 2317 1756 2353; x_wconf 73' lang='grc' dir='ltr'>ἐποίησεν.</span> <span class='ocrx_word' id='word_1_872' title='bbox 1766 2329 1774 2343; x_wconf 82' lang='grc' dir='ltr'><strong>ι</strong></span> <span class='ocrx_word' id='word_1_873' title='bbox 1787 2318 1818 2345; x_wconf 78' lang='lat' dir='ltr'><strong>El</strong></span> 
     </span>
    </p>
   </div>
   <div class='ocr_carea' id='block_1_108' title="bbox 1028 2361 1818 2398">
    <p class='ocr_par' dir='ltr' id='par_1_108' title="bbox 1028 2361 1818 2398">
     <span class='ocr_line' id='line_1_108' title="bbox 1028 2361 1818 2398; baseline 0.005 -12"><span class='ocrx_word' id='word_1_874' title='bbox 1028 2362 1084 2398; x_wconf 88' lang='grc' dir='ltr'><strong>γὰρ</strong></span> <span class='ocrx_word' id='word_1_875' title='bbox 1102 2361 1128 2386; x_wconf 74' lang='grc' dir='ltr'>εἴ</span> <span class='ocrx_word' id='word_1_876' title='bbox 1141 2369 1168 2387; x_wconf 84' lang='grc' dir='ltr'><strong>τι</strong></span> <span class='ocrx_word' id='word_1_877' title='bbox 1185 2361 1292 2388; x_wconf 71' lang='grc' dir='ltr'>αἰώνιον</span> <span class='ocrx_word' id='word_1_878' title='bbox 1306 2362 1535 2397; x_wconf 72' lang='grc' dir='ltr'><strong>προσηγόρευται,</strong></span> <span class='ocrx_word' id='word_1_879' title='bbox 1553 2363 1613 2394; x_wconf 81' lang='grc' dir='ltr'><strong>Θεὸς</strong></span> <span class='ocrx_word' id='word_1_880' title='bbox 1640 2364 1742 2398; x_wconf 80' lang='grc' dir='ltr'>ὀφείλει</span> <span class='ocrx_word' id='word_1_881' title='bbox 1761 2365 1818 2391; x_wconf 70' lang='lat' dir='ltr'><strong>ovo-</strong></span> 
     </span>
    </p>
   </div>
   <div class='ocr_carea' id='block_1_109' title="bbox 1027 2450 1486 2485">
    <p class='ocr_par' dir='ltr' id='par_1_109' title="bbox 1027 2450 1486 2485">
     <span class='ocr_line' id='line_1_109' title="bbox 1027 2450 1486 2485; baseline -0.013 -8"><span class='ocrx_word' id='word_1_882' title='bbox 1027 2457 1088 2485; x_wconf 78' lang='lat' dir='ltr'><strong>pag.</strong></span> <span class='ocrx_word' id='word_1_883' title='bbox 1102 2450 1163 2477; x_wconf 75' lang='grc'><strong>147.</strong></span> <span class='ocrx_word' id='word_1_884' title='bbox 1484 2469 1486 2471; x_wconf 91' lang='grc'>.</span> 
     </span>
    </p>
   </div>
   <div class='ocr_carea' id='block_1_110' title="bbox 1064 2484 1455 2520">
    <p class='ocr_par' dir='ltr' id='par_1_110' title="bbox 1064 2484 1455 2520">
     <span class='ocr_line' id='line_1_110' title="bbox 1064 2484 1455 2520; baseline 0.01 -9"><span class='ocrx_word' id='word_1_885' title='bbox 1064 2484 1121 2520; x_wconf 72' lang='grc'>(66)</span> <span class='ocrx_word' id='word_1_886' title='bbox 1140 2486 1219 2513; x_wconf 74' lang='lat' dir='ltr'><strong>Deus.</strong></span> <span class='ocrx_word' id='word_1_887' title='bbox 1239 2485 1259 2513; x_wconf 92' lang='lat' dir='ltr'><strong>II</strong></span> <span class='ocrx_word' id='word_1_888' title='bbox 1273 2484 1335 2514; x_wconf 88' lang='lat' dir='ltr'><strong>Cor.</strong></span> <span class='ocrx_word' id='word_1_889' title='bbox 1352 2495 1390 2519; x_wconf 80' lang='lat' dir='ltr'><strong>xt,</strong></span> <span class='ocrx_word' id='word_1_890' title='bbox 1409 2488 1455 2516; x_wconf 77' lang='grc'><strong>51.</strong></span> 
     </span>
    </p>
   </div>
   <div class='ocr_carea' id='block_1_111' title="bbox 1065 2521 1781 2590">
    <p class='ocr_par' dir='ltr' id='par_1_111' title="bbox 1065 2521 1781 2590">
     <span class='ocr_line' id='line_1_111' title="bbox 1078 2521 1638 2555; baseline 0.011 -9"><span class='ocrx_word' id='word_1_891' title='bbox 1078 2521 1122 2555; x_wconf 80' lang='grc'><strong>67)</strong></span> <span class='ocrx_word' id='word_1_892' title='bbox 1139 2521 1228 2548; x_wconf 74' lang='lat' dir='ltr'><strong>Jesus.</strong></span> <span class='ocrx_word' id='word_1_893' title='bbox 1245 2522 1327 2550; x_wconf 83' lang='lat' dir='ltr'><strong>Hebr.</strong></span> <span class='ocrx_word' id='word_1_894' title='bbox 1345 2531 1404 2554; x_wconf 82' lang='lat' dir='ltr'><strong>xm,</strong></span> <span class='ocrx_word' id='word_1_895' title='bbox 1421 2524 1448 2550; x_wconf 82' lang='lat'><strong>8.</strong></span> <span class='ocrx_word' id='word_1_896' title='bbox 1634 2545 1638 2548; x_wconf 88' lang='lat'><strong>.</strong></span> 
     </span>
     <span class='ocr_line' id='line_1_112' title="bbox 1065 2524 1781 2590; baseline 0.006 -9"><span class='ocrx_word' id='word_1_897' title='bbox 1065 2524 1121 2590; x_wconf 51' lang='lat'><strong>268)</strong></span> <span class='ocrx_word' id='word_1_898' title='bbox 1142 2555 1273 2590; x_wconf 77' lang='lat' dir='ltr'><strong>Scriptum</strong></span> <span class='ocrx_word' id='word_1_899' title='bbox 1292 2560 1359 2584; x_wconf 81' lang='lat' dir='ltr'><strong>enim</strong></span> <span class='ocrx_word' id='word_1_900' title='bbox 1385 2558 1445 2590; x_wconf 75' lang='lat' dir='ltr'><strong>fuit.</strong></span> <span class='ocrx_word' id='word_1_901' title='bbox 1470 2559 1632 2586; x_wconf 76' lang='lat' dir='ltr'><strong>Verlendum</strong></span> <span class='ocrx_word' id='word_1_902' title='bbox 1655 2551 1781 2586; x_wconf 70' lang='lat' dir='ltr'><strong>videbatu</strong></span> 
     </span>
    </p>
   </div>
   <div class='ocr_carea' id='block_1_112' title="bbox 1077 2555 1816 2592">
    <p class='ocr_par' dir='ltr' id='par_1_112' title="bbox 1077 2555 1816 2592">
     <span class='ocr_line' id='line_1_113' title="bbox 1077 2555 1816 2592; baseline 0.008 -11"><span class='ocrx_word' id='word_1_903' title='bbox 1077 2556 1121 2591; x_wconf 89' lang='grc'>68)</span> <span class='ocrx_word' id='word_1_904' title='bbox 1142 2555 1273 2590; x_wconf 77' lang='lat' dir='ltr'><strong>Scriptum</strong></span> <span class='ocrx_word' id='word_1_905' title='bbox 1292 2560 1359 2584; x_wconf 81' lang='lat' dir='ltr'><strong>enim</strong></span> <span class='ocrx_word' id='word_1_906' title='bbox 1385 2558 1445 2592; x_wconf 74' lang='lat' dir='ltr'><strong>fuit.</strong></span> <span class='ocrx_word' id='word_1_907' title='bbox 1470 2559 1632 2586; x_wconf 76' lang='lat' dir='ltr'><strong>Verlendum</strong></span> <span class='ocrx_word' id='word_1_908' title='bbox 1655 2555 1816 2587; x_wconf 70' lang='lat' dir='ltr'><strong>videbatum</strong></span> 
     </span>
    </p>
   </div>
   <div class='ocr_carea' id='block_1_113' title="bbox 1031 2591 1816 2628">
    <p class='ocr_par' dir='ltr' id='par_1_113' title="bbox 1031 2591 1816 2628">
     <span class='ocr_line' id='line_1_114' title="bbox 1031 2591 1816 2628; baseline 0.005 -11"><span class='ocrx_word' id='word_1_909' title='bbox 1031 2591 1190 2628; x_wconf 54' lang='lat' dir='ltr'><strong>{Scriptum</strong></span> <span class='ocrx_word' id='word_1_910' title='bbox 1226 2597 1267 2618; x_wconf 83' lang='lat' dir='ltr'><strong>est</strong></span> <span class='ocrx_word' id='word_1_911' title='bbox 1298 2591 1568 2628; x_wconf 81' lang='lat' dir='ltr'><strong>eniszemporum</strong></span> <span class='ocrx_word' id='word_1_912' title='bbox 1602 2601 1628 2621; x_wconf 89' lang='lat' dir='ltr'><strong>ct</strong></span> <span class='ocrx_word' id='word_1_913' title='bbox 1660 2596 1816 2625; x_wconf 54' lang='grc' dir='ltr'>μωιλιιΙοιυιιι</span> 
     </span>
    </p>
   </div>
   <div class='ocr_carea' id='block_1_114' title="bbox 1031 2626 1815 2657">
    <p class='ocr_par' dir='ltr' id='par_1_114' title="bbox 1031 2626 1815 2657">
     <span class='ocr_line' id='line_1_115' title="bbox 1031 2626 1815 2657; baseline 0.008 -7"><span class='ocrx_word' id='word_1_914' title='bbox 1031 2626 1118 2652; x_wconf 82' lang='lat' dir='ltr'><strong>l&#39;actor</strong></span> <span class='ocrx_word' id='word_1_915' title='bbox 1150 2627 1229 2653; x_wconf 79' lang='lat' dir='ltr'><strong>Deus.</strong></span> <span class='ocrx_word' id='word_1_916' title='bbox 1244 2637 1253 2652; x_wconf 78' lang='grc' dir='ltr'><strong>ι</strong></span> <span class='ocrx_word' id='word_1_917' title='bbox 1278 2628 1311 2654; x_wconf 84' lang='lat' dir='ltr'><strong>At</strong></span> <span class='ocrx_word' id='word_1_918' title='bbox 1332 2636 1391 2654; x_wconf 77' lang='lat' dir='ltr'><strong>rum</strong></span> <span class='ocrx_word' id='word_1_919' title='bbox 1415 2628 1458 2656; x_wconf 90' lang='lat' dir='ltr'><strong>hic</strong></span> <span class='ocrx_word' id='word_1_920' title='bbox 1476 2626 1565 2656; x_wconf 77' lang='lat' dir='ltr'><strong>iexttts</strong></span> <span class='ocrx_word' id='word_1_921' title='bbox 1593 2630 1619 2656; x_wconf 87' lang='lat' dir='ltr'><strong>in</strong></span> <span class='ocrx_word' id='word_1_922' title='bbox 1643 2630 1735 2656; x_wconf 82' lang='lat' dir='ltr'><strong>Btbliis</strong></span> <span class='ocrx_word' id='word_1_923' title='bbox 1765 2638 1815 2657; x_wconf 85' lang='lat' dir='ltr'><strong>tum</strong></span> 
     </span>
    </p>
   </div>
   <div class='ocr_carea' id='block_1_115' title="bbox 1031 2661 1482 2692">
    <p class='ocr_par' dir='ltr' id='par_1_115' title="bbox 1031 2661 1482 2692">
     <span class='ocr_line' id='line_1_116' title="bbox 1031 2661 1482 2692; baseline 0.007 -5"><span class='ocrx_word' id='word_1_924' title='bbox 1031 2666 1131 2692; x_wconf 82' lang='lat' dir='ltr'><strong>exstet,</strong></span> <span class='ocrx_word' id='word_1_925' title='bbox 1149 2661 1250 2688; x_wconf 77' lang='lat' dir='ltr'><strong>idcirco</strong></span> <span class='ocrx_word' id='word_1_926' title='bbox 1262 2662 1340 2689; x_wconf 90' lang='lat' dir='ltr'><strong>aliter</strong></span> <span class='ocrx_word' id='word_1_927' title='bbox 1357 2664 1482 2690; x_wconf 85' lang='lat' dir='ltr'><strong>transtuli</strong></span> 
     </span>
    </p>
   </div>
   <div class='ocr_carea' id='block_1_116' title="bbox 1064 2695 1819 2734">
    <p class='ocr_par' dir='ltr' id='par_1_116' title="bbox 1064 2695 1819 2734">
     <span class='ocr_line' id='line_1_117' title="bbox 1064 2695 1819 2734; baseline 0.008 -12"><span class='ocrx_word' id='word_1_928' title='bbox 1064 2695 1120 2734; x_wconf 65' lang='grc'>(69)</span> <span class='ocrx_word' id='word_1_929' title='bbox 1146 2695 1335 2734; x_wconf 64' lang='lat' dir='ltr'><strong>Multi/(triarii.</strong></span> <span class='ocrx_word' id='word_1_930' title='bbox 1373 2698 1454 2725; x_wconf 78' lang='lat' dir='ltr'><strong>Hebr.</strong></span> <span class='ocrx_word' id='word_1_931' title='bbox 1476 2707 1509 2734; x_wconf 17' lang='grc' dir='ltr'>γι,</span> <span class='ocrx_word' id='word_1_932' title='bbox 1537 2699 1571 2729; x_wconf 79' lang='grc'><strong>1,</strong></span> <span class='ocrx_word' id='word_1_933' title='bbox 1594 2700 1621 2726; x_wconf 81' lang='lat'><strong>9..</strong></span> <span class='ocrx_word' id='word_1_934' title='bbox 1644 2700 1728 2726; x_wconf 80' lang='lat' dir='ltr'><strong>Biblia</strong></span> <span class='ocrx_word' id='word_1_935' title='bbox 1760 2703 1819 2734; x_wconf 71' lang='lat' dir='ltr'><strong>post</strong></span> 
     </span>
    </p>
   </div>
   <div class='ocr_carea' id='block_1_117' title="bbox 1027 2730 1818 2770">
    <p class='ocr_par' dir='ltr' id='par_1_117' title="bbox 1027 2730 1818 2770">
     <span class='ocr_line' id='line_1_118' title="bbox 1027 2730 1818 2770; baseline 0.006 -14"><span class='ocrx_word' id='word_1_936' title='bbox 1027 2730 1146 2770; x_wconf 77' lang='grc' dir='ltr'>λαλήσας</span> <span class='ocrx_word' id='word_1_937' title='bbox 1178 2732 1277 2770; x_wconf 75' lang='lat' dir='ltr'><strong>addunt</strong></span> <span class='ocrx_word' id='word_1_938' title='bbox 1305 2733 1362 2770; x_wconf 69' lang='grc' dir='ltr'>τοῖς</span> <span class='ocrx_word' id='word_1_939' title='bbox 1394 2733 1539 2769; x_wconf 74' lang='grc' dir='ltr'>πατράσιν,</span> <span class='ocrx_word' id='word_1_940' title='bbox 1568 2740 1593 2760; x_wconf 88' lang='lat' dir='ltr'><strong>et</strong></span> <span class='ocrx_word' id='word_1_941' title='bbox 1623 2739 1683 2768; x_wconf 72' lang='lat' dir='ltr'><strong>post</strong></span> <span class='ocrx_word' id='word_1_942' title='bbox 1707 2730 1818 2770; x_wconf 74' lang='grc' dir='ltr'>ἡμερῶν</span> 
     </span>
    </p>
   </div>
   <div class='ocr_carea' id='block_1_118' title="bbox 1030 2765 1816 2802">
    <p class='ocr_par' dir='ltr' id='par_1_118' title="bbox 1030 2765 1816 2802">
     <span class='ocr_line' id='line_1_119' title="bbox 1030 2765 1816 2802; baseline 0.009 -11"><span class='ocrx_word' id='word_1_943' title='bbox 1030 2767 1129 2802; x_wconf 81' lang='lat' dir='ltr'><strong>addunt</strong></span> <span class='ocrx_word' id='word_1_944' title='bbox 1146 2765 1247 2793; x_wconf 79' lang='grc' dir='ltr'>τούτων</span> <span class='ocrx_word' id='word_1_945' title='bbox 1258 2774 1264 2781; x_wconf 91' lang='grc'><strong>·</strong></span> <span class='ocrx_word' id='word_1_946' title='bbox 1283 2776 1314 2794; x_wconf 83' lang='lat' dir='ltr'><strong>ac</strong></span> <span class='ocrx_word' id='word_1_947' title='bbox 1327 2769 1433 2794; x_wconf 85' lang='lat' dir='ltr'><strong>demum</strong></span> <span class='ocrx_word' id='word_1_948' title='bbox 1451 2765 1501 2802; x_wconf 77' lang='lat' dir='ltr'><strong>&#39;pm</strong></span> <span class='ocrx_word' id='word_1_949' title='bbox 1517 2769 1591 2795; x_wconf 72' lang='grc' dir='ltr'>ἔθετο</span> <span class='ocrx_word' id='word_1_950' title='bbox 1608 2765 1706 2797; x_wconf 71' lang='lat' dir='ltr'><strong>habent</strong></span> <span class='ocrx_word' id='word_1_951' title='bbox 1718 2765 1816 2802; x_wconf 59' lang='grc' dir='ltr'><strong>Ἑϐἠκς.</strong></span> 
     </span>
    </p>
   </div>
   <div class='ocr_carea' id='block_1_119' title="bbox 1031 2793 1773 2837">
    <p class='ocr_par' dir='ltr' id='par_1_119' title="bbox 1031 2793 1773 2837">
     <span class='ocr_line' id='line_1_120' title="bbox 1031 2793 1773 2837; baseline 0 -10"><span class='ocrx_word' id='word_1_952' title='bbox 1031 2801 1082 2827; x_wconf 65' lang='lat' dir='ltr'><strong>Sed</strong></span> <span class='ocrx_word' id='word_1_953' title='bbox 1097 2802 1155 2828; x_wconf 79' lang='lat' dir='ltr'><strong>ride</strong></span> <span class='ocrx_word' id='word_1_954' title='bbox 1167 2810 1252 2837; x_wconf 62' lang='lat' dir='ltr'><strong>segni.</strong></span> <span class='ocrx_word' id='word_1_955' title='bbox 1267 2793 1339 2835; x_wconf 47' lang='lat'><strong>9.71;,</strong></span> <span class='ocrx_word' id='word_1_956' title='bbox 1352 2793 1375 2829; x_wconf 72' lang='lat' dir='ltr'><strong>et</strong></span> <span class='ocrx_word' id='word_1_957' title='bbox 1388 2793 1436 2829; x_wconf 65' lang='lat' dir='ltr'><strong>Qui</strong></span> <span class='ocrx_word' id='word_1_958' title='bbox 1452 2793 1482 2828; x_wconf 77' lang='lat' dir='ltr'><strong>&#39;b.</strong></span> <span class='ocrx_word' id='word_1_959' title='bbox 1724 2793 1773 2806; x_wconf 79' lang='grc'><strong>“’¹</strong></span> 
     </span>
    </p>
   </div>
  </div>
