1917 3064
153 82 206 110 519

152 141 315 178 Opportune,
330 135 376 164 sed
404 136 438 163 ad
467 135 618 163 orationem
645 134 793 161 ornandam
811 134 941 161 tneutine-
959 137 979 164 Α

154 189 215 212 runt
226 183 357 215 hreretici,
372 189 531 209 :eternarum
544 185 693 215 portarum,
713 185 741 208 et
757 182 847 207 ovium
864 181 943 208 linem

153 231 310 266 praedictum
328 235 387 256 esse
407 228 432 254 in
448 227 577 257 oraculis,
600 234 661 260 qua:
675 233 690 253 a
715 225 792 252 nobis
821 222 899 252 antea
918 226 943 252 in

155 277 226 303 hanc
244 282 299 302 rem
312 274 392 300 allata
409 278 492 300 sunt:
513 278 540 299 et
553 272 660 298 discant
684 272 803 302 tandem,
820 278 881 297 eum
899 270 944 305 qui

136 347 141 352 ,
154 322 189 348 sit
203 322 263 348 sine
277 319 367 351 initio,
379 323 405 346 et
419 318 627 346 imtnutabilitcr
641 322 771 348 azteruus,
781 318 815 343 ab
826 323 859 343 eo
874 316 945 350 quod

155 366 236 393 estin
263 370 384 399 tempore
406 367 437 393 α
463 363 601 395 mutabile,
627 362 753 394 ditTerre;
778 369 866 396 neque
881 367 946 401 veg)

156 419 268 447 panum
287 418 347 438 esse
363 411 416 437 hoc
441 409 598 441 discrimen,
629 415 716 442 neque
732 407 946 434 duntaxatcirea

155 457 314 490 essentiam,
329 461 356 484 et
371 464 430 490 eas,
443 456 541 490 quibus
554 456 610 482 haec
626 459 751 486 ornatur,
766 454 946 488 proprietates

157 504 270 535 versari,
287 503 334 530 sed
349 510 381 530 ex
399 505 454 529 toto
466 501 533 528 etin
546 506 630 528 totum
648 501 741 528 istltatc
763 500 834 527 inter
849 507 878 527 se
892 499 948 526 dis-

156 556 278 583 crepare.
297 548 394 575 Notum
412 551 501 574 autettt
519 546 586 581 ipsis
599 546 647 573 hoc
660 546 743 572 etiam
752 545 797 576 sit,
815 545 946 579 Spiritum

157 599 279 622 sanctum
291 593 393 621 scilicet
411 597 541 619 a-ternum
557 592 610 619 diei
628 600 680 618 non
700 596 820 626 respectu
838 597 946 618 creatu-

159 648 262 673 rarum,
274 640 321 667 sed
340 644 463 673 respectu
481 639 550 673 ejus,
566 646 581 665 a
599 646 651 673 quo
674 639 763 665 omnia
789 638 841 664 vim
872 638 945 665 acci-

159 686 245 720 piunt,
264 685 308 712 Dei
336 685 424 712 Patris
452 689 479 712 et
507 685 589 711 Filii:
616 692 647 712 ac
663 684 790 711 deteriori
805 684 945 718 repudiata

157 731 295 767 opinione,
309 731 447 758 meliorem
466 731 627 766 eligant:et
652 739 700 766 pro
731 731 774 762 iis,
795 738 854 764 quas
878 737 948 757 nunc

158 777 338 807 admirantur.
351 784 382 804 ea
397 778 575 808 admirentur.
597 785 656 811 qua:
672 777 852 804 admiratione
868 776 946 810 digna

159 829 231 855 sunt,
246 831 277 850 ac
303 815 443 850 venturum
461 829 567 857 tempus
582 823 866 859 feliciustransigant;
884 822 948 849 nihil
965 810 986 837 Β

159 871 230 897 enim
247 870 310 904 ipsis
332 869 484 897 inridemus
495 879 502 885 θ
514 874 541 896 et
559 869 629 896 unde
653 874 824 904 arrogantem
840 876 951 896 accusa-

160 917 259 944 tionem
279 916 388 944 sibimet
408 916 474 950 ipsis
493 917 602 944 noxiam
624 916 863 950 deprautpserunt.
890 914 952 941 inde

160 963 327 998 pmttitentiae
344 963 555 990 emolumentum
571 962 732 997 percipiant.
759 961 788 989 Si
813 962 884 988 enim
901 968 951 987 vox

161 1010 218 1036 haec
235 1019 244 1035 ε
259 1015 377 1036 alemus
392 1018 401 1035 ι
418 1014 547 1043 tanquatn
568 1009 670 1043 aliqttid
695 1008 786 1035 divina
813 1007 953 1042 majestate

161 1056 270 1090 dignum
287 1056 434 1091 designans
451 1055 477 1082 itt
491 1055 642 1090 Scripturis
659 1055 693 1081 de
704 1054 759 1081 Deo
773 1054 852 1081 Patre
874 1061 906 1080 ac
921 1053 954 1080 de

162 1102 229 1131 Filio
241 1104 310 1130 dicta
326 1101 385 1134 fuit,
415 1102 497 1130 simili
521 1107 548 1128 et
574 1101 671 1136 aequali
698 1101 776 1129 tnodo
792 1100 951 1134 accipienda

161 1155 203 1176 est
222 1149 265 1176 ubi
284 1149 384 1176 dit-itur
413 1148 446 1175 de
472 1147 573 1182 Spiritu
592 1147 649 1174 Dei.
672 1147 758 1180 Atque
772 1145 953 1182 hmeguidem

162 1200 201 1221 est
218 1194 303 1227 prima
328 1193 478 1228 responsio.
508 1193 600 1220 Altera
628 1200 694 1220 vero
724 1197 767 1220 est
791 1190 951 1224 huiusmodi.

165 1239 240 1265 Nulla
259 1246 293 1266 ex
308 1239 342 1266 iis
358 1239 439 1266 rebus
452 1238 573 1271 mternis,
599 1245 668 1273 quas
696 1241 953 1268 commemorat-unt,

165 1280 338 1311 denominata
352 1289 394 1312 est
407 1289 453 1311 aut
469 1284 570 1316 divina,
592 1288 639 1310 aut
663 1288 775 1311 sanctus
791 1282 907 1317 Spiritus
921 1289 953 1308 ex

165 1330 219 1357 Deo
237 1330 396 1365 procedens,
409 1337 505 1363 nempe
523 1337 604 1356 unum
631 1329 696 1364 quid
713 1333 740 1355 et
758 1328 882 1362 simplex.
899 1335 953 1355 non

166 1377 242 1412 plura
263 1377 414 1408 exsistens;
432 1384 519 1412 neque
533 1376 585 1403 ulla
602 1383 633 1403 er
655 1376 722 1410 ipsis
741 1374 818 1401 simul
829 1382 889 1401 cutn
903 1373 955 1400 Γει-

166 1429 206 1450 tre
218 1427 245 1449 et
270 1422 337 1449 Filio
354 1422 379 1448 itt
396 1421 486 1448 divina
500 1421 673 1456 baptismatis
691 1420 870 1456 ntystagogia,
885 1419 954 1446 divi-

166 1476 260 1503 na‘que
270 1468 363 1503 gratia!
374 1467 515 1503 largitione
532 1467 690 1499 collocatur,
722 1474 809 1501 neque
837 1465 890 1492 ttllo
904 1464 956 1492 alio
970 1483 993 1514 ο

166 1515 267 1542 honore
296 1515 388 1542 deitati
415 1515 594 1542 conveniente
611 1514 664 1549 (ne
684 1514 760 1548 plura
788 1511 955 1547 enumerem)

165 1562 275 1596 dignata
289 1566 341 1588 est.
368 1561 446 1588 Aliud
473 1565 604 1594 praeterea
629 1560 737 1587 addam.
761 1558 807 1586 Dei
825 1564 852 1585 et
869 1558 958 1585 Patris

165 1606 363 1640 complaeentia
378 1605 439 1637 fuit,
456 1611 483 1632 ιιι
497 1613 545 1640 per
557 1605 654 1632 Filium
668 1612 746 1632 suum
770 1603 886 1632 Verbum
900 1610 958 1630 om-

167 1652 209 1678 nia
225 1655 386 1678 crearentur
405 1660 412 1681 :
438 1652 527 1686 qualis
541 1657 633 1678 autem
655 1650 828 1678 sanctissimo
843 1649 957 1684 Spiritui

167 1697 267 1730 injuria
285 1705 338 1724 non
355 1697 511 1730 inferretur,
531 1697 566 1730 si,
582 1702 610 1723 III.
624 1697 673 1730 ipsi
701 1696 846 1724 somniant.
865 1701 960 1723 creare

169 1751 221 1770 non
242 1742 397 1769 diceretur?
412 1743 538 1769 nimirum
553 1742 587 1775 si,
604 1747 632 1769 ιιι
647 1742 664 1768 ii
684 1741 787 1774 volunt,
803 1741 883 1769 simul
897 1748 958 1767 cum

166 1788 298 1815 Cr‘eatore
312 1795 390 1822 aeque
421 1795 453 1816 ac
484 1788 564 1815 Pater
591 1787 764 1814 inetl'abiliter
783 1786 889 1821 operari
905 1780 958 1812 non

168 1835 347 1862 crederetur?
363 1833 439 1866 Quod
460 1839 550 1860 autem
570 1833 700 1867 unigeniti
718 1832 777 1867 ejus
796 1831 959 1863 FiliiVerbi,

168 1885 195 1907 et
214 1881 293 1907 unius
311 1880 430 1915 Spiritus
442 1880 529 1908 sancti
552 1878 675 1913 operatio
694 1878 794 1911 omnis,
809 1883 889 1912 atque
908 1877 960 1904 lar-

168 1926 233 1961 gitio
249 1932 277 1954 et
292 1926 431 1954 Creatoris
445 1927 565 1961 propria,
581 1931 607 1953 et
630 1926 711 1958 bona,
731 1930 759 1952 et
783 1924 913 1959 perfecta.
933 1928 961 1951 et

167 1974 320 2001 communis
334 1973 454 2007 ipsorum
473 1972 519 2005 sit,
538 1972 629 1999 omnia
657 1978 722 1999 vero
753 1971 780 1998 in
804 1970 912 1997 unicum
930 1977 961 1997 ac

169 2018 255 2045 solum
269 2017 434 2050 referantur,
459 2025 492 2044 ex
517 2025 580 2052 quo,
598 2021 626 2044 et
648 2024 710 2044 cum
736 2023 789 2050 quo
805 2016 891 2043 beatte
905 2016 962 2041 ista:

170 2065 329 2099 hypostases
347 2063 427 2099 156
451 2062 624 2090 ineﬂabiliter
650 2063 812 2093 eluxerunt,
835 2061 963 2088 facillime

170 2111 301 2144 intelliget
316 2110 361 2144 qtti
375 2109 484 2137 oracula
497 2110 637 2144 sapientize
659 2109 737 2143 plena
756 2116 817 2135 eum
831 2108 858 2135 in
874 2109 964 2134 direr-

170 2159 208 2185 sis
220 2158 298 2191 hujus
313 2156 374 2184 libri
405 2156 484 2188 locis,
511 2161 566 2182 tum
597 2155 623 2183 in
647 2155 786 2189 superiore
802 2155 871 2182 libro
884 2162 957 2181 Cmtt-
976 2159 998 2188 ι)

171 2209 320 2230 memorata
337 2202 405 2238 (77),
423 2202 516 2236 quieto
528 2201 584 2237 (78)
598 2209 629 2228 ac
645 2202 789 2236 tranquillo
809 2202 899 2228 animo
912 2201 960 2227 ali-

170 2247 328 2281 quautuhtm
354 2246 501 2281 expendat.
539 2246 593 2274 Sed
621 2246 718 2274 Paulus
746 2254 854 2281 quoque
877 2253 958 2280 supra

172 2284 342 2321 communem
359 2292 498 2319 hominum
520 2293 701 2319 conditionem
718 2293 803 2320 elatus
822 2292 877 2329 (79)
902 2301 959 2318 ma-

172 2339 270 2368 nilesto
286 2338 311 2366 id
326 2338 457 2371 declarat,
470 2339 532 2364 dum
558 2338 584 2365 in
611 2338 729 2372 Epistula
758 2338 792 2365 ad
805 2337 959 2365 Corinthios

172 2386 229 2413 bac
243 2388 380 2412 asseverat
393 2391 400 2411 :
424 2393 433 2410 ι
451 2384 503 2411 Sed
516 2384 599 2411 abluti
612 2384 667 2420 (80)
676 2385 751 2416 estis,
764 2384 809 2412 sed
821 2383 959 2417 justiﬁcati

173 2432 248 2464 estis,
259 2431 304 2458 sed
321 2430 481 2457 sattelilicati
493 2431 557 2457 estis
574 2431 599 2458 in
626 2432 734 2458 nomine
749 2431 854 2457 Domini
873 2430 961 2457 nostri

175 2477 362 2508 Je-uCht-isti.
381 2481 407 2503 et
434 2477 460 2504 iu
486 2477 587 2512 Spiritu
615 2477 661 2504 Dei
691 2476 787 2504 nostri.
803 2487 811 2502 ι
840 2477 959 2504 Observa

214 2571 265 2607 (Π)
292 2571 511 2607 Commemorqta.
539 2569 627 2607 Codex
655 2570 743 2607 habet.
768 2569 960 2607 μνημονευϐεις

175 2604 326 2641 saw-unae
354 2606 433 2633 lectio
452 2606 511 2632 sine
536 2605 617 2641 dubio
637 2605 763 2631 mendosa
784 2610 835 2631 est.
859 2604 962 2639 Legen-

174 2644 236 2671 dunt
276 2639 401 2673 scilicet.
441 2639 703 2676 pvnpovauOév-rwv'r
729 2644 777 2676 aut
815 2640 962 2674 putandum

176 2678 268 2719 deesse
284 2678 430 2705 dictionem
443 2674 580 2711 'ali'tjuam,
597 2681 625 2702 ut
641 2674 816 2708 ἀποδείξεων,
837 2675 879 2703 vel
896 2683 967 2710 μαρ-

174 2721 287 2740 τυοιων.

211 2721 391 2781 ῗέἓῖᾯιιῐειο.
408 2746 509 2782 ροιισι,
523 2746 617 2782 ἡσυχῖ.
635 2745 707 2782 Lego
721 2745 819 2782 ἡσυχῆ.

213 2782 269 2817 (79)
286 2783 387 2809 Elatus.
409 2781 499 2809 Codex
522 2780 618 2817 habet,
639 2781 669 2806 οὺ
688 2780 830 2816 κρείττων.
854 2781 909 2817 Ego
929 2780 969 2809 sic

178 2818 314 2851 transtuli,
328 2817 404 2853 quasi
419 2817 560 2852 legendum
581 2816 650 2851 sit,o
662 2816 804 2852 κρείττων.

777 77 895 106 ΒΠΠΜΙ
915 77 1151 105 ALEXANDRISI

1737 79 1800 106 5‘20

994 133 1069 160 τίονα
1081 142 1086 148 ·
1103 134 1148 160 καὶ
1161 133 1387 168 θαυμαζέτωσαν,
1400 133 1461 161 ἀντὶ
1474 133 1529 161 τῶν
1539 134 1597 166 νῦν,
1610 134 1628 161 ἃ.
1638 133 1799 170 Θαυμάςειν

995 179 1084 213 ἄξιον
1102 180 1147 205 καὶ
1163 179 1344 215 πραξάτωσαν
1360 179 1457 214 βελτίω
1475 180 1521 206 τὸν
1538 179 1607 215 μετὰ
1624 179 1710 206 ταῦτα
1727 180 1799 215 χρό-

996 234 1056 252 νον·
1075 225 1170 260 φοόνος
1198 225 1252 261 γὰρ
1277 225 1380 257 οὐδείς’
1410 226 1457 252 καὶ
1479 226 1525 261 ἀφ’
1543 223 1579 252 ὧν
1601 225 1650 261 τὴν
1671 226 1798 258 ἀλαζόνα

997 271 1100 306 μέμψιν
1117 270 1306 305 ποιησάμενοι,
1325 271 1440 302 ἑαυτοὺς
1454 271 1585 302 ἔὸλαυιαν,
1603 271 1728 298 ἐντεῦθεν
1746 275 1801 299 καὶ

996 317 1026 344 τὸ
1040 317 1090 352 τῆς
1108 317 1287 353 μεταμελείας
1303 316 1398 351 δφελος
1411 317 1668 351 ἁπενεγκασθωσαν.
1682 319 1713 344 Εἰ
1725 319 1799 353 γὰρ,

996 363 1034 395 ὡς
1051 362 1202 398 θεοπρεπὲς
1213 371 1240 389 τι
1251 363 1445 398 ὲνδεικνυμένη
1459 363 1475 398 ὴ
1490 362 1561 396 λέξις
1574 363 1654 398 αὕτη,
1670 364 1800 400 ἐχρήσθη

997 409 1062 444 περὶ
1075 408 1122 435 τοῦ
1134 408 1200 435 Θεοῦ
1213 408 1320 444 Πατρὸς
1337 410 1383 435 καὶ
1399 409 1446 435 τοῦ
1459 409 1535 440 Υίοῦ,
1550 409 1614 440 ἴσως
1630 410 1677 435 καὶ
1693 409 1802 444 ὁμοίως

997 454 1145 490 ὲκληφοείη
1157 455 1190 481 ἂν
1205 454 1268 490 περὶ
1278 454 1326 481 τοῦ
1341 454 1497 490 Πνεὺματος
1511 455 1558 481 τοῦ
1575 455 1652 482 Θεοῦ.
1674 456 1722 481 ’Ἑν
1745 455 1802 490 μὲν

996 501 1028 536 δὴ
1045 501 1140 527 τοῦτο·
1156 500 1250 535 ἕτερον
1269 501 1307 532 δὲ,
1323 501 1363 527 ὅτι
1380 501 1456 527 οὐδὲν
1481 497 1518 527 ὧν
1538 501 1713 536 ἐμνήσθησαν
1732 501 1803 527 αἰω-

997 547 1072 577 νίων,
1086 547 1305 582 προσηγόρευται
1329 546 1409 578 θεῖον,
1427 547 1443 582 ἢ
1459 546 1570 582 Πνεῦμα
1594 547 1671 581 ἅγιον
1693 547 1724 572 ἐκ
1747 545 1801 572 τοῦ

997 593 1065 619 Θεοῦ
1082 593 1256 628 ἐκπορευθὲν,
1272 593 1357 628 ἤγουν
1370 594 1399 620 ἓν
1414 602 1452 624 τι,
1469 593 1516 620 καὶ
1536 593 1573 629 μὴ
1585 594 1686 627 πλῆθος
1702 593 1741 620 ὃν·
1752 594 1802 619 οὺ-

997 639 1033 670 δὲ,
1057 639 1231 666 συντάττεται
1250 639 1290 674 τῷ
1306 640 1393 675 “arpi.
1420 640 1468 667 καὶ
1494 639 1535 675 τῷ
1563 639 1621 674 Υἰῷ
1650 640 1690 671 εἰς
1717 639 1800 665 οεῖαν

1001 686 1194 721 μυσταγωγίαν
1215 686 1262 712 καὶ
1282 686 1375 721 οεῖκὴν
1397 686 1512 722 δωρεὰν,
1526 686 1586 712 οὑδὲ
1607 685 1691 721 ἄλλης
1711 686 1799 717 τινος,

999 732 1042 758 ἵνα
1064 733 1100 767 μὴ
1121 732 1205 759 πολλὰ
1220 732 1302 766 λέγω,
1321 731 1428 766 θεότητι
1446 732 1600 766 ἀνηκούσης
1615 732 1698 767 τιμῆς
1714 732 1803 766 ἠξίω-

999 786 1054 804 ται.
1072 777 1153 805 Ἀλλο
1166 778 1234 813 πρὸς
1248 777 1355 809 τούτοις
1364 786 1371 793 ι
1395 777 1424 803 '0
1438 777 1504 808 Θεδς
1515 777 1562 803 καὶ
1578 777 1671 812 Πατὴρ
1686 776 1803 811 εὐδόκη-

1002 833 1047 851 σεν
1060 824 1105 851 διὰ
1120 823 1173 861 [69
1191 823 1222 860 b]
1236 823 1283 850 τοῦ
1299 823 1364 851 Υίοῦ
1378 823 1460 850 αὑτοῦ
1475 823 1561 858 Λόγου
1576 824 1663 850 πάντα
1671 823 1803 859 δημιουρ-

1001 871 1130 906 γηοῆναι.
1155 871 1210 897 Καὶ
1224 871 1298 901 ποία,
1317 871 1354 902 ὡς
1371 870 1599 906 ὀνειροπολοῦσιν,
1622 870 1741 905 λοιδορία
1759 869 1802 904 τῷ

1002 916 1142 952 Πνεύματι
1159 915 1240 944 αὐτοῦ
1255 916 1294 952 τῷ
1310 916 1435 952 παναγίῳ
1452 917 1485 942 ὲκ
1503 916 1550 943 τοῦ
1572 915 1608 951 μὴ
1627 915 1802 950 δημιουργῆ-

1002 971 1058 995 σαι,
1080 963 1106 989 εῐ
1119 971 1151 996 γε
1166 963 1231 998 ἄρα.
1256 963 1315 989 κατ’
1331 963 1439 993 αὐτοὺς,
1457 962 1494 998 μὴ
1518 962 1645 998 ἀρρήτως
1668 961 1802 996 συνεργόν

1002 1009 1060 1034 ἐστι
1075 1007 1114 1043 τῷ
1134 1007 1309 1043 Δημιουργῷ,
1326 1007 1364 1039 ὡς
1383 1008 1398 1034 ὁ
1416 1008 1526 1042 Πατήρ;
1539 1007 1600 1033 ’Ὁτι
1615 1007 1643 1033 δὲ
1659 1006 1705 1032 τοῦ
1725 1015 1804 1042 μονο-

1003 1054 1099 1089 γενοῦς
1114 1053 1196 1080 αὑτοῦ
1213 1053 1278 1080 Υῐοῦ
1296 1054 1394 1087 Λόγου,
1415 1053 1463 1080 καὶ
1477 1052 1524 1079 τοῦ
1541 1053 1600 1084 ἐνὸς
1615 1053 1694 1086 ἁγίου
1712 1052 1802 1078 Γίνεὺ-

1005 1111 1100 1138 ματος,
1126 1103 1201 1128 πᾶσα
1226 1101 1351 1137 ἐνέργεια
1372 1101 1420 1127 καὶ
1441 1100 1539 1136 δωρεὰ,
1556 1100 1738 1135 δημιουργική
1757 1107 1800 1130 τε,

1003 1148 1093 1184 ἀγαθή
1119 1156 1149 1174 τε
1169 1147 1216 1174 καὶ
1229 1147 1330 1178 τελεία,
1343 1147 1390 1173 καὶ
1408 1146 1484 1182 κοινὴ
1500 1146 1588 1172 αὐτῶν
1606 1145 1735 1180 ὑπάρχει,
1753 1146 1803 1171 ἁν-

1005 1194 1100 1228 άγεται
1111 1193 1141 1220 δὲ
1153 1192 1202 1220 ὅλα
1217 1193 1257 1224 εἰς
1270 1192 1316 1218 τὸν
1325 1192 1383 1222 ἕνα,
1399 1192 1428 1225 ἐξ
1441 1189 1471 1219 οὗ
1488 1192 1536 1218 καὶ
1553 1191 1601 1217 σὺν
1617 1187 1639 1224 ᾧ
1653 1191 1803 1226 ἀφράστως

1006 1239 1176 1274 ἐξεφάνησαν
1188 1239 1216 1265 al
1228 1238 1361 1274 μακαρίαι
1376 1237 1540 1269 ὑποστάσεις
1551 1234 1647 1264 αὗται·
1667 1238 1752 1272 ῥᾷστα
1768 1237 1803 1262 ἂν

1006 1285 1159 1321 καταμάθοι
1181 1286 1195 1312 ὁ
1217 1284 1339 1317 ἐξέτασίν
1363 1292 1425 1310 τινα
1440 1285 1527 1319 ἡσυχῆ
1547 1284 1730 1319 ποιησάμενος
1746 1283 1802 1309 τῶν

1007 1332 1102 1367 σοφίας
1119 1331 1226 1367 μεστῶν
1245 1331 1353 1365 λογίων,
1374 1330 1428 1357 τῶν
1448 1339 1477 1357 τε
1497 1331 1526 1357 ὲν
1549 1330 1686 1365 διαφόροις
1709 1330 1803 1361 τόποις

1006 1377 1083 1404 τοῦδε
1099 1377 1146 1404 τοῦ
1160 1376 1263 1412 βιϐλίου
1283 1375 1530 1412 μνημονευϐεισῶν,
1544 1376 1598 1402 τῶν
1608 1384 1638 1402 τε
1653 1377 1681 1402 ὲν
1696 1375 1734 1410 τῷ
1750 1376 1804 1410 πρὸ

1007 1425 1099 1452 αὑτοῦ.
1122 1424 1176 1451 Καὶ
1194 1423 1301 1455 Παῦλος
1324 1423 1363 1455 δὲ,
1385 1422 1416 1449 οὐ
1437 1422 1569 1458 κρείττων
1592 1421 1608 1456 ἢ
1627 1423 1687 1448 κατ’
1701 1420 1804 1456 ἀνθρώ-

1008 1480 1086 1503 πους,
1114 1471 1252 1506 ἀπέφηνεν
1261 1469 1342 1496 τοῦτο
1374 1468 1498 1504 φανερῶς
1526 1468 1803 1503 διαϐεϐαιωσάμενος,

1009 1506 1165 1553 Κορινθίοις
1181 1516 1230 1552 μέν
1241 1524 1247 1530 “
1266 1525 1275 1541 α
1287 1514 1368 1542 Ἀλλὰ
1382 1514 1580 1546 ἀπελούσασθε,
1597 1513 1664 1540 ἀλλὰ
1678 1512 1803 1540 ἐδικαιώ-

1009 1561 1085 1598 θητε,
1101 1561 1169 1589 ἀλλὰ
1184 1561 1335 1597 ἡγιάσθητε
1365 1561 1394 1587 ἐν
1420 1560 1461 1596 τῷ
1489 1559 1600 1595 ὀνόματι
1626 1559 1674 1585 τοῦ
1699 1559 1804 1595 Κυρίου

1008 1608 1087 1644 ἡμῶν
1110 1607 1197 1643 Ἰησοῦ
1210 1607 1340 1643 Χριστοῦ,
1358 1607 1405 1634 καὶ
1424 1607 1453 1632 ἐν
1464 1605 1503 1641 τῷ
1513 1605 1653 1641 Πνεῦματι
1664 1604 1711 1631 τοῦ
1736 1604 1804 1631 Θεοῦ

1009 1654 1098 1690 ἡμῶν.
1121 1663 1131 1680 ι
1147 1653 1242 1689 ’Λθρει
1257 1650 1314 1685 οὖν,
1331 1652 1420 1688 ἄθρει,
1437 1652 1476 1682 ὼς
1490 1653 1514 1678 εἰ
1532 1651 1621 1677 Θεῖκὺν
1637 1651 1732 1686 ὕνομα,
1749 1649 1804 1676 ῶσ-

1009 1709 1063 1736 περ
1082 1698 1128 1727 οῦν
1144 1700 1244 1731 eam.
1259 1699 1290 1725 τὸ
1305 1699 1352 1725 τοῦ
1375 1698 1451 1730 Υίοῦ,
1469 1698 1618 1730 ὲξάπαντος
1638 1697 1685 1724 καὶ
1703 1696 1734 1722 τὸ
1757 1696 1803 1722 τοῦ

1009 1747 1088 1781 ἁγίου
1108 1745 1282 1781 Πνεύματος’
1303 1745 1332 1772 ἓν
1356 1744 1411 1780 γὰρ
1431 1745 1533 1780 ἀμφοῖν
1555 1743 1645 1770 αὐτῶν
1672 1743 1804 1778 ἐδήλωσεν

1009 1793 1104 1828 ὄνομα.
1127 1793 1182 1819 Καὶ
1204 1792 1256 1823 ὅτι,
1283 1791 1322 1823 ὡς
1350 1790 1499 1825 συγκτίσαν
1526 1790 1653 1825 ἀρρήτως
1676 1788 1706 1815 τδ
1728 1789 1804 1822 ἂγιον

1011 1839 1123 1874 Πνεῦμα
1133 1838 1210 1874 παρὰ
1226 1838 1276 1873 τὴν
1290 1838 1389 1873 ἀρχὴν,
1404 1837 1451 1864 καὶ
1467 1837 1515 1863 νῦν
1532 1835 1682 1867 ἀνακτίζει.
1698 1835 1735 1861 Τὸ
1751 1834 1804 1870 γὰρ

1011 1884 1225 1914 ἀπολούσασθαι,
1247 1883 1277 1910 τὺ
1298 1882 1493 1917 ἅνακτισθῆναι
1511 1882 1656 1916 ἐσήμανεν.
1673 1881 1746 1915 Τίτῳ
1762 1879 1804 1905 ἓέθ

1014 1939 1023 1955 ι
1044 1929 1244 1965 Ἀναγεννήσας
1255 1929 1330 1963 ἡμᾶς
1344 1928 1388 1954 διὰ
1407 1927 1521 1962 λουτροῦ
1541 1926 1748 1960 παλιγγενεσίας
1759 1925 1805 1952 καὶ

1012 1975 1208 2006 ἀνακαινίσεως
1224 1974 1384 2009 Πνεύματος
1400 1973 1490 2007 ἁγίου.
1511 1982 1520 1998 ›
1538 1972 1620 1998 Οὑδὲν
1629 1972 1658 1997 δὲ
1666 1969 1746 2007 ἦττον
1761 1971 1805 1996 καὶ

1011 2022 1026 2048 ὁ
1043 2020 1227 2057 Ἰερωψάλτης,
1245 2020 1309 2051 τοὺς
1325 2019 1375 2054 ήδη
1391 2019 1419 2046 ἐν
1439 2018 1546 2052 γενέσει
1564 2017 1746 2053 ὑπάρχοντας,
1760 2017 1806 2042 νῦν

1012 2067 1188 2102 κτιζομένους
1200 2067 1228 2092 ἐν
1242 2067 1274 2101 τῇ
1287 2065 1347 2102 Θείᾳ
1355 2064 1533 2100 κολυμϐήθρᾳ
1540 2063 1730 2099 πνευματικῶς
1739 2063 1807 2095 ἀξιοῖ

1013 2113 1121 2140 εἰδέναι.
1142 2113 1226 2148 Φησὶν
1245 2112 1315 2147 γάρ·
1339 2121 1348 2138 ι
1361 2111 1431 2144 Aab;
1446 2113 1460 2138 ὁ
1473 2111 1632 2146 κτιζόμενος
1645 2111 1747 2137 αίνέσει
1763 2109 1807 2136 τὴν

1013 2160 1123 2194 Κύριον.
1142 2168 1151 2185 ι
1169 2158 1273 2186 Οὔκουν
1289 2159 1317 2185 αἱ
1340 2158 1390 2194 τὴν
1417 2158 1500 2192 αὑτὴν
1515 2157 1596 2193 τιμὴν
1609 2157 1656 2184 καὶ
1669 2156 1807 2192 ἐνέργειαν

1012 2206 1120 2240 ἔχουσαι
1137 2205 1298 2236 ὑποστάσεις
1308 2204 1352 2241 [Ἰο
1363 2204 1390 2241 π]
1399 2204 1447 2240 τὴν
1459 2204 1541 2240 αὑτὴν
1558 2202 1749 2239 ἐκληρώσαντο
1759 2201 1808 2236 φύ-

1014 2259 1066 2282 σιν,
1084 2251 1130 2278 καὶ
1142 2250 1217 2277 οὐδὲν
1232 2250 1339 2285 θεότητι
1351 2250 1397 2276 καὶ
1412 2249 1525 2285 δυνάμει
1540 2249 1712 2284 διαφέρουσιν
1726 2247 1805 2282 ἀλλή-

1012 2298 1076 2329 λων,
1085 2296 1200 2332 μόναιδὲ
1212 2295 1394 2331 συμφύεσθαι,
1409 2295 1456 2324 καὶ
1472 2294 1675 2325 συντάττεσθαι,
1684 2293 1731 2320 καὶ
1741 2302 1805 2319 πλιν-

1013 2341 1094 2377 ταχοῦ
1106 2341 1321 2368 συνεπινοείσθαι
1331 2341 1457 2368 δύνανται
1471 2341 1509 2376 τῷ
1520 2341 1568 2367 ἐνί
1583 2340 1612 2372 ὃς
1620 2340 1703 2375 ἄμφω
1717 2339 1804 2370 αὐτὸς,

1013 2388 1063 2422 οὐχ
1073 2383 1111 2413 ὧν
1123 2387 1151 2412 ai
1164 2386 1328 2418 ὑποστάσεις
1337 2387 1448 2422 ἀμφοῖν,
1458 2387 1514 2421 ἔχει
1527 2387 1556 2418 ἐξ
1565 2386 1661 2412 ἑαυτοῦ
1672 2386 1804 2420 ἁνάρχωζ,

1013 2434 1060 2460 καὶ
1073 2433 1103 2463 ἐξ
1125 2432 1195 2464 ἴσου,
1210 2433 1257 2459 καὶ
1273 2433 1378 2466 ὁμοίου.
1394 2433 1440 2459 καὶ
1458 2433 1578 2464 ἀλέκτως
1597 2432 1747 2468 ἡνωμένας,
1762 2430 1806 2457 κ;ὶ

1013 2480 1135 2515 συνεχεῖς
1143 2479 1192 2511 τὰς
1203 2479 1376 2511 ὑποστάσεις.
1385 2479 1446 2505 Ἐτι
1460 2480 1527 2515 πρὸς
1535 2480 1591 2510 τοῖς
1599 2478 1731 2514 λεχθεῖσιν
1737 2486 1745 2493 ·
1754 2478 1806 2504 Πᾶν

1051 2569 1106 2605 (80)
1119 2569 1171 2597 Sed
1192 2569 1283 2598 abluti.
1303 2569 1385 2598 lCor.
1402 2577 1438 2601 Vt.
1457 2569 1499 2596 Η.
1515 2568 1643 2605 Ordinem
1670 2568 1807 2605 verborum

1020 2613 1072 2632 non
1088 2606 1212 2632 eumdem
1238 2606 1349 2632 omnino
1365 2605 1465 2632 habent
1484 2605 1580 2632 Biblia.
1605 2604 1670 2632 Vide
1693 2609 1747 2630 not.
1765 2604 1808 2636 9i,

1019 2648 1080 2677 pag,
1094 2640 1138 2667 54.
1154 2640 1284 2677 Didymus
1301 2641 1327 2668 in
1343 2641 1390 2668 lib.
1412 2639 1448 2667 De
1462 2639 1562 2667 Spiritu
1578 2645 1678 2677 sancto:
1694 2638 1808 2677 ttutti_._l,

1018 2676 1054 2702 ita
1073 2676 1130 2702 haec
1152 2674 1248 2710 allegat
1265 2685 1272 2702 :
1288 2685 1296 2701 ε
1310 2676 1453 2710 Apostolus
1478 2682 1586 2709 quoque
1605 2677 1638 2701 ad
1660 2674 1808 2702 Corinthios

1019 2711 1153 2742 scribens,
1174 2709 1382 2738 et’enumeratts
1402 2719 1467 2743 eos,
1495 2712 1539 2744 qui
1557 2717 1668 2744 regnum
1685 2709 1807 2736 animum

1019 2750 1083 2773 sunt
1099 2747 1273 2773 consecuturi
1290 2745 1448 2781 (legendum
1479 2752 1543 2779 puto
1566 2753 1626 2772 ('lltn
1643 2744 1809 2781 Bibliotht-t-m

1021 2787 1120 2808 nostra:
1129 2782 1220 2808 t‘odice
1231 2790 1237 2808 :
1250 2779 1318 2807 tuon
1330 2779 1571 2808 suntconsceuturi
1580 2788 1605 2812 ι,
1618 2779 1692 2806 addit
1705 2779 1807 2807 dicetis:

1019 2815 1054 2841 Et
1069 2817 1124 2843 lum:
1139 2816 1243 2850 quidem
1260 2816 1360 2851 fuistis,
1373 2816 1418 2844 sed
1433 2816 1514 2844 abluti
1530 2816 1601 2841 ρειὶς.
1618 2824 1627 2837 ι
1650 2820 1701 2836 νην
