1917 3064
105 109 168 137 523

647 109 690 136 DE
709 107 897 136 TlilNlTA'l'E
917 107 1020 135 LIBER
1040 108 1234 138 SECUNDUS.

1694 112 1749 141 5'26

105 168 271 204 Κορινθίοις
281 168 393 204 γράσων
408 169 572 204 δημηγορεῖ·
591 178 599 194 ι
617 169 697 195 Ἀλλὰ
711 167 909 199 ἀπελούσασθε.

965 166 1070 199 (limus,
1086 168 1238 203 proposuit,
1256 173 1282 195 et
1301 169 1444 204 magnifica
1458 169 1539 203 dona,
1556 176 1589 197 ac
1609 177 1753 205 regenera—

104 214 186 241 ἀλλὰ
211 215 398 250 ἐδικαιώθητε,
422 215 490 242 ἀλλὰ
505 215 664 251 ,ἡγιάσθητε
682 216 710 242 ἐν
732 216 771 250 τῷ
795 216 909 252 ὀνόματι

104 259 161 285 τοῦ
180 260 283 295 Κυρίου
304 260 383 296 ἡμῶν
406 260 493 297 Ἰησοῦ
513 261 644 297 Χριστοῦ,
660 261 707 287 καὶ
721 262 750 288 ἐν
764 261 804 296 τῷ
825 261 909 288 Πνεύ-

108 314 183 341 ματι
197 306 244 332 τοῦ
262 306 329 333 Θεοῦ
344 306 432 342 ἡμῶν.
448 317 457 333 ι
481 307 526 334 Διὸ
543 308 567 334 οἱ
590 307 782 340 κοινωνοῦντες
794 308 879 344 αὐτῷ,
895 309 910 335 ὅ

106 352 191 379 ἐστιν
208 354 232 379 οἱ
250 353 404 388 ἀξιούμενοι
424 353 584 388 ἀγιάζεσθαι
613 354 658 380 ὑπ’
675 353 769 386 αὑτοῦ,
796 355 843 381 καὶ
867 354 908 381 δι‹

106 398 272 431 καιοῦσθαι,
303 399 351 426 καὶ
376 398 546 434 σοφίζεσθαι,
573 399 706 436 εἴρηνται,
728 401 767 432 ὼς
793 401 808 427 ὁ
829 401 909 433 αὐτὸς

105 443 266 476 ἀπόστολος
286 444 428 480 Ἐϐραίους
442 444 562 472 διδάσκει
575 466 581 478 ,
602 455 611 471 ι
627 445 735 481 μέτοχοι
751 445 908 482 Πνεῦματος

106 490 205 524 ἁγίου.
220 499 229 516 ι
249 491 305 518 Καὶ
326 492 459 526 Ἐφεσίοις
472 492 500 518 δὲ
523 492 640 527 γράφει·
663 500 671 517 t
691 493 735 519 Ἐν
755 489 777 526 ᾧ
795 493 843 520 καὶ
865 501 910 520 πι-

107 536 279 569 στεύσαντες
303 537 502 573 ἐσφραγίσθητε
515 538 554 574 τῷ
568 537 708 574 Πνεῦματι
724 539 772 573 τῆς
791 539 910 574 ἐπαγγε-

106 583 176 616 λίας
199 584 238 620 τῷ
261 584 364 620 ἁγίῳ.»
388 585 471 620 Δῆλον
487 585 551 622 γὰρ,
574 586 612 617 ὠς
638 586 662 612 οἱ
686 586 908 622 στρραγιζόμενοι,

107 630 188 657 τοῦτ’
213 630 287 657 ἔστιν
306 630 492 667 ἀγιαζόμενοι,
518 631 687 666 μετέχουσιν,
712 632 770 659 ἀλλ’
797 633 826 659 οὗ
845 641 909 667 μετ-

108 674 234 711 έχονται.
256 676 311 702 Καὶ
333 673 385 712 γάρ
402 677 426 703 εἰ
444 677 547 712 κτίσμα
568 677 715 712 ἐτύγχανεν
736 677 764 704 ὃν
786 678 816 704 τὺ
834 678 909 712 Ξγιον

107 721 238 757 Πνεῦμα,
257 721 273 757 ἢ
297 722 311 748 ὁ
332 722 411 753 Υἱός·
426 722 475 748 ποῦ
498 720 532 757 ἦν
552 722 631 758 χρεία
651 723 681 749 τὸ
704 724 806 759 κτίσμα
822 723 864 759 [7i
882 723 908 759 lt]

109 768 250 802 ἁγιάζειν,
267 768 315 794 καὶ
330 768 417 794 ποιεῖν
435 769 484 804 τὴν
499 768 650 805 πλήρωσιν,
668 770 757 797 καίτοι
776 770 823 796 τοῦ
840 770 908 797 Θεοῦ

108 814 223 849 Harpe;
236 814 418 850 ἀποχρώντως
433 815 595 850 ἡγιακὸτηςς
619 815 654 843 Oi
677 817 703 850 γ’
721 813 768 843 οὖν
792 816 907 847 κτιστοὶ,

107 860 244 887 ἀκτίστου
258 860 289 887 τὸ
305 860 408 896 χρίσμα
422 861 502 888 τοῦτο
518 862 629 894 εἰδότες,
648 862 698 890 οὐκ
718 862 823 890 οἴκοθεν
844 871 911 899 παρ-

110 906 213 942 έχομεν
229 907 274 934 τὸν
287 907 433 943 ἁγιασμὺν,
457 907 525 935 ἀλλὰ
549 908 654 944 φαμέν·
677 909 705 936 '0
720 909 785 941 Θεὸς
798 909 910 944 ἁγιάσαι

110 959 155 979 σε.
177 953 233 979 Καὶ
253 953 320 988 πρὸς
341 953 434 989 ἕτερον
451 954 479 981 δὲ
499 955 630 990 ὁμόλογον
646 955 694 982 καὶ
715 955 845 992 κραταιὸν
861 955 910 990 βα-

110 997 223 1034 διοῦμαι
247 999 394 1034 δικαίωμα,
420 999 479 1035 μεθ’
504 1000 517 1027 ὃ
537 1000 597 1028 οὐδὲ
616 1002 672 1033 τοῖς
695 1001 910 1037 μεμελετηκόσιν

110 1044 302 1080 ἀναισχυντεῖν
327 1045 438 1079 ἐξέσται
460 1046 540 1073 τοῦτο
563 1048 662 1074 ποιεῖν,
693 1047 720 1074 ’0
740 1047 788 1074 τοῦ
809 1049 910 1080 παντὸς

111 1089 264 1124 Δεσπότης,
287 1091 351 1126 περὶ
371 1091 422 1126 μὲν
446 1091 493 1118 τοῦ
521 1091 588 1119 Θεοῦ
614 1093 722 1129 Πατρὶς
743 1094 790 1121 καὶ
811 1094 909 1122 ἑαυτοῦ

111 1133 324 1170 ἀπολελυμένους
347 1135 561 1172 διαταξάμενος·
587 1138 788 1171 (Βατηίζοντες
813 1139 910 1172 αὐτοὺς

112 1181 154 1212 εἰς
170 1181 201 1208 τὺ
216 1181 301 1217 ὄνομα
318 1181 365 1209 τοῦ
386 1183 504 1219 Πατρὺς,
521 1184 568 1210 καὶ
583 1184 629 1211 τοῦ
644 1184 736 1216 nos,»
752 1186 801 1222 οὐχ
816 1186 910 1218 ἁπλῶς

110 1226 249 1270 ἐπήγαγε,
269 1228 397 1255 «καὶτοῦ
422 1229 591 1265 Πνεύματος,
614 1240 623 1256 ›
652 1230 721 1259 ἀλλὰ
743 1233 909 1269 προσέθηκε,

116 1271 183 1298 (τοῦ
206 1273 296 1307 ἁγίου,
310 1283 320 1299 ι
345 1274 427 1301 Ὥστε
444 1277 583 1311 μονονουχὶ
604 1276 814 1313 ὑποϐεϐηκὸτως
828 1280 910 1306 αὑτοῦ

113 1318 164 1345 οὐκ
180 1319 314 1356 ἐμνήσθη,
333 1320 401 1348 ἀλλὰ
417 1321 463 1348 καὶ
485 1322 706 1359 ἀναϐεϐηκότως,
719 1324 763 1351 διὰ
780 1325 809 1352 τὸ
823 1326 910 1353 ἐκείίο

113 1361 185 1391 εἶναι
203 1366 236 1401 τῇ
262 1365 353 1400 φύσει,
378 1367 392 1393 ὅ
413 1368 482 1395 εἰσιν
505 1369 533 1395 αἱ
559 1369 713 1402 αὐτοτελεῖς
735 1371 909 1405 ὑποστάσεις,

111 1409 147 1442 ἃς
162 1411 284 1446 ἐσήμανε
310 1412 340 1439 τὺ
360 1412 389 1439 ἓν
408 1413 501 1449 ὄνομα,
538 1412 561 1449 ᾧ
585 1416 632 1443 καὶ
651 1416 717 1444 αὐτὸ
745 1417 775 1444 τὸ
798 1417 910 1453 Πνεῦμα

113 1459 396 1495 συμπροσηγορεύθη·
422 1461 470 1488 καὶ
493 1462 674 1498 παραλλήλως
698 1463 742 1490 διὰ
767 1464 798 1491 τὺ
822 1466 910 1492 ἐκεῖνο

114 1503 280 1532 καθεστάναι
297 1505 328 1532 τὸ
349 1505 427 1540 ἅγιον
450 1507 575 1544 Πνεῦμα,
600 1509 614 1535 ὃ
635 1510 693 1535 ἐστι
712 1510 746 1545 τῇ
771 1509 879 1546 θεύτητι
897 1511 910 1537 ό

114 1549 209 1585 Πατὴρ
225 1551 271 1577 καὶ
291 1551 304 1577 ὁ
326 1551 391 1583 Υἱὸς
409 1552 509 1579 αὑτοῦ·
532 1550 573 1586 οἷς
595 1555 845 1591 συνεμσημονεὺθη,
860 1555 909 1587 ὼς.

113 1593 144 1620 τὸ
164 1594 195 1630 δὴ
218 1595 376 1630 λεγόμενον,
405 1596 462 1623 ἔστι
486 1597 619 1633 πρόδηλον
637 1598 684 1624 καὶ
707 1598 808 1634 τυφλῷ.
831 1598 911 1625 Ἀλλὰ

114 1638 192 1666 τοῦτο
206 1640 255 1675 μὲν
276 1640 399 1673 πλείονος
421 1641 513 1677 ἔχεται
528 1642 681 1676 θεολογίας·
700 1643 743 1670 ἵνα
764 1643 792 1670 δὲ
812 1644 911 1679 ῥᾳδίως

116 1684 276 1721 πιστεύηται
293 1685 420 1722 θεότητος
434 1686 519 1722 μόνης
531 1686 595 1714 ἴδιον
611 1688 744 1724 ὑπάρχειν
766 1688 796 1715 τὸ
817 1688 909 1715 καλεῖ-

116 1730 190 1764 σθαι,
205 1731 253 1757 καὶ
268 1729 340 1758 εἶναι
355 1732 435 1766 φύσει
448 1733 525 1767 ἅγιόν
539 1741 579 1766 τε,
593 1732 697 1761 δίκαιόν
710 1743 749 1766 τε,
759 1734 799 1761 ἔτι
813 1734 866 1771 μὴν
880 1735 911 1762 τὸ

117 1776 248 1810 ἁγιάζειν,
272 1778 320 1804 καὶ
340 1777 463 1806 δικαιοῦν
483 1779 518 1806 τὰ
538 1780 627 1806 οἰκεῖα
650 1780 806 1816 κτίσματα·
829 1782 911 1817 ὃμοια

117 1823 260 1860 ὑμνημένιιι
279 1824 360 1856 εἰσὶν,
377 1825 442 1860 περὶ
457 1825 506 1860 μὲν
520 1825 567 1851 τοῦ
582 1826 701 1862 Πατρὺς,
714 1826 751 1859 ὡς
765 1827 847 1862 ἡνίκα
860 1827 909 1854 αὑ-

117 1869 161 1902 τὸς
185 1870 199 1896 ὁ
221 1870 284 1902 Tib;
302 1870 379 1907 παρὰ
400 1871 510 1907 Ἰωάννῃ
527 1871 611 1908 λέγῃο
630 1882 639 1898 ι
654 1872 745 1909 Πάτερ
768 1874 839 1907 ἆγιε,
860 1874 909 1908 τή-

119 1924 198 1951 ρησον
226 1917 325 1949 αὐτοὺς
357 1918 386 1944 ὲν
410 1917 449 1952 τῷ
480 1917 591 1953 ὀνόματί
620 1926 710 1945 σου-ο
740 1919 788 1946 καὶ
809 1919 908 1946 πάλιν·

120 1971 130 1988 ι
146 1963 269 1997 Ἀγίασον
286 1964 385 1996 αὐτοὺς
399 1965 429 1991 ὲν
445 1966 478 2000 τῇ
493 1964 608 2001 ἀληθείᾳ
622 1974 684 1992 σου·
699 1966 713 1992 ὁ
731 1965 816 1999 Λόγος
828 1967 841 1992 ό
854 1965 909 1999 σὸς,

118 2009 229 2046 ἀλήθειά
248 2012 333 2038 ἐστι’»
351 2012 398 2038 καὶ
420 2011 511 2044 αὖθις·
530 2022 538 2037 ι
551 2012 641 2048 Πάτερ
662 2012 760 2039 δίκαιε.
774 2022 783 2039 ι
805 2013 860 2040 Καὶ
873 2011 910 2046 ὡς

118 2055 179 2083 ὃταν
196 2058 414 2093 προφητεύωσιν,
434 2058 564 2094 Ίεζεκιὴλ
580 2058 644 2094 μέν’
661 2068 671 2085 ‹
685 2059 739 2085 Καὶ
752 2058 909 2093 γνώτωσαν,

116 2103 156 2129 ὅτι
171 2103 227 2136 ἐγὼ
242 2104 343 2139 Κύριος
365 2106 379 2131 ὁ
404 2104 525 2139 ἁγιάζων
548 2104 648 2137 αὐτούς
658 2112 665 2120 ’
680 2115 688 2131 ι
712 2104 794 2132 Δαυῗδ
808 2105 836 2132 δὲ
851 2106 880 2132 ἐν
896 2109 910 2132 ι’

118 2149 229 2186 ψαλμῷ-
257 2151 385 2183 ιΔίκαιος
409 2152 524 2188 Κύριος,
553 2151 599 2179 καὶ
616 2151 663 2188 [7'1
683 2151 712 2188 α]
735 2152 910 2188 δικαιοσύνην

967 213 1080 247 tionem,
1094 221 1176 248 quam
1193 214 1219 241 in
1233 213 1368 248 baptismo
1392 215 1585 250 consequimur
1598 235 1605 249 ,
1631 223 1708 251 aeque
1725 220 1754 244 et

966 259 1147 287 communiter
1162 267 1177 287 a
1191 259 1245 287 Deo
1258 258 1339 288 Patre
1350 280 1359 294 ,
1387 267 1420 288 ac
1443 260 1546 296 Spiritu
1569 265 1664 289 sancto
1680 269 1753 296 CSse,

958 309 988 331 et
1003 309 1133 339 przeterea
1152 313 1251 333 nomen
1268 305 1319 334 hoc
1335 315 1344 332 ι
1365 306 1434 334 Deus
1448 316 1458 333 ι
1477 307 1504 334 in
1519 306 1652 335 Trittitate
1669 316 1751 335 ununt

965 351 1111 385 exsistere,
1127 357 1154 380 et
1169 353 1255 381 tribus
1269 353 1409 388 teqnalitcr
1420 354 1563 391 convenire
1573 375 1581 388 ,
1596 359 1622 382 et
1644 354 1754 382 invoca.

964 402 1021 425 tum
1037 405 1052 425 a
1071 398 1151 426 nobis
1177 406 1237 426 cum
1256 399 1338 426 Deum
1351 398 1478 433 Patrem,
1506 404 1562 427 tum
1594 400 1678 427 Deum
1707 399 1754 427 Fi-

963 443 1048 478 lium,
1077 449 1132 472 tum
1163 445 1248 472 Deum
1277 445 1408 481 Spiritttm
1438 447 1540 481 aequali:
1567 453 1673 482 semper
1703 454 1753 480 po-

964 494 1060 518 testate
1074 491 1181 525 operari
1209 492 1327 519 ostendit
1346 501 1353 519 :
1376 500 1438 520 nam
1460 491 1610 520 Corinthiis
1632 492 1753 520 scribens

963 535 1000 562 ita
1030 537 1207 565 concionatur
1235 548 1241 566 :
1272 547 1282 564 ι
1311 537 1364 566 Sed
1396 539 1454 575 (92)
1478 539 1563 567 abluti
1599 539 1676 573 estis,
1702 540 1750 567 scd

961 581 1102 617 iustiﬁcati
1129 583 1205 616 cstis,
1236 585 1282 612 sed
1310 585 1472 613 sanctificati
1501 585 1566 613 estis
1594 585 1620 612 in
1641 585 1750 613 nomine

963 628 1069 656 Domini
1087 630 1171 657 nostri
1188 629 1252 658 Jesu
1269 630 1381 664 Christi,
1402 635 1429 659 et
1459 631 1485 659 itt
1510 631 1611 667 Spiritu
1631 630 1677 658 Dei
1698 639 1748 658 nn-

962 674 1023 702 stri.
1040 685 1049 702 ι
1068 675 1213 711 Propterea
1243 677 1287 712 qui
1304 677 1329 705 ei
1356 678 1566 710 communicant,
1591 677 1618 705 id
1632 681 1690 710 cst,
1707 678 1751 712 qui

963 721 1034 756 digni
1052 722 1115 749 facti
1127 727 1190 750 sunt
1207 727 1236 750 ut
1252 724 1286 750 ab
1308 731 1340 750 eo
1366 724 1580 758 sanetilicentur,
1603 728 1629 750 et
1655 722 1754 758 justiti-

963 771 1068 801 cetztur,
1085 772 1112 795 et
1127 769 1266 803 sapientes
1278 769 1462 801 reddantur,ii
1482 779 1492 795 ι
1508 769 1656 805 participes
1666 768 1753 804 Spiri-

964 815 1007 839 tus
1029 812 1116 840 sancti
1135 822 1144 839 ι
1161 813 1301 846 dicuntur,
1331 817 1361 841 ut
1377 814 1447 841 idem
1465 814 1609 849 Apostolus
1627 813 1755 852 liebrteos

964 857 1174 894 tlocct(93).Ad
1194 858 1325 893 Ephesids
1355 863 1445 887 autem
1465 859 1560 887 Scribit
1587 868 1593 887 :
1621 868 1631 885 ι
1649 858 1677 886 in
1700 866 1754 894 qtm

963 904 1022 940 (94)
1046 908 1074 932 et
1088 905 1230 933 credentes
1248 905 1346 941 signati
1368 905 1433 933 estis
1448 905 1550 940 Spiritu
1567 904 1754 940 promissionis
1801 896 1805 901 ’

962 955 1069 978 sancto.
1091 959 1100 976 ι
1124 950 1190 978 Nam
1209 951 1381 986 perspicuum
1398 955 1438 979 est
1452 970 1460 983 ,
1475 958 1523 979 eos
1539 951 1585 986 qui
1601 951 1752 984 signantur,

963 996 988 1024 id
1004 1001 1057 1030 est,
1073 996 1290 1031 sanctiﬁcanlttr,
1308 997 1483 1032 participare,
1505 998 1552 1025 sed
1574 1005 1626 1025 non
1645 997 1754 1033 partici-

961 1043 1030 1078 pari.
1053 1043 1083 1071 Si
1107 1044 1180 1071 enim
1199 1047 1324 1071 creatura
1346 1048 1418 1072 esset
1440 1043 1559 1079 Spiritus
1583 1050 1692 1071 sanctus
1708 1048 1754 1071 aut

962 1088 1057 1122 Filius,
1075 1089 1205 1124 quidnam
1218 1095 1331 1116 necesse
1348 1088 1427 1122 foret,
1444 1094 1585 1125 postquam
1612 1089 1693 1117 Pater
1710 1097 1755 1117 sa-

964 1134 998 1161 tis
1013 1133 1173 1169 abundeque
1196 1134 1394 1167 sanctilicavit,
1416 1138 1445 1162 ut
1471 1134 1495 1162 is
1509 1134 1603 1168 etiam,
1619 1135 1664 1171 qui
1681 1142 1755 1162 crea-

961 1184 1020 1206 tura
1044 1184 1117 1207 esset
1145 1179 1341 1213 sanctiﬁcaret,
1373 1187 1406 1208 ac
1425 1180 1507 1208 veluti
1533 1179 1679 1216 supplendo
1710 1188 1756 1207 cx-

961 1226 1067 1262 pleret?
1096 1226 1188 1262 Itaque
1203 1234 1263 1254 cum
1276 1227 1395 1255 cltrisma
1412 1227 1493 1260 istud,
1510 1227 1566 1254 sive
1581 1227 1733 1255 unctionem
1745 1249 1752 1260 ,

962 1273 1034 1300 illius
1052 1280 1113 1301 esse
1131 1273 1300 1307 noverimus,
1331 1273 1377 1308 qui
1406 1273 1542 1302 increatus
1562 1278 1614 1306 est,
1644 1280 1693 1300 nos
1712 1278 1755 1300 ut-

961 1324 1023 1355 pote
1049 1324 1181 1347 creaturte
1196 1327 1249 1347 non
1274 1319 1307 1347 de
1334 1323 1427 1347 nostro
1443 1318 1688 1347 sanctiﬁcationem
1708 1319 1755 1345 da-

964 1373 1036 1399 mus,
1066 1366 1113 1395 sed
1140 1366 1257 1394 dicimus
1281 1375 1288 1394 :
1318 1364 1391 1394 Deus
1418 1370 1444 1393 te
1466 1365 1631 1393 sanctiﬁcet.
1650 1364 1754 1393 Trans-

963 1420 996 1441 eo
1023 1420 1096 1440 nunc
1119 1412 1152 1440 ad
1172 1412 1261 1440 simile
1279 1412 1372 1444 aliud,
1403 1412 1486 1447 idque
1508 1411 1679 1446 pcrvalidum
1712 1419 1755 1437 ar-

961 1463 1121 1494 gumentum
1138 1477 1145 1491 ,
1168 1460 1240 1493 qtmd
1271 1465 1332 1486 cum
1352 1457 1488 1490 attulero,
1517 1464 1612 1485 eorum
1643 1464 1752 1492 quoqtte

964 1504 1076 1532 audacia
1099 1504 1292 1537 contundetur,
1311 1504 1356 1539 qui
1369 1503 1396 1531 in
1412 1503 1559 1538 impttdenti
1575 1503 1754 1532 contendeudi

964 1551 1072 1578 ratione
1087 1550 1295 1579 exercitatiores
1308 1554 1381 1577 sunt.
1401 1549 1524 1578 Universi
1542 1549 1673 1578 Dominus
1692 1557 1755 1578 cum

963 1597 995 1624 de
1010 1596 1066 1624 Deo
1079 1596 1170 1629 Patre,
1183 1603 1215 1623 ac
1233 1595 1268 1623 de
1294 1595 1385 1631 seipso
1411 1594 1533 1624 absolute
1559 1595 1693 1631 loquens,
1717 1596 1753 1624 ita

962 1643 1137 1679 praecepisset
1152 1662 1160 1676 ,
1182 1652 1192 1669 ι
1213 1643 1385 1678 Baptizantes
1400 1641 1456 1677 (95)
1473 1649 1520 1669 eos
1533 1641 1561 1669 in
1573 1641 1683 1669 nomine
1697 1641 1750 1670 Ριι-

964 1690 1023 1724 tris,
1038 1696 1065 1718 et
1079 1689 1150 1718 F;lii.
1169 1700 1179 1716 ι
1200 1698 1254 1718 non
1272 1688 1411 1725 subiunxit
1424 1688 1586 1724 simpliciter
1598 1707 1605 1721 ,
1623 1697 1634 1715 ‹
1649 1693 1676 1716 ct
1693 1687 1755 1724 Spi-

963 1737 1042 1771 ritus,
1064 1748 1074 1765 ι
1092 1738 1138 1765 sed
1153 1737 1289 1769 addidit,t
1313 1736 1411 1764 sancti.
1429 1745 1439 1762 ι
1470 1735 1561 1770 Itaque
1585 1743 1638 1763 non
1668 1735 1753 1764 solum

962 1784 1023 1820 ejus
1050 1785 1086 1812 ita
1112 1792 1166 1812 non
1197 1783 1331 1816 meminit,
1362 1787 1391 1810 ut
1419 1789 1482 1809 eum
1501 1782 1678 1816 deprimeret,
1706 1782 1753 1810 sed

963 1832 1048 1859 etiam
1064 1831 1123 1867 ejus
1137 1831 1174 1858 ita
1187 1830 1322 1863 meminit,
1339 1833 1368 1857 ιιι
1384 1837 1446 1857 eum
1463 1828 1617 1862 extolleret,
1634 1835 1667 1855 eo
1681 1829 1752 1863 quod

962 1877 1020 1912 ipse
1035 1883 1131 1904 natura
1152 1875 1179 1904 id
1196 1877 1242 1910 sit,
1267 1876 1338 1911 quod
1360 1879 1423 1903 sunt
1438 1874 1644 1910 perfectissima).
1669 1874 1755 1909 hypo-

962 1929 1059 1953 stases.
1072 1930 1141 1958 quas
1151 1923 1289 1958 signiﬁcat
1305 1929 1386 1949 unum
1402 1928 1511 1954 nomen,
1526 1929 1581 1956 quo
1598 1920 1655 1955 ipse
1670 1921 1753 1948 etiam

963 1971 1081 2006 Spiritus
1109 1970 1190 1999 simul
1208 1978 1271 1998 cum
1289 1970 1342 1998 illis
1361 1970 1515 1997 nominatus
1531 1974 1588 2001 est,
1609 1974 1636 1997 et
1652 1969 1710 2004 pari
1726 1969 1754 1996 in

962 2017 1047 2052 gradu
1074 2017 1234 2051 collocatus,
1261 2022 1405 2052 propterea
1430 2016 1502 2050 quod
1529 2015 1555 2043 id
1577 2016 1611 2043 sit
1636 2015 1754 2051 Spiritus

962 2068 1083 2097 sanctus,
1109 2063 1180 2098 quod
1197 2067 1238 2091 est
1261 2063 1404 2090 divinitate
1426 2062 1507 2089 Pater
1525 2066 1553 2090 et
1569 2062 1654 2089 Filius
1683 2062 1753 2098 ejus,

961 2108 1122 2143 quibuscum
1155 2107 1235 2135 simul
1267 2111 1496 2135 connnemoratus
1524 2107 1591 2140 fuit,
1622 2109 1752 2142 quemad-

963 2153 1072 2181 modum
1088 2153 1130 2181 vel
1143 2161 1231 2185 cceco,
1250 2157 1279 2180 ut
1299 2153 1384 2186 aiunt,
1406 2154 1486 2190 160
1509 2154 1679 2188 pcrspicutmt
1701 2159 1752 2182 cst.

119 2196 275 2232 ῂγάπησεν·
290 2197 440 2233 εὐθύτητας
455 2199 509 2226 ἴδον
523 2199 547 2226 οἱ
561 2199 697 2234 ὀφθαλμοὶ
713 2200 796 2226 αὐτοῦ
811 2209 817 2216 ·
837 2210 846 2225 ι
864 2201 909 2226 καὶ

964 2199 1018 2227 Sed
1035 2201 1085 2228 hoc
1100 2200 1209 2235 quidem
1231 2199 1328 2233 majori
1352 2200 1469 2234 quadam
1492 2199 1613 2234 emphasi
1636 2199 1754 2234 Spiritus

120 2243 223 2278 ἕτερος·
245 2253 254 2269 ι
267 2244 321 2270 Καὶ
344 2244 444 2277 πάντες
462 2246 487 2272 οι
504 2245 664 2281 ἡγιασμένοι
683 2246 735 2273 ὑπὸ
749 2246 798 2278 τὰς
814 2246 910 2282 χεῖράς

122 2297 174 2322 σου,
191 2290 238 2316 καὶ
249 2291 301 2317 ὑπὸ
315 2292 344 2318 σέ
357 2293 435 2318 εἰσιν.
444 2302 453 2318 ι
472 2293 526 2320 Καὶ
539 2292 576 2325 ὡς
589 2293 652 2320 ὅταν
665 2293 772 2326 Παῦλος
786 2294 911 2321 ἐπιστέλ-

120 2335 159 2371 λῃ,
174 2337 242 2371 πρὸς
261 2337 310 2372 μὲν
323 2337 551 2371 Θεσσαλονικέαςσ
577 2350 586 2366 ι
599 2340 685 2372 Αὐτὸς
699 2340 728 2366 δὲ
746 2341 760 2367 ὁ
779 2340 845 2372 Θεὸς
860 2341 910 2376 τῆς

121 2382 226 2417 εἰρήνης
251 2382 363 2416 ἁγιάσαι
386 2384 458 2419 ὑμᾶς
479 2385 612 2417 ὁλοτελεῖς
626 2394 633 2401 ·
648 2395 657 2411 ι
687 2385 756 2421 πρὸς
779 2385 807 2412 δὲ
842 2387 909 2412 Ῥω-

123 2429 214 2462 μαίους
227 2436 234 2442 ·
251 2438 260 2454 ι
271 2428 337 2461 Θεὸς
350 2431 364 2456 ὁ
379 2430 492 2457 δικαιῶν
503 2439 509 2445 ·
520 2431 562 2462 τίς
576 2431 590 2457 ὁ
604 2431 794 2466 κατακρίνων;
811 2441 819 2456 ι
842 2431 909 2467 πρὸς

121 2473 146 2499 δὲ
163 2473 318 2509 Ἐϐραίους·
339 2485 347 2500 ι
362 2474 448 2512 ’Ἱναῇ
469 2477 485 2512 ἡ
503 2476 638 2512 παρθένος
659 2477 725 2511 ἁγία
740 2477 847 2512 σώματι
862 2477 909 2504 καὶ

123 2518 291 2555 πνεύματι-ι
318 2521 356 2553 ὡς
383 2522 570 2558 ὲγχι-ιροῦντος
592 2522 650 2555 τοῦ,
675 2523 690 2558 ἧ
717 2525 777 2550 κατ’
803 2524 908 2551 οἰκείαν

121 2565 220 2601 τροπὴν
236 2565 273 2601 μὴ
288 2564 357 2593 εἶναι
372 2568 456 2603 αὐτὴν
477 2569 569 2602 ἁγίαν,
589 2569 604 2605 ἦ
629 2568 689 2596 κατ’
710 2569 811 2606 ἀρετὴν
828 2570 906 2604 ἁγιά-

126 2644 208 2706 ,Βςὶθέὶ
238 2645 300 2673 Sed.
334 2645 341 2672 Ι
374 2647 438 2674 Cor.
451 2655 489 2679 vn,
518 2646 560 2673 11.

155 2715 208 2748 (93)
231 2715 318 2742 Docet.
333 2715 412 2742 Hebr.
431 2724 468 2748 VI,
486 2716 512 2742 4.

155 2751 208 2786 (iit)
223 2751 252 2777 Ιη
265 2759 325 2786 quo.
344 2752 441 2785 Epltes.
457 2759 475 2783 I,
491 2752 533 2778 15.

155 2785 208 2818 (95)
223 2785 402 2819 llaptizmttes.
418 2786 511 2813 Matth.
526 2795 620 2817 xtt‘ltl.
639 2788 678 2814 l9.

155 2820 209 2882 (υς)
225 2820 412 2862 1¹ςι1ιτν.,]‹›;ιιι.
434 2828 499 2852 xm,
514 2823 557 2848 ll.
603 2847 626 2863 _,
708 2860 711 2862 Π
743 2820 746 2822 ’
818 2847 824 2851 ,

166 2858 210 2882 υι)
236 2856 387 2882 banc/idm.
405 2855 482 2882 Juan.
503 2865 569 2882 xm.
587 2857 625 2882 lt.
656 2858 682 2882 lu
697 2859 763 2882 ιλιηι.
781 2859 815 2882 Ιὶι

166 2856 210 2892 1)?)
236 2856 387 2890 Suncriﬁta.
405 2855 482 2883 Juan.
503 2865 569 2890 xm,
587 2857 625 2885 Π.
656 2858 682 2885 in
697 2859 763 2887 libtt,
781 2859 815 2886 l):
838 2858 908 2894 Spir.

597 2647 662 2674 Vide
692 2652 746 2674 not.
775 2647 822 2680 80,
847 2655 907 2682 pug.

962 2245 1049 2273 sancti
1079 2245 1247 2273 divinitatem
1278 2245 1409 2273 declarat.
1435 2244 1535 2273 Verum
1564 2252 1618 2279 quo
1650 2244 1753 2272 fat-ilius

962 2292 1023 2326 quis
1036 2292 1140 2324 credat,
1159 2291 1245 2320 solius
1259 2292 1368 2319 deitatis
1383 2291 1521 2326 proprium
1543 2298 1612 2325 esse,
1631 2294 1662 2318 ut
1674 2298 1754 2319 voce-

962 2343 1016 2375 tur,
1031 2343 1058 2366 et
1079 2338 1188 2365 sitcum
1205 2343 1298 2366 sancta
1319 2346 1352 2366 ex
1376 2337 1494 2366 essentia
1513 2345 1579 2370 sua,
1596 2341 1651 2364 tum
1670 2337 1752 2372 justa,

966 2390 993 2412 et
1009 2384 1134 2420 proprias
1157 2389 1289 2420 prmterea
1307 2388 1447 2411 creaturas
1474 2383 1626 2411 sanctificet
1658 2390 1689 2410 ac
1710 2382 1754 2417 jn-

964 2431 1082 2458 stilicet:
1101 2431 1199 2458 similia
1216 2430 1326 2458 afferam
1346 2430 1450 2464 elogia,
1469 2431 1565 2465 quibus
1586 2428 1668 2457 Pater
1689 2429 1751 2456 item

965 2482 993 2503 ιιι
1011 2476 1095 2504 Filius
1119 2476 1272 2504 celebratus
1286 2476 1348 2504 fuit.
1365 2477 1404 2503 Ac
1423 2476 1455 2503 de
1470 2475 1551 2503 Patre
1569 2475 1677 2510 quidem
1695 2475 1752 2509 ipse

963 2521 1049 2549 Filius
1064 2522 1133 2556 apud
1149 2521 1279 2549 Joannem
1297 2522 1334 2549 ait
1352 2531 1358 2548 :
1375 2531 1384 2548 ι
1403 2522 1481 2548 Pater
1495 2521 1552 2556 (96)
1571 2526 1673 2553 sancte,
1695 2528 1754 2547 ser-

963 2576 995 2596 va
1008 2576 1055 2596 eos
1071 2569 1096 2595 in
1113 2569 1222 2596 nomine
1239 2573 1301 2602 tuo;
1317 2577 1326 2594 ι
1340 2573 1367 2597 et
1383 2576 1477 2596 rursus
1494 2577 1501 2594 :
1517 2577 1525 2594 ι
1541 2567 1684 2595 Sanctifica
1696 2566 1752 2602 (97)

963 2652 1065 2678 sancto.
1093 2654 1167 2674 ntttn.
1188 2646 1232 2678 55,
1262 2646 1284 2673 si
1306 2645 1376 2673 edita
1407 2649 1558 2679 spectemus
1579 2645 1754 2680 exemplaria,

964 2683 1100 2710 videbitur
1114 2682 1242 2717 Didymus
1256 2681 1336 2717 paulo
1351 2680 1431 2717 a_lit_er
1443 2681 1542 2717 citasse
1558 2680 1629 2717 hun_c
1644 2680 1731 2707 locum
1745 2690 1752 2707 :

964 2719 989 2744 in
1003 2718 1037 2744 iis
1051 2718 1122 2744 enim
1138 2715 1236 2751 legitur
1250 2715 1263 2743 :7
1277 2725 1286 2741 ι
1302 2715 1333 2742 Et
1357 2715 1480 2751 Salvator
1496 2715 1533 2741 ait
1551 2724 1557 2742 :
1574 2724 1583 2741 ι
1602 2715 1682 2742 Pater
1692 2723 1755 2743 san-

962 2758 1017 2784 cte.
1031 2750 1172 2780 sant-tilica
1183 2759 1231 2779 eas
1245 2752 1271 2779 in
1288 2751 1413 2783 veritate,
1424 2750 1486 2785 quia
1503 2751 1614 2778 verbum
1628 2756 1701 2778 tuum
1713 2755 1755 2778 est

963 2789 1075 2815 writas.
1094 2798 1103 2813 ι
1123 2787 1266 2822 l’erspicue
1291 2785 1384 2813 dicens
1398 2795 1407 2822 ι
1422 2785 1450 2813 ln
1462 2793 1505 2812 tne
1568 2786 1706 2813 sanctilica
1722 2787 1755 2822 it—

963 2823 1002 2850 lus
1019 2824 1081 2855 tide,
1093 2829 1119 2849 ct
1133 2823 1271 2850 consortio
1285 2821 1347 2848 mei.
1364 2830 1373 2847 ι
1391 2821 1425 2848 At
1440 2829 1483 2848 res
1498 2821 1575 2848 aliter
1588 2829 1617 2848 se
1631 2821 1752 2852 habebit,

962 2859 993 2891 εἰ
1004 2858 1124 2889 codiceni
1143 2863 1264 2886 nostrum
1280 2866 1329 2885 ms.
1348 2857 1529 2892 consulamus,
1542 2858 1587 2893 qui
1600 2857 1638 2885 sic
1653 2856 1753 2885 habet:
