1917 3064
76 54 137 82 553

620 57 662 84 DE
682 57 868 86 ΤΙίΙΝΠᾹΤΕ
889 60 991 88 LlBEﬂ
1010 59 1200 90 SECUNDUS.

1660 62 1711 89 551

74 113 156 139 ἐστιν
171 110 193 146 ἡ
207 111 330 146 βασιλεία
358 112 404 139 τοῦ
421 113 488 139 Θεοῦ
507 113 607 150 βρῶσις
625 115 672 142 καὶ
690 117 785 148 πόσις,
807 117 873 144 ἀλλὰ

930 123 954 146 et
973 127 1022 147 nos
1036 127 1068 148 ex
1083 127 1134 155 qua
1150 121 1193 148 die
1208 119 1371 155 audivimus,
1387 128 1439 148 non
1454 127 1591 149 cessamus
1606 127 1655 156 pro
1666 129 1713 149 vo—

75 157 251 194 δικαιοσύνη,
265 158 429 194 καὶεῑρήνη,
439 159 485 186 καὶ
494 161 565 195 χαρὰ
577 161 606 187 ἐν
616 161 755 196 Πνεύματι
766 163 847 198 ἁγίῳ.
862 173 872 189 ι

75 204 141 231 Οὐκ
166 203 246 231 ἔλαθε
268 204 290 230 δ’
307 204 368 231 οὐδὲ
387 204 466 231 τοῦτο
482 205 529 231 καὶ
544 205 655 241 Πέτρον.
674 207 877 243 ’Λπολογούμε-

74 259 131 290 νος.
141 249 197 284 γὰρ
221 250 276 283 τοῖς
292 245 466 285 αἰτιωιὶένοις
489 250 538 285 τὴν
553 252 708 287 συντυχίαν,
731 253 764 288 ἦν
780 254 873 290 ἐποιή-

75 287 150 321 σσιξο
162 294 230 330 πρὸς
241 295 401 330 Κορνήλιον,
413 294 465 331 ἔφη
475 304 481 310 ·
499 305 508 321 1
528 295 558 323 Εὶ
571 295 619 323 οὖν
632 298 681 333 τὴν
698 287 758 334 ῐσην
770 287 875 335 δωρεάν

76 340 203 367 δέδωκεν
216 340 308 372 αὐτοῖς
325 341 339 367 ὁ
358 341 434 373 Θεὸς,
451 343 601 378 παρασχὼν
616 343 646 370 τὸ
661 343 738 379 ἅγιον
752 344 878 381 Πνεῦμα,

74 385 120 417 ὡς
134 386 180 413 καὶ
196 387 263 421 ἡμῖν
274 386 303 413 ἐν
314 386 385 423 ἀρχῇ
395 395 402 403 ·
418 387 474 422 ἐγὼ
487 388 528 420 τίς
542 389 616 424 ἤμην
628 389 740 422 δυνατδς
753 391 875 419 κωλῦσαι

75 431 130 458 τὸν
145 431 232 464 Θεόν;
247 441 256 457 ι
272 432 326 458 Καὶ
337 432 434 461 πάλιν·
454 443 463 459 1
481 434 535 460 Καὶ
546 435 560 460 ὁ
574 434 794 472 καρδιογνώστης
809 436 876 468 Θεὸς

76 477 278 514 ἐμαρτύρησεν
300 479 403 511 αὐτοῖς,
431 480 492 511 δοὺς
518 480 548 506 τὸ
577 481 692 517 Πνεῦμα
719 481 750 508 τὸ
778 483 871 516 ἆγιον,

76 524 175 556 καθὼς
189 525 237 551 καὶ
251 526 332 560 ἡμῖν·
343 526 391 552 καὶ
403 525 479 552 οὐδὲν
492 526 625 562 διέκρινεν
639 527 741 562 μεταξὺ
757 528 834 563 ἡμῶν
845 538 874 555 τε

77 571 131 598 καί
144 570 245 603 αὐτῶν,
256 572 290 606 τῇ
300 571 390 598 πίστει
402 571 554 607 καθαρίσας
564 572 613 605 τὰς
626 574 738 609 καρδίας
750 574 849 602 αὐτῶν.
863 585 872 601 ι

79 616 165 643 Τοῦτ’
185 617 277 644 ἔστιν·
302 617 334 644 Ἡ
358 617 404 644 τοῦ
424 618 503 652 ἁγίου
522 618 680 655 Πνεύματος
701 619 822 655 ἔκχυσις,
839 621 876 652 ὼς

76 662 116 690 ἄν
138 671 181 694 τις
197 663 280 695 εῐποι,
297 663 314 698 ἡ
332 663 517 699 ἀκατάσχετος
533 664 580 691 καὶ
602 664 717 700 ἄφθονος
734 665 876 701 ἐπιφοίτη-

82 717 131 740 σις
150 708 244 742 αὐτοῦ,
258 709 333 736 αίτία
349 710 526 745 προφητείας,
542 710 589 737 καὶ
604 709 812 746 ἀνακαινισμοῦ,
828 711 876 737 καὶ

77 754 219 790 οὐρανίων
242 754 362 788 ἀγαθῶν,
380 755 427 782 καὶ
445 755 493 782 τοῦ
511 757 651 782 κατανοεῖν
670 755 700 782 τὸ
715 755 812 787 κάλλος
827 755 875 790 τῆς

926 165 966 193 bis
999 171 1121 199 orantes,
1149 171 1177 194 et
1208 167 1376 202 postulantes
1406 172 1434 195 ut
1457 167 1622 203 impleamini
1642 167 1714 203 agni.

926 211 998 239 tione
1015 212 1161 240 voluntatis
1183 212 1254 248 eius,
1273 213 1300 240 in
1324 213 1397 240 omni
1422 213 1552 248 sapientia
1582 217 1610 241 et
1632 212 1712 240 intel-

926 257 1038 293 ligentia
1066 258 1190 293 spiritali,
1205 258 1374 287 ambulantes
1391 259 1470 294 digne
1488 258 1612 292 Domino,
1630 268 1639 284 ι
1662 259 1712 286 hoc

925 307 977 336 est,
995 313 1004 330 1
1022 304 1102 338 digne
1122 304 1213 332 divino
1232 304 1345 340 Spiritu,
1363 314 1374 331 ι
1395 303 1474 340 164
1498 309 1527 332 ut
1541 304 1711 332 ntanilestum

925 353 976 376 cst.
998 348 1064 376 Nam
1085 349 1167 377 simul
1189 357 1250 377 cum
1276 350 1379 385 Spiritu
1402 351 1448 378 Dei
1471 349 1583 385 intelligi
1603 350 1713 378 cmleste

927 395 1125 424 interminatam
1146 403 1266 430 regnum,
1281 401 1372 431 utpote
1387 396 1421 423 ab
1435 396 1494 431 ipso
1512 403 1565 424 non
1580 395 1711 428 alienum,

926 447 985 467 cum
1003 447 1034 468 ea
1048 448 1109 475 quae
1121 440 1203 469 habet
1227 441 1304 469 Pater
1327 446 1352 469 ct
1367 441 1462 475 Filius,
1479 441 1580 469 habeat
1604 445 1633 468 et
1656 441 1713 476 ipse

927 486 1052 521 Spiritus,
1079 495 1173 514 rursus
1191 495 1238 522 per
1252 489 1375 515 eamdem
1402 487 1547 522 Epistolam
1569 487 1713 514 conlirmat

926 532 1068 560 scribens:
1084 541 1094 558 1
1108 531 1166 560 Non
1179 538 1220 560 est
1245 533 1302 567 (55)
1326 533 1397 560 enim
1422 540 1534 567 regnum
1553 532 1600 560 Dei
1624 533 1712 565 cibus,

926 583 952 604 et
969 582 1056 612 potus,
1071 578 1118 605 sed
1131 577 1248 612 justitia,
1264 584 1290 607 et
1312 587 1374 614 pax,
1388 584 1415 607 et
1431 580 1554 614 gaudium
1571 579 1596 606 in
1610 579 1711 614 Spiritu

926 630 1029 650 sancto.
1049 632 1058 649 ι
1080 623 1108 651 ld
1125 631 1187 651 vero
1200 631 1233 652 ne
1244 624 1352 652 Petrum
1367 625 1474 660 quidem
1492 624 1570 651 latuit
1591 633 1597 652 :
1616 632 1712 659 expur-

926 676 992 703 gans
1008 668 1080 696 enim
1104 676 1134 697 se
1159 669 1212 697 illis
1242 670 1286 705 qui
1310 677 1372 698 eum
1397 670 1571 702 accusabant,
1592 671 1662 705 quod
1686 670 1711 697 in

926 714 1148 742 consuetudinem
1168 714 1286 742 Cornelii
1301 722 1331 743 se
1351 715 1481 747 dedisset,
1496 715 1532 742 ait
1549 723 1556 742 :
1576 724 1585 742 1
1607 715 1634 743 Si
1647 722 1713 750 ergo

929 759 986 794 (54)
1005 759 1135 795 aequalem
1161 761 1277 795 gratiam
1303 761 1378 788 dedit
1405 760 1471 795 ipsis
1499 761 1569 788 Deus
1592 760 1712 794 praebens

80 799 180 835 οεῖκῆς
194 799 321 835 ἀληθείας
333 799 416 827 ἐστίν.
435 799 480 831 Ὡς
493 800 546 835 γὰρ
560 800 599 836 τῷ
617 800 771 836 Ἀποστόλῳ
786 800 873 827 δοκεῖ·

930 806 1059 841 Spiritum
1080 812 1216 839 sanctum,
1233 807 1304 834 sicut
1321 809 1348 834 et
1369 806 1446 834 nobis
1465 806 1490 833 in
1511 806 1712 841 principio,ego

83 854 94 870 1
122 845 152 872 '0
167 845 273 881 καρπὸς
291 845 337 872 τοῦ
358 846 532 881 Πνεύματος,
549 846 660 881 ἀγάπη,
676 846 759 882 χαρὰ,
777 846 873 882 εἰρήνη

78 891 171 921 ἐστίν.
197 901 207 918 ›
227 891 309 918 Ὅθεν
330 892 377 919 καὶ
394 892 475 919 πάλιν
491 893 607 928 γράφει⁴
627 902 636 919 1
662 893 693 919 'H
711 892 766 928 γὰρ
778 892 872 928 ἀγάπη

78 937 132 963 τοῦ
148 935 216 963 Θεοῦ
230 937 378 972 ἐκκέχυται
394 938 423 963 ἐν
438 939 497 969 ταῖς
512 938 638 973 καρδίαις
652 937 731 973 ἡμῶν
745 939 774 965 ἐν
789 937 873 965 Πνεύ-

80 991 152 1018 ματι
172 983 252 1018 ἁγίῳ.
269 993 278 1010 ι
298 983 371 1015 Μιᾶς
387 983 453 1018 γοῦν
469 983 553 1019 οὔσης
576 983 743 1019 ἁγαθότητος
768 984 817 1019 τῆς
845 984 873 1010 ὲν

79 1029 159 1055 ἑιιάδι
172 1029 296 1064 Τριάδος,
309 1029 407 1056 πολλαὶ
418 1030 483 1065 ἡμῖν
495 1029 685 1056 ἁποτίκτονται
695 1029 873 1064 αγαοότητες⁸

78 1074 181 1110 ὥσπερ
197 1074 337 1110 ἀληθείας,
358 1075 406 1102 καὶ
425 1075 608 1111 δικαιοσύνης,
634 1076 680 1102 καὶ
698 1075 791 1110 σοφίας
810 1075 874 1111 μιᾶς

78 1121 169 1156 οῧσης
181 1120 242 1156 (τῆς
256 1120 316 1151 ἄνων
327 1122 410 1158 φημὶ)
431 1122 502 1149 κατὰ
515 1122 556 1154 τὸ,
573 1132 582 1148 1
595 1122 713 1154 Δυνατδς
728 1120 763 1154 εἴ,
777 1121 873 1157 Κύριε,

80 1167 133 1194 καὶ
149 1166 165 1201 ή
179 1166 293 1202 ἀλήθειά
307 1176 353 1194 σου
369 1167 462 1203 κύκλῳ
478 1177 525 1194 σου
545 1178 553 1194 i
574 1168 652 1203 (ἥτις
670 1167 679 1203 [
695 1168 729 1195 74
750 1166 779 1204 ιι]
801 1167 874 1194 ἐστὶν

78 1213 95 1239 ὁ
130 1212 278 1248 μονογενὴς
304 1213 400 1248 Θεὸς),
427 1213 474 1240 καὶ
502 1213 573 1240 κατὰ
593 1213 635 1246 τὸ,
652 1222 662 1239 1
695 1212 775 1247 Μόνῳ
800 1211 875 1247 σοφῷ

80 1257 145 1293 Θεῷ
162 1267 171 1284 ι
183 1279 190 1291 ,
224 1259 320 1285 πολλαὶ
339 1259 519 1295 πληθύνονται
535 1260 602 1295 ἡμῖν
619 1259 723 1286 ἄνωθεν
738 1258 873 1294 ἀλήθειαι,

81 1304 132 1329 καὶ
149 1303 335 1336 δικαιοσύναι,
354 1305 401 1332 καὶ
418 1305 524 1339 σοφίαι,
542 1304 612 1342 κατὰ
637 1305 682 1337 τὸ,
701 1314 712 1330 1
735 1303 875 1339 Ἀληθείας

80 1349 195 1386 ἐκζητεί
218 1351 339 1387 Κύριος·
361 1361 375 1377 ιη
397 1352 453 1383 καὶ,
476 1361 485 1377 1
507 1351 615 1383 Δίκαιος
638 1351 751 1387 Κύριος,
767 1351 814 1379 καὶ
836 1351 876 1378 δι-

81 1395 232 1428 καιοσύνας
264 1397 391 1432 ἠγάπησε
401 1405 408 1412 ·
430 1406 439 1422 ›
455 1396 512 1429 καὶ,
526 1405 535 1422 1
554 1396 664 1432 Πλῆθος
675 1396 776 1431 σοφῶν,
792 1404 876 1431 σωτη-

84 1436 134 1476 ρία
150 1441 270 1477 κόσμου·
289 1452 298 1468 ι
316 1442 374 1474 καὶ,
391 1451 401 1468 1
417 1442 661 1478 Συμπορευόμενος
678 1443 781 1477 σοφοῖς,
796 1441 875 1476 σοφὸς

80 1487 145 1523 Exn.
166 1497 175 1513 ι
192 1488 282 1522 Σαφὲς
295 1486 351 1519 οὖν,
367 1488 404 1520 ὡς
417 1488 447 1514 τὸ
462 1488 574 1523 Πνεῦμα
587 1488 635 1514 τοῦ
649 1487 729 1520 Θεοῦ,
738 1488 771 1523 τῇ
784 1487 872 1523 ὑπάρ-

923 853 987 887 qnis
999 859 1073 880 eram
1088 852 1135 887 qui
1153 860 1259 887 possem
1287 852 1430 888 prohibere
1444 852 1545 880 Deum?
1563 861 1572 878 I
1595 853 1628 880 Et
1651 860 1711 879 [ιιι--

923 906 990 926 sus:
1013 907 1022 923 1
1040 897 1071 924 Et
1089 898 1211 925 conlinm
1227 898 1285 933 (55)
1300 897 1423 933 cognitor
1444 899 1512 926 Deus
1530 898 1711 926 testimonium

926 944 1018 971 tribuit
1029 944 1080 976 eis,
1090 944 1159 971 dans
1174 942 1304 979 Spiritum
1316 943 1527 976 san1:tum,sicut
1537 947 1564 970 et
1579 942 1668 973 nobis,
1686 948 1713 970 et

925 989 991 1017 nihil
1007 989 1135 1017 discrevit
1148 989 1219 1016 inter
1230 993 1325 1022 nos,et
1340 988 1409 1021 illos,
1421 989 1472 1015 lide
1485 987 1617 1015 mundans
1631 987 1711 1014 corda

923 1041 1027 1062 eorum.
1046 1043 1055 1060 ι
1073 1034 1102 1061 Id
1118 1037 1177 1067 est,
1202 1033 1320 1068 Spiritus
1341 1034 1428 1061 sancti
1445 1032 1540 1060 cll'usio
1556 1032 1623 1068 (56),
1637 1038 1710 1067 qua},

926 1085 955 1106 ut
972 1079 1013 1107 sic
1031 1079 1138 1114 loquar,
1155 1079 1275 1106 coerceri
1294 1086 1346 1106 non
1360 1083 1458 1113 potest,
1475 1082 1501 1105 et
1520 1079 1626 1113 copiosa
1641 1079 1712 1107 illius

925 1125 1110 1160 participatio,
1129 1130 1211 1160 atque
1238 1125 1380 1158 adventus,
1405 1125 1562 1160 prophetiae,
1579 1130 1607 1152 et
1634 1131 1715 1152 reno—

925 1169 1052 1202 vaﬂonis,
1069 1173 1097 1197 et
1112 1169 1262 1198 caelestium
1276 1169 1405 1197 bonorum
1418 1177 1497 1197 causa
1516 1174 1569 1202 est,
1580 1169 1714 1204 elliritque

926 1219 954 1242 ut
970 1215 1139 1250 pulchritudo
1156 1215 1254 1242 divina:
1271 1215 1394 1242 veritatis
1404 1215 1578 1250 percipiatur.
1591 1215 1627 1243 Ut
1639 1215 1712 1243 enim

925 1260 1052 1294 Apostolo
1072 1260 1177 1288 videtur
1190 1269 1197 1288 :
1214 1270 1223 1286 1
1242 1260 1357 1287 Fructus
1372 1260 1427 1296 (57)
1441 1260 1571 1294 Spiritus,
1581 1260 1712 1290 charitas.

925 1303 1065 1338 gaudium,
1084 1311 1137 1338 pax
1152 1308 1206 1331 est.
1226 1313 1235 1330 ι
1251 1303 1327 1331 Unde
1341 1309 1368 1331 ct
1381 1312 1473 1331 rursus
1488 1304 1583 1332 scribit
1598 1313 1604 1332 :
1622 1314 1631 1330 1
1647 1305 1713 1332 Cha-

927 1349 993 1376 ritas
1007 1348 1063 1384 (58)
1073 1349 1144 1377 enim
1162 1349 1206 1376 Dei
1218 1349 1313 1377 dilIusa
1325 1356 1366 1377 est
1376 1350 1401 1377 in
1410 1350 1537 1378 cordibus
1549 1350 1648 1378 nostris
1657 1350 1713 1386 (59)

927 1394 954 1421 in
979 1394 1081 1429 Spiritu
1100 1399 1205 1423 sancto.
1229 1404 1238 1421 ι
1258 1395 1325 1422 Cum
1341 1403 1404 1430 ergo
1415 1396 1555 1424 Trinitatis
1572 1396 1598 1423 in
1611 1396 1714 1423 unitate

928 1439 1087 1467 cxsistenlis
1109 1447 1161 1467 una
1179 1440 1215 1467 sit
1227 1440 1344 1474 bonitas,
1367 1441 1458 1469 multa:
1473 1445 1562 1469 tamen
1582 1441 1659 1469 nobis
1674 1441 1714 1475 gi-

929 1490 1046 1520 gnuntur
1063 1485 1199 1514 bonitates
1220 1495 1227 1513 :
1248 1486 1319 1514 sicut
1344 1495 1405 1514 cum
1430 1487 1540 1522 veritas,
1555 1492 1582 1515 et
1597 1486 1713 1522 iustitia,

84 1532 127 1565 ξει
145 1534 225 1569 αὐτῇ,
251 1534 363 1570 Πνεῦμα
379 1534 491 1567 ἀγαθὸν.
510 1534 685 1570 καὶ-Πνεῦμα
710 1534 805 1568 σοφίας
828 1534 873 1560 καὶ

930 1536 953 1558 at
967 1531 1099 1567 sapientia
1113 1539 1164 1559 una
1176 1533 1212 1560 sit
1227 1532 1333 1569 (loquor
1344 1539 1435 1562 autem
1449 1534 1482 1562 de
1494 1533 1622 1570 caelesti),
1635 1535 1714 1570 juxta

81 1578 225 1613 ἀληθείας,
248 1579 296 1606 καὶ
319 1579 431 1615 Πνεῦμα
454 1579 501 1606 τοῦ
519 1580 636 1616 ἀοράτου
660 1580 705 1606 καὶ
729 1579 873 1606 ἁσυνθέτου

930 1577 990 1606 illttd
1012 1587 1020 1606 :
1050 1587 1061 1604 1
1079 1577 1178 1606 Potens
1200 1579 1257 1615 (40)
1288 1586 1328 1613 es,
1357 1580 1480 1614 Domine,
1506 1584 1534 1608 et
1550 1579 1649 1608 veritas
1670 1584 1714 1607 tua

80 1624 152 1650 Θεοῦ
170 1624 217 1650 καὶ
230 1624 337 1660 Πατρδς
356 1625 535 1661 καθέστηκεν.

930 1623 998 1659 (quae
1019 1629 1061 1652 est
1091 1625 1247 1660 unigenitus
1274 1625 1357 1661 Deus)
1382 1626 1407 1653 in
1436 1626 1549 1654 circuitu
1576 1631 1632 1660 tuo,
1657 1636 1667 1653 ›
1686 1632 1715 1654 et

80 1671 159 1704 juxta
177 1670 241 1697 illud
259 1679 266 1698 :
283 1679 291 1696 1
308 1669 362 1698 Soli
376 1670 432 1705 (11)
451 1670 564 1705 sapienti
581 1670 650 1703 Deo;
678 1680 686 1696 ι
705 1669 795 1698 multm
817 1674 905 1697 tamen
926 1669 1005 1697 nobis
1025 1669 1139 1706 desuper
1158 1675 1232 1704 sunt,
1250 1678 1282 1698 ac
1302 1671 1513 1706 multiplicantur
1530 1673 1668 1706 veritates,
1686 1676 1715 1699 et

82 1715 209 1749 justitiaz,
240 1719 267 1743 et
278 1716 427 1751 sapientiae,
444 1715 612 1751 165juxta
629 1716 716 1744 illud:
737 1726 746 1742 1
763 1715 895 1742 \‘eritatcs
916 1714 971 1750 (42)
988 1715 1104 1751 exquirit
1135 1715 1278 1749 Dominus;
1302 1725 1311 1742 ι
1334 1720 1380 1744 et:
1404 1725 1414 1742 1
1429 1715 1521 1744 Justus
1539 1715 1595 1753 (55)
1623 1715 1715 1745 Domi-

85 1769 151 1795 nus,
182 1761 343 1796 etjustitias
358 1762 468 1795 dilexit;
484 1771 493 1788 ι
510 1766 559 1790 et:
579 1771 588 1788 1
607 1762 749 1789 Multitudo
774 1761 830 1797 (tt)
853 1761 1032 1796 sapientium,
1055 1761 1129 1790 salus
1162 1761 1271 1796 mundi;
1292 1771 1301 1788 ι
1319 1766 1367 1790 et:
1393 1771 1402 1788 1
1422 1761 1569 1791 Ambulans
1583 1762 1639 1799 (15)
1651 1771 1712 1792 cum

126 1863 184 1899 (55)
205 1863 267 1890 Non
278 1868 338 1899 fert.
358 1862 418 1891 Non
442 1862 475 1899 in
483 1861 569 1898 Epist.
585 1863 618 1890 ad
640 1863 744 1892 Coloss.
760 1864 818 1892 hmc
835 1863 873 1891 lc-

87 1898 202 1933 guntur,
213 1899 262 1933 sed
278 1898 356 1925 Rom.
371 1906 427 1930 xiv,
442 1898 486 1925 l'l.

126 1933 184 1966 (54)
205 1932 234 1960 Si
251 1941 322 1968 ergo.
338 1933 398 1960 Act.
419 1940 457 1966 ιι,
473 1933 516 1960 17.
533 1931 633 1965 Verba,
651 1942 660 1959 1
675 1934 798 1968 prmbens
812 1933 874 1968 Spi-

90 1969 172 1995 ritum
188 1973 322 2001 sanctum,
341 1977 350 1994 ι
367 1972 395 1994 et
411 1977 420 1994 1
438 1968 464 1996 in
478 1968 622 2003 principio,
642 1977 651 1994 ι
666 1969 739 1996 addit
754 1968 874 2003 explica-

90 2003 174 2031 tionis
187 2010 285 2035 causa,
308 2011 340 2029 ex
356 2003 407 2034 his,
424 2010 484 2038 qua:
498 2004 602 2030 duobus
617 2004 739 2038 proxime
753 2004 874 2038 superio-

89 2039 164 2066 ribus
176 2038 326 2069 versiculis,
352 2038 383 2065 l5
397 2043 425 2065 et
438 2037 481 2071 l6,
496 2037 631 2073 leguntur.
650 2037 802 2072 Eademque
817 2038 874 2073 ipsa

87 2074 271 2108 additamenta
294 2073 452 2100 obscrvabis
473 2081 487 2099 a
515 2073 629 2108 Didyme
652 2073 721 2100 facta
743 2073 824 2100 etiam
849 2074 874 2100 in

87 2107 306 2149 libro_D_e_ISpir.
370 2116 443 2148 num.
460 2108 505 2140 ll,
601 2108 672 2149 hunc
696 2109 783 2135 locum
797 2108 875 2149 citat.
894 2122 914 2149 ι)

86 2143 163 2178 Quod
177 2143 200 2170 si
215 2142 249 2169 ibi
268 2151 319 2169 non
335 2143 442 2177 legitur,
459 2152 469 2168 1
486 2143 629 2178 prohibere
642 2144 737 2176 Deum,
752 2152 761 2168 ι
776 2147 805 2170 ut
817 2144 870 2176 hic,

85 2177 134 2205 sed
161 2187 170 2203 1
187 2178 329 2212 prohibere
354 2177 513 2210 Dominum,
530 2187 540 2204 ι
567 2178 633 2205 nihil
653 2183 678 2205 te
698 2183 805 2205 moveat
820 2178 872 2205 ista

86 2213 227 2240 varietas:
250 2221 311 2240 nam
332 2215 416 2240 codex
434 2217 526 2240 uoster
541 2221 592 2241 ms.
612 2213 649 2241 ibi
670 2213 762 2245 habet,
779 2222 788 2239 1
812 2220 873 2248 pro-

87 2248 182 2275 hibere
196 2248 291 2275 Deum.
311 2257 321 2274 ι

125 2282 181 2318 (55)
192 2283 223 2309 Et
235 2282 486 2315 cordium.Act.xv,
500 2282 783 2311 8et9.Gr:ecaed.bis
793 2283 874 2310 habet
897 2288 900 2291 ‘

86 2324 191 2350 vocem,
203 2318 305 2350 αὐτοῖς,
325 2325 420 2351 nempe
442 2318 532 2349 habet,
548 2327 557 2344 1
575 2319 642 2345 dans
656 2319 721 2352 ipsis
742 2318 871 2352 Spiritum

87 2358 223 2380 Sanctum.
245 2362 255 2379 ι
272 2354 324 2380 Sed
334 2353 463 2388 Didymus
475 2354 568 2388 eodem
585 2352 663 2387 plane
685 2353 763 2380 modo
786 2353 872 2379 locum

87 2388 177 2414 attul.t
189 2396 248 2414 cum
264 2389 318 2420 hic,
333 2387 424 2414 tumin
438 2388 531 2414 lib.De
540 2387 613 2421 Spir.
624 2393 725 2420 sancta,
739 2396 811 2414 num.
829 2387 872 2414 ll.

123 2422 180 2457 (56)
201 2422 315 2458 E/fusio,
332 2427 384 2449 ctc.
399 2423 426 2449 ln
442 2423 487 2458 li_b.
500 2422 736 2457 DeSplr.S.nuui.
751 2423 792 2455 11,
809 2432 817 2447 1
834 2423 874 2448 [Cll

89 2456 158 2484 fusio
171 2456 271 2493 quippe
285 2458 402 2492 Spiritus
419 2456 526 2492 (induit)
540 2465 621 2485 causa
636 2458 740 2484 exsistit
759 2459 871 2492 prophe-

90 2494 174 2525 landi,
189 2499 216 2520 et
235 2493 344 2520 videndi
363 2500 473 2520 sensum
494 2493 775 2527 pulchritudinetnque
802 2493 873 2519 veri-

87 2528 160 2554 tatis.
178 2537 188 2553 ι

123 2563 179 2598 (57)
202 2561 327 2589 Fructus.
355 2562 442 2590 Galat.
460 2571 484 2590 ν.
509 2563 554 2590 22.
581 2562 608 2589 In
626 2562 693 2589 libro
707 2562 743 2588 De
758 2561 828 2595 Spir.
844 2562 873 2588 ὃ.

88 2603 163 2624 num.
183 2598 213 2625 17
238 2599 309 2625 edita
324 2598 490 2632 exemplaria
516 2599 639 2624 ordinem
660 2598 802 2624 verborum
828 2598 875 2623 alt-

87 2633 246 2665 qnanlulum
273 2633 415 2660 immutant
430 2642 436 2659 :
464 2633 565 2660 habent
579 2633 651 2659 enim
669 2641 675 2659 :
700 2642 708 2658 1
726 2633 852 2666 gaudium
866 2653 873 2661 ,

89 2675 150 2701 pax,
174 2668 303 2695 charitas.
332 2677 341 2694 ι
363 2667 416 2694 Sed
439 2675 546 2695 omnem
570 2668 780 2701 discrepantiam
807 2667 875 2694 tollit

88 2704 171 2729 codex
188 2709 280 2730 noster
302 2710 365 2735 ms.,
387 2703 431 2736 qui
448 2703 526 2730 habet
543 2703 578 2730 ibi
594 2712 600 2728 :
620 2712 628 2728 1
647 2702 772 2729 Charitas
785 2722 792 2734 ,
808 2710 874 2735 gan-

89 2737 173 2770 dium,
198 2745 272 2772 pax:
293 2747 303 2763 ι
324 2746 378 2772 quo
402 2738 481 2765 modo
504 2737 568 2771 legit
593 2738 720 2772 Didymus
742 2738 824 2764 etiam
849 2738 875 2764 in

91 2771 292 2801 commentariis
310 2771 339 2800 iri
358 2771 495 2805 Paalmos,
512 2775 544 2799 ad
559 2771 690 2808 psalmum
704 2779 790 2808 μνη,
813 2779 873 2808 pag.
902 2773 905 2776 ’

925 1863 977 1890 559
994 1867 1096 1890 catena:
1111 1862 1292 1890 Corderianzc.

962 1898 1019 1933 (58)
1048 1897 1180 1933 Charitas.
1206 1897 1284 1923 nutu.
1307 1905 1333 1929 ν,
1361 1897 1386 1925 5.
1412 1897 1505 1926 Grmca
1528 1898 1609 1933 editio
1633 1897 1715 1926 habet

928 1931 991 1965 non,
1009 1931 1022 1958 '1
1046 1933 1071 1959 in
1091 1931 1307 1968 Spirituisancto
1322 1952 1329 1965 ,
1361 1942 1377 1959 λ
1396 1933 1453 1968 sed,
1480 1941 1489 1958 1
1515 1941 1563 1968 per
1583 1932 1713 1968 Spiritum

927 1973 1062 1995 sanctum.
1080 1977 1089 1994 ›
1105 1967 1175 2000 Quin
1193 1967 1321 2002 Didymus
1333 1967 1389 2002 ipse
1402 1967 1490 1996 locum
1507 1968 1577 1995 httne
1590 1967 1616 1994 in
1629 1967 1714 1994 tribus

929 2003 989 2038 aliis
1005 2001 1269 2038 hujusoperisrlocis
1281 2001 1421 2038 all‘erensj
1430 2010 1525 2038 nempe
1536 2009 1623 2038 segni.
1636 2002 1672 2029 25
1686 2010 1713 2035 a,

931 2037 964 2064 98
978 2046 1004 2070 a,
1019 2043 1046 2063 ct
1063 2036 1164 2072 2001))
1190 2037 1269 2071 legit,
1291 2046 1307 2062 1.
1322 2044 1369 2071 per
1391 2036 1519 2072 Spirituin
1543 2036 1678 2066 sanctum.
1702 2047 1711 2063 ι

932 2072 1030 2099 Verum
1043 2072 1136 2099 eadem
1151 2072 1229 2105 plane
1245 2071 1361 2099 rerietas
1374 2071 1490 2100 occurrit
1505 2073 1585 2100 etiam
1602 2072 1628 2099 in
1644 2072 1714 2099 libro

932 2107 967 2134 De
976 2107 1049 2142 Spir.
1063 2111 1152 2133 sancto
1163 2115 1173 2133 :
1184 2114 1244 2133 nam
1255 2113 1329 2142 num.
1346 2108 1390 2138 ll,
1405 2107 1447 2135 bis
1459 2108 1528 2134 hunc
1546 2107 1633 2134 locum
1649 2107 1715 2133 alle-

929 2150 1005 2175 gans,
1031 2141 1157 2173 dictavit,
1189 2150 1197 2167 1
1220 2149 1268 2176 per
1295 2141 1424 2176 Spiritum
1449 2147 1593 2170 sanctum:
1611 2151 1620 2168 ι
1638 2150 1713 2169 num.

927 2182 1015 2204 autem
1032 2177 1196 2211 l'ldictavit,
1211 2186 1220 2202 1
1240 2177 1265 2204 in
1284 2176 1383 2211 Spiritu
1399 2183 1503 2204 sancto.
1517 2187 1526 2204 ι

964 2211 1021 2247 (59)
1043 2210 1160 2247 Nostris.
1185 2210 1402 2247 Quotiescunque
1427 2214 1452 2239 in
1468 2213 1518 2240 hoc
1534 2219 1614 2246 opere
1629 2216 1713 2239 totum

928 2247 1006 2274 istum
1022 2246 1184 2282 versiculum
1207 2247 1319 2281 profert,
1338 2246 1420 2282 legit:
1444 2257 1454 2273 1
1476 2248 1501 2274 in
1527 2247 1654 2275 cordibus
1670 2254 1714 2274 no-

927 2283 992 2309 stris
1004 2289 1052 2316 per
1062 2280 1192 2316 Spiritum
1205 2280 1339 2312 sanctum.
1351 2280 1395 2316 qui
1408 2283 1485 2310 datus
1496 2288 1538 2310 est
1552 2282 1639 2310 nobis.
1658 2291 1667 2307 ι
1681 2283 1715 2309 Λι

928 2318 953 2343 in
969 2315 1036 2343 libro
1050 2316 1087 2343 De
1102 2315 1171 2350 Spir.
1181 2316 1212 2344 S.
1223 2324 1297 2344 num.
1313 2317 1343 2344 ll
1361 2315 1389 2344 ct
1402 2317 1445 2349 l7,
1455 2317 1538 2344 editio
1553 2317 1714 2344 Veronensis

929 2352 1020 2383 habet,
1035 2360 1045 2376 1
1059 2352 1085 2378 in
1100 2352 1226 2379 cordibus
1237 2352 1368 2380 vestris_..
1384 2353 1428 2387 qui
1447 2353 1526 2379 datus
1542 2357 1584 2379 est
1598 2353 1682 2379 vobis.
1702 2360 1711 2377 ι

928 2387 1016 2422 Codex
1033 2394 1097 2413 vero
1113 2391 1205 2413 noster
1220 2394 1272 2413 ms.
1288 2388 1375 2421 primo
1390 2388 1499 2422 quidem
1515 2388 1541 2417 in
1559 2388 1617 2414 loco
1631 2388 1713 2414 habet

929 2421 1022 2453 semel,
1041 2430 1050 2446 1
1067 2422 1173 2450 vestris.
1190 2431 1199 2447 ι
1216 2426 1243 2448 et
1262 2431 1271 2447 1
1288 2422 1362 2449 vobis
1377 2430 1383 2448 :
1402 2431 1412 2449 ι
1429 2423 1476 2450 sed
1489 2422 1592 2449 duobus
1607 2422 1669 2449 aliis
1688 2423 1712 2448 in

930 2457 994 2483 locis
1008 2464 1060 2483 non
1075 2456 1201 2484 dissentit
1213 2464 1227 2483 a
1240 2456 1355 2484 lectione
1364 2457 1463 2484 Gra-ca:
1474 2457 1609 2485 editionis.
1623 2457 1714 2490 Itaque

929 2496 993 2525 puto
1009 2491 1106 2526 ubique
1123 2491 1262 2526 legendum
1275 2499 1354 2519 esse:
1374 2501 1383 2518 1
1403 2492 1428 2519 in
1441 2493 1566 2520 cordibus
1578 2492 1712 2520 nostris...

929 2527 973 2560 qui
986 2527 1064 2553 datus
1075 2531 1116 2554 est
1130 2527 1215 2554 nobis.
1238 2535 1246 2552 ι

964 2561 1019 2596 (tu)
1041 2561 1148 2588 Potens.
1170 2561 1240 2588 Psal.
1256 2569 1390 2595 Lxxxvm,
1405 2570 1475 2589 vers.
1490 2561 1515 2589 9.

965 2597 1021 2631 (41)
1041 2596 1106 2623 Soli.
1127 2596 1136 2622 l
1152 2596 1222 2623 Tim.
1237 2604 1256 2629 I,
1276 2597 1320 2628 l7,
1335 2602 1362 2624 et
1377 2598 1455 2624 hom.
1471 2604 1524 2628 xvt,
1542 2596 1587 2624 27.

965 2632 1021 2666 (42)
1046 2631 1185 2658 νεγίιιιιεδ.
1204 2631 1275 2659 Psal.
1291 2639 1355 2663 xxx,
1377 2640 1445 2659 vers.
1461 2632 1492 2658 51
1509 2632 1567 2666 (seti
1581 2631 1637 2666 24).

965 2666 1142 2728 (ίὸἐϐᾔιιδιιω.
1182 2666 1253 2693 Psal.
1279 2675 1307 2700 ιι,
1340 2675 1413 2694 vers.
1437 2667 1464 2694 8.
1509 2667 1572 2693 Vide
1596 2672 1650 2694 ιιυι.
1687 2667 1714 2701 1,

965 2710 989 2728 ιι.
1061 2720 1069 2728 .

940 2710 989 2729 iatt.
1008 2702 1069 2729 161.

931 2710 989 2737 pag.
1008 2710 1069 2729 ιυι.

965 2737 1022 2771 (ll)
1044 2736 1198 2762 Multitudo.
1216 2736 1280 2770 Sap.
1297 2744 1333 2768 νι,
1352 2736 1397 2763 26.

966 2769 1194 2807 (l5)Ambu1uus.
1222 2769 1299 2798 l'r’ov.
1331 2779 1375 2804 xi,
1399 2771 1428 2797 2l
1456 2769 1519 2807 (seu
1542 2770 1576 2798 ‘20
1587 2772 1607 2807 ).
1636 2771 1715 2800 Com-
