1917 3064
177 73 228 101 559
798 78 916 107 DIDYMI
937 80 1171 109 ALEXANDIIINI
1754 83 1802 111 5H)

176 131 261 158 sancti
282 131 427 159 adventum
442 140 475 161 ex
495 133 602 168 propria
631 134 703 163 illius
732 137 892 164 auctorilalu
923 137 964 164 ia-

1021 138 1175 175 Πνεύματος
1187 140 1246 166 κατ’
1260 139 1384 172 ἐξουσίαν
1393 140 1519 176 σημαίνει
1533 139 1702 175 γεγενῆσθαι·
1716 140 1802 175 ἕτερον

176 183 251 204 ctum
268 185 346 211 esse;
361 178 458 205 deinde
483 187 546 206 vero
575 179 705 215 Spiritum
727 187 864 216 sanctum,
886 191 965 210 suum

1021 187 1056 219 δὲ,
1072 187 1114 213 ὅτι
1138 187 1189 214 οὐκ
1215 186 1383 220 αὐτάγγελος
1404 184 1496 222 ἦλθεν,
1518 187 1575 214 ἀλλ’
1600 187 1646 212 ὑπ’
1663 187 1742 213 αὑτοῦ
1757 187 1801 214 τοῦ

177 223 261 258 ipsius
274 224 416 252 adventum
429 232 485 252 non
497 226 648 260 nuntiasse,
668 227 715 254 sed
735 227 770 255 ab
794 228 852 261 ipso
871 236 968 263 magno

181 269 235 297 Dco
259 275 287 297 et
301 265 442 297 Salvatore
457 271 666 305 prtenuntiatum
692 271 783 300 fuisse.
800 273 893 309 Itaque
906 282 967 301 rur—

177 323 223 343 sus
236 317 290 344 ait:
310 325 320 341 ‹
333 314 387 343 Vos
403 320 494 343 autem
506 316 562 351 (66)
583 317 675 346 sedete
697 319 722 346 in
748 319 868 352 civitate,
883 320 969 347 donec

178 361 327 389 induamini
342 362 442 390 virtute
456 371 489 390 cx
505 363 570 391 alto.
587 373 597 390 ι
626 363 760 392 Virtutem
788 373 851 393 vero
868 366 968 394 intelli-

177 407 215 441 git
235 407 354 442 Spiritus
379 408 476 435 sancti.
493 408 526 435 Et
546 408 646 436 Paulus
665 408 795 437 Romanis
812 418 843 437 ea
861 410 966 442 scribit,

176 461 237 487 qute
250 453 390 486 admirari,
407 459 436 480 ut
453 461 502 488 par
516 459 568 488 est,
594 459 640 481 aut
659 455 833 490 interpretari
852 456 966 489 ncmiui,

177 499 424 534 multoqueuniuus
446 501 546 528 cursim
572 501 629 528 luce
652 500 788 534 alIerenti,
807 502 887 530 facile
905 507 965 530 est:

179 554 188 569 ι
205 544 295 572 I‘Iabeo
307 545 362 581 (67)
378 546 458 580 igitur
469 546 606 579 ﬁduciam,
621 547 718 581 inquit,
734 547 761 574 in
779 547 888 575 Christo
903 547 966 577 .Icsu

177 592 211 618 ad
228 591 327 620 Deum:
349 600 400 619 non
429 593 501 620 enim
525 594 611 621 audeo
639 593 740 628 aliquid
766 594 838 629 loqui
860 602 966 627 eorum,

176 642 236 669 qua:
250 643 303 662 non
317 635 405 662 eIIecit
418 636 542 664 Christus
560 644 608 671 per
624 645 665 665 me
686 638 767 665 verbo
790 644 817 666 et
834 647 925 673 opere,
939 640 964 667 in

175 673 362 708 obedientiam.
373 682 504 716 gentium,
519 682 546 709 in
565 683 662 710 virtute
683 683 821 718 signorum
839 685 920 721 168
939 690 966 712 et.

177 726 374 761 prodigiurum,
392 727 417 754 in
434 727 533 754 virtute
548 727 665 763 Spiritus
679 730 777 757 sancti.
791 739 801 755 ι

213 772 281 800 XIII.
299 772 429 800 (Jrcatura
446 782 498 801 non
509 781 616 809 semper
631 783 713 803 verax
730 780 781 808 est,
804 776 851 804 scd
864 777 897 804 de
914 785 965 804 suo

1019 231 1138 266 μεγάλου
1161 231 1230 258 Θεοῦ
1250 232 1299 259 καὶ
1314 231 1442 267 Σωτῆρος
1456 232 1641 268 προεμηνύῦη.
1659 231 1712 258 Xa).
1730 230 1802 264 αὖθις

1018 275 1064 304 οὖν
1080 277 1163 312 λέγει·
1185 287 1194 304 ι
1212 278 1307 313 Ὑμεῖς
1319 278 1347 305 δὲ
1360 278 1491 306 καθίσατε
1508 280 1537 306 ὲν
1553 281 1587 314 τῇ
1605 278 1698 310 πόλει,
1713 278 1763 310 ἓως
1773 276 1802 306 οὗ

1019 323 1065 359 [75
1081 323 1108 359 b]
1133 324 1280 360 ἐνδύσησθε
1307 324 1423 360 δύναμιν
1451 325 1482 358 ἐξ
1507 324 1600 359 ὕψους.
1616 334 1625 351 ι
1642 324 1715 360 Αὕτη
1732 324 1759 351 δὲ
1771 323 1802 360 ἦν

1017 370 1034 403 ἡ
1059 369 1106 396 τοῦ
1133 369 1212 404 ἁγίου
1232 370 1401 406 Πνεὺματος.
1426 370 1481 397 Kal.
1504 370 1608 402 Παῦλος
1626 370 1725 406 γράφει
1741 371 1802 397 Ῥω-

1019 414 1119 450 μαίοις,
1134 415 1152 442 ἃ
1165 416 1315 451 Θαυμάσαι,
1328 416 1345 451 ἦ
1360 415 1527 452 ἑρμηνεῦσαι
1542 415 1636 449 ἀξίως,
1650 416 1762 451 μάλιστα
1775 416 1801 449 ἐξ

1017 459 1183 496 ἐπιδρομῆς,
1203 461 1291 488 οὐδενὶ
1308 461 1439 492 εὐπετές·
1457 470 1471 487 ς.
1485 462 1559 496 Ἔχω
1578 459 1624 488 οὖν
1646 461 1801 496 πεποίθησιν

1017 505 1045 531 ὲν
1062 505 1173 541 Χριστῷ
1195 506 1283 542 Ἰησοῦ
1306 507 1374 543 πρὸς
1396 508 1442 534 τὸν
1458 507 1535 534 Θεόν.
1552 508 1590 534 Οὐ
1607 507 1660 543 γὰρ
1673 507 1761 542 τολμῶ
1777 516 1801 534 τι

1016 550 1117 584 λαλεῖν,
1134 547 1171 578 ὧν
1187 551 1218 578 οὐ
1235 553 1435 588 κατειργάσατο
1450 553 1567 588 Χριστὸς
1591 553 1623 580 δι’
1643 552 1720 588 ἐμοῦ,
1735 553 1801 589 λόγῳ

1016 597 1064 624 καὶ
1082 597 1170 633 ἔργῳ,
1184 599 1223 630 είς
1244 599 1367 635 ὑπακοὴν
1389 599 1491 633 ἐθνῶν,
1508 600 1538 626 ὲν
1551 599 1664 635 δυνάμει
1686 599 1806 635 σημείων.

1016 642 1064 669 καὶ
1079 643 1210 679 τεράτων,
1225 645 1254 672 ἐν
1269 644 1383 681 δυνάμει
1397 645 1556 681 Πνεύματος
1576 645 1665 680 ἁγίου.
1681 655 1696 671 ι,

1051 778 1100 806 II".
1122 779 1154 806 Ἦ
1176 779 1264 812 κτίσις
1281 780 1331 807 οὐκ
1347 779 1475 816 ἀληοεύει
1488 780 1550 807 ἀεί·
1573 781 1630 808 ἀλλ’
1654 781 1683 815 ἐξ
1703 781 1804 814 οἰκείας

176 819 202 846 Id
217 819 306 850 habet,
326 824 354 846 ut
367 824 393 846 et
404 821 486 847 animi
502 821 641 848 mutationi
664 822 780 849 obnoxia
803 823 849 856 sit,
873 827 901 851 et
920 823 965 851 ali-

1021 824 1130 861 γνώμης
1152 825 1208 861 ἔχει
1230 826 1334 862 τροπῆς
1356 827 1439 862 μέρος
1453 826 1501 853 καὶ
1524 826 1555 853 τὺ
1569 826 1713 861 ψεύδεσθαί
1729 836 1799 854 ποτε.

175 864 283 899 quando
296 865 453 892 mentiatur.
473 865 545 893 Talis
562 866 633 893 inter
655 871 795 895 creaturas
815 869 906 896 carnis
919 877 965 896 ex-

175 915 265 944 pertes
280 909 334 945 (68)
349 916 390 938 est
401 911 522 939 diabolus
537 921 545 939 :
571 912 603 940 de
618 913 726 941 carneis
746 921 810 942 vero
834 915 964 950 scriptum

174 959 233 982 est:
248 964 257 980 (
269 955 364 982 Omnis
379 955 435 990 (69)
452 956 532 984 homo
542 957 676 991 mendax;
692 968 701 984 ι
716 963 758 986 ct:
776 968 785 985 ι
800 958 899 987 Perdes
907 960 964 996 (70)

174 1009 268 1029 omnes
297 1003 341 1038 qui
367 1003 512 1038 loquuntur
539 1005 744 1034 mendaciumn
768 1007 837 1041 Quin
855 1009 959 1037 ethnici
999 1024 1003 1028 -

174 1056 280 1083 quoque
294 1049 478 1084 scripserunt:

202 1093 257 1120 Nec
275 1095 344 1121 enim
361 1095 529 1123 mendacibus
543 1100 618 1130 pater
637 1096 707 1124 Deus
721 1098 770 1125 erit
781 1099 939 1127 auxiliator.

173 1171 213 1200 De
240 1173 341 1200 sanctis
372 1181 447 1206 vero,
478 1178 543 1208 pttta
559 1175 592 1202 de
607 1175 740 1210 apostolis
753 1176 821 1213 (7i),
845 1178 882 1205 ait
897 1178 966 1206 Pan—

174 1218 236 1247 Ius:
253 1228 262 1244 ι
279 1218 331 1246 Sed
349 1219 405 1255 (72)
421 1228 481 1247 cum
501 1221 566 1254 vidi,
586 1222 657 1256 quod
675 1230 728 1250 non
748 1229 819 1251 recte
845 1224 963 1253 ambula-

174 1268 234 1292 rent
251 1265 284 1292 ad
299 1266 441 1293 veritatem
457 1266 603 1300 Evangelii,
617 1267 674 1294 dixi
690 1268 787 1302 Cephze
798 1269 854 1305 (75)
870 1277 963 1298 coram

174 1310 308 1344 omnibus,
325 1311 506 1346 “praedixit.
534 1313 636 1340 IIevera
664 1315 737 1341 enim
761 1315 844 1343 solius
868 1317 964 1344 divinae

174 1360 278 1382 naturae
291 1361 334 1384 est
350 1365 487 1391 nunquam
504 1365 518 1384 a
533 1359 647 1386 veritate
669 1360 806 1388 recedere.
833 1361 894 1389 Ideo
914 1362 965 1389 Ile-

174 1402 253 1429 brceis
267 1401 365 1429 Paulus
380 1402 419 1430 ita
431 1403 558 1438 scripsit:
590 1414 599 1430 ι
616 1404 649 1433 Ut
675 1406 731 1441 (74)
758 1415 806 1441 per
827 1407 894 1435 duas
921 1416 965 1436 rcs

174 1448 334 1480 immobiles,
352 1448 377 1475 in
395 1449 494 1484 quibus
510 1450 679 1484 impossibile
693 1459 736 1480 est
750 1454 857 1481 tnentiri
869 1453 963 1487 Deum,

1023 870 1066 902 Ὠς
1076 871 1105 897 ὲν
1116 870 1164 906 μὲν
1174 870 1315 906 ἁσάρκοις,
1328 872 1342 898 ὁ
1355 871 1487 903 διάϐολος·
1505 871 1534 897 ὲν
1544 871 1572 898 δὲ
1589 871 1737 907 σαρκίνοις,
1753 880 1801 898 κα-

1017 917 1051 944 Θὰ
1067 918 1184 952 γράφει·
1203 927 1212 943 ι
1230 918 1288 949 Πᾶς
1305 917 1448 952 ἄνθρωπος
1476 917 1605 952 ψεύστης·
1622 926 1632 942 ι
1647 917 1705 950 καὶ,
1718 927 1726 943 ε
1744 917 1802 944 ’Λπ-

1016 963 1086 996 ολεῖς
1103 964 1206 995 πάντας
1217 963 1280 995 τοὺς
1294 962 1440 996 λαλοῦντας
1451 963 1482 989 τὺ
1493 962 1599 999 ψεῦδος.
1615 974 1625 990 ι

1071 1097 1113 1123 Οὐ
1134 1095 1188 1132 γὰρ
1208 1096 1256 1123 ἐπὶ
1273 1096 1423 1130 ψεύδεσσι
1444 1096 1546 1131 Πατὴρ
1564 1096 1636 1130 Θεὸς
1652 1097 1759 1167 graec;

1683 1141 1736 1167 ,ΡωΊ

1683 1137 1786 1167 ρωγόι⁶

1016 1176 1137 1212 ἔγραψαν
1152 1177 1200 1204 καὶ
1219 1178 1243 1204 οί
1259 1177 1323 1211 ἔξω.
1345 1178 1390 1205 ‘Ev
1411 1178 1439 1206 δὲ
1457 1178 1555 1212 ἁγίοις,
1570 1177 1607 1210 ὠς
1623 1178 1731 1210 Παῦλος
1744 1178 1804 1214 περὶ

1015 1222 1069 1249 τῶν
1085 1223 1242 1250 ἀποστόλων
1264 1223 1315 1260 ἔφη
1327 1233 1333 1239 ·
1349 1233 1358 1250 ι
1373 1224 1445 1251 Ἀλλ’
1458 1225 1503 1251 ὅτε
1519 1224 1589 1258 ἴδον,
1602 1224 1643 1251 ὅτι
1659 1224 1711 1251 οὐκ
1729 1225 1802 1261 ὀροθ-

1016 1269 1142 1296 ποδοῦσιν
1158 1270 1226 1305 πρὸς
1242 1269 1291 1305 τὴν
1311 1271 1440 1306 ἀλήθειαν
1462 1270 1510 1298 τοῦ
1533 1271 1710 1305 Εὐαγγελίου,
1731 1269 1803 1298 εἷπον

1015 1315 1054 1350 τῷ
1067 1315 1149 1350 Κηφᾷ
1162 1315 1316 1351 ἔμπροσθεν
1331 1316 1450 1349 πάντων,
1467 1325 1476 1342 ›
1493 1316 1511 1344 ἃ
1530 1314 1618 1344 εἶπεν.
1637 1317 1681 1349 Ὠς
1702 1317 1803 1352 ἀληθῶς

1015 1362 1087 1397 γὰρ,
1114 1362 1197 1397 μόνης
1226 1362 1320 1398 Οεϊκῆς
1345 1363 1453 1397 φύσεως
1479 1364 1509 1390 τὸ
1536 1363 1580 1390 ἀεὶ
1603 1364 1738 1399 ἀψευδεῖν.
1762 1363 1804 1390 me

1022 1407 1156 1443 Ἑϐραίοις
1172 1409 1338 1436 ἐπέστειλεν
1351 1418 1358 1435 ι
1372 1409 1440 1441 Ἵνα,
1457 1410 1549 1445 φησὶν.
1567 1409 1610 1436 διὰ
1620 1410 1669 1436 δύο
1685 1410 1804 1445 πραγμά-

1016 1462 1069 1479 των
1091 1453 1276 1489 ἀμεταθέτων,
1307 1455 1336 1480 ὲν
1363 1452 1404 1487 οἷς
1433 1455 1562 1482 ἀδύνατον
1585 1456 1739 1491 ψεύσασθαι
1762 1455 1803 1481 τὸν

175 1493 292 1521 validum
310 1494 435 1521 solatium
451 1496 598 1524 habeamus
614 1497 660 1532 qui
676 1498 847 1533 confugimus
871 1499 903 1526 ad
926 1505 964 1527 te-

1021 1499 1091 1532 Βεὸν,
1109 1499 1221 1535 ἰσχυρὰν
1239 1500 1411 1536 παράκλησιν
1433 1501 1539 1537 ἔχωμεν
1558 1502 1582 1528 οἱ
1603 1502 1803 1536 καταφυγόντες

175 1538 289 1565 nendam
301 1540 466 1574 propositam
480 1548 566 1575 spem.
586 1551 596 1567 ι
609 1542 773 1570 Cummunio
795 1549 884 1571 autem
903 1544 965 1578 Spi-

175 1583 242 1610 ritus
260 1584 360 1616 sancti,
385 1592 436 1618 qua
455 1592 626 1613 communem
651 1595 712 1614 eum
742 1587 822 1615 Patre
847 1594 874 1615 et
898 1588 966 1616 Filio

175 1634 300 1657 naturam
317 1629 410 1663 habet,
429 1631 582 1658 comtnunio
600 1636 642 1658 est
667 1633 754 1666 quoad
769 1634 869 1666 omnia,
886 1639 966 1670 atque

175 1675 243 1702 adeo
259 1675 340 1701 etiarn
354 1676 441 1709 quoad
459 1676 519 1708 hoc,
544 1681 574 1704 ut
588 1677 638 1704 nisi
658 1686 721 1705 vera
740 1678 812 1714 loqui
836 1687 888 1707 non
905 1688 967 1715 pos-

175 1720 222 1748 sit.
235 1720 301 1748 Nam
321 1719 440 1756 Spiritus
453 1723 576 1750 vcritatis
594 1724 639 1751 Dei
653 1729 705 1758 est,
729 1731 757 1752 ut
770 1732 848 1753 antea
864 1727 963 1754 dictum

177 1766 240 1799 fuit,
256 1775 307 1794 una
322 1767 461 1795 voluntate
478 1768 567 1796 Patris
580 1774 606 1797 et
621 1769 680 1797 Filii
700 1775 727 1799 et
751 1773 790 1799 sui
813 1772 896 1807 ipsius
924 1773 963 1800 Io-

175 1821 271 1849 quens,
289 1817 319 1841 ct-
335 1821 349 1840 a
367 1814 514 1849 semetipso
530 1823 584 1842 non
606 1815 729 1850 loquens,
754 1818 823 1844 sicut
847 1818 880 1846 de
908 1818 965 1853 ipso

175 1865 291 1887 testatus
305 1864 344 1887 est
360 1859 455 1893 Filius,
475 1868 536 1888 cum
552 1861 658 1896 inquit:
677 1872 688 1888 ι
710 1863 731 1890 Α
745 1864 891 1899 semetipso
908 1864 965 1901 (τις)

176 1913 229 1933 non
243 1905 375 1940 loquetur.
392 1914 402 1931 ›

213 1952 280 1980 XIV.
311 1952 439 1980 Creatnra
471 1953 538 1981 nihil
571 1953 653 1981 habet.
676 1955 748 1989 quod
777 1955 966 1982 deuomiuetnr

177 1996 277 2024 veritas
294 1995 359 2031 (76),
375 2003 407 2023 co
421 1997 493 2031 quod
508 2005 559 2024 una
577 1999 613 2026 sit
633 1999 722 2026 divina
751 1999 861 2033 veritas,
894 2000 964 2028 sicut

213 2103 269 2138 (06)
295 2104 346 2131 Vos
369 2109 466 2132 autem.
486 2105 552 2132 Luc.
575 2112 649 2137 xxtv,
680 2105 725 2133 L9.
752 2105 846 2132 Grreca
873 2104 965 2135 editio.

177 2139 206 2175 ξν
222 2140 255 2175 τῇ
272 2139 348 2165 πόλει
364 2139 662 2175 Ἰερουσαλήμγῗοεοιιι
674 2148 749 2173 vero,
764 2149 773 2166 ι
785 2139 963 2172 Jerusalem,»

179 2174 256 2208 Vulg.
274 2175 407 2208 interpres
421 2175 520 2201 omittit
536 2178 562 2201 ut
581 2174 721 2209 Didymus.
877 2184 881 2188 '

213 2209 267 2244 (67)
292 2209 392 2236 Ilabeo.
411 2209 488 2236 Rom.
508 2217 552 2241 xv,
577 2209 620 2242 I7,
637 2209 670 2237 18
685 2215 713 2236 et
737 2211 780 2237 19.
797 2209 890 2237 Grreca
910 2210 967 2237 edi-

179 2245 226 2275 lio,
244 2245 389 2280 καύχησιν,
415 2251 476 2280 pro,
503 2244 676 2280 πεποίθησιν.
693 2244 735 2277 Et,
750 2245 784 2271 τὰ
802 2244 869 2280 πρὸς
889 2244 966 2277 Θεόν,

178 2287 237 2312 pro,
258 2279 332 2315 πρὸς
351 2279 493 2315 τὸνηΘεόν.
513 2279 554 2308 Et,
577 2280 716 2315 τολμήσω,
732 2288 791 2314 pro,
805 2279 908 2315 τολμιῖ).
925 2280 966 2313 ΕΙ,

177 2315 336 2349 ΙΙνεύματος
352 2314 428 2344 Θεοῦ,
447 2322 505 2349 pro,
523 2315 682 2350 Πνεύματος
700 2315 788 2349 ἁγίου.

215 2349 270 2384 (68)
290 2350 383 2376 Carnis
404 2354 531 2383 expertes.
553 2349 639 2377 Simili
657 2352 736 2377 tnodo
754 2351 779 2377 in
796 2350 969 2378 Commenta-

180 2383 228 2412 riis
250 2385 277 2411 ἱη
297 2383 416 2420 I’salmos
433 2385 536 2420 locutus
555 2389 596 2416 est
614 2385 742 2420 Didymus
764 2385 797 2412 ad
828 2386 894 2418 psal.
928 2394 968 2417 Ix,

179 2428 250 2447 vers.
268 2419 309 2458 18.
327 2419 530 2458 Ἀμαρτωλούς,
548 2419 682 2458 inquit....
695 2420 788 2458 Δκαλεῖ,
805 2421 970 2458 οὺκλᾲνθρώ-

178 2464 246 2491 me;
275 2454 364 2489 μόνον,
389 2454 458 2481 ἀλλὰ
481 2455 673 2491 καὶνδυνάμεις
689 2455 836 2491 ἀσάρκους,
856 2456 880 2483 id
905 2454 966 2484 est:

182 2499 191 2515 ‹
207 2490 398 2518 I’eccatores...
424 2495 502 2518 vocat
520 2490 647 2525 (Psaltcs)
664 2498 716 2517 non
736 2490 815 2519 modo
833 2491 967 2524 homines,

178 2526 224 2553 sed
243 2530 270 2551 et
283 2525 372 2552 caruis
389 2531 514 2558 expertes
535 2530 692 2560 potestates.
707 2535 715 2551 ι

215 2560 270 2595 (69)
293 2560 395 2588 Omnis.
412 2561 491 2588 Rom.
507 2569 548 2593 tn,
564 2560 591 2587 4.

225 2596 270 2628 70)
292 2595 399 2623 l’erdes.
418 2596 488 2623 Psal.
505 2604 532 2627 v,
552 2603 622 2623 vers.
641 2595 668 2625 6.
685 2603 731 2623 seu
746 2596 773 2623 7.

227 2631 270 2666 Ἠ)
293 2629 329 2656 De
349 2632 485 2665 apostolis.
504 2631 570 2658 Vide
587 2636 642 2658 not.
663 2631 691 2662 5,
710 2639 771 2664 pag.
787 2631 847 2658 I55.
868 2631 969 2665 Nempe

179 2667 362 2697 apostolorum
393 2666 553 2693 vocabulum
584 2666 672 2693 latiori
699 2666 896 2700 signiﬁcatione
926 2667 969 2694 hic

179 2701 323 2736 accipitur,
341 2702 491 2734 praesertim
508 2707 568 2728 cum
589 2702 695 2733 horum,
714 2702 746 2736 de
761 2701 860 2735 quibus
884 2701 965 2736 Didy-

179 2742 240 2771 mus
265 2743 296 2763 ac
316 2735 414 2763 Paulus
433 2736 590 2771 loquuntur,
620 2743 693 2771 unus
711 2735 790 2763 fuerit
813 2735 968 2769 Barnabas;

182 2769 309 2805 [)nlytnus
322 2777 385 2798 vero
402 2769 498 2805 ipsein
515 2771 612 2798 Enarr.
631 2771 657 2797 in
671 2770 755 2804 Epist.
775 2771 786 2797 1
799 2771 871 2799 Patr.
881 2779 968 2805 cap.t,

182 2805 363 2839 apostolorqu
387 2805 545 2834 vocabulum
569 2806 699 2834 strictiori
720 2814 799 2834 sensu
821 2807 968 2842 accipiens,

1015 1546 1150 1581 κρατῆσαι
1165 1547 1216 1581 τῆς
1230 1547 1415 1582 προκειμένης
1430 1547 1548 1580 ἐλπίδος.
1566 1557 1575 1573 ι
1593 1547 1625 1574 Ἡ
1641 1547 1671 1577 δὲ
1682 1546 1804 1574 κοινωνία

1014 1591 1060 1617 τοῦ
1077 1586 1156 1625 ὰγῶυ
1178 1591 1348 1627 Πνεύματος,
1370 1592 1537 1618 κοινωνοῦσα
1551 1593 1583 1628 τῇ
1604 1592 1685 1627 φύσει
1703 1592 1739 1628 τῷ
1753 1592 1804 1619 Πα-

1014 1637 1060 1672 τρὶ
1072 1637 1119 1663 καὶ
1134 1637 1172 1672 τῷ
1186 1637 1254 1672 Υίῷ,
1271 1638 1395 1664 κοινωνεῖ
1406 1638 1446 1669 εἰς
1461 1638 1519 1671 ὅλα,
1532 1637 1573 1664 ἔτι
1591 1639 1645 1674 μὴν
1662 1638 1709 1665 καὶ
1725 1638 1763 1669 εἰς
1777 1637 1804 1664 τὺ

1017 1682 1154 1717 ἀψευδεῖν.
1184 1683 1296 1719 Πνεῦμα
1314 1683 1368 1719 γὰρ
1387 1683 1517 1719 ἀληθείας
1535 1684 1593 1710 ἐστὶ
1615 1683 1663 1710 τοῦ
1680 1683 1756 1715 Θεοῦ,
1770 1683 1805 1714 ὡς

1018 1728 1179 1764 προελέχοη,
1201 1728 1240 1764 τῷ
1257 1729 1297 1755 ἐνὶ
1326 1728 1458 1764 θελήματι
1478 1727 1525 1754 τοῦ
1547 1727 1665 1763 Πατρὺς,
1692 1727 1737 1754 κα).
1761 1726 1804 1754 τοῦ

1017 1773 1095 1806 Υῖοῦ,
1111 1774 1158 1800 καὶ
1173 1773 1270 1801 ἑαυτοῦ
1287 1773 1394 1806 λαλοῦν,
1411 1773 1458 1802 καὶ
1474 1773 1520 1808 ἀφ’
1542 1773 1640 1800 ἑαυτοῦ
1657 1772 1803 1803 οὺλαλοῦν,

1017 1820 1056 1851 ὡς
1069 1820 1083 1846 ὀ
1095 1819 1158 1851 Υἱὸς
1176 1819 1250 1855 αὑτῷ
1271 1819 1472 1855 ἐμαρτύρησεν.
1490 1819 1585 1849 εἰπών·
1608 1827 1618 1845 ε
1636 1819 1697 1854 Ἀφ’
1713 1817 1804 1846 ἑαυτοῦ

1017 1865 1048 1891 οὑ
1065 1864 1187 1900 λαλήσει.
1201 1874 1210 1891 ι

1053 1954 1102 1980 IA’.
1120 1953 1152 1979 'H
1167 1952 1254 1984 κτίσις
1270 1951 1346 1978 οὐδὲν
1361 1951 1417 1987 ἔχει
1437 1950 1658 1987 προσαγορευθὲν
1678 1950 1803 1985 ἀλήθεια.

1017 1999 1062 2026 διὰ
1080 1998 1109 2026 τὸ
1130 1998 1194 2034 μίαν
1221 1996 1291 2025 εἶναι
1313 1997 1407 2033 θεῗκὴν
1430 1996 1477 2033 [76
1493 1996 1523 2033 rt}
1543 1996 1683 2033 ἀλήθειαν,
1706 1996 1743 2028 ὡς
1759 1995 1804 2031 μία

1021 2105 1147 2136 allirmet,
1166 2105 1259 2132 «inter
1283 2110 1339 2135 eos,
1361 2103 1406 2137 qui
1428 2103 1529 2131 Christi
1556 2103 1728 2138 Evangelinm
1745 2107 1804 2130 sunt

1022 2141 1139 2172 secuti,»
1158 2141 1290 2166 neminem
1308 2138 1457 2174 «apostolis
1473 2140 1612 2167 celsioretn
1625 2146 1686 2166 esse
1705 2138 1755 2166 ﬁde
1777 2142 1803 2164 et

1020 2175 1235 2202 conversatione.
1247 2184 1255 2200 I

1054 2210 1110 2244 (72)
1131 2210 1194 2237 Sed.
1207 2210 1295 2237 Galat.
1310 2216 1342 2240 tt,
1357 2208 1401 2236 M.
1418 2207 1510 2236 Grreca
1531 2208 1621 2241 editio,
1650 2207 1801 2241 εἷδον,“ρι-υ,

1020 2245 1084 2272 ἴδον.
1104 2245 1176 2271 Illam
1197 2252 1260 2272 vero
1287 2244 1361 2271 Pauli
1386 2244 1586 2278 querimoniam
1604 2245 1734 2271 adversus
1754 2243 1803 2270 Ce-

1000 2303 1002 2305 .
1019 2281 1098 2314 pham
1115 2282 1182 2307 scite
1200 2280 1315 2313 appellat
1337 2278 1519 2314 Tertulliauus
1544 2278 1591 2306 lib.
1615 2281 1701 2313 primo
1717 2284 1803 2314 contra

1020 2312 1194 2345 Marcionem,
1213 2312 1274 2349 cap.
1289 2313 1335 2346 20,
1357 2323 1365 2339 σ
1377 2313 1460 2341 solius
1475 2312 1698 2346 conversationis,
1721 2312 1802 2348 placi-

1021 2355 1087 2376 turm
1103 2355 1193 2384 postea
1208 2350 1357 2376 accusatori
1371 2356 1432 2380 suo,
1448 2349 1696 2384 reprehensionem.
1707 2358 1716 2375 ι

1055 2381 1110 2420 (73)
1135 2385 1239 2419 Cep/im.
1256 2384 1349 2412 Grmca
1365 2384 1458 2416 editio,
1471 2381 1516 2420 ad)
1534 2384 1711 2420 IléepquScd
1730 2381 1802 2414 Vulg.

1021 2418 1155 2454 interpres
1174 2420 1236 2454 Ιμςῑῑ
1253 2430 1261 2445 ι
1275 2420 1404 2453 (ἰοιιιιπιμ
1425 2425 1451 2445 ut
1470 2418 1722 2454 DidymuiUlrum
1743 2424 1803 2444 vero

1019 2455 1124 2489 Ccphas
1148 2456 1199 2483 iste
1226 2455 1261 2481 sit
1282 2454 1381 2481 Petrus
1406 2454 1588 2487 apostolorum
1613 2455 1747 2488 princeps,
1767 2459 1798 2478 an

1021 2498 1084 2517 vero
1105 2498 1173 2518 unus
1186 2498 1201 2517 e
1217 2497 1268 2517 Lxx
1285 2489 1433 2525 discipulis,
1452 2495 1480 2516 ut
1500 2490 1612 2517 vetustis
1634 2490 1715 2516 etiam
1741 2495 1801 2525 tetu-

1020 2526 1129 2559 poribus
1140 2524 1195 2552 neu
1218 2526 1294 2559 pauci
1318 2524 1419 2558 opinati
1437 2529 1510 2557 sunt,
1535 2532 1622 2551 meum
1643 2531 1695 2550 non
1712 2528 1751 2549 cst
1766 2524 1801 2546 in-

1020 2560 1137 2593 quirere.
1164 2560 1316 2596 llluhiijam
1330 2559 1378 2596 __tic
1398 2559 1499 2596 Itac_re
1522 2560 1699 2596 scripserunt.
1715 2562 1800 2596 nostra

1020 2592 1101 2622 etiam
1126 2601 1214 2623 mtate.
1241 2592 1311 2626 Li'gc
1330 2594 1439 2620 Ilicron.
1457 2594 1502 2621 lib.
1515 2603 1532 2621 II
1549 2596 1575 2621 in
1594 2595 1642 2629 Ep.
1665 2592 1699 2620 ad
1716 2592 1797 2629 Calui.

1021 2638 1080 2663 cap.
1103 2639 1132 2661 ιι,
1159 2637 1221 2665 pag.
1245 2624 1297 2657 IIIS
1318 2630 1360 2656 ed.
1381 2629 1553 2663 Veronensis,
1572 2635 1599 2657 et
1617 2624 1724 2657 'ibidcm
1746 2624 1798 2652 γυι-

1022 2665 1093 2691 larsii
1109 2670 1195 2694 notas.

1057 2700 1112 2733 (7-4)
1134 2700 1177 2727 Ut.
1195 2700 1276 2728 Ichr.
1293 2708 1330 2731 Vl,
1349 2699 1390 2726 I8.

1057 2735 1113 2769 (75)
1136 2737 1156 2762 Α
1173 2737 1321 2770 διιηιειίρδο.
1338 2735 1415 2770 Joau.
1434 2742 1489 2765 xvt,
1512 2735 1552 2762 I3.

1139 2770 1248 2799 Veritas.
1265 2764 1345 2802 Cod,
1365 2764 1487 2805 ἀληθείαξ
1507 2770 1586 2806 Lego,
1610 2769 1738 2806 ἀλήθεια,
1763 2764 1800 2792 \‘Cl

1041 2815 1071 2832 m
1092 2813 1158 2832 ειαν.

1023 2806 1158 2842 ἀλήθειαν.
