1917 3064
227 153 281 180 5-17

847 148 964 176 DIDYMI
984 146 1221 176 ALEXANDRINI

1799 146 1846 176 5i8

228 212 391 247 bismctipsis
408 211 573 238 adversetur.
597 208 674 242 Quod
699 213 786 236 autem
811 208 928 244 Spiritus
952 217 1016 236 san-

1074 208 1097 235 τὺ
1113 208 1160 235 τοῦ
1178 207 1245 234 Θεοῦ
1263 208 1385 243 Πνεῦμα,
1403 207 1440 240 ὡς
1454 207 1544 243 ἔχουσι
1566 206 1709 242 συνηθείας
1740 209 1765 234 οι
1782 208 1848 242 ᾰγιοι

229 264 288 288 ctus
305 257 411 293 hymnis
425 256 508 284 Deum
523 264 575 283 non
588 255 717 287 celebret,
737 255 799 289 quia
817 262 868 281 non
884 260 926 282 est
939 262 1015 282 crea-
1043 286 1047 288 γ

231 310 299 334 tura,
315 304 360 330 sed
371 306 398 329 et
408 302 464 336 ipse
477 301 692 332 concelebretur,
705 300 766 334 quia
779 299 824 327 Dei
837 298 953 334 Spiritus
962 305 1014 332 est,

231 349 306 376 lacile
325 348 496 384 cognoscitur
517 351 572 374 tum
589 354 622 374 ex
645 353 677 373 eo
688 346 758 380 quod
774 346 799 372 in
818 344 914 380 :cquali
931 345 1015 380 gradu

230 404 289 422 cum
307 396 360 423 Deo
378 394 534 426 collocetur,
555 399 608 421 tum
629 401 662 421 ex
679 400 711 421 eo
727 393 797 428 quod
813 396 870 421 tres
885 393 971 428 pueri,
989 396 1017 419 ct

229 449 306 468 sacer
322 440 424 468 Psaltes
440 448 547 468 omnem
562 444 713 466 creaturam
731 439 888 467 nominatim
902 438 1016 474 hymnos

230 487 285 514 Deo
298 494 393 514 canere
403 486 506 522 jubent,
523 493 574 512 nou
587 490 675 512 tamen
688 483 817 519 Spiritum
831 483 889 516 Dei,
901 488 930 510 ut
943 483 1016 510 illum

231 534 315 561 sancti
334 533 372 568 (5)
390 533 528 560 nominare
549 536 756 560 consueverunt.
777 530 804 558 Si
828 530 899 558 enim
917 533 973 563 est,
989 533 1019 556 ut

1066 253 1238 288 ἐξονομάσαι.
1251 253 1282 279 Εἰ
1296 253 1362 288 γὰρ,
1376 254 1415 285 ὡς
1432 253 1515 287 φασιν
1529 253 1672 289 αἱρετικοὶ,
1690 253 1774 288 μέσης
1787 253 1846 280 Θεοῦ

1066 300 1113 327 καὶ
1128 300 1252 334 ἀγγέλων
1272 299 1378 334 φύσεώς
1390 300 1461 331 ἐστι,
1491 300 1538 327 καὶ
1554 299 1716 335 τιμιώτερον
1727 299 1773 326 καὶ
1785 299 1847 326 ἀνω-

1066 346 1139 381 τέρω
1159 346 1267 372 πάντων
1277 354 1284 362 ’
1299 345 1364 379 ἔδει,
1379 346 1474 381 ἐπειδὴ
1493 346 1610 381 μάλιστα
1627 345 1656 371 ἓν
1670 346 1753 376 ἐστιν,
1765 345 1781 380 ἢ
1795 345 1847 371 καθ’

1070 391 1152 418 ἑαυτὸ
1165 390 1422 427 παρακελεύσασθαι
1445 391 1511 418 αὐτὸ
1531 391 1667 426 ἀνυμνεῖν,
1682 391 1699 426 ἢ
1718 390 1768 417 κᾶν
1785 390 1850 426 πρῶ-

1069 444 1115 465 τον
1128 438 1194 465 αὐτὸ
1210 437 1353 474 ὀνομάσαι,
1373 438 1421 465 καὶ
1437 437 1512 473 αὐτῷ
1523 437 1557 464 τὰ
1571 437 1638 465 ἄλλα
1662 437 1775 471 γενικῶς
1794 445 1849 462 συν-

1070 483 1216 511 αναλαὸεἰν
1227 492 1234 499 ·
1255 483 1285 510 οὗ
1310 483 1376 519 μὴν,
1389 484 1428 515 ὡς
1445 483 1566 516 αὐθαδῶς
1584 483 1732 515 εἰκάζουσι,
1750 482 1779 509 τὺ
1794 481 1850 509 ἀνά-

1072 529 1163 558 παλιν.

231 581 324 609 dicunt
337 581 466 612 hmrctici,
479 584 579 607 naturae
596 580 665 607 inter
682 579 766 606 Deum
791 582 817 606 et
830 577 941 613 angelos
952 577 1057 609 medim,
1079 583 1105 604 et
1119 578 1292 612 praestantior
1309 578 1434 606 omnibus
1451 582 1533 613 atque
1548 577 1691 610 excelsior,
1710 577 1849 612 oportebat.

231 637 291 656 cum
308 629 456 664 praesertim
475 628 510 655 sit
523 635 601 661 unus,
619 631 665 654 aut
683 626 720 654 illi
737 626 843 662 jubere,
865 630 893 652 ut
911 629 997 653 semet
1017 625 1074 659 ipse
1092 632 1141 659 per
1156 625 1275 659 seipsum
1297 625 1404 661 hymnis
1416 626 1576 659 celebraret,
1600 630 1645 652 aut
1661 625 1755 653 saltem
1773 624 1850 658 primo

234 675 307 702 illum
325 674 472 707 nominare,
491 679 545 700 tum
566 673 633 700 alias
652 680 712 700 cum
734 671 792 707 ipso
815 675 955 699 creaturas
969 670 1118 706 generatim
1135 679 1273 699 assumere
1291 679 1299 698 :
1317 680 1370 700 nou
1392 679 1456 700 vero
1471 677 1575 704 contra,
1591 677 1620 699 ut
1639 672 1684 699 isti
1705 672 1850 706 arroganter

235 723 366 750 blaterant
378 727 457 756 atque
470 721 717 749 comminiscuntur.

276 770 347 798 XIX.
363 770 492 797 Creatura
507 777 558 796 non
571 771 780 796 conuumeratur
794 775 854 794 cum
865 767 929 794 Deo.
954 766 1019 800 Qua:

236 817 306 843 enim
325 816 498 843 deeremento
512 815 630 843 obnoxia
643 819 694 846 est,
715 813 779 848 quid
803 820 947 841 commune
971 813 1019 839 ha-

1107 764 1157 793 ῘΘ’.
1178 765 1210 792 ’ῐί
1225 764 1313 797 κτίσις
1333 765 1366 792 οὐ
1396 764 1608 799 συναριθμεῖται·
1626 762 1671 798 [78
1687 772 1702 788 η
1716 762 1726 798 ]
1740 761 1776 797 τῷ
1788 761 1850 796 Θεῷ.

1072 811 1104 838 Τί
1123 811 1177 846 γὰρ
1196 810 1242 837 καὶ
1257 809 1345 837 κοινὸν
1356 811 1388 845 τῇ
1406 809 1472 845 obs“
1489 810 1517 835 ἐν
1534 808 1642 844 μειώσει
1654 808 1722 843 πρὸς
1737 808 1781 834 τὸν
1792 807 1850 834 πὰν-

235 864 279 890 bet
293 870 353 890 cum
369 869 411 895 eo,
422 862 467 897 qui
489 867 530 889 est
561 861 638 896 173
664 860 783 887 omnium
805 859 1017 890 excelsissimus,

1074 866 1123 884 των
1143 856 1306 892 ὑπέρτατον,
1322 857 1370 883 καὶ
1386 855 1456 891 ὑπὲρ
1471 856 1561 882 πᾶσαν
1580 855 1644 882 ὅντα
1664 853 1820 890 ὑπερϐολὴν,
1836 853 1850 888 ἡ

234 914 261 934 et
277 916 358 943 supra
376 907 526 943 quamlibet
549 905 810 942 exaggerationem?
828 910 874 932 aut
891 911 933 937 ca,
961 912 1019 939 qua:

234 954 340 982 condita
354 958 404 986 est,
423 961 484 981 cum
497 953 554 984 illo,
570 952 615 987 qui
631 952 716 986 ipsam
730 950 871 978 condidit?
895 950 935 977 'At
959 957 1020 978 san-

234 1004 294 1026 ctus
307 1006 412 1026 summe
426 998 600 1026 honorandus
619 997 747 1031 Spiritus,
762 1001 855 1032 utpote
870 996 958 1029 Deus,
973 1001 1021 1023 ant

235 1042 314 1070 simul
328 1049 388 1070 cum
407 1042 487 1070 Patre
507 1047 534 1070 et
550 1042 618 1069 Filio
638 1042 802 1074 nominatur,
819 1045 848 1068 ut
880 1049 942 1069 cum
970 1041 1021 1068 Do-

235 1087 324 1114 minus
339 1087 464 1121 baptismi
480 1086 624 1113 forumlam
643 1086 735 1118 tradit,
770 1091 797 1113 et
822 1093 883 1114 cum
906 1086 1021 1120 Aposto-

236 1133 314 1161 lusiu
330 1133 448 1160 secunda
464 1133 497 1159 ad
525 1131 682 1159 Cerinthios
707 1132 813 1164 scribit,
834 1140 844 1157 ι
873 1131 966 1159 Gratia
982 1131 1020 1167 (6)

236 1179 340 1207 Domini
359 1179 442 1206 nostri
455 1177 518 1206 Jesu
536 1177 648 1210 Christi,
663 1182 690 1205 et
707 1178 826 1205 charitas
839 1177 896 1208 Dei,
911 1181 938 1204 et
951 1186 1023 1203 conv

237 1224 383 1251 municatio
399 1223 484 1251 sancti
509 1223 626 1258 Spiritus
640 1229 701 1249 cum
727 1222 854 1249 omnibus
884 1221 980 1248 vobis:
1008 1230 1017 1247 ι

236 1275 282 1296 aut
296 1268 374 1296 simul
390 1269 543 1296 nominatur
561 1275 622 1295 cum
633 1275 684 1295 una
696 1267 808 1295 duarum
818 1267 1020 1302 hyposlasium;

236 1319 283 1342 aut
293 1314 373 1342 etiam
387 1313 471 1346 solus,
494 1318 523 1340 ut
538 1313 564 1340 in
589 1312 676 1347 primo
697 1312 766 1339 libro
789 1311 827 1347 (7)
849 1311 951 1338 dictutn
970 1316 1021 1343 εει,

237 1362 475 1388 commemoratur.
504 1358 688 1386 Macedoniam
709 1357 748 1392 (8)
767 1364 830 1385 vero
849 1364 864 1385 ο
882 1362 953 1384 secta
975 1364 1022 1384 ex-

237 1406 427 1435 communicati
444 1406 524 1438 illius,
535 1410 616 1439 atque
632 1412 664 1432 ex
681 1404 803 1433 Ecclesia
820 1404 896 1438 eiecti
906 1402 1024 1430 Valenti-

238 1453 274 1484 ni,
292 1453 338 1488 qui
355 1451 582 1483 mauiclucizavit,
597 1458 629 1478 ae
645 1449 734 1477 lurore
745 1449 784 1485 (9)
804 1449 908 1485 plenus,
925 1453 1024 1484 ιιι-αξιοι·

237 1498 289 1525 alia
307 1498 424 1525 absurda
443 1501 607 1528 commenta,
625 1496 745 1524 divinum
767 1495 896 1531 Spiritum
920 1494 1022 1530 angelis

236 1550 354 1579 coazvum
365 1543 443 1573 dixit,
452 1547 540 1569 ortum
552 1542 701 1573 trahentes,
713 1541 839 1576 inquiunt
852 1539 925 1576 (10):
949 1539 1020 1567 Pau-

237 1588 278 1615 lus
288 1588 321 1615 ad
337 1587 504 1614 Timotheum
520 1587 630 1621 scripsit
649 1595 655 1613 :
674 1595 683 1612 I
701 1585 829 1615 Obtestor
850 1587 907 1622 (ll)
930 1594 1021 1614 coram

239 1636 303 1668 Deo,
322 1639 349 1662 et.
368 1634 481 1661 Domino
497 1633 559 1660 Jesu
575 1632 695 1665 Christo,
714 1637 741 1661 et
755 1632 848 1660 electis
866 1632 987 1666 angelis:
1010 1641 1020 1658 ι

237 1683 360 1706 sanctum
378 1685 441 1705 vcro
460 1677 590 1712 Spiritum
609 1677 712 1708 tacuit,
731 1677 830 1712 quippe
850 1678 895 1712 qui
917 1677 1022 1705 scilicet

236 1732 298 1752 eum
313 1732 373 1752 cum
392 1723 494 1756 angelis
505 1717 728 1750 counumerabat'.
741 1723 794 1750 Sed
812 1730 845 1749 ex
857 1723 1021 1750 abundantia

237 1773 327 1800 cordis
354 1772 471 1807 ipsorum
498 1770 606 1806 propria
632 1775 725 1798 manat
756 1771 838 1798 hocce
863 1770 1020 1804 cogitatum.

238 1818 364 1851 Quamvis
379 1818 449 1844 enim
465 1817 608 1852 aliquando
622 1816 740 1851 Spiritus
754 1816 840 1843 sancti
863 1816 963 1843 mentio
975 1823 1021 1851 pe-

237 1863 376 1892 culiariter
391 1871 444 1890 non
459 1862 707 1896 ﬁat,coassumitur
723 1866 814 1889 mmen
827 1869 888 1888 cum
901 1862 956 1889 Dco
968 1861 1020 1889 Pa-

239 1915 290 1942 tre,
306 1913 397 1943 utpote
409 1909 456 1943 qui
469 1908 587 1943 Spiritus
600 1908 685 1942 ipsius
710 1912 752 1935 est
767 1907 917 1935 secundum
945 1913 1021 1935 natu-

241 1963 308 1982 ram.
323 1955 384 1982 Hac
396 1962 461 1982 sane
485 1954 554 1982 ratio
569 1959 621 1986 est,
644 1954 679 1982 ob
695 1961 774 1988 quam
797 1959 842 1981 aut
872 1953 928 1988 ipse
950 1953 1021 1981 Deus

239 2001 318 2028 Pater
329 2001 462 2036 expressis
476 2000 566 2028 verbis
581 2007 633 2026 non
655 2004 696 2027 est
719 2005 956 2033 comtnemoratus,
973 2000 1020 2027 sed

240 2047 310 2073 ﬁdeli
326 2046 556 2081 interpretatione,
573 2046 658 2072 Filius
678 2049 767 2072 autem
789 2050 816 2072 ct
831 2045 948 2080 Spiritus
959 2054 1021 2073 san-

238 2098 298 2118 ctus
307 2095 533 2118 commemoratus
544 2095 601 2123 est;
617 2095 662 2116 aut
675 2090 733 2117 vice
743 2097 820 2118 versa
833 2098 840 2117 :
851 2091 1018 2126 quandoqni.

236 2138 297 2165 dem
311 2136 352 2164 vel
363 2136 560 2164 abominandus
578 2136 631 2167 ille,
647 2143 680 2163 ae
701 2143 737 2163 ne
751 2137 932 2164 nominandus
957 2137 1018 2172 qui-

1070 904 1253 940 τῇγενομένῃ
1278 902 1345 938 πρὸς
1366 900 1412 929 τὸν
1431 903 1601 938 ποιήσαντας
1617 901 1654 928 Τὸ
1675 901 1703 928 δὲ
1731 901 1851 935 πάντιμον

1071 949 1195 984 Πνεῦμα,
1208 948 1246 980 ὼς
1257 948 1333 980 Θεὸς,
1346 948 1362 984 ἢ
1378 948 1446 984 μετὰ
1459 947 1566 984 Πατρὸς
1579 948 1626 975 καὶ
1639 947 1704 975 Υίοῦ
1719 946 1852 982 συνονομὰι

1071 995 1165 1028 ζεται·
1183 995 1220 1026 ὼς
1242 995 1305 1022 ὅταν
1325 995 1340 1021 ὁ
1358 994 1497 1030 Δεσπότης
1520 994 1565 1021 τὸν
1589 994 1654 1030 περ),
1675 995 1706 1020 τὸ
1723 994 1852 1029 βάπτισμα

1070 1042 1178 1069 δίδωσιν
1193 1041 1265 1076 ὅρον,
1290 1040 1338 1067 καὶ
1353 1041 1391 1072 ὡς
1406 1041 1470 1068 ὃταν
1488 1041 1505 1067 ὁ
1526 1040 1691 1073 ’Λπόστολος
1711 1039 1851 1076 Κορινθίοις

1071 1088 1102 1114 τὸ
1128 1087 1253 1123 δεύτερον
1280 1087 1390 1123 γράφῃ·
1406 1096 1415 1112 ι
1438 1087 1470 1113 Ἦ
1498 1087 1578 1123 γάρις
1596 1087 1644 1114 τοῦ
1670 1087 1769 1123 Κυρίου
1783 1086 1851 1122 ἡμῶν

1078 1133 1165 1169 Ἰησοῦ
1185 1133 1315 1169 Χριστοῦ,
1340 1133 1386 1159 καὶ
1402 1131 1417 1168 ἡ
1431 1133 1524 1168 ἀγάπη
1539 1133 1586 1159 τοῦ
1600 1132 1680 1165 Θεοῦ,
1707 1133 1753 1159 καὶ
1772 1133 1787 1168 ἡ
1803 1141 1852 1158 χοι-

1072 1179 1154 1205 νωνία
1167 1177 1214 1204 τοῦ
1232 1178 1310 1212 ἁγίου
1332 1177 1491 1213 Πνεῦματος
1517 1178 1587 1213 μετὰ
1608 1178 1717 1205 πάντων
1740 1177 1848 1213 ὑμῶν’)

1073 1225 1089 1260 ἢ
1109 1224 1177 1260 μετὰ
1192 1225 1255 1260 μιᾶς
1271 1224 1361 1251 αὐτῶν
1374 1222 1549 1256 ὑποστάσεως
1562 1233 1568 1239 ·
1589 1224 1604 1260 ἢ
1621 1224 1668 1251 καὶ
1683 1223 1752 1251 κατὰ
1769 1224 1850 1259 μόνας,

1074 1270 1145 1298 καθὰ
1167 1270 1196 1297 ὲν
1219 1269 1258 1305 τῷ
1283 1269 1383 1305 πρώτῳ
1398 1270 1507 1305 εἴρηται
1530 1270 1636 1305 βιϐλίῳ,
1655 1271 1849 1306 μνημονεύεται.

1080 1317 1146 1343 Ἀπὸ
1165 1316 1194 1343 δὲ
1208 1316 1256 1351 τῆς
1277 1315 1465 1351 προαιρέσεως
1480 1315 1528 1342 τοῦ
1543 1316 1700 1352 ἑξοϐλήτου,
1719 1317 1764 1343 καὶ
1777 1317 1850 1352 e715,!)-

1075 1362 1208 1398 ριμμένου
1226 1361 1413 1394 Οὐαλεντίνου,
1431 1361 1478 1388 τοῦ
1498 1362 1720 1397 μανιχαῖεςαντος,
1736 1363 1780 1389 καὶ
1793 1361 1852 1398 πρὸς

1073 1406 1130 1437 τοῖς
1140 1405 1229 1436 ἄλλοις
1243 1405 1354 1436 ἀτόποις
1372 1405 1584 1441 μυθοπλάςματι
1615 1407 1755 1442 μανιωδῶς
1772 1406 1851 1433 εἶπόν-

1074 1459 1120 1482 τος
1136 1450 1283 1486 ἡλικιώτην
1305 1450 1336 1477 τὺ
1357 1450 1447 1478 θεῖκδν
1463 1451 1577 1487 Πνεῦμα
1597 1453 1654 1484 τοῖς
1674 1452 1801 1487 ἀγγέλοις,
1813 1452 1851 1487 ὀρ-

1077 1496 1198 1531 μώμενοι
1225 1496 1249 1522 οἱ
1274 1496 1453 1529 Μακεδόνιοι,
1493 1497 1576 1531 φασί·
1608 1496 1715 1529 Παῦλος
1742 1497 1851 1533 Τιμοθέῳ

1074 1543 1194 1578 ἔγραψε·
1223 1552 1232 1569 ε
1254 1542 1481 1579 Διαμαρτύρομαι
1506 1542 1620 1570 ἐνώπιον
1644 1544 1691 1571 τοῦ
1710 1544 1792 1576 Θεοῦ,
1812 1544 1850 1569 καὶ

1073 1589 1175 1625 Κυρίου
1196 1588 1284 1624 Ἰησοῦ
1297 1588 1426 1625 Χριστοῦ,
1437 1589 1485 1616 καὶ
1498 1588 1552 1616 τῶν
1564 1589 1701 1616 ἐκλεκτῶν
1713 1589 1847 1624 ἀγγέλων)

1072 1637 1102 1664 τδ
1123 1637 1152 1663 δὲ
1177 1635 1255 1670 ἅγιον
1279 1635 1402 1671 Πνεῦμα,
1426 1635 1464 1667 ὡς
1494 1635 1626 1668 συντάξας
1649 1636 1729 1671 δῆθεν
1745 1636 1796 1667 τοῖς
1810 1635 1850 1668 ἀγ-

1072 1682 1172 1715 γέλοις,
1197 1680 1400 1716 ἀπεσιώπησεν,
1430 1681 1496 1707 Ἀπὸ
1523 1681 1551 1708 δὲ
1576 1681 1623 1708 τοῦ
1649 1681 1850 1718 περισσεύματος

1071 1727 1121 1762 τῆς
1137 1727 1251 1762 καρδίας
1267 1726 1356 1753 αὐτῶν
1381 1725 1432 1762 τῆς
1457 1726 1525 1758 ἰδίας
1548 1728 1564 1762 ἡ
1579 1726 1671 1754 ἔννοιά
1689 1728 1761 1754 ἐστιν
1780 1726 1848 1760 αὕτη.

1073 1772 1132 1798 Κᾶν
1147 1772 1200 1808 γάρ
1215 1780 1280 1798 ποτε
1307 1772 1398 1803 ίδικῶς
1420 1772 1456 1807 μὴ
1476 1771 1588 1808 γένηται
1608 1774 1704 1809 μνήμη
1724 1773 1768 1800 τοῦ
1783 1771 1848 1806 ἁγίου

1072 1818 1241 1854 Πνεύματος,
1266 1818 1535 1854 συναναλαμϐάνεται
1556 1818 1596 1854 τῷ
1615 1819 1675 1855 Θεῴ
1697 1820 1790 1854 Ila-np),
1810 1818 1848 1845 ἅτε

1072 1863 1184 1899 Πνεῦμα
1203 1863 1286 1890 αὑτοῦ
1305 1863 1377 1890 κατὰ
1405 1864 1485 1899 φύσιν
1500 1864 1539 1892 ὅν.
1561 1865 1610 1892 Διά
1625 1873 1667 1892 τοι
1682 1865 1759 1892 τοῦτό
1776 1866 1849 1894 ἐςτιν,

1071 1910 1126 1941 ὅτε,
1142 1909 1251 1945 ἢαὺτὸς
1267 1911 1280 1937 ὁ
1296 1910 1361 1942 Θεὸς
1378 1911 1472 1946 Πατὴρ
1496 1911 1534 1946 τῷ
1557 1911 1661 1947 ῥήματι
1675 1913 1725 1939 οὐκ
1741 1913 1848 1947 ὲμνημου

1071 1955 1164 1991 νεύθη,
1177 1955 1244 1982 ἀλλὰ,
1256 1957 1292 1992 τῇ
1303 1958 1386 1992 πιστῇ
1398 1956 1512 1992 διανοίᾳ,
1525 1957 1540 1983 6
1554 1957 1583 1983 δὲ
1597 1957 1671 1990 Υἱὸς,
1685 1958 1731 1985 καὶ
1743 1957 1770 1983 τὸ
1783 1956 1849 1990 ἅγιον

1072 2002 1184 2038 Πνεῦμα
1198 2002 1388 2038 ἐμνημονεύθη
1399 2010 1407 2016 “
1421 2003 1437 2038 ἢ
1459 2003 1489 2030 τὸ
1504 2002 1634 2038 ἔμπαλιν.
1647 2005 1733 2031 Ὅπου
1747 2012 1776 2038 γε
1791 2004 1804 2030 ὁ
1818 2002 1848 2037 μὴ

1070 2048 1186 2082 ὀφείλων
1214 2048 1431 2084 μνημονεύεσθαι
1457 2049 1644 2083 Οὐαλεντῖνος,
1668 2050 1700 2078 τὸ
1723 2050 1770 2086 μὲν
1785 2051 1850 2083 ἁγια-

1071 2093 1162 2120 στικδν
1194 2094 1316 2129 Πνεῦμα,
1342 2094 1522 2131 Παράκλητον
1547 2095 1698 2132 ὠνόμασεν,
1721 2097 1757 2128 ὼς
1781 2093 1849 2122 καὶὸ

1071 2141 1208 2177 Δεσπότης
1218 2143 1343 2178 Χριστὸς.
1353 2143 1532 2180 Παράκλητος
1545 2145 1577 2172 ἐκ
1587 2145 1634 2172 τοῦ
1649 2141 1848 2181 παρακαλεῖσθαι

237 2183 296 2210 dem
324 2182 482 2210 Valentinus
509 2178 724 2209 sanctiﬁcantem
748 2181 858 2216 quidem
889 2181 1019 2216 Spiritum

1075 2186 1191 2223 ἐκλήθη·
1217 2189 1279 2220 τοὺς
1301 2188 1329 2215 δὲ
1352 2178 1547 2225 ἁγιαζομένους
1569 2178 1758 2228 λειτουργοὺς,
1777 2196 1848 2224 προσ-

272 2239 310 2275 (3)
329 2238 430 2266 Sancti.
447 2239 475 2266 ld
490 2242 539 2272 est,
560 2239 629 2267 sacri
643 2239 800 2273 scriptorcs.
816 2239 871 2266 Hos
886 2240 957 2266 enim
976 2248 1023 2275 per

237 2275 451 2310 antonomasiam
470 2283 478 2300 ι
497 2279 604 2310 sanctos
621 2283 630 2300 ι
655 2279 732 2301 vocat
759 2275 856 2310 passim
881 2275 1019 2310 Didymus.

237 2309 304 2336 Vide
322 2314 377 2335 nol.
392 2309 419 2342 2,
445 2316 510 2342 pag.
521 2309 565 2341 66,
581 2314 608 2337 et
624 2317 709 2344 segm.
729 2309 762 2336 98
777 2310 801 2341 Ι),
821 2309 869 2336 106
884 2319 910 2340 a,
927 2309 978 2336 108
994 2312 1020 2343 b,

239 2344 289 2380 115
303 2352 330 2380 ιι,
355 2349 407 2370 etc.
428 2343 480 2380 sed
506 2345 564 2371 vide
578 2343 761 2380 etiaminolas
779 2345 812 2371 ad
829 2351 915 2379 segm.
928 2344 982 2372 202
993 2354 1020 2380 α,

237 2379 280 2406 ubi
293 2378 348 2413 alio
361 2385 440 2405 sensu
457 2379 513 2405 haec
527 2387 577 2405 vox
591 2378 730 2413 accipitur.

273 2413 310 2448 (6)
330 2412 433 2440 Gratia.
453 2413 473 2439 ll
491 2414 524 2440 ad
535 2413 596 2441 Cor.
613 2412 730 2448 nmis.
744 2412 837 2440 Graeca
852 2413 934 2441 editio
947 2420 1021 2442 caret

236 2455 312 2479 voce,
335 2457 345 2474 ι
367 2448 461 2475 nostri.
484 2457 493 2473 ι
510 2448 562 2475 Sed
577 2456 637 2475 cum
663 2447 775 2483 Vulgata
795 2449 942 2483 interprete
960 2457 1020 2476 eam

236 2484 299 2518 legit
314 2483 442 2518 Didymus
458 2487 513 2509 tum
528 2483 582 2515 hic,
599 2488 652 2509 tum
663 2483 689 2509 in
701 2483 770 2510 libro
787 2483 824 2510 De
838 2483 911 2515 Spir.
929 2491 1020 2512 sancto

237 2517 310 2545 num.
327 2517 371 2544 16.
384 2517 542 2546 Nonnullam
558 2526 622 2545 vero
635 2517 788 2544 varietatem
803 2519 829 2544 in
844 2519 895 2550 his,
909 2526 968 2553 qum
978 2527 1021 2548 se-

235 2557 363 2587 quuntur,
381 2561 440 2580 esse
451 2552 570 2580 censebit
589 2553 634 2587 qui
651 2553 729 2580 editis
743 2553 800 2586 ejus
811 2553 872 2580 libri
886 2552 1021 2588 exculpla—

236 2588 310 2615 ribus
323 2592 478 2621 contentus,
494 2589 763 2623 membranasdmanu
786 2593 911 2615 exaralas
935 2590 1018 2623 negli-

234 2627 279 2656 gat
295 2624 354 2650 :sic
371 2624 441 2650 enim
470 2623 551 2650 habet
570 2623 652 2649 editio
669 2621 848 2650 Veronensis:
867 2631 877 2648 ι
893 2623 926 2649 Ει
945 2621 1020 2650 eom-

235 2658 383 2685 municatio
402 2658 488 2685 sancti
508 2657 626 2692 Spiritus
644 2658 680 2684 sit
700 2664 806 2691 semper
822 2665 882 2684 cum
896 2659 1020 2686 omnibus

234 2693 320 2720 vobis.
338 2702 347 2718 1
366 2694 400 2720 At
423 2694 449 2720 in
469 2693 560 2720 codice
583 2697 681 2719 nostra:
705 2693 873 2719 bibliothecae
893 2692 1021 2727 Didymus

234 2727 395 2754 versiculum
408 2728 502 2756 eodem
518 2727 596 2761 plane
610 2727 687 2754 modo
703 2727 789 2758 all'crl,
801 2734 855 2761 quo
867 2727 918 2754 hoc
937 2728 962 2754 in
980 2728 1019 2754 lo-

234 2768 266 2788 co
281 2770 288 2788 :
304 2763 340 2788 ita
358 2764 430 2789 enim
447 2763 526 2789 habet
548 2772 556 2790 :
579 2762 636 2788 «.ln
665 2762 716 2787 line
745 2761 868 2795 Epistula:
884 2763 1019 2793 secundm,

235 2803 316 2830 quam
334 2798 367 2824 ad
388 2795 541 2824 Corinthios
561 2797 670 2830 scripsit
687 2796 794 2828 l’aulus,
813 2797 852 2823 ait
871 2806 878 2824 :
897 2807 906 2822 ι
925 2797 1018 2824 Gratia

236 2831 340 2858 Domini
357 2832 440 2858 nostri
453 2831 517 2858 Jesu
535 2831 646 2864 Christi,
660 2837 687 2858 et
702 2831 819 2858 Charitas
829 2832 885 2864 Dei,
898 2838 925 2859 et
943 2840 1018 2858 eom-

236 2874 308 2893 muu.
330 2866 416 2894 sancti
432 2866 547 2901 Spiritus
563 2875 623 2894 cum
641 2866 765 2894 omnibus
782 2867 856 2894 vobis
879 2877 887 2892 ι
900 2868 1014 2894 Numero

1077 2244 1169 2272 itidem
1189 2246 1222 2272 l7
1235 2247 1317 2274 editio
1328 2247 1493 2276 Veronensis
1504 2248 1584 2277 habet
1596 2258 1603 2277 :
1615 2249 1693 2277 Juxta
1711 2249 1771 2276 illud
1784 2254 1792 2273 :
1804 2256 1813 2272 ι
1826 2251 1848 2272 et

1074 2286 1173 2307 comm.
1182 2280 1210 2307 S.
1220 2281 1310 2315 Sp.sit
1323 2289 1428 2317 semper
1441 2291 1500 2310 cum
1518 2284 1643 2311 ontnibns
1657 2286 1741 2311 vobis.
1751 2283 1847 2311 tCOtlt‘X

1075 2317 1357 2353 vergqnosterromittit
1370 2325 1460 2350 voces,
1479 2327 1488 2344 (
1506 2319 1541 2346 sit
1556 2326 1671 2353 semper.
1692 2328 1702 2345 ι

1112 2348 1150 2420 (Ἱζ
1170 2350 1204 2377 In
1217 2352 1300 2385 primo
1315 2352 1392 2378 libro.
1414 2348 1505 2387 Segm.
1523 2353 1558 2380 25
1575 2363 1600 2380 n.

1112 2385 1138 2419 (8
1171 2385 1365 2413 Macedoniam'.
1381 2387 1470 2415 Codex
1490 2397 1497 2415 :
1513 2389 1538 2415 οἱ
1558 2389 1600 2415 Μα

1111 2385 1149 2419 (8)
1171 2385 1365 2413 Macedoniam'.
1381 2385 1470 2415 Codei
1490 2397 1497 2415 :
1513 2389 1538 2415 οἱ
1558 2388 1729 2416 Μακεδόνιοι.
1749 2387 1846 2414 Videtur

1072 2418 1212 2453 legendum
1229 2429 1236 2447 :
1250 2421 1275 2447 οἱ
1287 2421 1491 2449 Μακεδονιανοί.

1107 2453 1146 2489 (9)
1164 2453 1278 2495 [ξεινον-ε.
1313 2455 1393 2484 Ludit
1418 2458 1445 2485 in
1475 2459 1587 2486 vocibus
1608 2458 1806 2494 μανιχαῖσαντος
1824 2460 1846 2482 ει

1072 2489 1223 2524 μανιωδῶς.

1108 2525 1163 2564 (l9)
1178 2525 1319 2564 inquiunt.
1330 2526 1356 2552 In
1365 2525 1434 2555 libro
1445 2527 1577 2564 etiampe
1594 2527 1665 2562 Spir.
1679 2532 1764 2555 sancta
1777 2532 1843 2564 putu-

1072 2558 1125 2599 l6,_
1135 2558 1227 2599 iisdem
1237 2560 1389 2599 Scriptura:
1400 2563 1516 2590 oraculis
1528 2558 1733 2599 Macedonianos
1747 2559 1842 2588 refellit.

1070 2593 1168 2628 quibus
1186 2595 1217 2631 in
1237 2595 1288 2622 hoc
1304 2593 1338 2623 78
1357 2602 1507 2631 segmento.
1526 2598 1650 2626 Attamen
1672 2599 1740 2626 hanc
1760 2602 1842 2631 εοιῖυ¹¹¹

1073 2630 1271 2668 responsionem
1295 2630 1329 2658 ibi
1352 2628 1402 2658 non
1421 2639 1628 2664 commemorat,
1644 2634 1711 2660 sicut
1730 2638 1762 2668 ne
1783 2628 1841 2655 alla-5

1071 2665 1180 2701 quidem
1191 2665 1291 2698 plures,
1303 2673 1371 2699 quas
1386 2668 1508 2700 superius
1516 2668 1572 2701 jam
1584 2668 1673 2699 solvit,
1688 2674 1719 2694 ac
1729 2667 1753 2693 in
1763 2668 1841 2701 ροξιθς

1073 2695 1129 2724 rum
1143 2695 1279 2726 soluturus
1292 2695 1341 2728 est.
1356 2695 1426 2733 Qna'
1437 2709 1468 2728 ex
1493 2695 1524 2729 re
1544 2695 1768 2730 Macedonianum'
1786 2695 1839 2725 illud

1071 2739 1147 2772 opus,
1165 2735 1234 2772 quod
1247 2742 1301 2768 prae
1317 2737 1401 2762 oculis
1417 2736 1509 2763 habuit
1523 2738 1573 2764 hoc
1590 2738 1617 2766 in
1636 2738 1693 2765 loco
1714 2736 1837 2772 Didymus,

1070 2768 1171 2807 editum
1184 2769 1289 2807 videtur
1305 2776 1447 2805 pOstquam
1471 2773 1587 2800 dictatus
1610 2780 1625 2800 a
1645 2768 1840 2807 Didymo’fucnl

1071 2801 1139 2829 liber
1152 2803 1188 2830 De
1203 2801 1415 2837 Spirim'sunr'to.

1106 2837 1160 2872 (Il)
1182 2838 1311 2866 Obtestor.
1333 2839 1342 2866 l
1357 2841 1390 2867 ad
1403 2840 1471 2868 Tun.
1491 2849 1515 2873 ν,
1528 2841 1572 2868 2-1.
