  <div class='ocr_page' id='page_1' title='image "/cluster/home/n/w/nwhite01/storage/ocr_20150623/39/njp.32101010943528/298.png"; bbox 0 0 1917 3064; ppageno 0'>
   <div class='ocr_carea' id='block_1_1' title="bbox 110 131 162 159">
    <p class='ocr_par' dir='ltr' id='par_1_1' title="bbox 110 131 162 159">
     <span class='ocr_line' id='line_1_1' title="bbox 110 131 162 159; baseline 0.019 -1"><span class='ocrx_word' id='word_1_1' title='bbox 110 131 162 159; x_wconf 77' lang='lat'><strong>585</strong></span> 
     </span>
    </p>
   </div>
   <div class='ocr_carea' id='block_1_2' title="bbox 620 131 1205 163">
    <p class='ocr_par' dir='ltr' id='par_1_2' title="bbox 620 131 1205 163">
     <span class='ocr_line' id='line_1_2' title="bbox 620 131 1205 163; baseline 0.009 -5"><span class='ocrx_word' id='word_1_2' title='bbox 620 131 663 159; x_wconf 86' lang='lat' dir='ltr'><strong>DE</strong></span> <span class='ocrx_word' id='word_1_3' title='bbox 682 131 869 160; x_wconf 68' lang='lat' dir='ltr'><strong>TRINITATE</strong></span> <span class='ocrx_word' id='word_1_4' title='bbox 887 133 990 162; x_wconf 76' lang='lat' dir='ltr'><strong>LIBER</strong></span> <span class='ocrx_word' id='word_1_5' title='bbox 1010 134 1205 163; x_wconf 78' lang='lat' dir='ltr'><strong>SECUNDUS.</strong></span> 
     </span>
    </p>
   </div>
   <div class='ocr_carea' id='block_1_3' title="bbox 1672 139 1724 166">
    <p class='ocr_par' dir='ltr' id='par_1_3' title="bbox 1672 139 1724 166">
     <span class='ocr_line' id='line_1_3' title="bbox 1672 139 1724 166; baseline 0 0"><span class='ocrx_word' id='word_1_6' title='bbox 1672 139 1724 166; x_wconf 72' lang='grc'><strong>586</strong></span> 
     </span>
    </p>
   </div>
   <div class='ocr_carea' id='block_1_4' title="bbox 108 188 893 229">
    <p class='ocr_par' dir='ltr' id='par_1_4' title="bbox 108 188 893 226">
     <span class='ocr_line' id='line_1_4' title="bbox 108 188 893 226; baseline 0.001 -10"><span class='ocrx_word' id='word_1_7' title='bbox 108 188 245 224; x_wconf 84' lang='grc' dir='ltr'>οὑδαμῶς,</span> <span class='ocrx_word' id='word_1_8' title='bbox 260 188 357 224; x_wconf 81' lang='grc' dir='ltr'>μᾶλλον</span> <span class='ocrx_word' id='word_1_9' title='bbox 371 189 399 215; x_wconf 76' lang='grc' dir='ltr'><strong>δὲ</strong></span> <span class='ocrx_word' id='word_1_10' title='bbox 417 189 462 215; x_wconf 76' lang='grc' dir='ltr'>καὶ</span> <span class='ocrx_word' id='word_1_11' title='bbox 478 189 616 215; x_wconf 82' lang='grc' dir='ltr'>ἐπαινετὸν</span> <span class='ocrx_word' id='word_1_12' title='bbox 633 190 744 223; x_wconf 80' lang='grc' dir='ltr'>ἔδειξεν,</span> <span class='ocrx_word' id='word_1_13' title='bbox 759 190 793 217; x_wconf 74' lang='grc' dir='ltr'>τὰ</span> <span class='ocrx_word' id='word_1_14' title='bbox 803 191 830 217; x_wconf 85' lang='grc' dir='ltr'>δὲ</span> <span class='ocrx_word' id='word_1_15' title='bbox 849 190 893 226; x_wconf 83' lang='grc' dir='ltr'><strong>ἔρ-</strong></span> 
     </span>
    </p>
   </div>
   <div class='ocr_carea' id='block_1_5' title="bbox 948 188 1725 229">
    <p class='ocr_par' dir='ltr' id='par_1_5' title="bbox 949 191 1725 229">
     <span class='ocr_line' id='line_1_5' title="bbox 949 191 1725 229; baseline 0.005 -11"><span class='ocrx_word' id='word_1_16' title='bbox 949 191 1018 218; x_wconf 78' lang='lat' dir='ltr'><strong>dixit</strong></span> <span class='ocrx_word' id='word_1_17' title='bbox 1031 191 1055 218; x_wconf 88' lang='lat' dir='ltr'><strong>ei</strong></span> <span class='ocrx_word' id='word_1_18' title='bbox 1070 192 1186 226; x_wconf 74' lang='lat' dir='ltr'><strong>Spiritus</strong></span> <span class='ocrx_word' id='word_1_19' title='bbox 1215 199 1324 219; x_wconf 80' lang='lat' dir='ltr'><strong>sanctus</strong></span> <span class='ocrx_word' id='word_1_20' title='bbox 1345 191 1499 228; x_wconf 68' lang='lat' dir='ltr'><strong>(72):Ecce</strong></span> <span class='ocrx_word' id='word_1_21' title='bbox 1515 193 1564 220; x_wconf 85' lang='lat' dir='ltr'><strong>viri</strong></span> <span class='ocrx_word' id='word_1_22' title='bbox 1581 198 1634 222; x_wconf 70' lang='lat' dir='ltr'><strong>tros</strong></span> <span class='ocrx_word' id='word_1_23' title='bbox 1651 202 1725 229; x_wconf 66' lang='lat' dir='ltr'><strong>quae-</strong></span> 
     </span>
    </p>
   </div>
   <div class='ocr_carea' id='block_1_6' title="bbox 108 233 893 270">
    <p class='ocr_par' dir='ltr' id='par_1_6' title="bbox 108 233 893 270">
     <span class='ocr_line' id='line_1_6' title="bbox 108 233 893 270; baseline 0.001 -8"><span class='ocrx_word' id='word_1_24' title='bbox 108 244 147 270; x_wconf 90' lang='grc' dir='ltr'><strong>γα</strong></span> <span class='ocrx_word' id='word_1_25' title='bbox 163 233 246 262; x_wconf 83' lang='grc' dir='ltr'>αὑτοῦ</span> <span class='ocrx_word' id='word_1_26' title='bbox 263 235 384 270; x_wconf 84' lang='grc' dir='ltr'><strong>συνήθως</strong></span> <span class='ocrx_word' id='word_1_27' title='bbox 400 234 568 270; x_wconf 77' lang='grc' dir='ltr'>ὲφαίδρυνεν.</span> <span class='ocrx_word' id='word_1_28' title='bbox 586 235 679 270; x_wconf 82' lang='grc' dir='ltr'>Ἡμεῖς</span> <span class='ocrx_word' id='word_1_29' title='bbox 690 236 729 268; x_wconf 80' lang='grc' dir='ltr'><strong>δὲ,</strong></span> <span class='ocrx_word' id='word_1_30' title='bbox 746 237 770 263; x_wconf 82' lang='grc' dir='ltr'><strong>εἰ</strong></span> <span class='ocrx_word' id='word_1_31' title='bbox 787 237 834 263; x_wconf 69' lang='grc' dir='ltr'>καὶ</span> <span class='ocrx_word' id='word_1_32' title='bbox 848 245 893 263; x_wconf 90' lang='grc' dir='ltr'>σε-</span> 
     </span>
    </p>
   </div>
   <div class='ocr_carea' id='block_1_7' title="bbox 110 280 893 318">
    <p class='ocr_par' dir='ltr' id='par_1_7' title="bbox 110 280 893 318">
     <span class='ocr_line' id='line_1_7' title="bbox 110 280 893 318; baseline 0.004 -12"><span class='ocrx_word' id='word_1_33' title='bbox 110 281 232 316; x_wconf 85' lang='grc' dir='ltr'>μνότητά</span> <span class='ocrx_word' id='word_1_34' title='bbox 247 289 308 307; x_wconf 88' lang='grc' dir='ltr'>τινα</span> <span class='ocrx_word' id='word_1_35' title='bbox 319 280 393 307; x_wconf 86' lang='grc' dir='ltr'>θείαν</span> <span class='ocrx_word' id='word_1_36' title='bbox 408 282 441 316; x_wconf 86' lang='grc' dir='ltr'>τῇ</span> <span class='ocrx_word' id='word_1_37' title='bbox 461 281 534 316; x_wconf 84' lang='grc' dir='ltr'>πάσῃ</span> <span class='ocrx_word' id='word_1_38' title='bbox 551 281 677 308; x_wconf 78' lang='grc' dir='ltr'><strong>ὑποθέσει</strong></span> <span class='ocrx_word' id='word_1_39' title='bbox 690 282 767 317; x_wconf 81' lang='grc' dir='ltr'>φέρει</span> <span class='ocrx_word' id='word_1_40' title='bbox 780 282 812 309; x_wconf 85' lang='grc' dir='ltr'>τὸ</span> <span class='ocrx_word' id='word_1_41' title='bbox 826 291 893 318; x_wconf 81' lang='grc' dir='ltr'>χρη-</span> 
     </span>
    </p>
   </div>
   <div class='ocr_carea' id='block_1_8' title="bbox 110 323 895 360">
    <p class='ocr_par' dir='ltr' id='par_1_8' title="bbox 110 323 895 360">
     <span class='ocr_line' id='line_1_8' title="bbox 110 323 895 360; baseline 0.005 -10"><span class='ocrx_word' id='word_1_42' title='bbox 110 324 234 359; x_wconf 80' lang='grc' dir='ltr'>ματίζειν</span> <span class='ocrx_word' id='word_1_43' title='bbox 249 324 280 350; x_wconf 81' lang='grc' dir='ltr'>τὺ</span> <span class='ocrx_word' id='word_1_44' title='bbox 293 324 368 358; x_wconf 75' lang='grc' dir='ltr'>ἅγιον</span> <span class='ocrx_word' id='word_1_45' title='bbox 382 323 503 359; x_wconf 80' lang='grc' dir='ltr'><strong>Πνεῦμα,</strong></span> <span class='ocrx_word' id='word_1_46' title='bbox 520 325 567 351; x_wconf 77' lang='grc' dir='ltr'><strong>καὶ</strong></span> <span class='ocrx_word' id='word_1_47' title='bbox 581 326 661 360; x_wconf 78' lang='grc' dir='ltr'>ἀρκεῖ</span> <span class='ocrx_word' id='word_1_48' title='bbox 673 326 733 353; x_wconf 80' lang='grc' dir='ltr'>καθ’</span> <span class='ocrx_word' id='word_1_49' title='bbox 752 327 830 353; x_wconf 84' lang='grc' dir='ltr'>ἑαυτὸ</span> <span class='ocrx_word' id='word_1_50' title='bbox 843 337 895 354; x_wconf 85' lang='grc' dir='ltr'>πα-</span> 
     </span>
    </p>
   </div>
   <div class='ocr_carea' id='block_1_9' title="bbox 109 370 895 407">
    <p class='ocr_par' dir='ltr' id='par_1_9' title="bbox 109 370 895 407">
     <span class='ocr_line' id='line_1_9' title="bbox 109 370 895 407; baseline 0.004 -11"><span class='ocrx_word' id='word_1_51' title='bbox 109 370 349 406; x_wconf 72' lang='grc' dir='ltr'>ραλαμϐανόμενον</span> <span class='ocrx_word' id='word_1_52' title='bbox 366 371 405 402; x_wconf 81' lang='grc' dir='ltr'><strong>εἰς</strong></span> <span class='ocrx_word' id='word_1_53' title='bbox 424 370 591 406; x_wconf 84' lang='grc' dir='ltr'>μαρτυρίαν·</span> <span class='ocrx_word' id='word_1_54' title='bbox 612 371 685 406; x_wconf 84' lang='grc' dir='ltr'>ὅμως</span> <span class='ocrx_word' id='word_1_55' title='bbox 701 372 730 398; x_wconf 85' lang='grc' dir='ltr'>οὐ</span> <span class='ocrx_word' id='word_1_56' title='bbox 750 372 828 407; x_wconf 84' lang='grc' dir='ltr'>μόνον</span> <span class='ocrx_word' id='word_1_57' title='bbox 847 373 895 399; x_wconf 84' lang='grc' dir='ltr'><strong>αὐ-</strong></span> 
     </span>
    </p>
   </div>
   <div class='ocr_carea' id='block_1_10' title="bbox 106 416 894 454">
    <p class='ocr_par' dir='ltr' id='par_1_10' title="bbox 106 416 894 454">
     <span class='ocr_line' id='line_1_10' title="bbox 106 416 894 454; baseline 0.001 -10"><span class='ocrx_word' id='word_1_58' title='bbox 106 417 150 450; x_wconf 82' lang='grc' dir='ltr'><strong>τὸ,</strong></span> <span class='ocrx_word' id='word_1_59' title='bbox 168 417 236 444; x_wconf 77' lang='grc' dir='ltr'>ἀλλὰ</span> <span class='ocrx_word' id='word_1_60' title='bbox 252 417 306 452; x_wconf 83' lang='grc' dir='ltr'>γὰρ</span> <span class='ocrx_word' id='word_1_61' title='bbox 321 417 368 443; x_wconf 81' lang='grc' dir='ltr'><strong>καὶ</strong></span> <span class='ocrx_word' id='word_1_62' title='bbox 385 416 486 452; x_wconf 77' lang='grc' dir='ltr'>πλῆθος</span> <span class='ocrx_word' id='word_1_63' title='bbox 501 417 565 444; x_wconf 76' lang='grc' dir='ltr'>ἄλλο</span> <span class='ocrx_word' id='word_1_64' title='bbox 581 417 689 453; x_wconf 73' lang='grc' dir='ltr'>ὑψηλῶν</span> <span class='ocrx_word' id='word_1_65' title='bbox 711 419 758 445; x_wconf 85' lang='grc' dir='ltr'><strong>καὶ</strong></span> <span class='ocrx_word' id='word_1_66' title='bbox 774 419 894 454; x_wconf 76' lang='grc' dir='ltr'>ἀναμφι-</span> 
     </span>
    </p>
   </div>
   <div class='ocr_carea' id='block_1_11' title="bbox 108 459 895 500">
    <p class='ocr_par' dir='ltr' id='par_1_11' title="bbox 108 459 895 500">
     <span class='ocr_line' id='line_1_11' title="bbox 108 459 895 500; baseline 0.001 -10"><span class='ocrx_word' id='word_1_67' title='bbox 108 464 251 499; x_wconf 74' lang='grc' dir='ltr'>σϐητήτων</span> <span class='ocrx_word' id='word_1_68' title='bbox 265 463 427 496; x_wconf 79' lang='grc' dir='ltr'>ἀποδείξεων</span> <span class='ocrx_word' id='word_1_69' title='bbox 441 463 646 499; x_wconf 78' lang='grc' dir='ltr'>παρηγάγομεψ</span> <span class='ocrx_word' id='word_1_70' title='bbox 660 461 700 495; x_wconf 74' lang='grc' dir='ltr'>οἷς</span> <span class='ocrx_word' id='word_1_71' title='bbox 712 465 735 491; x_wconf 80' lang='grc' dir='ltr'><strong>εἰ</strong></span> <span class='ocrx_word' id='word_1_72' title='bbox 749 459 895 500; x_wconf 79' lang='grc' dir='ltr'>προσέχετε</span> 
     </span>
    </p>
   </div>
   <div class='ocr_carea' id='block_1_12' title="bbox 106 510 894 546">
    <p class='ocr_par' dir='ltr' id='par_1_12' title="bbox 106 510 894 546">
     <span class='ocr_line' id='line_1_12' title="bbox 106 510 894 546; baseline -0.001 -8"><span class='ocrx_word' id='word_1_73' title='bbox 106 510 284 542; x_wconf 76' lang='grc' dir='ltr'><strong>ἀντιπαθείας</strong></span> <span class='ocrx_word' id='word_1_74' title='bbox 299 510 374 542; x_wconf 77' lang='grc' dir='ltr'>ἄνευ,</span> <span class='ocrx_word' id='word_1_75' title='bbox 389 510 552 546; x_wconf 85' lang='grc' dir='ltr'><strong>ἀφωνότεροι</strong></span> <span class='ocrx_word' id='word_1_76' title='bbox 565 510 611 546; x_wconf 69' lang='grc'><strong>[90</strong></span> <span class='ocrx_word' id='word_1_77' title='bbox 629 510 656 545; x_wconf 81' lang='grc' dir='ltr'>α]</span> <span class='ocrx_word' id='word_1_78' title='bbox 679 510 786 542; x_wconf 81' lang='grc' dir='ltr'>πάντως</span> <span class='ocrx_word' id='word_1_79' title='bbox 800 510 894 537; x_wconf 80' lang='grc' dir='ltr'>ἔσεσθε</span> 
     </span>
    </p>
   </div>
   <div class='ocr_carea' id='block_1_13' title="bbox 106 555 894 593">
    <p class='ocr_par' dir='ltr' id='par_1_13' title="bbox 106 555 894 593">
     <span class='ocr_line' id='line_1_13' title="bbox 106 555 894 593; baseline 0.001 -10"><span class='ocrx_word' id='word_1_80' title='bbox 106 556 164 583; x_wconf 88' lang='grc' dir='ltr'><strong>τῶν</strong></span> <span class='ocrx_word' id='word_1_81' title='bbox 190 556 296 591; x_wconf 84' lang='grc' dir='ltr'>ἰχθύων.</span> <span class='ocrx_word' id='word_1_82' title='bbox 325 555 462 590; x_wconf 86' lang='grc' dir='ltr'>Διελέγχει</span> <span class='ocrx_word' id='word_1_83' title='bbox 486 557 574 582; x_wconf 79' lang='grc' dir='ltr'>τοίνυν</span> <span class='ocrx_word' id='word_1_84' title='bbox 607 555 655 590; x_wconf 86' lang='grc' dir='ltr'>τὴν</span> <span class='ocrx_word' id='word_1_85' title='bbox 687 556 894 593; x_wconf 86' lang='grc' dir='ltr'>πειθανουργίαν</span> 
     </span>
    </p>
   </div>
   <div class='ocr_carea' id='block_1_14' title="bbox 108 600 892 637">
    <p class='ocr_par' dir='ltr' id='par_1_14' title="bbox 108 600 892 637">
     <span class='ocr_line' id='line_1_14' title="bbox 108 600 892 637; baseline -0.001 -8"><span class='ocrx_word' id='word_1_86' title='bbox 108 601 186 636; x_wconf 86' lang='grc' dir='ltr'>ὑμῶν</span> <span class='ocrx_word' id='word_1_87' title='bbox 203 601 357 635; x_wconf 79' lang='grc' dir='ltr'>σαφέστατα</span> <span class='ocrx_word' id='word_1_88' title='bbox 381 600 427 628; x_wconf 71' lang='grc' dir='ltr'><strong>καὶ</strong></span> <span class='ocrx_word' id='word_1_89' title='bbox 455 602 469 627; x_wconf 87' lang='grc' dir='ltr'>ὁ</span> <span class='ocrx_word' id='word_1_90' title='bbox 489 600 602 632; x_wconf 77' lang='grc' dir='ltr'>Παῦλος,</span> <span class='ocrx_word' id='word_1_91' title='bbox 621 601 752 635; x_wconf 78' lang='grc' dir='ltr'><strong>Ἐφεσίοις</strong></span> <span class='ocrx_word' id='word_1_92' title='bbox 767 602 892 637; x_wconf 71' lang='grc' dir='ltr'>γράψας-</span> 
     </span>
    </p>
   </div>
   <div class='ocr_carea' id='block_1_15' title="bbox 110 645 895 683">
    <p class='ocr_par' dir='ltr' id='par_1_15' title="bbox 110 645 895 683">
     <span class='ocr_line' id='line_1_15' title="bbox 110 645 895 683; baseline 0 -9"><span class='ocrx_word' id='word_1_93' title='bbox 110 657 120 674; x_wconf 82' lang='grc'><strong>(</strong></span> <span class='ocrx_word' id='word_1_94' title='bbox 145 645 221 682; x_wconf 72' lang='grc' dir='ltr'>Ἐμοὶ</span> <span class='ocrx_word' id='word_1_95' title='bbox 234 646 273 682; x_wconf 84' lang='grc' dir='ltr'><strong>τῷ</strong></span> <span class='ocrx_word' id='word_1_96' title='bbox 288 646 483 682; x_wconf 79' lang='grc' dir='ltr'><strong>ἐλαχιστοτέρῳ</strong></span> <span class='ocrx_word' id='word_1_97' title='bbox 497 646 605 673; x_wconf 86' lang='grc' dir='ltr'>πάντων</span> <span class='ocrx_word' id='word_1_98' title='bbox 618 647 703 680; x_wconf 82' lang='grc' dir='ltr'>ἁγίων</span> <span class='ocrx_word' id='word_1_99' title='bbox 719 647 796 682; x_wconf 83' lang='grc' dir='ltr'>ἐδόθη</span> <span class='ocrx_word' id='word_1_100' title='bbox 812 649 828 682; x_wconf 82' lang='grc' dir='ltr'>ἡ</span> <span class='ocrx_word' id='word_1_101' title='bbox 847 647 895 683; x_wconf 86' lang='grc' dir='ltr'><strong>χά-</strong></span> 
     </span>
    </p>
   </div>
   <div class='ocr_carea' id='block_1_16' title="bbox 109 691 893 728">
    <p class='ocr_par' dir='ltr' id='par_1_16' title="bbox 109 691 893 728">
     <span class='ocr_line' id='line_1_16' title="bbox 109 691 893 728; baseline 0 -9"><span class='ocrx_word' id='word_1_102' title='bbox 109 700 151 728; x_wconf 88' lang='grc' dir='ltr'><strong>ρις</strong></span> <span class='ocrx_word' id='word_1_103' title='bbox 173 692 252 727; x_wconf 79' lang='grc' dir='ltr'>αὕτη,</span> <span class='ocrx_word' id='word_1_104' title='bbox 269 693 297 718; x_wconf 78' lang='grc' dir='ltr'>ἐν</span> <span class='ocrx_word' id='word_1_105' title='bbox 318 693 375 723; x_wconf 90' lang='grc' dir='ltr'>τοῖς</span> <span class='ocrx_word' id='word_1_106' title='bbox 395 691 498 717; x_wconf 76' lang='grc' dir='ltr'>ἔθνεσιν</span> <span class='ocrx_word' id='word_1_107' title='bbox 512 691 738 726; x_wconf 73' lang='grc' dir='ltr'>εὐαγγελίσασθαι</span> <span class='ocrx_word' id='word_1_108' title='bbox 756 693 799 718; x_wconf 75' lang='grc' dir='ltr'><strong>τὸν</strong></span> <span class='ocrx_word' id='word_1_109' title='bbox 816 693 893 725; x_wconf 81' lang='grc' dir='ltr'>ἀνεξ-</span> 
     </span>
    </p>
   </div>
   <div class='ocr_carea' id='block_1_17' title="bbox 109 736 893 774">
    <p class='ocr_par' dir='ltr' id='par_1_17' title="bbox 109 736 893 774">
     <span class='ocr_line' id='line_1_17' title="bbox 109 736 893 774; baseline 0.003 -10"><span class='ocrx_word' id='word_1_110' title='bbox 109 738 242 774; x_wconf 87' lang='grc' dir='ltr'>ιχνίαστον</span> <span class='ocrx_word' id='word_1_111' title='bbox 256 737 370 764; x_wconf 85' lang='grc' dir='ltr'>πλοῦτον</span> <span class='ocrx_word' id='word_1_112' title='bbox 384 737 430 764; x_wconf 76' lang='grc' dir='ltr'>τοῦ</span> <span class='ocrx_word' id='word_1_113' title='bbox 449 736 576 772; x_wconf 79' lang='grc' dir='ltr'>Χριστοῦ,</span> <span class='ocrx_word' id='word_1_114' title='bbox 593 737 640 764; x_wconf 75' lang='grc' dir='ltr'>καὶ</span> <span class='ocrx_word' id='word_1_115' title='bbox 651 738 765 772; x_wconf 80' lang='grc' dir='ltr'>φωτίσαι</span> <span class='ocrx_word' id='word_1_116' title='bbox 779 738 893 772; x_wconf 80' lang='grc' dir='ltr'>πάντας,</span> 
     </span>
    </p>
   </div>
   <div class='ocr_carea' id='block_1_18' title="bbox 107 782 894 820">
    <p class='ocr_par' dir='ltr' id='par_1_18' title="bbox 107 782 894 820">
     <span class='ocr_line' id='line_1_18' title="bbox 107 782 894 820; baseline 0.001 -10"><span class='ocrx_word' id='word_1_117' title='bbox 107 784 149 815; x_wconf 82' lang='grc' dir='ltr'><strong>τίς</strong></span> <span class='ocrx_word' id='word_1_118' title='bbox 162 784 179 818; x_wconf 81' lang='grc' dir='ltr'>ἡ</span> <span class='ocrx_word' id='word_1_119' title='bbox 192 783 330 818; x_wconf 82' lang='grc' dir='ltr'>οἰκονομία</span> <span class='ocrx_word' id='word_1_120' title='bbox 341 782 387 809; x_wconf 73' lang='grc' dir='ltr'>τοῦ</span> <span class='ocrx_word' id='word_1_121' title='bbox 404 783 562 818; x_wconf 83' lang='grc' dir='ltr'>μυστηρίου,</span> <span class='ocrx_word' id='word_1_122' title='bbox 581 782 628 809; x_wconf 82' lang='grc' dir='ltr'>τοῦ</span> <span class='ocrx_word' id='word_1_123' title='bbox 650 784 894 820; x_wconf 78' lang='grc' dir='ltr'>ἀποκεκρυμμένου</span> 
     </span>
    </p>
   </div>
   <div class='ocr_carea' id='block_1_19' title="bbox 108 827 892 863">
    <p class='ocr_par' dir='ltr' id='par_1_19' title="bbox 108 827 892 863">
     <span class='ocr_line' id='line_1_19' title="bbox 108 827 892 863; baseline 0.003 -8"><span class='ocrx_word' id='word_1_124' title='bbox 108 828 163 856; x_wconf 75' lang='grc' dir='ltr'><strong>ἀπὸ</strong></span> <span class='ocrx_word' id='word_1_125' title='bbox 183 828 237 855; x_wconf 87' lang='grc' dir='ltr'><strong>τῶν</strong></span> <span class='ocrx_word' id='word_1_126' title='bbox 252 829 356 855; x_wconf 77' lang='grc' dir='ltr'>αἰώνων</span> <span class='ocrx_word' id='word_1_127' title='bbox 368 829 398 854; x_wconf 86' lang='grc' dir='ltr'><strong>ὲν</strong></span> <span class='ocrx_word' id='word_1_128' title='bbox 411 828 449 863; x_wconf 81' lang='grc' dir='ltr'><strong>τῷ</strong></span> <span class='ocrx_word' id='word_1_129' title='bbox 466 827 534 863; x_wconf 87' lang='grc' dir='ltr'>Θεῷ,</span> <span class='ocrx_word' id='word_1_130' title='bbox 549 828 587 863; x_wconf 85' lang='grc' dir='ltr'>τῷ</span> <span class='ocrx_word' id='word_1_131' title='bbox 601 828 635 855; x_wconf 86' lang='grc' dir='ltr'>τὰ</span> <span class='ocrx_word' id='word_1_132' title='bbox 649 829 738 856; x_wconf 80' lang='grc' dir='ltr'>πάντα.</span> <span class='ocrx_word' id='word_1_133' title='bbox 751 831 875 857; x_wconf 83' lang='grc' dir='ltr'>κτίσαντι</span> <span class='ocrx_word' id='word_1_134' title='bbox 886 839 892 846; x_wconf 91' lang='grc'>·</span> 
     </span>
    </p>
   </div>
   <div class='ocr_carea' id='block_1_20' title="bbox 109 874 893 910">
    <p class='ocr_par' dir='ltr' id='par_1_20' title="bbox 109 874 893 910">
     <span class='ocr_line' id='line_1_20' title="bbox 109 874 893 910; baseline 0.001 -8"><span class='ocrx_word' id='word_1_135' title='bbox 109 877 154 902; x_wconf 81' lang='grc' dir='ltr'>ἴνα</span> <span class='ocrx_word' id='word_1_136' title='bbox 181 874 319 910; x_wconf 83' lang='grc' dir='ltr'>γνωρισθῇ</span> <span class='ocrx_word' id='word_1_137' title='bbox 346 874 392 901; x_wconf 81' lang='grc' dir='ltr'>νῦν</span> <span class='ocrx_word' id='word_1_138' title='bbox 426 876 485 905; x_wconf 88' lang='grc' dir='ltr'>ταῖς</span> <span class='ocrx_word' id='word_1_139' title='bbox 519 875 627 910; x_wconf 81' lang='grc' dir='ltr'>ἀρχαῖς,</span> <span class='ocrx_word' id='word_1_140' title='bbox 655 875 701 902; x_wconf 75' lang='grc' dir='ltr'><strong>καὶ</strong></span> <span class='ocrx_word' id='word_1_141' title='bbox 732 878 791 908; x_wconf 84' lang='grc' dir='ltr'>ταῖς</span> <span class='ocrx_word' id='word_1_142' title='bbox 816 876 893 909; x_wconf 77' lang='grc' dir='ltr'>ἐξου-</span> 
     </span>
    </p>
   </div>
   <div class='ocr_carea' id='block_1_21' title="bbox 109 917 893 954">
    <p class='ocr_par' dir='ltr' id='par_1_21' title="bbox 109 917 893 954">
     <span class='ocr_line' id='line_1_21' title="bbox 109 917 893 954; baseline 0 -8"><span class='ocrx_word' id='word_1_143' title='bbox 109 920 191 951; x_wconf 84' lang='grc' dir='ltr'>σίαις,</span> <span class='ocrx_word' id='word_1_144' title='bbox 209 920 237 945; x_wconf 82' lang='grc' dir='ltr'>ὲν</span> <span class='ocrx_word' id='word_1_145' title='bbox 250 920 307 950; x_wconf 75' lang='grc' dir='ltr'>τοῖς</span> <span class='ocrx_word' id='word_1_146' title='bbox 317 917 497 954; x_wconf 77' lang='grc' dir='ltr'>ἐπουρανίοις,</span> <span class='ocrx_word' id='word_1_147' title='bbox 513 918 556 944; x_wconf 80' lang='grc' dir='ltr'>διὰ</span> <span class='ocrx_word' id='word_1_148' title='bbox 565 917 798 953; x_wconf 83' lang='grc' dir='ltr'>τῆς’Ὲκκλησίας,</span> <span class='ocrx_word' id='word_1_149' title='bbox 809 920 826 954; x_wconf 80' lang='grc' dir='ltr'>ἡ</span> <span class='ocrx_word' id='word_1_150' title='bbox 843 928 893 946; x_wconf 85' lang='grc' dir='ltr'>πο-</span> 
     </span>
    </p>
   </div>
   <div class='ocr_carea' id='block_1_22' title="bbox 109 960 895 997">
    <p class='ocr_par' dir='ltr' id='par_1_22' title="bbox 109 960 895 997">
     <span class='ocr_line' id='line_1_22' title="bbox 109 960 895 997; baseline -0.003 -6"><span class='ocrx_word' id='word_1_151' title='bbox 109 963 264 995; x_wconf 79' lang='grc' dir='ltr'>λυποίκιλος</span> <span class='ocrx_word' id='word_1_152' title='bbox 277 963 357 997; x_wconf 80' lang='grc' dir='ltr'>σοφία</span> <span class='ocrx_word' id='word_1_153' title='bbox 375 961 421 988; x_wconf 83' lang='grc' dir='ltr'>τοῦ</span> <span class='ocrx_word' id='word_1_154' title='bbox 439 961 516 988; x_wconf 84' lang='grc' dir='ltr'>Θεοῦ.</span> <span class='ocrx_word' id='word_1_155' title='bbox 534 971 543 987; x_wconf 84' lang='grc'><strong><em>›</em></strong></span> <span class='ocrx_word' id='word_1_156' title='bbox 564 962 726 989; x_wconf 74' lang='grc' dir='ltr'>Κατανοείτε</span> <span class='ocrx_word' id='word_1_157' title='bbox 739 960 796 994; x_wconf 71' lang='grc' dir='ltr'>οὖν,</span> <span class='ocrx_word' id='word_1_158' title='bbox 813 962 895 989; x_wconf 84' lang='grc' dir='ltr'>πόσον</span> 
     </span>
    </p>
   </div>
   <div class='ocr_carea' id='block_1_23' title="bbox 109 1007 894 1045">
    <p class='ocr_par' dir='ltr' id='par_1_23' title="bbox 109 1007 894 1045">
     <span class='ocr_line' id='line_1_23' title="bbox 109 1007 894 1045; baseline -0.003 -9"><span class='ocrx_word' id='word_1_159' title='bbox 109 1009 240 1045; x_wconf 81' lang='grc' dir='ltr'>ἐξῄρηται</span> <span class='ocrx_word' id='word_1_160' title='bbox 255 1010 271 1044; x_wconf 80' lang='grc' dir='ltr'><strong>ἡ</strong></span> <span class='ocrx_word' id='word_1_161' title='bbox 285 1007 406 1042; x_wconf 82' lang='grc' dir='ltr'>ἀγγέλων</span> <span class='ocrx_word' id='word_1_162' title='bbox 425 1007 505 1042; x_wconf 79' lang='grc' dir='ltr'>φύσις</span> <span class='ocrx_word' id='word_1_163' title='bbox 517 1007 564 1033; x_wconf 81' lang='grc' dir='ltr'>τοῦ</span> <span class='ocrx_word' id='word_1_164' title='bbox 577 1007 622 1041; x_wconf 80' lang='grc' dir='ltr'><strong>ἀφ’</strong></span> <span class='ocrx_word' id='word_1_165' title='bbox 635 1008 734 1042; x_wconf 78' lang='grc' dir='ltr'>ἑαυτῆς</span> <span class='ocrx_word' id='word_1_166' title='bbox 756 1007 852 1035; x_wconf 82' lang='grc' dir='ltr'>εἰδέναι</span> <span class='ocrx_word' id='word_1_167' title='bbox 868 1017 894 1034; x_wconf 92' lang='grc' dir='ltr'><strong>τι</strong></span> 
     </span>
    </p>
   </div>
   <div class='ocr_carea' id='block_1_24' title="bbox 108 1051 895 1090">
    <p class='ocr_par' dir='ltr' id='par_1_24' title="bbox 108 1051 895 1090">
     <span class='ocr_line' id='line_1_24' title="bbox 108 1051 895 1090; baseline -0.004 -8"><span class='ocrx_word' id='word_1_168' title='bbox 108 1055 163 1082; x_wconf 87' lang='grc' dir='ltr'><strong>τῶν</strong></span> <span class='ocrx_word' id='word_1_169' title='bbox 177 1053 323 1090; x_wconf 78' lang='grc' dir='ltr'>ἐσομένων,</span> <span class='ocrx_word' id='word_1_170' title='bbox 340 1053 387 1080; x_wconf 76' lang='grc' dir='ltr'><strong>καὶ</strong></span> <span class='ocrx_word' id='word_1_171' title='bbox 399 1053 445 1080; x_wconf 84' lang='grc' dir='ltr'>τοῦ</span> <span class='ocrx_word' id='word_1_172' title='bbox 460 1051 639 1088; x_wconf 77' lang='grc' dir='ltr'>χρηματίζειν</span> <span class='ocrx_word' id='word_1_173' title='bbox 649 1062 655 1068; x_wconf 90' lang='grc'><strong>·</strong></span> <span class='ocrx_word' id='word_1_174' title='bbox 671 1053 711 1079; x_wconf 87' lang='grc' dir='ltr'>ὅτι</span> <span class='ocrx_word' id='word_1_175' title='bbox 726 1053 772 1079; x_wconf 72' lang='grc' dir='ltr'>καὶ</span> <span class='ocrx_word' id='word_1_176' title='bbox 785 1053 830 1080; x_wconf 71' lang='grc' dir='ltr'><strong>διὰ</strong></span> <span class='ocrx_word' id='word_1_177' title='bbox 845 1053 895 1088; x_wconf 77' lang='grc' dir='ltr'>τῆς</span> 
     </span>
    </p>
   </div>
   <div class='ocr_carea' id='block_1_25' title="bbox 108 1098 895 1136">
    <p class='ocr_par' dir='ltr' id='par_1_25' title="bbox 108 1098 895 1136">
     <span class='ocr_line' id='line_1_25' title="bbox 108 1098 895 1136; baseline -0.004 -9"><span class='ocrx_word' id='word_1_178' title='bbox 108 1101 140 1128; x_wconf 81' lang='grc' dir='ltr'>ὲν</span> <span class='ocrx_word' id='word_1_179' title='bbox 160 1100 228 1136; x_wconf 84' lang='grc' dir='ltr'>τῷδε</span> <span class='ocrx_word' id='word_1_180' title='bbox 250 1099 288 1135; x_wconf 82' lang='grc' dir='ltr'>τῷ</span> <span class='ocrx_word' id='word_1_181' title='bbox 302 1100 396 1135; x_wconf 86' lang='grc' dir='ltr'>κόσμῳ</span> <span class='ocrx_word' id='word_1_182' title='bbox 415 1098 576 1134; x_wconf 85' lang='grc' dir='ltr'>Ἐκκλησίας</span> <span class='ocrx_word' id='word_1_183' title='bbox 584 1098 631 1125; x_wconf 88' lang='grc' dir='ltr'><strong>τοῦ</strong></span> <span class='ocrx_word' id='word_1_184' title='bbox 642 1098 719 1130; x_wconf 86' lang='grc' dir='ltr'>Θεοῦ,</span> <span class='ocrx_word' id='word_1_185' title='bbox 736 1099 797 1134; x_wconf 82' lang='grc' dir='ltr'>ἦτις</span> <span class='ocrx_word' id='word_1_186' title='bbox 813 1099 895 1134; x_wconf 79' lang='grc' dir='ltr'>ἐσμὲν</span> 
     </span>
    </p>
   </div>
   <div class='ocr_carea' id='block_1_26' title="bbox 108 1144 895 1183">
    <p class='ocr_par' dir='ltr' id='par_1_26' title="bbox 108 1144 895 1183">
     <span class='ocr_line' id='line_1_26' title="bbox 108 1144 895 1183; baseline -0.004 -10"><span class='ocrx_word' id='word_1_187' title='bbox 108 1148 199 1183; x_wconf 79' lang='grc' dir='ltr'>ἡμεῖς,</span> <span class='ocrx_word' id='word_1_188' title='bbox 217 1146 252 1173; x_wconf 75' lang='grc' dir='ltr'>τὰ</span> <span class='ocrx_word' id='word_1_189' title='bbox 264 1145 391 1181; x_wconf 81' lang='grc' dir='ltr'>μεγαλεῖα</span> <span class='ocrx_word' id='word_1_190' title='bbox 404 1144 544 1181; x_wconf 84' lang='grc' dir='ltr'>μανθάνει.</span> <span class='ocrx_word' id='word_1_191' title='bbox 561 1144 631 1180; x_wconf 86' lang='grc' dir='ltr'>Πρὸς</span> <span class='ocrx_word' id='word_1_192' title='bbox 648 1144 734 1171; x_wconf 83' lang='grc' dir='ltr'>πειθὼ</span> <span class='ocrx_word' id='word_1_193' title='bbox 747 1145 775 1171; x_wconf 85' lang='grc' dir='ltr'><strong>δὲ</strong></span> <span class='ocrx_word' id='word_1_194' title='bbox 786 1145 834 1180; x_wconf 82' lang='grc' dir='ltr'>τὴν</span> <span class='ocrx_word' id='word_1_195' title='bbox 845 1153 895 1171; x_wconf 84' lang='grc' dir='ltr'>πε-</span> 
     </span>
    </p>
   </div>
   <div class='ocr_carea' id='block_1_27' title="bbox 110 1190 896 1230">
    <p class='ocr_par' dir='ltr' id='par_1_27' title="bbox 110 1190 896 1230">
     <span class='ocr_line' id='line_1_27' title="bbox 110 1190 896 1230; baseline -0.005 -10"><span class='ocrx_word' id='word_1_196' title='bbox 110 1195 138 1230; x_wconf 80' lang='grc' dir='ltr'>ρὶ</span> <span class='ocrx_word' id='word_1_197' title='bbox 146 1191 236 1225; x_wconf 80' lang='grc' dir='ltr'>τοῦτο,</span> <span class='ocrx_word' id='word_1_198' title='bbox 253 1192 364 1219; x_wconf 78' lang='grc' dir='ltr'>δύναταί</span> <span class='ocrx_word' id='word_1_199' title='bbox 389 1201 415 1218; x_wconf 86' lang='grc' dir='ltr'><strong>τι</strong></span> <span class='ocrx_word' id='word_1_200' title='bbox 438 1191 633 1226; x_wconf 77' lang='grc' dir='ltr'>συλλαμϐάνειν</span> <span class='ocrx_word' id='word_1_201' title='bbox 649 1191 695 1217; x_wconf 76' lang='grc' dir='ltr'><strong>καὶ</strong></span> <span class='ocrx_word' id='word_1_202' title='bbox 709 1191 780 1226; x_wconf 83' lang='grc' dir='ltr'>ἆπερ</span> <span class='ocrx_word' id='word_1_203' title='bbox 794 1190 896 1223; x_wconf 80' lang='grc' dir='ltr'>Κολοσ-</span> 
     </span>
    </p>
   </div>
   <div class='ocr_carea' id='block_1_28' title="bbox 110 1236 896 1274">
    <p class='ocr_par' dir='ltr' id='par_1_28' title="bbox 110 1236 896 1274">
     <span class='ocr_line' id='line_1_28' title="bbox 110 1236 896 1274; baseline -0.003 -8"><span class='ocrx_word' id='word_1_204' title='bbox 110 1239 221 1266; x_wconf 79' lang='grc' dir='ltr'>σαεῦσιν</span> <span class='ocrx_word' id='word_1_205' title='bbox 236 1238 353 1274; x_wconf 74' lang='grc' dir='ltr'>ἔγραψεν</span> <span class='ocrx_word' id='word_1_206' title='bbox 366 1237 476 1264; x_wconf 80' lang='grc' dir='ltr'>τοιῶσδε</span> <span class='ocrx_word' id='word_1_207' title='bbox 486 1245 493 1252; x_wconf 86' lang='grc'><strong>·</strong></span> <span class='ocrx_word' id='word_1_208' title='bbox 525 1247 533 1263; x_wconf 80' lang='grc' dir='ltr'><strong>ι</strong></span> <span class='ocrx_word' id='word_1_209' title='bbox 546 1237 583 1263; x_wconf 86' lang='grc' dir='ltr'><strong>Τὸ</strong></span> <span class='ocrx_word' id='word_1_210' title='bbox 601 1238 748 1273; x_wconf 87' lang='grc' dir='ltr'>μυστήριον</span> <span class='ocrx_word' id='word_1_211' title='bbox 762 1237 842 1263; x_wconf 77' lang='grc' dir='ltr'>τοῦτο</span> <span class='ocrx_word' id='word_1_212' title='bbox 865 1236 896 1264; x_wconf 78' lang='grc' dir='ltr'><strong>τὸ</strong></span> 
     </span>
    </p>
   </div>
   <div class='ocr_carea' id='block_1_29' title="bbox 109 1282 894 1321">
    <p class='ocr_par' dir='ltr' id='par_1_29' title="bbox 109 1282 894 1321">
     <span class='ocr_line' id='line_1_29' title="bbox 109 1282 894 1321; baseline -0.004 -9"><span class='ocrx_word' id='word_1_213' title='bbox 109 1284 354 1321; x_wconf 79' lang='grc' dir='ltr'>ἀποκεκρυμμένον</span> <span class='ocrx_word' id='word_1_214' title='bbox 378 1283 430 1319; x_wconf 78' lang='grc' dir='ltr'>πρὸ</span> <span class='ocrx_word' id='word_1_215' title='bbox 446 1283 500 1309; x_wconf 85' lang='grc' dir='ltr'><strong>τῶν</strong></span> <span class='ocrx_word' id='word_1_216' title='bbox 519 1283 623 1309; x_wconf 82' lang='grc' dir='ltr'>αἰώνων</span> <span class='ocrx_word' id='word_1_217' title='bbox 641 1283 688 1309; x_wconf 84' lang='grc' dir='ltr'><strong>καί</strong></span> <span class='ocrx_word' id='word_1_218' title='bbox 707 1283 760 1309; x_wconf 81' lang='grc' dir='ltr'>ἀπὸ</span> <span class='ocrx_word' id='word_1_219' title='bbox 779 1282 833 1309; x_wconf 85' lang='grc' dir='ltr'><strong>τῶν</strong></span> <span class='ocrx_word' id='word_1_220' title='bbox 847 1290 894 1316; x_wconf 87' lang='grc' dir='ltr'>γε-</span> 
     </span>
    </p>
   </div>
   <div class='ocr_carea' id='block_1_30' title="bbox 109 1328 895 1365">
    <p class='ocr_par' dir='ltr' id='par_1_30' title="bbox 109 1328 895 1365">
     <span class='ocr_line' id='line_1_30' title="bbox 109 1328 895 1365; baseline -0.004 -8"><span class='ocrx_word' id='word_1_221' title='bbox 109 1330 189 1362; x_wconf 82' lang='grc' dir='ltr'>νεῶν,</span> <span class='ocrx_word' id='word_1_222' title='bbox 204 1330 218 1356; x_wconf 84' lang='grc' dir='ltr'>ὃ</span> <span class='ocrx_word' id='word_1_223' title='bbox 227 1330 274 1357; x_wconf 85' lang='grc' dir='ltr'>νῦν</span> <span class='ocrx_word' id='word_1_224' title='bbox 285 1329 444 1365; x_wconf 77' lang='grc' dir='ltr'>ἐφανερώθη</span> <span class='ocrx_word' id='word_1_225' title='bbox 452 1330 508 1360; x_wconf 85' lang='grc' dir='ltr'>τοῖς</span> <span class='ocrx_word' id='word_1_226' title='bbox 518 1329 604 1363; x_wconf 82' lang='grc' dir='ltr'>ἁγίοις</span> <span class='ocrx_word' id='word_1_227' title='bbox 616 1328 708 1355; x_wconf 83' lang='grc' dir='ltr'>αὑτοῦ.</span> <span class='ocrx_word' id='word_1_228' title='bbox 716 1338 724 1353; x_wconf 70' lang='grc' dir='ltr'><strong>ι</strong></span> <span class='ocrx_word' id='word_1_229' title='bbox 736 1328 793 1363; x_wconf 85' lang='grc' dir='ltr'>Πρὸ</span> <span class='ocrx_word' id='word_1_230' title='bbox 799 1328 895 1355; x_wconf 88' lang='grc' dir='ltr'>τούτου</span> 
     </span>
    </p>
   </div>
   <div class='ocr_carea' id='block_1_31' title="bbox 109 1374 896 1411">
    <p class='ocr_par' dir='ltr' id='par_1_31' title="bbox 109 1374 896 1411">
     <span class='ocr_line' id='line_1_31' title="bbox 109 1374 896 1411; baseline -0.003 -8"><span class='ocrx_word' id='word_1_231' title='bbox 109 1377 174 1411; x_wconf 83' lang='grc' dir='ltr'>γὰρ,</span> <span class='ocrx_word' id='word_1_232' title='bbox 191 1377 267 1411; x_wconf 74' lang='grc' dir='ltr'>φησὶ,</span> <span class='ocrx_word' id='word_1_233' title='bbox 280 1375 321 1410; x_wconf 84' lang='grc' dir='ltr'>τῷ</span> <span class='ocrx_word' id='word_1_234' title='bbox 333 1375 393 1410; x_wconf 79' lang='grc' dir='ltr'>Θεῷ</span> <span class='ocrx_word' id='word_1_235' title='bbox 405 1374 522 1409; x_wconf 73' lang='grc' dir='ltr'>ἔγνωστο</span> <span class='ocrx_word' id='word_1_236' title='bbox 536 1374 618 1409; x_wconf 82' lang='grc' dir='ltr'>μόνῳ.</span> <span class='ocrx_word' id='word_1_237' title='bbox 629 1374 701 1409; x_wconf 80' lang='grc' dir='ltr'>Πρὸς</span> <span class='ocrx_word' id='word_1_238' title='bbox 726 1374 839 1406; x_wconf 77' lang='grc' dir='ltr'>τούτοις,</span> <span class='ocrx_word' id='word_1_239' title='bbox 849 1374 896 1401; x_wconf 78' lang='grc' dir='ltr'><strong>καὶ</strong></span> 
     </span>
    </p>
   </div>
   <div class='ocr_carea' id='block_1_32' title="bbox 110 1419 895 1458">
    <p class='ocr_par' dir='ltr' id='par_1_32' title="bbox 110 1419 895 1458">
     <span class='ocr_line' id='line_1_32' title="bbox 110 1419 895 1458; baseline -0.004 -9"><span class='ocrx_word' id='word_1_240' title='bbox 110 1423 182 1458; x_wconf 70' lang='grc' dir='ltr'>ἅπερ</span> <span class='ocrx_word' id='word_1_241' title='bbox 200 1422 264 1457; x_wconf 74' lang='grc' dir='ltr'>περὶ</span> <span class='ocrx_word' id='word_1_242' title='bbox 278 1421 331 1448; x_wconf 83' lang='grc' dir='ltr'><strong>τῶν</strong></span> <span class='ocrx_word' id='word_1_243' title='bbox 350 1421 514 1455; x_wconf 79' lang='grc' dir='ltr'>ἐνεγκόντων</span> <span class='ocrx_word' id='word_1_244' title='bbox 533 1421 614 1447; x_wconf 84' lang='grc' dir='ltr'>πᾶσιν</span> <span class='ocrx_word' id='word_1_245' title='bbox 628 1419 781 1456; x_wconf 84' lang='grc' dir='ltr'>ἀνθρώποις</span> <span class='ocrx_word' id='word_1_246' title='bbox 791 1420 895 1454; x_wconf 71' lang='grc' dir='ltr'>θφελος,</span> 
     </span>
    </p>
   </div>
   <div class='ocr_carea' id='block_1_33' title="bbox 109 1465 897 1503">
    <p class='ocr_par' dir='ltr' id='par_1_33' title="bbox 109 1465 897 1503">
     <span class='ocr_line' id='line_1_33' title="bbox 109 1465 897 1503; baseline -0.003 -9"><span class='ocrx_word' id='word_1_247' title='bbox 109 1468 164 1495; x_wconf 87' lang='grc' dir='ltr'><strong>τῶν</strong></span> <span class='ocrx_word' id='word_1_248' title='bbox 181 1468 245 1503; x_wconf 74' lang='grc' dir='ltr'>περὶ.</span> <span class='ocrx_word' id='word_1_249' title='bbox 265 1467 314 1503; x_wconf 86' lang='grc' dir='ltr'><strong>τὴν</strong></span> <span class='ocrx_word' id='word_1_250' title='bbox 329 1467 440 1494; x_wconf 79' lang='grc' dir='ltr'>ἄλεκτον</span> <span class='ocrx_word' id='word_1_251' title='bbox 454 1466 608 1502; x_wconf 78' lang='grc' dir='ltr'>οἰκονομίαν</span> <span class='ocrx_word' id='word_1_252' title='bbox 622 1467 703 1501; x_wconf 78' lang='grc' dir='ltr'>φημὶ,</span> <span class='ocrx_word' id='word_1_253' title='bbox 717 1466 804 1493; x_wconf 87' lang='grc' dir='ltr'>τοῖσδε</span> <span class='ocrx_word' id='word_1_254' title='bbox 821 1465 897 1501; x_wconf 78' lang='grc' dir='ltr'>παρὰ</span> 
     </span>
    </p>
   </div>
   <div class='ocr_carea' id='block_1_34' title="bbox 110 1511 897 1550">
    <p class='ocr_par' dir='ltr' id='par_1_34' title="bbox 110 1511 897 1550">
     <span class='ocr_line' id='line_1_34' title="bbox 110 1511 897 1550; baseline -0.004 -10"><span class='ocrx_word' id='word_1_255' title='bbox 110 1514 214 1550; x_wconf 82' lang='grc' dir='ltr'>Πέτρου</span> <span class='ocrx_word' id='word_1_256' title='bbox 237 1513 377 1549; x_wconf 82' lang='grc' dir='ltr'>ἁνείρηται</span> <span class='ocrx_word' id='word_1_257' title='bbox 399 1514 454 1543; x_wconf 77' lang='grc' dir='ltr'>τοῖς</span> <span class='ocrx_word' id='word_1_258' title='bbox 471 1514 572 1547; x_wconf 74' lang='grc' dir='ltr'>ῥητοῖς,</span> <span class='ocrx_word' id='word_1_259' title='bbox 590 1512 628 1544; x_wconf 86' lang='grc' dir='ltr'>ὼς</span> <span class='ocrx_word' id='word_1_260' title='bbox 641 1511 791 1547; x_wconf 80' lang='grc' dir='ltr'>προελέχθη</span> <span class='ocrx_word' id='word_1_261' title='bbox 803 1520 810 1527; x_wconf 81' lang='grc'>⁶</span> <span class='ocrx_word' id='word_1_262' title='bbox 825 1521 834 1536; x_wconf 75' lang='grc' dir='ltr'><strong>ι</strong></span> <span class='ocrx_word' id='word_1_263' title='bbox 850 1512 897 1542; x_wconf 84' lang='grc' dir='ltr'>Εἰς</span> 
     </span>
    </p>
   </div>
   <div class='ocr_carea' id='block_1_35' title="bbox 110 1557 895 1595">
    <p class='ocr_par' dir='ltr' id='par_1_35' title="bbox 110 1557 895 1595">
     <span class='ocr_line' id='line_1_35' title="bbox 110 1557 895 1595; baseline -0.005 -8"><span class='ocrx_word' id='word_1_264' title='bbox 110 1560 139 1592; x_wconf 73' lang='grc' dir='ltr'>ἃ,</span> <span class='ocrx_word' id='word_1_265' title='bbox 168 1561 261 1595; x_wconf 77' lang='grc' dir='ltr'>φησὶν.</span> <span class='ocrx_word' id='word_1_266' title='bbox 292 1559 470 1594; x_wconf 75' lang='grc' dir='ltr'>ἐπιθυμοῦσιν</span> <span class='ocrx_word' id='word_1_267' title='bbox 502 1558 612 1592; x_wconf 77' lang='grc' dir='ltr'>ἄγγελοι</span> <span class='ocrx_word' id='word_1_268' title='bbox 644 1557 812 1593; x_wconf 73' lang='grc' dir='ltr'>παρακύψαι.</span> <span class='ocrx_word' id='word_1_269' title='bbox 838 1567 846 1583; x_wconf 76' lang='grc' dir='ltr'><strong>ι</strong></span> <span class='ocrx_word' id='word_1_270' title='bbox 863 1557 895 1584; x_wconf 85' lang='grc' dir='ltr'>Εἰ</span> 
     </span>
    </p>
   </div>
   <div class='ocr_carea' id='block_1_36' title="bbox 109 1601 894 1641">
    <p class='ocr_par' dir='ltr' id='par_1_36' title="bbox 109 1601 894 1641">
     <span class='ocr_line' id='line_1_36' title="bbox 109 1601 894 1641; baseline -0.005 -8"><span class='ocrx_word' id='word_1_271' title='bbox 109 1607 138 1633; x_wconf 83' lang='grc' dir='ltr'>δέ</span> <span class='ocrx_word' id='word_1_272' title='bbox 150 1615 212 1633; x_wconf 83' lang='grc' dir='ltr'>τινα</span> <span class='ocrx_word' id='word_1_273' title='bbox 230 1606 348 1641; x_wconf 72' lang='grc' dir='ltr'>ἔμφυτον</span> <span class='ocrx_word' id='word_1_274' title='bbox 363 1604 462 1639; x_wconf 83' lang='grc' dir='ltr'>γνῶσιν</span> <span class='ocrx_word' id='word_1_275' title='bbox 476 1601 558 1639; x_wconf 73' lang='grc' dir='ltr'>εἰχον,</span> <span class='ocrx_word' id='word_1_276' title='bbox 578 1604 628 1630; x_wconf 79' lang='grc' dir='ltr'>οὐκ</span> <span class='ocrx_word' id='word_1_277' title='bbox 646 1604 679 1630; x_wconf 86' lang='grc' dir='ltr'>ἂν</span> <span class='ocrx_word' id='word_1_278' title='bbox 699 1603 833 1639; x_wconf 79' lang='grc' dir='ltr'>ἱμείροντο</span> <span class='ocrx_word' id='word_1_279' title='bbox 848 1603 894 1630; x_wconf 84' lang='grc' dir='ltr'>τοῦ</span> 
     </span>
    </p>
   </div>
   <div class='ocr_carea' id='block_1_37' title="bbox 110 1648 896 1686">
    <p class='ocr_par' dir='ltr' id='par_1_37' title="bbox 110 1648 896 1686">
     <span class='ocr_line' id='line_1_37' title="bbox 110 1648 896 1686; baseline -0.008 -7"><span class='ocrx_word' id='word_1_280' title='bbox 110 1653 163 1679; x_wconf 74' lang='grc' dir='ltr'><strong>κᾶν</strong></span> <span class='ocrx_word' id='word_1_281' title='bbox 177 1651 304 1686; x_wconf 71' lang='grc' dir='ltr'>διακύψαι</span> <span class='ocrx_word' id='word_1_282' title='bbox 327 1651 365 1682; x_wconf 82' lang='grc' dir='ltr'><strong>εἰς</strong></span> <span class='ocrx_word' id='word_1_283' title='bbox 380 1650 457 1677; x_wconf 70' lang='grc' dir='ltr'>αὐτὰ.</span> <span class='ocrx_word' id='word_1_284' title='bbox 474 1649 542 1675; x_wconf 83' lang='grc' dir='ltr'>Ἀλλ’</span> <span class='ocrx_word' id='word_1_285' title='bbox 557 1649 650 1684; x_wconf 81' lang='grc' dir='ltr'>ἐπειδὴ</span> <span class='ocrx_word' id='word_1_286' title='bbox 673 1649 709 1684; x_wconf 86' lang='grc' dir='ltr'><strong>μὴ</strong></span> <span class='ocrx_word' id='word_1_287' title='bbox 726 1648 843 1684; x_wconf 70' lang='grc' dir='ltr'>ἔχωσιν,</span> <span class='ocrx_word' id='word_1_288' title='bbox 857 1648 896 1679; x_wconf 85' lang='grc' dir='ltr'><strong>εἰς</strong></span> 
     </span>
    </p>
   </div>
   <div class='ocr_carea' id='block_1_38' title="bbox 111 1694 896 1734">
    <p class='ocr_par' dir='ltr' id='par_1_38' title="bbox 111 1694 896 1734">
     <span class='ocr_line' id='line_1_38' title="bbox 111 1694 896 1734; baseline -0.008 -9"><span class='ocrx_word' id='word_1_289' title='bbox 111 1697 324 1734; x_wconf 76' lang='grc' dir='ltr'>ὑπερϐάλλοντα,</span> <span class='ocrx_word' id='word_1_290' title='bbox 350 1696 388 1727; x_wconf 80' lang='grc' dir='ltr'>ὡς</span> <span class='ocrx_word' id='word_1_291' title='bbox 414 1697 439 1722; x_wconf 83' lang='grc' dir='ltr'>οἱ</span> <span class='ocrx_word' id='word_1_292' title='bbox 463 1695 610 1731; x_wconf 80' lang='grc' dir='ltr'>ἄνθρωποι,</span> <span class='ocrx_word' id='word_1_293' title='bbox 637 1695 735 1729; x_wconf 85' lang='grc' dir='ltr'>τρόπον</span> <span class='ocrx_word' id='word_1_294' title='bbox 763 1694 835 1725; x_wconf 33' lang='grc' dir='ltr'>τινὰ,</span> <span class='ocrx_word' id='word_1_295' title='bbox 851 1694 896 1720; x_wconf 83' lang='grc' dir='ltr'><strong>ἐκ-</strong></span> 
     </span>
    </p>
   </div>
   <div class='ocr_carea' id='block_1_39' title="bbox 111 1739 896 1778">
    <p class='ocr_par' dir='ltr' id='par_1_39' title="bbox 111 1739 896 1778">
     <span class='ocr_line' id='line_1_39' title="bbox 111 1739 896 1778; baseline -0.009 -6"><span class='ocrx_word' id='word_1_296' title='bbox 111 1745 255 1772; x_wconf 83' lang='grc' dir='ltr'>πίπτουσιν</span> <span class='ocrx_word' id='word_1_297' title='bbox 278 1743 367 1778; x_wconf 74' lang='grc' dir='ltr'>ἔρωτα</span> <span class='ocrx_word' id='word_1_298' title='bbox 395 1742 515 1774; x_wconf 73' lang='grc' dir='ltr'>ἐκείνων,</span> <span class='ocrx_word' id='word_1_299' title='bbox 535 1739 572 1768; x_wconf 76' lang='grc' dir='ltr'>ὧν</span> <span class='ocrx_word' id='word_1_300' title='bbox 592 1741 643 1776; x_wconf 80' lang='grc' dir='ltr'>τῆς</span> <span class='ocrx_word' id='word_1_301' title='bbox 657 1740 782 1775; x_wconf 76' lang='grc' dir='ltr'>γνώσεως</span> <span class='ocrx_word' id='word_1_302' title='bbox 806 1741 896 1775; x_wconf 84' lang='grc' dir='ltr'>τυχεῖν</span> 
     </span>
    </p>
   </div>
   <div class='ocr_carea' id='block_1_40' title="bbox 111 1785 894 1824">
    <p class='ocr_par' dir='ltr' id='par_1_40' title="bbox 111 1785 894 1824">
     <span class='ocr_line' id='line_1_40' title="bbox 111 1785 894 1824; baseline -0.006 -8"><span class='ocrx_word' id='word_1_303' title='bbox 111 1791 203 1821; x_wconf 80' lang='grc' dir='ltr'>αὑτοῖς</span> <span class='ocrx_word' id='word_1_304' title='bbox 234 1789 271 1824; x_wconf 87' lang='grc' dir='ltr'>μὴ</span> <span class='ocrx_word' id='word_1_305' title='bbox 297 1788 418 1814; x_wconf 84' lang='grc' dir='ltr'>ὖπεστιν.</span> <span class='ocrx_word' id='word_1_306' title='bbox 448 1787 556 1819; x_wconf 78' lang='grc' dir='ltr'>Πέφυκε</span> <span class='ocrx_word' id='word_1_307' title='bbox 599 1786 652 1821; x_wconf 73' lang='grc' dir='ltr'>γὰρ</span> <span class='ocrx_word' id='word_1_308' title='bbox 677 1786 722 1812; x_wconf 75' lang='grc' dir='ltr'>καὶ</span> <span class='ocrx_word' id='word_1_309' title='bbox 748 1785 894 1820; x_wconf 83' lang='grc' dir='ltr'>τηνάλλως,</span> 
     </span>
    </p>
   </div>
   <div class='ocr_carea' id='block_1_41' title="bbox 112 1830 896 1872">
    <p class='ocr_par' dir='ltr' id='par_1_41' title="bbox 112 1830 896 1872">
     <span class='ocr_line' id='line_1_41' title="bbox 112 1830 896 1872; baseline -0.006 -10"><span class='ocrx_word' id='word_1_310' title='bbox 112 1835 296 1872; x_wconf 77' lang='grc' dir='ltr'>ὑπερορᾶσθαι</span> <span class='ocrx_word' id='word_1_311' title='bbox 308 1834 358 1869; x_wconf 83' lang='grc' dir='ltr'>μὲν</span> <span class='ocrx_word' id='word_1_312' title='bbox 369 1833 402 1859; x_wconf 86' lang='grc' dir='ltr'>τὰ</span> <span class='ocrx_word' id='word_1_313' title='bbox 412 1832 555 1868; x_wconf 86' lang='grc' dir='ltr'>εὑρεθῆναι</span> <span class='ocrx_word' id='word_1_314' title='bbox 571 1831 659 1867; x_wconf 79' lang='grc' dir='ltr'>ῥᾴδια,</span> <span class='ocrx_word' id='word_1_315' title='bbox 673 1831 807 1872; x_wconf 63' lang='grc' dir='ltr'><strong>⁴ξτεοιεῖσθοιι</strong></span> <span class='ocrx_word' id='word_1_316' title='bbox 818 1831 846 1857; x_wconf 81' lang='grc' dir='ltr'><strong>δὲ</strong></span> <span class='ocrx_word' id='word_1_317' title='bbox 862 1830 896 1857; x_wconf 82' lang='grc' dir='ltr'>τὰ</span> 
     </span>
    </p>
   </div>
   <div class='ocr_carea' id='block_1_42' title="bbox 112 1875 895 1915">
    <p class='ocr_par' dir='ltr' id='par_1_42' title="bbox 112 1875 895 1915">
     <span class='ocr_line' id='line_1_42' title="bbox 112 1875 895 1915; baseline -0.008 -8"><span class='ocrx_word' id='word_1_318' title='bbox 112 1880 294 1915; x_wconf 85' lang='grc' dir='ltr'>σπανιώτερα.</span> <span class='ocrx_word' id='word_1_319' title='bbox 316 1879 370 1905; x_wconf 81' lang='grc' dir='ltr'>Καὶ</span> <span class='ocrx_word' id='word_1_320' title='bbox 388 1878 478 1913; x_wconf 86' lang='grc' dir='ltr'>μέντοι</span> <span class='ocrx_word' id='word_1_321' title='bbox 493 1877 539 1903; x_wconf 84' lang='grc' dir='ltr'><strong>καὶ</strong></span> <span class='ocrx_word' id='word_1_322' title='bbox 553 1876 631 1903; x_wconf 81' lang='grc' dir='ltr'>τοῦτο</span> <span class='ocrx_word' id='word_1_323' title='bbox 648 1877 677 1902; x_wconf 79' lang='grc' dir='ltr'><strong>οὐ</strong></span> <span class='ocrx_word' id='word_1_324' title='bbox 698 1876 768 1903; x_wconf 82' lang='grc' dir='ltr'>κατὰ</span> <span class='ocrx_word' id='word_1_325' title='bbox 784 1875 895 1911; x_wconf 87' lang='grc' dir='ltr'>γνώμην</span> 
     </span>
    </p>
   </div>
   <div class='ocr_carea' id='block_1_43' title="bbox 110 1921 896 1960">
    <p class='ocr_par' dir='ltr' id='par_1_43' title="bbox 110 1921 896 1960">
     <span class='ocr_line' id='line_1_43' title="bbox 110 1921 896 1960; baseline -0.009 -7"><span class='ocrx_word' id='word_1_326' title='bbox 110 1926 222 1957; x_wconf 81' lang='grc' dir='ltr'>οἰκείαν,</span> <span class='ocrx_word' id='word_1_327' title='bbox 235 1924 274 1960; x_wconf 85' lang='grc' dir='ltr'>τῷ</span> <span class='ocrx_word' id='word_1_328' title='bbox 287 1924 368 1959; x_wconf 85' lang='grc' dir='ltr'>κοινῷ</span> <span class='ocrx_word' id='word_1_329' title='bbox 378 1924 405 1950; x_wconf 84' lang='grc' dir='ltr'><strong>δὲ</strong></span> <span class='ocrx_word' id='word_1_330' title='bbox 416 1923 464 1958; x_wconf 82' lang='grc' dir='ltr'>τῆς</span> <span class='ocrx_word' id='word_1_331' title='bbox 476 1922 582 1956; x_wconf 78' lang='grc' dir='ltr'>φύσεως</span> <span class='ocrx_word' id='word_1_332' title='bbox 594 1921 681 1948; x_wconf 76' lang='grc' dir='ltr'>αὐτῶν</span> <span class='ocrx_word' id='word_1_333' title='bbox 695 1922 765 1956; x_wconf 81' lang='grc' dir='ltr'>λόγῳ</span> <span class='ocrx_word' id='word_1_334' title='bbox 777 1922 817 1956; x_wconf 78' lang='grc' dir='ltr'><strong>(οὐ</strong></span> <span class='ocrx_word' id='word_1_335' title='bbox 830 1922 896 1947; x_wconf 75' lang='grc' dir='ltr'>παν-</span> 
     </span>
    </p>
   </div>
   <div class='ocr_carea' id='block_1_44' title="bbox 111 1966 894 2006">
    <p class='ocr_par' dir='ltr' id='par_1_44' title="bbox 111 1966 894 2006">
     <span class='ocr_line' id='line_1_44' title="bbox 111 1966 894 2006; baseline -0.009 -7"><span class='ocrx_word' id='word_1_336' title='bbox 111 1981 162 2003; x_wconf 83' lang='grc' dir='ltr'><strong>τας</strong></span> <span class='ocrx_word' id='word_1_337' title='bbox 182 1971 263 2006; x_wconf 78' lang='grc' dir='ltr'>φημὶ)</span> <span class='ocrx_word' id='word_1_338' title='bbox 282 1969 409 2005; x_wconf 85' lang='grc' dir='ltr'>ὑπόχρεοι</span> <span class='ocrx_word' id='word_1_339' title='bbox 426 1967 501 1999; x_wconf 75' lang='grc' dir='ltr'>ὄντες</span> <span class='ocrx_word' id='word_1_340' title='bbox 533 1967 614 1998; x_wconf 82' lang='grc' dir='ltr'>τινές.</span> <span class='ocrx_word' id='word_1_341' title='bbox 637 1976 646 1992; x_wconf 82' lang='grc' dir='ltr'><strong>ι</strong></span> <span class='ocrx_word' id='word_1_342' title='bbox 662 1968 694 1993; x_wconf 80' lang='grc' dir='ltr'>Εἰ</span> <span class='ocrx_word' id='word_1_343' title='bbox 712 1966 756 2002; x_wconf 86' lang='grc'><strong>[90</strong></span> <span class='ocrx_word' id='word_1_344' title='bbox 777 1966 802 2002; x_wconf 78' lang='grc' dir='ltr'>ίι]</span> <span class='ocrx_word' id='word_1_345' title='bbox 830 1966 894 2001; x_wconf 80' lang='grc' dir='ltr'>γὰρ,</span> 
     </span>
    </p>
   </div>
   <div class='ocr_carea' id='block_1_45' title="bbox 112 2012 896 2052">
    <p class='ocr_par' dir='ltr' id='par_1_45' title="bbox 112 2012 896 2052">
     <span class='ocr_line' id='line_1_45' title="bbox 112 2012 896 2052; baseline -0.009 -8"><span class='ocrx_word' id='word_1_346' title='bbox 112 2018 206 2052; x_wconf 79' lang='grc' dir='ltr'>φησὶν,</span> <span class='ocrx_word' id='word_1_347' title='bbox 232 2016 353 2050; x_wconf 81' lang='grc' dir='ltr'>ἀγγέλων</span> <span class='ocrx_word' id='word_1_348' title='bbox 376 2013 592 2050; x_wconf 76' lang='grc' dir='ltr'>ἁμαρτησάντων</span> <span class='ocrx_word' id='word_1_349' title='bbox 609 2014 622 2039; x_wconf 83' lang='grc' dir='ltr'>ὁ</span> <span class='ocrx_word' id='word_1_350' title='bbox 637 2012 702 2044; x_wconf 82' lang='grc' dir='ltr'>Θεὸς</span> <span class='ocrx_word' id='word_1_351' title='bbox 722 2013 771 2039; x_wconf 77' lang='grc' dir='ltr'><strong>οὐκ</strong></span> <span class='ocrx_word' id='word_1_352' title='bbox 788 2012 896 2046; x_wconf 77' lang='grc' dir='ltr'>ἐφείσα-</span> 
     </span>
    </p>
   </div>
   <div class='ocr_carea' id='block_1_46' title="bbox 110 2057 896 2097">
    <p class='ocr_par' dir='ltr' id='par_1_46' title="bbox 110 2057 896 2097">
     <span class='ocr_line' id='line_1_46' title="bbox 110 2057 896 2097; baseline -0.009 -6"><span class='ocrx_word' id='word_1_353' title='bbox 110 2072 152 2096; x_wconf 87' lang='grc' dir='ltr'><strong>το,</strong></span> <span class='ocrx_word' id='word_1_354' title='bbox 173 2063 277 2089; x_wconf 70' lang='grc' dir='ltr'>»ποίαν</span> <span class='ocrx_word' id='word_1_355' title='bbox 296 2062 414 2097; x_wconf 76' lang='grc' dir='ltr'>ἔμφυτον</span> <span class='ocrx_word' id='word_1_356' title='bbox 434 2060 534 2094; x_wconf 81' lang='grc' dir='ltr'>γνῶσιν</span> <span class='ocrx_word' id='word_1_357' title='bbox 552 2059 606 2085; x_wconf 79' lang='grc' dir='ltr'><strong>τῶν</strong></span> <span class='ocrx_word' id='word_1_358' title='bbox 626 2059 784 2094; x_wconf 85' lang='grc' dir='ltr'>μελλόντων,</span> <span class='ocrx_word' id='word_1_359' title='bbox 799 2058 815 2094; x_wconf 81' lang='grc' dir='ltr'>ἦ</span> <span class='ocrx_word' id='word_1_360' title='bbox 832 2057 896 2084; x_wconf 83' lang='grc' dir='ltr'>αὐθ-</span> 
     </span>
    </p>
   </div>
   <div class='ocr_carea' id='block_1_47' title="bbox 111 2104 895 2144">
    <p class='ocr_par' dir='ltr' id='par_1_47' title="bbox 111 2104 895 2144">
     <span class='ocr_line' id='line_1_47' title="bbox 111 2104 895 2144; baseline -0.009 -7"><span class='ocrx_word' id='word_1_361' title='bbox 111 2110 215 2137; x_wconf 81' lang='grc' dir='ltr'>εντείαν</span> <span class='ocrx_word' id='word_1_362' title='bbox 229 2109 275 2135; x_wconf 83' lang='grc' dir='ltr'>τοῦ</span> <span class='ocrx_word' id='word_1_363' title='bbox 289 2107 477 2144; x_wconf 79' lang='grc' dir='ltr'>χρηματίζειν,</span> <span class='ocrx_word' id='word_1_364' title='bbox 498 2106 534 2136; x_wconf 81' lang='grc' dir='ltr'>ὼς</span> <span class='ocrx_word' id='word_1_365' title='bbox 550 2107 564 2132; x_wconf 81' lang='grc' dir='ltr'>ὁ</span> <span class='ocrx_word' id='word_1_366' title='bbox 577 2105 652 2137; x_wconf 83' lang='grc' dir='ltr'>Θεὸς,</span> <span class='ocrx_word' id='word_1_367' title='bbox 671 2104 741 2140; x_wconf 71' lang='grc' dir='ltr'>ἔχειν</span> <span class='ocrx_word' id='word_1_368' title='bbox 753 2104 876 2131; x_wconf 84' lang='grc' dir='ltr'>δύνανται</span> <span class='ocrx_word' id='word_1_369' title='bbox 888 2112 895 2136; x_wconf 86' lang='grc'>;</span> 
     </span>
    </p>
   </div>
   <div class='ocr_carea' id='block_1_48' title="bbox 113 2149 894 2188">
    <p class='ocr_par' dir='ltr' id='par_1_48' title="bbox 113 2149 894 2188">
     <span class='ocr_line' id='line_1_48' title="bbox 113 2149 894 2188; baseline -0.009 -5"><span class='ocrx_word' id='word_1_370' title='bbox 113 2157 146 2184; x_wconf 78' lang='grc' dir='ltr'>Εἰ</span> <span class='ocrx_word' id='word_1_371' title='bbox 161 2156 189 2182; x_wconf 86' lang='grc' dir='ltr'><strong>δὲ</strong></span> <span class='ocrx_word' id='word_1_372' title='bbox 205 2156 254 2182; x_wconf 70' lang='grc' dir='ltr'>οὐκ</span> <span class='ocrx_word' id='word_1_373' title='bbox 273 2155 344 2181; x_wconf 81' lang='grc' dir='ltr'>ῐσασι</span> <span class='ocrx_word' id='word_1_374' title='bbox 359 2154 407 2188; x_wconf 80' lang='grc' dir='ltr'>μὲν</span> <span class='ocrx_word' id='word_1_375' title='bbox 419 2149 491 2179; x_wconf 68' lang='grc' dir='ltr'>οὗτοι</span> <span class='ocrx_word' id='word_1_376' title='bbox 503 2152 548 2186; x_wconf 72' lang='grc' dir='ltr'><strong>ἀφ’</strong></span> <span class='ocrx_word' id='word_1_377' title='bbox 565 2150 679 2182; x_wconf 81' lang='grc' dir='ltr'>ἑαυτῶν,</span> <span class='ocrx_word' id='word_1_378' title='bbox 697 2151 757 2177; x_wconf 75' lang='grc' dir='ltr'><strong>οὐδὲ</strong></span> <span class='ocrx_word' id='word_1_379' title='bbox 777 2151 835 2178; x_wconf 81' lang='grc' dir='ltr'>κατ’</span> <span class='ocrx_word' id='word_1_380' title='bbox 845 2149 894 2182; x_wconf 69' lang='grc' dir='ltr'><strong>Δὲξ-</strong></span> 
     </span>
    </p>
   </div>
   <div class='ocr_carea' id='block_1_49' title="bbox 948 237 1726 273">
    <p class='ocr_par' dir='ltr' id='par_1_49' title="bbox 948 237 1726 273">
     <span class='ocr_line' id='line_1_49' title="bbox 948 237 1726 273; baseline 0.005 -10"><span class='ocrx_word' id='word_1_381' title='bbox 948 241 1010 263; x_wconf 89' lang='lat' dir='ltr'><strong>runt</strong></span> <span class='ocrx_word' id='word_1_382' title='bbox 1022 241 1058 265; x_wconf 89' lang='lat' dir='ltr'><strong>te.</strong></span> <span class='ocrx_word' id='word_1_383' title='bbox 1071 237 1123 264; x_wconf 86' lang='lat' dir='ltr'><strong>Sed</strong></span> <span class='ocrx_word' id='word_1_384' title='bbox 1140 244 1230 272; x_wconf 70' lang='lat' dir='ltr'><strong>surge,</strong></span> <span class='ocrx_word' id='word_1_385' title='bbox 1245 243 1271 265; x_wconf 88' lang='lat' dir='ltr'><strong>et</strong></span> <span class='ocrx_word' id='word_1_386' title='bbox 1283 238 1352 264; x_wconf 98' lang='lat' dir='ltr'><strong>vade</strong></span> <span class='ocrx_word' id='word_1_387' title='bbox 1367 245 1428 265; x_wconf 89' lang='lat' dir='ltr'><strong>cum</strong></span> <span class='ocrx_word' id='word_1_388' title='bbox 1441 239 1491 269; x_wconf 85' lang='lat' dir='ltr'><strong>eis.</strong></span> <span class='ocrx_word' id='word_1_389' title='bbox 1506 239 1572 266; x_wconf 83' lang='lat' dir='ltr'><strong>nihil</strong></span> <span class='ocrx_word' id='word_1_390' title='bbox 1589 240 1726 273; x_wconf 85' lang='lat' dir='ltr'><strong>dubitans,</strong></span> 
     </span>
    </p>
   </div>
   <div class='ocr_carea' id='block_1_50' title="bbox 945 283 1726 318">
    <p class='ocr_par' dir='ltr' id='par_1_50' title="bbox 945 283 1726 318">
     <span class='ocr_line' id='line_1_50' title="bbox 945 283 1726 318; baseline 0.004 -9"><span class='ocrx_word' id='word_1_391' title='bbox 945 283 1007 317; x_wconf 86' lang='lat' dir='ltr'><strong>quia</strong></span> <span class='ocrx_word' id='word_1_392' title='bbox 1023 291 1074 318; x_wconf 77' lang='lat' dir='ltr'><strong>ego</strong></span> <span class='ocrx_word' id='word_1_393' title='bbox 1100 284 1160 310; x_wconf 85' lang='lat' dir='ltr'><strong>misi</strong></span> <span class='ocrx_word' id='word_1_394' title='bbox 1185 283 1255 311; x_wconf 90' lang='lat' dir='ltr'><strong>illos.</strong></span> <span class='ocrx_word' id='word_1_395' title='bbox 1282 283 1457 311; x_wconf 90' lang='lat' dir='ltr'><strong>Descendens</strong></span> <span class='ocrx_word' id='word_1_396' title='bbox 1479 289 1567 311; x_wconf 92' lang='lat' dir='ltr'><strong>autem</strong></span> <span class='ocrx_word' id='word_1_397' title='bbox 1582 284 1677 313; x_wconf 83' lang='lat' dir='ltr'><strong>Petrus</strong></span> <span class='ocrx_word' id='word_1_398' title='bbox 1692 288 1726 313; x_wconf 87' lang='lat' dir='ltr'><strong>ad</strong></span> 
     </span>
    </p>
   </div>
   <div class='ocr_carea' id='block_1_51' title="bbox 947 328 1727 365">
    <p class='ocr_par' dir='ltr' id='par_1_51' title="bbox 947 328 1727 365">
     <span class='ocr_line' id='line_1_51' title="bbox 947 328 1727 365; baseline 0.006 -13"><span class='ocrx_word' id='word_1_399' title='bbox 947 328 1018 355; x_wconf 83' lang='lat' dir='ltr'><strong>viros</strong></span> <span class='ocrx_word' id='word_1_400' title='bbox 1031 328 1099 364; x_wconf 73' lang='lat'><strong>(75),</strong></span> <span class='ocrx_word' id='word_1_401' title='bbox 1113 328 1182 355; x_wconf 88' lang='lat' dir='ltr'><strong>dixit</strong></span> <span class='ocrx_word' id='word_1_402' title='bbox 1196 337 1202 355; x_wconf 94' lang='lat'><strong>:</strong></span> <span class='ocrx_word' id='word_1_403' title='bbox 1214 329 1283 355; x_wconf 84' lang='lat' dir='ltr'><strong>Ecce</strong></span> <span class='ocrx_word' id='word_1_404' title='bbox 1294 336 1343 363; x_wconf 79' lang='lat' dir='ltr'><strong>ego</strong></span> <span class='ocrx_word' id='word_1_405' title='bbox 1358 337 1416 356; x_wconf 87' lang='lat' dir='ltr'><strong>sum</strong></span> <span class='ocrx_word' id='word_1_406' title='bbox 1428 336 1507 363; x_wconf 89' lang='lat' dir='ltr'><strong>quem</strong></span> <span class='ocrx_word' id='word_1_407' title='bbox 1521 331 1727 365; x_wconf 74' lang='lat' dir='ltr'><strong>quzeritis:qua:</strong></span> 
     </span>
    </p>
   </div>
   <div class='ocr_carea' id='block_1_52' title="bbox 946 374 1724 409">
    <p class='ocr_par' dir='ltr' id='par_1_52' title="bbox 946 374 1724 409">
     <span class='ocr_line' id='line_1_52' title="bbox 946 374 1724 409; baseline 0.004 -9"><span class='ocrx_word' id='word_1_408' title='bbox 946 379 1028 400; x_wconf 80' lang='lat' dir='ltr'><strong>causa</strong></span> <span class='ocrx_word' id='word_1_409' title='bbox 1042 377 1084 400; x_wconf 90' lang='lat' dir='ltr'><strong>est</strong></span> <span class='ocrx_word' id='word_1_410' title='bbox 1097 378 1206 408; x_wconf 87' lang='lat' dir='ltr'><strong>propter</strong></span> <span class='ocrx_word' id='word_1_411' title='bbox 1223 382 1302 409; x_wconf 89' lang='lat' dir='ltr'><strong>quam</strong></span> <span class='ocrx_word' id='word_1_412' title='bbox 1334 374 1465 402; x_wconf 83' lang='lat' dir='ltr'><strong>venistis?</strong></span> <span class='ocrx_word' id='word_1_413' title='bbox 1490 374 1528 401; x_wconf 88' lang='lat' dir='ltr'><strong>illi</strong></span> <span class='ocrx_word' id='word_1_414' title='bbox 1547 379 1636 402; x_wconf 82' lang='lat' dir='ltr'><strong>autem</strong></span> <span class='ocrx_word' id='word_1_415' title='bbox 1647 376 1724 403; x_wconf 78' lang='lat' dir='ltr'><strong>dixe-</strong></span> 
     </span>
    </p>
   </div>
   <div class='ocr_carea' id='block_1_53' title="bbox 946 417 1724 455">
    <p class='ocr_par' dir='ltr' id='par_1_53' title="bbox 946 417 1724 455">
     <span class='ocr_line' id='line_1_53' title="bbox 946 417 1724 455; baseline 0.006 -12"><span class='ocrx_word' id='word_1_416' title='bbox 946 422 1025 444; x_wconf 82' lang='lat' dir='ltr'><strong>runt:</strong></span> <span class='ocrx_word' id='word_1_417' title='bbox 1038 417 1194 445; x_wconf 77' lang='lat' dir='ltr'><strong>tCornelius</strong></span> <span class='ocrx_word' id='word_1_418' title='bbox 1216 419 1351 452; x_wconf 90' lang='lat' dir='ltr'><strong>centurio,</strong></span> <span class='ocrx_word' id='word_1_419' title='bbox 1376 419 1419 446; x_wconf 91' lang='lat' dir='ltr'><strong>vir</strong></span> <span class='ocrx_word' id='word_1_420' title='bbox 1436 419 1535 453; x_wconf 85' lang='lat' dir='ltr'><strong>justus,</strong></span> <span class='ocrx_word' id='word_1_421' title='bbox 1549 429 1558 445; x_wconf 72' lang='grc' dir='ltr'><strong>ι</strong></span> <span class='ocrx_word' id='word_1_422' title='bbox 1569 425 1595 447; x_wconf 91' lang='lat' dir='ltr'><strong>et</strong></span> <span class='ocrx_word' id='word_1_423' title='bbox 1611 421 1724 455; x_wconf 81' lang='lat' dir='ltr'><strong>reliqua,</strong></span> 
     </span>
    </p>
   </div>
   <div class='ocr_carea' id='block_1_54' title="bbox 947 463 1724 500">
    <p class='ocr_par' dir='ltr' id='par_1_54' title="bbox 947 463 1724 500">
     <span class='ocr_line' id='line_1_54' title="bbox 947 463 1724 500; baseline 0.006 -12"><span class='ocrx_word' id='word_1_424' title='bbox 947 467 1065 489; x_wconf 87' lang='lat' dir='ltr'><strong>utantca</strong></span> <span class='ocrx_word' id='word_1_425' title='bbox 1081 464 1166 497; x_wconf 87' lang='lat' dir='ltr'><strong>posita</strong></span> <span class='ocrx_word' id='word_1_426' title='bbox 1183 468 1257 490; x_wconf 90' lang='lat' dir='ltr'><strong>sunt.</strong></span> <span class='ocrx_word' id='word_1_427' title='bbox 1286 463 1379 498; x_wconf 83' lang='lat' dir='ltr'><strong>Itaque</strong></span> <span class='ocrx_word' id='word_1_428' title='bbox 1400 465 1470 498; x_wconf 89' lang='lat' dir='ltr'><strong>apud</strong></span> <span class='ocrx_word' id='word_1_429' title='bbox 1494 466 1592 498; x_wconf 87' lang='lat' dir='ltr'><strong>probos</strong></span> <span class='ocrx_word' id='word_1_430' title='bbox 1617 467 1724 500; x_wconf 84' lang='lat' dir='ltr'><strong>quidem</strong></span> 
     </span>
    </p>
   </div>
   <div class='ocr_carea' id='block_1_55' title="bbox 943 500 1727 545">
    <p class='ocr_par' dir='ltr' id='par_1_55' title="bbox 943 500 1727 545">
     <span class='ocr_line' id='line_1_55' title="bbox 943 500 1727 545; baseline 0.006 -12"><span class='ocrx_word' id='word_1_431' title='bbox 943 506 1047 540; x_wconf 77' lang='lat' dir='ltr'><strong>judices</strong></span> <span class='ocrx_word' id='word_1_432' title='bbox 1059 500 1176 540; x_wconf 72' lang='lat' dir='ltr'><strong>constat,</strong></span> <span class='ocrx_word' id='word_1_433' title='bbox 1196 508 1318 543; x_wconf 81' lang='lat' dir='ltr'><strong>angelum</strong></span> <span class='ocrx_word' id='word_1_434' title='bbox 1338 509 1382 535; x_wconf 89' lang='lat' dir='ltr'><strong>hic</strong></span> <span class='ocrx_word' id='word_1_435' title='bbox 1395 516 1501 544; x_wconf 85' lang='lat' dir='ltr'><strong>quoque</strong></span> <span class='ocrx_word' id='word_1_436' title='bbox 1522 516 1536 536; x_wconf 69' lang='grc' dir='ltr'>Α</span> <span class='ocrx_word' id='word_1_437' title='bbox 1551 510 1652 545; x_wconf 89' lang='lat' dir='ltr'><strong>Spiritu</strong></span> <span class='ocrx_word' id='word_1_438' title='bbox 1663 518 1727 538; x_wconf 89' lang='lat' dir='ltr'><strong>san-</strong></span> 
     </span>
    </p>
   </div>
   <div class='ocr_carea' id='block_1_56' title="bbox 946 552 1727 588">
    <p class='ocr_par' dir='ltr' id='par_1_56' title="bbox 946 552 1727 588">
     <span class='ocr_line' id='line_1_56' title="bbox 946 552 1727 588; baseline 0.006 -10"><span class='ocrx_word' id='word_1_439' title='bbox 946 557 990 578; x_wconf 93' lang='lat' dir='ltr'><strong>cto</strong></span> <span class='ocrx_word' id='word_1_440' title='bbox 1001 560 1031 579; x_wconf 82' lang='lat' dir='ltr'><strong>ea</strong></span> <span class='ocrx_word' id='word_1_441' title='bbox 1048 552 1183 585; x_wconf 82' lang='lat' dir='ltr'><strong>didicisse,</strong></span> <span class='ocrx_word' id='word_1_442' title='bbox 1204 561 1264 588; x_wconf 68' lang='lat' dir='ltr'><strong>qua:</strong></span> <span class='ocrx_word' id='word_1_443' title='bbox 1287 554 1502 587; x_wconf 84' lang='lat' dir='ltr'><strong>chretnatizavit,</strong></span> <span class='ocrx_word' id='word_1_444' title='bbox 1519 555 1543 582; x_wconf 91' lang='lat' dir='ltr'><strong>id</strong></span> <span class='ocrx_word' id='word_1_445' title='bbox 1560 561 1611 587; x_wconf 89' lang='lat' dir='ltr'><strong>est,</strong></span> <span class='ocrx_word' id='word_1_446' title='bbox 1627 557 1727 583; x_wconf 74' lang='lat' dir='ltr'><strong>revalu-</strong></span> 
     </span>
    </p>
   </div>
   <div class='ocr_carea' id='block_1_57' title="bbox 945 597 1725 634">
    <p class='ocr_par' dir='ltr' id='par_1_57' title="bbox 945 597 1725 634">
     <span class='ocr_line' id='line_1_57' title="bbox 945 597 1725 634; baseline 0.006 -10"><span class='ocrx_word' id='word_1_447' title='bbox 945 597 990 624; x_wconf 80' lang='lat' dir='ltr'><strong>m&#39;t.</strong></span> <span class='ocrx_word' id='word_1_448' title='bbox 1011 597 1132 625; x_wconf 79' lang='lat' dir='ltr'><strong>Eximius</strong></span> <span class='ocrx_word' id='word_1_449' title='bbox 1147 598 1219 625; x_wconf 88' lang='lat' dir='ltr'><strong>enim</strong></span> <span class='ocrx_word' id='word_1_450' title='bbox 1236 598 1384 626; x_wconf 89' lang='lat' dir='ltr'><strong>divinitatis</strong></span> <span class='ocrx_word' id='word_1_451' title='bbox 1399 600 1540 627; x_wconf 87' lang='lat' dir='ltr'><strong>character</strong></span> <span class='ocrx_word' id='word_1_452' title='bbox 1551 608 1582 627; x_wconf 86' lang='lat' dir='ltr'><strong>ac</strong></span> <span class='ocrx_word' id='word_1_453' title='bbox 1604 606 1664 628; x_wconf 80' lang='lat' dir='ltr'><strong>nota</strong></span> <span class='ocrx_word' id='word_1_454' title='bbox 1674 608 1725 634; x_wconf 89' lang='lat' dir='ltr'><strong>est,</strong></span> 
     </span>
    </p>
   </div>
   <div class='ocr_carea' id='block_1_58' title="bbox 947 643 1727 678">
    <p class='ocr_par' dir='ltr' id='par_1_58' title="bbox 947 643 1727 678">
     <span class='ocr_line' id='line_1_58' title="bbox 947 643 1727 678; baseline 0.006 -9"><span class='ocrx_word' id='word_1_455' title='bbox 947 643 1093 676; x_wconf 74' lang='lat' dir='ltr'><strong>przedieere</strong></span> <span class='ocrx_word' id='word_1_456' title='bbox 1105 643 1293 677; x_wconf 81' lang='lat' dir='ltr'><strong>infallibiliter,</strong></span> <span class='ocrx_word' id='word_1_457' title='bbox 1309 644 1389 678; x_wconf 86' lang='lat' dir='ltr'><strong>idque</strong></span> <span class='ocrx_word' id='word_1_458' title='bbox 1407 645 1443 672; x_wconf 83' lang='lat' dir='ltr'><strong>ita</strong></span> <span class='ocrx_word' id='word_1_459' title='bbox 1471 644 1569 677; x_wconf 77' lang='lat' dir='ltr'><strong>facere,</strong></span> <span class='ocrx_word' id='word_1_460' title='bbox 1597 651 1625 673; x_wconf 87' lang='lat' dir='ltr'><strong>ut</strong></span> <span class='ocrx_word' id='word_1_461' title='bbox 1644 648 1669 674; x_wconf 91' lang='lat' dir='ltr'><strong>in</strong></span> <span class='ocrx_word' id='word_1_462' title='bbox 1681 655 1727 674; x_wconf 89' lang='lat' dir='ltr'><strong>eo-</strong></span> 
     </span>
    </p>
   </div>
   <div class='ocr_carea' id='block_1_59' title="bbox 946 689 1728 725">
    <p class='ocr_par' dir='ltr' id='par_1_59' title="bbox 946 689 1728 725">
     <span class='ocr_line' id='line_1_59' title="bbox 946 689 1728 725; baseline 0.006 -10"><span class='ocrx_word' id='word_1_463' title='bbox 946 697 1018 721; x_wconf 83' lang='lat' dir='ltr'><strong>rum,</strong></span> <span class='ocrx_word' id='word_1_464' title='bbox 1031 689 1075 724; x_wconf 90' lang='lat' dir='ltr'><strong>qui</strong></span> <span class='ocrx_word' id='word_1_465' title='bbox 1085 689 1208 722; x_wconf 87' lang='lat' dir='ltr'><strong>audiunt,</strong></span> <span class='ocrx_word' id='word_1_466' title='bbox 1224 691 1394 717; x_wconf 86' lang='lat' dir='ltr'><strong>commodum</strong></span> <span class='ocrx_word' id='word_1_467' title='bbox 1421 695 1502 725; x_wconf 87' lang='lat' dir='ltr'><strong>atque</strong></span> <span class='ocrx_word' id='word_1_468' title='bbox 1527 692 1671 720; x_wconf 85' lang='lat' dir='ltr'><strong>utilitatem</strong></span> <span class='ocrx_word' id='word_1_469' title='bbox 1684 701 1728 721; x_wconf 89' lang='lat' dir='ltr'><strong>ce-</strong></span> 
     </span>
    </p>
   </div>
   <div class='ocr_carea' id='block_1_60' title="bbox 946 735 1728 769">
    <p class='ocr_par' dir='ltr' id='par_1_60' title="bbox 946 735 1728 769">
     <span class='ocr_line' id='line_1_60' title="bbox 946 735 1728 769; baseline 0.008 -9"><span class='ocrx_word' id='word_1_470' title='bbox 946 735 1010 766; x_wconf 84' lang='lat' dir='ltr'><strong>dat;</strong></span> <span class='ocrx_word' id='word_1_471' title='bbox 1024 739 1052 761; x_wconf 85' lang='lat' dir='ltr'><strong>ut</strong></span> <span class='ocrx_word' id='word_1_472' title='bbox 1071 742 1166 769; x_wconf 88' lang='lat' dir='ltr'><strong>nempe</strong></span> <span class='ocrx_word' id='word_1_473' title='bbox 1183 735 1234 762; x_wconf 93' lang='lat' dir='ltr'><strong>sibi</strong></span> <span class='ocrx_word' id='word_1_474' title='bbox 1254 741 1377 768; x_wconf 87' lang='lat' dir='ltr'><strong>caveant,</strong></span> <span class='ocrx_word' id='word_1_475' title='bbox 1393 737 1494 764; x_wconf 86' lang='lat' dir='ltr'><strong>etsalvi</strong></span> <span class='ocrx_word' id='word_1_476' title='bbox 1507 737 1581 765; x_wconf 86' lang='lat' dir='ltr'><strong>liant.</strong></span> <span class='ocrx_word' id='word_1_477' title='bbox 1597 738 1665 765; x_wconf 89' lang='lat' dir='ltr'><strong>Dum</strong></span> <span class='ocrx_word' id='word_1_478' title='bbox 1677 739 1728 766; x_wconf 83' lang='lat' dir='ltr'><strong>ita-</strong></span> 
     </span>
    </p>
   </div>
   <div class='ocr_carea' id='block_1_61' title="bbox 945 780 1728 819">
    <p class='ocr_par' dir='ltr' id='par_1_61' title="bbox 945 780 1728 819">
     <span class='ocr_line' id='line_1_61' title="bbox 945 780 1728 819; baseline 0.008 -14"><span class='ocrx_word' id='word_1_479' title='bbox 945 787 997 814; x_wconf 90' lang='lat' dir='ltr'><strong>que</strong></span> <span class='ocrx_word' id='word_1_480' title='bbox 1013 780 1163 815; x_wconf 85' lang='lat' dir='ltr'><strong>hujnsmodi</strong></span> <span class='ocrx_word' id='word_1_481' title='bbox 1181 781 1429 815; x_wconf 81' lang='lat' dir='ltr'><strong>interpretationes,</strong></span> <span class='ocrx_word' id='word_1_482' title='bbox 1450 787 1477 810; x_wconf 90' lang='lat' dir='ltr'><strong>et</strong></span> <span class='ocrx_word' id='word_1_483' title='bbox 1497 789 1648 811; x_wconf 85' lang='lat' dir='ltr'><strong>commenta</strong></span> <span class='ocrx_word' id='word_1_484' title='bbox 1666 793 1728 819; x_wconf 88' lang='lat' dir='ltr'><strong>pro-</strong></span> 
     </span>
    </p>
   </div>
   <div class='ocr_carea' id='block_1_62' title="bbox 946 824 1727 862">
    <p class='ocr_par' dir='ltr' id='par_1_62' title="bbox 946 824 1727 862">
     <span class='ocr_line' id='line_1_62' title="bbox 946 824 1727 862; baseline 0.008 -11"><span class='ocrx_word' id='word_1_485' title='bbox 946 824 1032 857; x_wconf 80' lang='lat' dir='ltr'><strong>l‘ertis,</strong></span> <span class='ocrx_word' id='word_1_486' title='bbox 1047 825 1166 858; x_wconf 90' lang='lat' dir='ltr'><strong>nunquid</strong></span> <span class='ocrx_word' id='word_1_487' title='bbox 1180 825 1304 852; x_wconf 89' lang='lat' dir='ltr'><strong>illudnon</strong></span> <span class='ocrx_word' id='word_1_488' title='bbox 1320 828 1461 861; x_wconf 85' lang='lat' dir='ltr'><strong>reputatis,</strong></span> <span class='ocrx_word' id='word_1_489' title='bbox 1475 829 1544 862; x_wconf 79' lang='lat' dir='ltr'><strong>quod</strong></span> <span class='ocrx_word' id='word_1_490' title='bbox 1559 834 1585 857; x_wconf 91' lang='lat' dir='ltr'><strong>et</strong></span> <span class='ocrx_word' id='word_1_491' title='bbox 1597 835 1727 858; x_wconf 70' lang='lat' dir='ltr'><strong>creaturae</strong></span> 
     </span>
    </p>
   </div>
   <div class='ocr_carea' id='block_1_63' title="bbox 945 871 1727 909">
    <p class='ocr_par' dir='ltr' id='par_1_63' title="bbox 945 871 1727 909">
     <span class='ocr_line' id='line_1_63' title="bbox 945 871 1727 909; baseline 0.008 -12"><span class='ocrx_word' id='word_1_492' title='bbox 945 871 994 904; x_wconf 89' lang='lat' dir='ltr'><strong>ipsi</strong></span> <span class='ocrx_word' id='word_1_493' title='bbox 1009 871 1206 906; x_wconf 89' lang='lat' dir='ltr'><strong>quodauunodo</strong></span> <span class='ocrx_word' id='word_1_494' title='bbox 1221 871 1302 899; x_wconf 86' lang='lat' dir='ltr'><strong>invidi</strong></span> <span class='ocrx_word' id='word_1_495' title='bbox 1316 873 1391 905; x_wconf 89' lang='lat' dir='ltr'><strong>estis,</strong></span> <span class='ocrx_word' id='word_1_496' title='bbox 1409 879 1437 900; x_wconf 93' lang='lat' dir='ltr'><strong>et</strong></span> <span class='ocrx_word' id='word_1_497' title='bbox 1450 881 1523 907; x_wconf 80' lang='lat' dir='ltr'><strong>eum,</strong></span> <span class='ocrx_word' id='word_1_498' title='bbox 1547 876 1592 909; x_wconf 86' lang='lat' dir='ltr'><strong>qui</strong></span> <span class='ocrx_word' id='word_1_499' title='bbox 1606 875 1727 903; x_wconf 86' lang='lat' dir='ltr'><strong>liberali-</strong></span> 
     </span>
    </p>
   </div>
   <div class='ocr_carea' id='block_1_64' title="bbox 946 915 1728 953">
    <p class='ocr_par' dir='ltr' id='par_1_64' title="bbox 946 915 1728 953">
     <span class='ocr_line' id='line_1_64' title="bbox 946 915 1728 953; baseline 0.008 -11"><span class='ocrx_word' id='word_1_500' title='bbox 946 916 1007 943; x_wconf 82' lang='lat' dir='ltr'><strong>tatis</strong></span> <span class='ocrx_word' id='word_1_501' title='bbox 1019 923 1051 943; x_wconf 88' lang='lat' dir='ltr'><strong>ac</strong></span> <span class='ocrx_word' id='word_1_502' title='bbox 1060 915 1250 944; x_wconf 70' lang='lat' dir='ltr'><strong>muniﬁcentia:</strong></span> <span class='ocrx_word' id='word_1_503' title='bbox 1266 924 1346 944; x_wconf 81' lang='lat' dir='ltr'><strong>causa</strong></span> <span class='ocrx_word' id='word_1_504' title='bbox 1359 925 1422 945; x_wconf 85' lang='lat' dir='ltr'><strong>suas</strong></span> <span class='ocrx_word' id='word_1_505' title='bbox 1443 919 1526 953; x_wconf 89' lang='lat' dir='ltr'><strong>ipsius</strong></span> <span class='ocrx_word' id='word_1_506' title='bbox 1541 926 1681 948; x_wconf 82' lang='lat' dir='ltr'><strong>creaturas</strong></span> <span class='ocrx_word' id='word_1_507' title='bbox 1694 921 1728 948; x_wconf 82' lang='lat' dir='ltr'><strong>iis</strong></span> 
     </span>
    </p>
   </div>
   <div class='ocr_carea' id='block_1_65' title="bbox 945 959 1728 998">
    <p class='ocr_par' dir='ltr' id='par_1_65' title="bbox 945 959 1728 998">
     <span class='ocr_line' id='line_1_65' title="bbox 945 959 1728 998; baseline 0.01 -12"><span class='ocrx_word' id='word_1_508' title='bbox 945 959 1011 995; x_wconf 85' lang='lat' dir='ltr'><strong>ipsis</strong></span> <span class='ocrx_word' id='word_1_509' title='bbox 1025 960 1174 993; x_wconf 79' lang='lat' dir='ltr'><strong>vocabulis,</strong></span> <span class='ocrx_word' id='word_1_510' title='bbox 1191 968 1250 996; x_wconf 70' lang='lat' dir='ltr'><strong>qua:</strong></span> <span class='ocrx_word' id='word_1_511' title='bbox 1271 962 1305 989; x_wconf 81' lang='lat' dir='ltr'><strong>de</strong></span> <span class='ocrx_word' id='word_1_512' title='bbox 1328 963 1375 990; x_wconf 91' lang='lat' dir='ltr'><strong>illo</strong></span> <span class='ocrx_word' id='word_1_513' title='bbox 1394 964 1464 991; x_wconf 81' lang='lat' dir='ltr'><strong>dicta</strong></span> <span class='ocrx_word' id='word_1_514' title='bbox 1485 969 1558 998; x_wconf 89' lang='lat' dir='ltr'><strong>sunt,</strong></span> <span class='ocrx_word' id='word_1_515' title='bbox 1577 966 1728 994; x_wconf 85' lang='lat' dir='ltr'><strong>honestavit</strong></span> 
     </span>
    </p>
   </div>
   <div class='ocr_carea' id='block_1_66' title="bbox 944 1007 1728 1046">
    <p class='ocr_par' dir='ltr' id='par_1_66' title="bbox 944 1007 1728 1046">
     <span class='ocr_line' id='line_1_66' title="bbox 944 1007 1728 1046; baseline 0.009 -13"><span class='ocrx_word' id='word_1_516' title='bbox 944 1007 1113 1041; x_wconf 85' lang='lat' dir='ltr'><strong>ornavitque,</strong></span> <span class='ocrx_word' id='word_1_517' title='bbox 1132 1007 1212 1034; x_wconf 87' lang='lat' dir='ltr'><strong>veluti</strong></span> <span class='ocrx_word' id='word_1_518' title='bbox 1225 1007 1280 1044; x_wconf 64' lang='grc'>(74)</span> <span class='ocrx_word' id='word_1_519' title='bbox 1293 1008 1491 1036; x_wconf 85' lang='lat' dir='ltr'><strong>crimiuamini?</strong></span> <span class='ocrx_word' id='word_1_520' title='bbox 1501 1017 1560 1038; x_wconf 90' lang='lat' dir='ltr'><strong>cum</strong></span> <span class='ocrx_word' id='word_1_521' title='bbox 1576 1011 1728 1046; x_wconf 71' lang='lat' dir='ltr'><strong>huiusmodi</strong></span> 
     </span>
    </p>
   </div>
   <div class='ocr_carea' id='block_1_67' title="bbox 945 1052 1729 1090">
    <p class='ocr_par' dir='ltr' id='par_1_67' title="bbox 945 1052 1729 1090">
     <span class='ocr_line' id='line_1_67' title="bbox 945 1052 1729 1090; baseline 0.013 -12"><span class='ocrx_word' id='word_1_522' title='bbox 945 1059 1013 1084; x_wconf 90' lang='lat' dir='ltr'><strong>rem,</strong></span> <span class='ocrx_word' id='word_1_523' title='bbox 1029 1052 1249 1081; x_wconf 89' lang='lat' dir='ltr'><strong>chrematismum</strong></span> <span class='ocrx_word' id='word_1_524' title='bbox 1265 1053 1368 1081; x_wconf 88' lang='lat' dir='ltr'><strong>scilicet</strong></span> <span class='ocrx_word' id='word_1_525' title='bbox 1390 1054 1507 1090; x_wconf 88' lang='lat' dir='ltr'><strong>Spiritus</strong></span> <span class='ocrx_word' id='word_1_526' title='bbox 1532 1059 1629 1090; x_wconf 88' lang='lat' dir='ltr'><strong>sancti,</strong></span> <span class='ocrx_word' id='word_1_527' title='bbox 1645 1060 1729 1088; x_wconf 74' lang='lat' dir='ltr'><strong>cmle-</strong></span> 
     </span>
    </p>
   </div>
   <div class='ocr_carea' id='block_1_68' title="bbox 949 1097 1727 1138">
    <p class='ocr_par' dir='ltr' id='par_1_68' title="bbox 949 1097 1727 1138">
     <span class='ocr_line' id='line_1_68' title="bbox 949 1097 1727 1138; baseline 0.01 -14"><span class='ocrx_word' id='word_1_528' title='bbox 949 1101 1051 1125; x_wconf 84' lang='lat' dir='ltr'><strong>stemve</strong></span> <span class='ocrx_word' id='word_1_529' title='bbox 1069 1097 1127 1132; x_wconf 86' lang='lat' dir='ltr'><strong>ejus</strong></span> <span class='ocrx_word' id='word_1_530' title='bbox 1150 1099 1377 1132; x_wconf 85' lang='lat' dir='ltr'><strong>admonitionem,</strong></span> <span class='ocrx_word' id='word_1_531' title='bbox 1400 1101 1486 1135; x_wconf 76' lang='lat' dir='ltr'><strong>gratia</strong></span> <span class='ocrx_word' id='word_1_532' title='bbox 1513 1109 1619 1136; x_wconf 84' lang='lat' dir='ltr'><strong>quoque</strong></span> <span class='ocrx_word' id='word_1_533' title='bbox 1643 1103 1727 1138; x_wconf 88' lang='lat' dir='ltr'><strong>ipsius</strong></span> 
     </span>
    </p>
   </div>
   <div class='ocr_carea' id='block_1_69' title="bbox 945 1143 1726 1180">
    <p class='ocr_par' dir='ltr' id='par_1_69' title="bbox 945 1143 1726 1180">
     <span class='ocr_line' id='line_1_69' title="bbox 945 1143 1726 1180; baseline 0.012 -11"><span class='ocrx_word' id='word_1_534' title='bbox 945 1143 1090 1170; x_wconf 84' lang='lat' dir='ltr'><strong>comitetur</strong></span> <span class='ocrx_word' id='word_1_535' title='bbox 1103 1143 1170 1179; x_wconf 86' lang='lat'><strong>(75).</strong></span> <span class='ocrx_word' id='word_1_536' title='bbox 1189 1143 1227 1171; x_wconf 77' lang='lat' dir='ltr'><strong>Ex</strong></span> <span class='ocrx_word' id='word_1_537' title='bbox 1240 1145 1290 1172; x_wconf 86' lang='lat' dir='ltr'><strong>hoc</strong></span> <span class='ocrx_word' id='word_1_538' title='bbox 1305 1146 1377 1173; x_wconf 88' lang='lat' dir='ltr'><strong>enim</strong></span> <span class='ocrx_word' id='word_1_539' title='bbox 1393 1146 1449 1180; x_wconf 89' lang='lat' dir='ltr'><strong>ipso</strong></span> <span class='ocrx_word' id='word_1_540' title='bbox 1464 1147 1656 1176; x_wconf 80' lang='lat' dir='ltr'><strong>chrematismo</strong></span> <span class='ocrx_word' id='word_1_541' title='bbox 1672 1157 1726 1178; x_wconf 85' lang='lat' dir='ltr'><strong>non</strong></span> 
     </span>
    </p>
   </div>
   <div class='ocr_carea' id='block_1_70' title="bbox 945 1189 1728 1230">
    <p class='ocr_par' dir='ltr' id='par_1_70' title="bbox 945 1189 1728 1230">
     <span class='ocr_line' id='line_1_70' title="bbox 945 1189 1728 1230; baseline 0.01 -15"><span class='ocrx_word' id='word_1_542' title='bbox 945 1189 1026 1216; x_wconf 91' lang='lat' dir='ltr'><strong>modo</strong></span> <span class='ocrx_word' id='word_1_543' title='bbox 1044 1189 1066 1216; x_wconf 88' lang='lat' dir='ltr'><strong>is</strong></span> <span class='ocrx_word' id='word_1_544' title='bbox 1081 1190 1183 1217; x_wconf 92' lang='lat' dir='ltr'><strong>nullum</strong></span> <span class='ocrx_word' id='word_1_545' title='bbox 1198 1190 1277 1225; x_wconf 85' lang='lat' dir='ltr'><strong>plane</strong></span> <span class='ocrx_word' id='word_1_546' title='bbox 1293 1191 1401 1219; x_wconf 79' lang='lat' dir='ltr'><strong>sibimet</strong></span> <span class='ocrx_word' id='word_1_547' title='bbox 1415 1192 1466 1226; x_wconf 84' lang='lat' dir='ltr'><strong>ipsi</strong></span> <span class='ocrx_word' id='word_1_548' title='bbox 1487 1192 1602 1222; x_wconf 82' lang='lat' dir='ltr'><strong>dedecus</strong></span> <span class='ocrx_word' id='word_1_549' title='bbox 1618 1202 1728 1230; x_wconf 85' lang='lat' dir='ltr'><strong>compa-</strong></span> 
     </span>
    </p>
   </div>
   <div class='ocr_carea' id='block_1_71' title="bbox 946 1235 1727 1276">
    <p class='ocr_par' dir='ltr' id='par_1_71' title="bbox 946 1235 1727 1276">
     <span class='ocr_line' id='line_1_71' title="bbox 946 1235 1727 1276; baseline 0.01 -16"><span class='ocrx_word' id='word_1_550' title='bbox 946 1238 999 1266; x_wconf 87' lang='lat' dir='ltr'><strong>rat,</strong></span> <span class='ocrx_word' id='word_1_551' title='bbox 1015 1235 1061 1262; x_wconf 88' lang='lat' dir='ltr'><strong>sed</strong></span> <span class='ocrx_word' id='word_1_552' title='bbox 1074 1235 1156 1262; x_wconf 88' lang='lat' dir='ltr'><strong>etiam</strong></span> <span class='ocrx_word' id='word_1_553' title='bbox 1171 1235 1249 1263; x_wconf 87' lang='lat' dir='ltr'><strong>laude</strong></span> <span class='ocrx_word' id='word_1_554' title='bbox 1258 1236 1366 1270; x_wconf 77' lang='lat' dir='ltr'><strong>dignum</strong></span> <span class='ocrx_word' id='word_1_555' title='bbox 1378 1245 1406 1264; x_wconf 86' lang='lat' dir='ltr'><strong>se</strong></span> <span class='ocrx_word' id='word_1_556' title='bbox 1417 1238 1542 1272; x_wconf 86' lang='lat' dir='ltr'><strong>ostendit,</strong></span> <span class='ocrx_word' id='word_1_557' title='bbox 1556 1244 1636 1274; x_wconf 83' lang='lat' dir='ltr'><strong>atque</strong></span> <span class='ocrx_word' id='word_1_558' title='bbox 1645 1248 1727 1276; x_wconf 85' lang='lat' dir='ltr'><strong>opera</strong></span> 
     </span>
    </p>
   </div>
   <div class='ocr_carea' id='block_1_72' title="bbox 945 1281 1727 1317">
    <p class='ocr_par' dir='ltr' id='par_1_72' title="bbox 945 1281 1727 1317">
     <span class='ocr_line' id='line_1_72' title="bbox 945 1281 1727 1317; baseline 0.01 -11"><span class='ocrx_word' id='word_1_559' title='bbox 945 1286 1004 1311; x_wconf 85' lang='lat' dir='ltr'><strong>sua,</strong></span> <span class='ocrx_word' id='word_1_560' title='bbox 1023 1284 1053 1306; x_wconf 91' lang='lat' dir='ltr'><strong>ut</strong></span> <span class='ocrx_word' id='word_1_561' title='bbox 1067 1281 1144 1312; x_wconf 84' lang='lat' dir='ltr'><strong>solet.</strong></span> <span class='ocrx_word' id='word_1_562' title='bbox 1157 1281 1302 1310; x_wconf 82' lang='lat' dir='ltr'><strong>exhilarat.</strong></span> <span class='ocrx_word' id='word_1_563' title='bbox 1319 1282 1398 1317; x_wconf 79' lang='lat'><strong>197</strong></span> <span class='ocrx_word' id='word_1_564' title='bbox 1407 1282 1462 1310; x_wconf 88' lang='lat' dir='ltr'><strong>Nos</strong></span> <span class='ocrx_word' id='word_1_565' title='bbox 1471 1291 1534 1311; x_wconf 88' lang='lat' dir='ltr'><strong>vero</strong></span> <span class='ocrx_word' id='word_1_566' title='bbox 1544 1285 1593 1312; x_wconf 91' lang='lat' dir='ltr'><strong>etsi</strong></span> <span class='ocrx_word' id='word_1_567' title='bbox 1608 1285 1727 1314; x_wconf 87' lang='lat' dir='ltr'><strong>divinam</strong></span> 
     </span>
    </p>
   </div>
   <div class='ocr_carea' id='block_1_73' title="bbox 947 1326 1726 1366">
    <p class='ocr_par' dir='ltr' id='par_1_73' title="bbox 947 1326 1726 1366">
     <span class='ocr_line' id='line_1_73' title="bbox 947 1326 1726 1366; baseline 0.012 -13"><span class='ocrx_word' id='word_1_568' title='bbox 947 1326 1062 1361; x_wconf 86' lang='lat' dir='ltr'><strong>Spiritus</strong></span> <span class='ocrx_word' id='word_1_569' title='bbox 1080 1329 1166 1356; x_wconf 87' lang='lat' dir='ltr'><strong>sancti</strong></span> <span class='ocrx_word' id='word_1_570' title='bbox 1177 1329 1380 1364; x_wconf 84' lang='lat' dir='ltr'><strong>amplitudinem</strong></span> <span class='ocrx_word' id='word_1_571' title='bbox 1396 1338 1427 1358; x_wconf 89' lang='lat' dir='ltr'><strong>ae</strong></span> <span class='ocrx_word' id='word_1_572' title='bbox 1444 1331 1613 1366; x_wconf 71' lang='lat' dir='ltr'><strong>maiestatem</strong></span> <span class='ocrx_word' id='word_1_573' title='bbox 1629 1333 1655 1361; x_wconf 91' lang='lat' dir='ltr'><strong>in</strong></span> <span class='ocrx_word' id='word_1_574' title='bbox 1671 1339 1726 1362; x_wconf 87' lang='lat' dir='ltr'><strong>tota</strong></span> 
     </span>
    </p>
   </div>
   <div class='ocr_carea' id='block_1_74' title="bbox 946 1372 1726 1413">
    <p class='ocr_par' dir='ltr' id='par_1_74' title="bbox 946 1372 1726 1413">
     <span class='ocr_line' id='line_1_74' title="bbox 946 1372 1726 1413; baseline 0.01 -14"><span class='ocrx_word' id='word_1_575' title='bbox 946 1372 998 1400; x_wconf 83' lang='lat' dir='ltr'><strong>hac</strong></span> <span class='ocrx_word' id='word_1_576' title='bbox 1011 1373 1191 1407; x_wconf 80' lang='lat' dir='ltr'><strong>disputatione</strong></span> <span class='ocrx_word' id='word_1_577' title='bbox 1206 1382 1238 1402; x_wconf 87' lang='lat' dir='ltr'><strong>ex</strong></span> <span class='ocrx_word' id='word_1_578' title='bbox 1266 1383 1298 1403; x_wconf 89' lang='lat' dir='ltr'><strong>eo</strong></span> <span class='ocrx_word' id='word_1_579' title='bbox 1320 1381 1422 1403; x_wconf 88' lang='lat' dir='ltr'><strong>tantum</strong></span> <span class='ocrx_word' id='word_1_580' title='bbox 1448 1377 1609 1406; x_wconf 82' lang='lat' dir='ltr'><strong>conﬁrmare</strong></span> <span class='ocrx_word' id='word_1_581' title='bbox 1622 1380 1726 1413; x_wconf 91' lang='lat' dir='ltr'><strong>potuis-</strong></span> 
     </span>
    </p>
   </div>
   <div class='ocr_carea' id='block_1_75' title="bbox 946 1418 1735 1459">
    <p class='ocr_par' dir='ltr' id='par_1_75' title="bbox 946 1418 1735 1459">
     <span class='ocr_line' id='line_1_75' title="bbox 946 1418 1735 1459; baseline 0.009 -14"><span class='ocrx_word' id='word_1_582' title='bbox 946 1425 1048 1451; x_wconf 89' lang='lat' dir='ltr'><strong>semus,</strong></span> <span class='ocrx_word' id='word_1_583' title='bbox 1063 1420 1134 1453; x_wconf 89' lang='lat' dir='ltr'><strong>quod</strong></span> <span class='ocrx_word' id='word_1_584' title='bbox 1145 1420 1202 1454; x_wconf 88' lang='lat' dir='ltr'><strong>ipse</strong></span> <span class='ocrx_word' id='word_1_585' title='bbox 1215 1421 1390 1454; x_wconf 73' lang='lat' dir='ltr'><strong>chremalizet,</strong></span> <span class='ocrx_word' id='word_1_586' title='bbox 1401 1423 1426 1449; x_wconf 91' lang='lat' dir='ltr'><strong>id</strong></span> <span class='ocrx_word' id='word_1_587' title='bbox 1439 1427 1489 1456; x_wconf 88' lang='lat' dir='ltr'><strong>est,</strong></span> <span class='ocrx_word' id='word_1_588' title='bbox 1499 1425 1608 1450; x_wconf 84' lang='lat' dir='ltr'><strong>oracula</strong></span> <span class='ocrx_word' id='word_1_589' title='bbox 1622 1418 1735 1459; x_wconf 49' lang='lat' dir='ltr'><strong>fundat,</strong></span> 
     </span>
    </p>
   </div>
   <div class='ocr_carea' id='block_1_76' title="bbox 946 1464 1727 1503">
    <p class='ocr_par' dir='ltr' id='par_1_76' title="bbox 946 1464 1727 1503">
     <span class='ocr_line' id='line_1_76' title="bbox 946 1464 1727 1503; baseline 0.009 -13"><span class='ocrx_word' id='word_1_590' title='bbox 946 1468 992 1490; x_wconf 91' lang='lat' dir='ltr'><strong>aut</strong></span> <span class='ocrx_word' id='word_1_591' title='bbox 1004 1471 1132 1498; x_wconf 87' lang='lat' dir='ltr'><strong>responsa</strong></span> <span class='ocrx_word' id='word_1_592' title='bbox 1149 1464 1204 1497; x_wconf 85' lang='lat' dir='ltr'><strong>det,</strong></span> <span class='ocrx_word' id='word_1_593' title='bbox 1217 1470 1262 1492; x_wconf 84' lang='lat' dir='ltr'><strong>aut</strong></span> <span class='ocrx_word' id='word_1_594' title='bbox 1276 1466 1382 1493; x_wconf 69' lang='lat' dir='ltr'><strong>caelitus</strong></span> <span class='ocrx_word' id='word_1_595' title='bbox 1395 1468 1503 1500; x_wconf 84' lang='lat' dir='ltr'><strong>revelet,</strong></span> <span class='ocrx_word' id='word_1_596' title='bbox 1525 1473 1605 1503; x_wconf 87' lang='lat' dir='ltr'><strong>atque</strong></span> <span class='ocrx_word' id='word_1_597' title='bbox 1621 1469 1672 1497; x_wconf 87' lang='lat' dir='ltr'><strong>hoc</strong></span> <span class='ocrx_word' id='word_1_598' title='bbox 1687 1471 1727 1497; x_wconf 85' lang='lat' dir='ltr'><strong>vel</strong></span> 
     </span>
    </p>
   </div>
   <div class='ocr_carea' id='block_1_77' title="bbox 947 1508 1729 1545">
    <p class='ocr_par' dir='ltr' id='par_1_77' title="bbox 947 1508 1729 1545">
     <span class='ocr_line' id='line_1_77' title="bbox 947 1508 1729 1545; baseline 0.01 -11"><span class='ocrx_word' id='word_1_599' title='bbox 947 1508 1042 1540; x_wconf 86' lang='lat' dir='ltr'><strong>solum,</strong></span> <span class='ocrx_word' id='word_1_600' title='bbox 1061 1516 1093 1536; x_wconf 91' lang='lat' dir='ltr'><strong>ac</strong></span> <span class='ocrx_word' id='word_1_601' title='bbox 1102 1516 1224 1537; x_wconf 84' lang='lat' dir='ltr'><strong>seorsum</strong></span> <span class='ocrx_word' id='word_1_602' title='bbox 1235 1516 1381 1545; x_wconf 91' lang='lat' dir='ltr'><strong>sumptum,</strong></span> <span class='ocrx_word' id='word_1_603' title='bbox 1399 1519 1458 1539; x_wconf 82' lang='lat' dir='ltr'><strong>eam</strong></span> <span class='ocrx_word' id='word_1_604' title='bbox 1482 1513 1548 1540; x_wconf 86' lang='lat' dir='ltr'><strong>satis</strong></span> <span class='ocrx_word' id='word_1_605' title='bbox 1563 1514 1729 1542; x_wconf 83' lang='lat' dir='ltr'><strong>demonstret</strong></span> 
     </span>
    </p>
   </div>
   <div class='ocr_carea' id='block_1_78' title="bbox 946 1557 1726 1593">
    <p class='ocr_par' dir='ltr' id='par_1_78' title="bbox 946 1557 1726 1593">
     <span class='ocr_line' id='line_1_78' title="bbox 946 1557 1726 1593; baseline 0.009 -13"><span class='ocrx_word' id='word_1_606' title='bbox 946 1561 977 1581; x_wconf 88' lang='lat' dir='ltr'><strong>ac</strong></span> <span class='ocrx_word' id='word_1_607' title='bbox 992 1558 1104 1582; x_wconf 87' lang='lat' dir='ltr'><strong>testetur</strong></span> <span class='ocrx_word' id='word_1_608' title='bbox 1115 1563 1122 1581; x_wconf 89' lang='lat'><strong>:</strong></span> <span class='ocrx_word' id='word_1_609' title='bbox 1135 1559 1223 1582; x_wconf 82' lang='lat' dir='ltr'><strong>tamen</strong></span> <span class='ocrx_word' id='word_1_610' title='bbox 1238 1563 1291 1584; x_wconf 91' lang='lat' dir='ltr'><strong>non</strong></span> <span class='ocrx_word' id='word_1_611' title='bbox 1304 1557 1386 1584; x_wconf 88' lang='lat' dir='ltr'><strong>hocce</strong></span> <span class='ocrx_word' id='word_1_612' title='bbox 1399 1558 1530 1585; x_wconf 76' lang='lat' dir='ltr'><strong>duntaxat</strong></span> <span class='ocrx_word' id='word_1_613' title='bbox 1541 1560 1726 1593; x_wconf 79' lang='lat' dir='ltr'><strong>argumentum</strong></span> 
     </span>
    </p>
   </div>
   <div class='ocr_carea' id='block_1_79' title="bbox 947 1599 1728 1639">
    <p class='ocr_par' dir='ltr' id='par_1_79' title="bbox 947 1599 1728 1639">
     <span class='ocr_line' id='line_1_79' title="bbox 947 1599 1728 1639; baseline 0.01 -13"><span class='ocrx_word' id='word_1_614' title='bbox 947 1599 1095 1633; x_wconf 80' lang='lat' dir='ltr'><strong>attulimus,</strong></span> <span class='ocrx_word' id='word_1_615' title='bbox 1111 1600 1158 1628; x_wconf 90' lang='lat' dir='ltr'><strong>sed</strong></span> <span class='ocrx_word' id='word_1_616' title='bbox 1171 1601 1246 1636; x_wconf 89' lang='lat' dir='ltr'><strong>plura</strong></span> <span class='ocrx_word' id='word_1_617' title='bbox 1256 1602 1337 1629; x_wconf 86' lang='lat' dir='ltr'><strong>etiam</strong></span> <span class='ocrx_word' id='word_1_618' title='bbox 1351 1603 1414 1635; x_wconf 87' lang='lat' dir='ltr'><strong>alia,</strong></span> <span class='ocrx_word' id='word_1_619' title='bbox 1433 1611 1517 1639; x_wconf 85' lang='lat' dir='ltr'><strong>eaque</strong></span> <span class='ocrx_word' id='word_1_620' title='bbox 1543 1606 1681 1639; x_wconf 84' lang='lat' dir='ltr'><strong>splendida</strong></span> <span class='ocrx_word' id='word_1_621' title='bbox 1696 1615 1728 1634; x_wconf 80' lang='lat' dir='ltr'><strong>ac</strong></span> 
     </span>
    </p>
   </div>
   <div class='ocr_carea' id='block_1_80' title="bbox 946 1644 1729 1686">
    <p class='ocr_par' dir='ltr' id='par_1_80' title="bbox 946 1644 1729 1686">
     <span class='ocr_line' id='line_1_80' title="bbox 946 1644 1729 1686; baseline 0.01 -15"><span class='ocrx_word' id='word_1_622' title='bbox 946 1644 1084 1678; x_wconf 84' lang='lat' dir='ltr'><strong>sublimia,</strong></span> <span class='ocrx_word' id='word_1_623' title='bbox 1097 1651 1124 1673; x_wconf 83' lang='lat' dir='ltr'><strong>et</strong></span> <span class='ocrx_word' id='word_1_624' title='bbox 1142 1646 1260 1680; x_wconf 84' lang='lat' dir='ltr'><strong>cujusvis</strong></span> <span class='ocrx_word' id='word_1_625' title='bbox 1272 1648 1446 1676; x_wconf 84' lang='lat' dir='ltr'><strong>dubitationis</strong></span> <span class='ocrx_word' id='word_1_626' title='bbox 1458 1651 1589 1684; x_wconf 81' lang='lat' dir='ltr'><strong>expertia,</strong></span> <span class='ocrx_word' id='word_1_627' title='bbox 1607 1650 1729 1686; x_wconf 81' lang='lat' dir='ltr'><strong>Scriptu-</strong></span> 
     </span>
    </p>
   </div>
   <div class='ocr_carea' id='block_1_81' title="bbox 946 1692 1729 1729">
    <p class='ocr_par' dir='ltr' id='par_1_81' title="bbox 946 1692 1729 1729">
     <span class='ocr_line' id='line_1_81' title="bbox 946 1692 1729 1729; baseline 0.009 -11"><span class='ocrx_word' id='word_1_628' title='bbox 946 1698 1037 1718; x_wconf 83' lang='lat' dir='ltr'><strong>rarum</strong></span> <span class='ocrx_word' id='word_1_629' title='bbox 1050 1692 1124 1719; x_wconf 86' lang='lat' dir='ltr'><strong>loca:</strong></span> <span class='ocrx_word' id='word_1_630' title='bbox 1146 1693 1179 1720; x_wconf 89' lang='lat' dir='ltr'><strong>ad</strong></span> <span class='ocrx_word' id='word_1_631' title='bbox 1201 1701 1261 1728; x_wconf 66' lang='lat' dir='ltr'><strong>qlae</strong></span> <span class='ocrx_word' id='word_1_632' title='bbox 1281 1694 1303 1721; x_wconf 89' lang='lat' dir='ltr'><strong>si</strong></span> <span class='ocrx_word' id='word_1_633' title='bbox 1326 1695 1427 1729; x_wconf 84' lang='lat' dir='ltr'><strong>absque</strong></span> <span class='ocrx_word' id='word_1_634' title='bbox 1453 1697 1621 1724; x_wconf 76' lang='lat' dir='ltr'><strong>aversatione</strong></span> <span class='ocrx_word' id='word_1_635' title='bbox 1638 1705 1669 1725; x_wconf 90' lang='lat' dir='ltr'><strong>ac</strong></span> <span class='ocrx_word' id='word_1_636' title='bbox 1688 1697 1729 1725; x_wconf 82' lang='lat' dir='ltr'><strong>fa-</strong></span> 
     </span>
    </p>
   </div>
   <div class='ocr_carea' id='block_1_82' title="bbox 946 1737 1726 1778">
    <p class='ocr_par' dir='ltr' id='par_1_82' title="bbox 946 1737 1726 1778">
     <span class='ocr_line' id='line_1_82' title="bbox 946 1737 1726 1778; baseline 0.008 -14"><span class='ocrx_word' id='word_1_637' title='bbox 946 1737 1026 1764; x_wconf 87' lang='lat' dir='ltr'><strong>stidio</strong></span> <span class='ocrx_word' id='word_1_638' title='bbox 1038 1738 1218 1769; x_wconf 81' lang='lat' dir='ltr'><strong>attenderitis.</strong></span> <span class='ocrx_word' id='word_1_639' title='bbox 1230 1740 1313 1774; x_wconf 77' lang='lat' dir='ltr'><strong>magis</strong></span> <span class='ocrx_word' id='word_1_640' title='bbox 1327 1747 1406 1774; x_wconf 84' lang='lat' dir='ltr'><strong>quam</strong></span> <span class='ocrx_word' id='word_1_641' title='bbox 1420 1741 1507 1775; x_wconf 83' lang='lat' dir='ltr'><strong>pisces</strong></span> <span class='ocrx_word' id='word_1_642' title='bbox 1520 1742 1585 1778; x_wconf 76' lang='grc'>(76),</span> <span class='ocrx_word' id='word_1_643' title='bbox 1600 1747 1628 1769; x_wconf 91' lang='lat' dir='ltr'><strong>ut</strong></span> <span class='ocrx_word' id='word_1_644' title='bbox 1641 1743 1726 1776; x_wconf 83' lang='lat' dir='ltr'><strong>aiunt.</strong></span> 
     </span>
    </p>
   </div>
   <div class='ocr_carea' id='block_1_83' title="bbox 945 1783 1730 1824">
    <p class='ocr_par' dir='ltr' id='par_1_83' title="bbox 945 1783 1730 1824">
     <span class='ocr_line' id='line_1_83' title="bbox 945 1783 1730 1824; baseline 0.006 -14"><span class='ocrx_word' id='word_1_645' title='bbox 945 1783 1024 1816; x_wconf 84' lang='lat' dir='ltr'><strong>muti,</strong></span> <span class='ocrx_word' id='word_1_646' title='bbox 1041 1784 1152 1811; x_wconf 92' lang='lat' dir='ltr'><strong>omnino</strong></span> <span class='ocrx_word' id='word_1_647' title='bbox 1168 1785 1300 1813; x_wconf 80' lang='lat' dir='ltr'><strong>evadetis.</strong></span> <span class='ocrx_word' id='word_1_648' title='bbox 1328 1786 1386 1813; x_wconf 86' lang='lat' dir='ltr'><strong>Jam</strong></span> <span class='ocrx_word' id='word_1_649' title='bbox 1405 1795 1470 1814; x_wconf 89' lang='lat' dir='ltr'><strong>vero</strong></span> <span class='ocrx_word' id='word_1_650' title='bbox 1486 1789 1631 1822; x_wconf 72' lang='lat' dir='ltr'><strong>captiosum</strong></span> <span class='ocrx_word' id='word_1_651' title='bbox 1649 1796 1730 1824; x_wconf 72' lang='lat' dir='ltr'><strong>argu-</strong></span> 
     </span>
    </p>
   </div>
   <div class='ocr_carea' id='block_1_84' title="bbox 947 1830 1729 1861">
    <p class='ocr_par' dir='ltr' id='par_1_84' title="bbox 947 1830 1729 1861">
     <span class='ocr_line' id='line_1_84' title="bbox 947 1830 1729 1861; baseline 0.008 -6"><span class='ocrx_word' id='word_1_652' title='bbox 947 1830 1139 1856; x_wconf 86' lang='lat' dir='ltr'><strong>mentationem</strong></span> <span class='ocrx_word' id='word_1_653' title='bbox 1169 1835 1286 1857; x_wconf 84' lang='lat' dir='ltr'><strong>vestram</strong></span> <span class='ocrx_word' id='word_1_654' title='bbox 1308 1832 1529 1860; x_wconf 80' lang='lat' dir='ltr'><strong>manifestissime</strong></span> <span class='ocrx_word' id='word_1_655' title='bbox 1554 1834 1629 1860; x_wconf 89' lang='lat' dir='ltr'><strong>diluit</strong></span> <span class='ocrx_word' id='word_1_656' title='bbox 1643 1842 1674 1861; x_wconf 85' lang='lat' dir='ltr'><strong>ac</strong></span> <span class='ocrx_word' id='word_1_657' title='bbox 1686 1842 1729 1861; x_wconf 86' lang='lat' dir='ltr'><strong>re-</strong></span> 
     </span>
    </p>
   </div>
   <div class='ocr_carea' id='block_1_85' title="bbox 946 1873 1728 1916">
    <p class='ocr_par' dir='ltr' id='par_1_85' title="bbox 946 1873 1728 1916">
     <span class='ocr_line' id='line_1_85' title="bbox 946 1873 1728 1916; baseline 0.008 -16"><span class='ocrx_word' id='word_1_658' title='bbox 946 1873 1052 1908; x_wconf 83' lang='lat' dir='ltr'><strong>darguit</strong></span> <span class='ocrx_word' id='word_1_659' title='bbox 1069 1876 1150 1902; x_wconf 87' lang='lat' dir='ltr'><strong>etiam</strong></span> <span class='ocrx_word' id='word_1_660' title='bbox 1161 1875 1261 1903; x_wconf 81' lang='lat' dir='ltr'><strong>Paulus</strong></span> <span class='ocrx_word' id='word_1_661' title='bbox 1270 1876 1394 1911; x_wconf 85' lang='lat' dir='ltr'><strong>Ephesiis</strong></span> <span class='ocrx_word' id='word_1_662' title='bbox 1409 1877 1531 1905; x_wconf 88' lang='lat' dir='ltr'><strong>scribens</strong></span> <span class='ocrx_word' id='word_1_663' title='bbox 1546 1888 1552 1905; x_wconf 93' lang='lat'>:</span> <span class='ocrx_word' id='word_1_664' title='bbox 1570 1887 1580 1904; x_wconf 88' lang='grc'><strong><em>‹</em></strong></span> <span class='ocrx_word' id='word_1_665' title='bbox 1597 1879 1659 1906; x_wconf 87' lang='lat' dir='ltr'><strong>Mihi</strong></span> <span class='ocrx_word' id='word_1_666' title='bbox 1670 1879 1728 1916; x_wconf 82' lang='lat'><strong>(77)</strong></span> 
     </span>
    </p>
   </div>
   <div class='ocr_carea' id='block_1_86' title="bbox 949 1923 1726 1960">
    <p class='ocr_par' dir='ltr' id='par_1_86' title="bbox 949 1923 1726 1960">
     <span class='ocr_line' id='line_1_86' title="bbox 949 1923 1726 1960; baseline 0.005 -11"><span class='ocrx_word' id='word_1_667' title='bbox 949 1923 1072 1950; x_wconf 91' lang='lat' dir='ltr'><strong>omnium</strong></span> <span class='ocrx_word' id='word_1_668' title='bbox 1088 1929 1242 1950; x_wconf 88' lang='lat' dir='ltr'><strong>sanctorum</strong></span> <span class='ocrx_word' id='word_1_669' title='bbox 1266 1924 1377 1952; x_wconf 89' lang='lat' dir='ltr'><strong>minimo</strong></span> <span class='ocrx_word' id='word_1_670' title='bbox 1400 1925 1461 1952; x_wconf 87' lang='lat' dir='ltr'><strong>data</strong></span> <span class='ocrx_word' id='word_1_671' title='bbox 1484 1930 1524 1952; x_wconf 83' lang='lat' dir='ltr'><strong>est</strong></span> <span class='ocrx_word' id='word_1_672' title='bbox 1546 1926 1631 1960; x_wconf 71' lang='lat' dir='ltr'><strong>gratia</strong></span> <span class='ocrx_word' id='word_1_673' title='bbox 1661 1927 1726 1960; x_wconf 64' lang='lat' dir='ltr'><strong>haec,</strong></span> 
     </span>
    </p>
   </div>
   <div class='ocr_carea' id='block_1_87' title="bbox 950 1968 1736 2010">
    <p class='ocr_par' dir='ltr' id='par_1_87' title="bbox 950 1968 1736 2010">
     <span class='ocr_line' id='line_1_87' title="bbox 950 1968 1736 2010; baseline 0.006 -17"><span class='ocrx_word' id='word_1_674' title='bbox 950 1968 976 1994; x_wconf 93' lang='lat' dir='ltr'><strong>in</strong></span> <span class='ocrx_word' id='word_1_675' title='bbox 1005 1968 1132 2002; x_wconf 75' lang='lat' dir='ltr'><strong>gentibus</strong></span> <span class='ocrx_word' id='word_1_676' title='bbox 1158 1968 1343 2002; x_wconf 70' lang='lat' dir='ltr'><strong>evangelizare</strong></span> <span class='ocrx_word' id='word_1_677' title='bbox 1367 1969 1595 2010; x_wconf 57' lang='lat' dir='ltr'><strong>iuinvpstigabiles</strong></span> <span class='ocrx_word' id='word_1_678' title='bbox 1621 1971 1736 1998; x_wconf 69' lang='lat' dir='ltr'><strong>divitias</strong></span> 
     </span>
    </p>
   </div>
   <div class='ocr_carea' id='block_1_88' title="bbox 947 2012 1730 2050">
    <p class='ocr_par' dir='ltr' id='par_1_88' title="bbox 947 2012 1730 2050">
     <span class='ocr_line' id='line_1_88' title="bbox 947 2012 1730 2050; baseline 0.005 -11"><span class='ocrx_word' id='word_1_679' title='bbox 947 2013 1058 2043; x_wconf 86' lang='lat' dir='ltr'><strong>Christi,</strong></span> <span class='ocrx_word' id='word_1_680' title='bbox 1089 2017 1116 2040; x_wconf 86' lang='lat' dir='ltr'><strong>et</strong></span> <span class='ocrx_word' id='word_1_681' title='bbox 1143 2012 1295 2041; x_wconf 87' lang='lat' dir='ltr'><strong>illuminare</strong></span> <span class='ocrx_word' id='word_1_682' title='bbox 1317 2021 1422 2048; x_wconf 85' lang='lat' dir='ltr'><strong>omnes,</strong></span> <span class='ocrx_word' id='word_1_683' title='bbox 1444 2022 1503 2050; x_wconf 75' lang='lat' dir='ltr'><strong>qua:</strong></span> <span class='ocrx_word' id='word_1_684' title='bbox 1527 2016 1562 2042; x_wconf 90' lang='lat' dir='ltr'><strong>sit</strong></span> <span class='ocrx_word' id='word_1_685' title='bbox 1590 2017 1730 2050; x_wconf 64' lang='lat' dir='ltr'><strong>dispensa-</strong></span> 
     </span>
    </p>
   </div>
   <div class='ocr_carea' id='block_1_89' title="bbox 948 2058 1728 2096">
    <p class='ocr_par' dir='ltr' id='par_1_89' title="bbox 948 2058 1728 2096">
     <span class='ocr_line' id='line_1_89' title="bbox 948 2058 1728 2096; baseline 0.006 -12"><span class='ocrx_word' id='word_1_686' title='bbox 948 2058 984 2085; x_wconf 89' lang='lat' dir='ltr'><strong>tio</strong></span> <span class='ocrx_word' id='word_1_687' title='bbox 996 2058 1051 2093; x_wconf 91' lang='lat'><strong>(78)</strong></span> <span class='ocrx_word' id='word_1_688' title='bbox 1072 2059 1191 2093; x_wconf 85' lang='lat' dir='ltr'><strong>mysterii</strong></span> <span class='ocrx_word' id='word_1_689' title='bbox 1217 2059 1366 2086; x_wconf 88' lang='lat' dir='ltr'><strong>absconditi</strong></span> <span class='ocrx_word' id='word_1_690' title='bbox 1384 2067 1398 2087; x_wconf 88' lang='lat' dir='ltr'><strong>a</strong></span> <span class='ocrx_word' id='word_1_691' title='bbox 1421 2060 1526 2088; x_wconf 69' lang='lat' dir='ltr'><strong>sacculis</strong></span> <span class='ocrx_word' id='word_1_692' title='bbox 1550 2062 1575 2088; x_wconf 91' lang='lat' dir='ltr'><strong>in</strong></span> <span class='ocrx_word' id='word_1_693' title='bbox 1594 2062 1660 2094; x_wconf 86' lang='lat' dir='ltr'><strong>Deo,</strong></span> <span class='ocrx_word' id='word_1_694' title='bbox 1683 2063 1728 2096; x_wconf 90' lang='lat' dir='ltr'><strong>qui</strong></span> 
     </span>
    </p>
   </div>
   <div class='ocr_carea' id='block_1_90' title="bbox 947 2103 1729 2142">
    <p class='ocr_par' dir='ltr' id='par_1_90' title="bbox 947 2103 1729 2142">
     <span class='ocr_line' id='line_1_90' title="bbox 947 2103 1729 2142; baseline 0.006 -12"><span class='ocrx_word' id='word_1_695' title='bbox 947 2105 1036 2131; x_wconf 91' lang='lat' dir='ltr'><strong>omnia</strong></span> <span class='ocrx_word' id='word_1_696' title='bbox 1055 2104 1156 2131; x_wconf 80' lang='lat' dir='ltr'><strong>creavit</strong></span> <span class='ocrx_word' id='word_1_697' title='bbox 1169 2103 1244 2139; x_wconf 87' lang='lat'><strong>(79):</strong></span> <span class='ocrx_word' id='word_1_698' title='bbox 1260 2109 1289 2131; x_wconf 88' lang='lat' dir='ltr'><strong>ut</strong></span> <span class='ocrx_word' id='word_1_699' title='bbox 1307 2105 1459 2133; x_wconf 87' lang='lat' dir='ltr'><strong>innotescat</strong></span> <span class='ocrx_word' id='word_1_700' title='bbox 1477 2114 1549 2134; x_wconf 90' lang='lat' dir='ltr'><strong>nunc</strong></span> <span class='ocrx_word' id='word_1_701' title='bbox 1570 2108 1729 2142; x_wconf 81' lang='lat' dir='ltr'><strong>principati-</strong></span> 
     </span>
    </p>
   </div>
   <div class='ocr_carea' id='block_1_91' title="bbox 948 2150 1729 2187">
    <p class='ocr_par' dir='ltr' id='par_1_91' title="bbox 948 2150 1729 2187">
     <span class='ocr_line' id='line_1_91' title="bbox 948 2150 1729 2187; baseline 0.005 -10"><span class='ocrx_word' id='word_1_702' title='bbox 948 2150 997 2177; x_wconf 91' lang='lat' dir='ltr'><strong>bus</strong></span> <span class='ocrx_word' id='word_1_703' title='bbox 1010 2153 1037 2176; x_wconf 85' lang='lat' dir='ltr'><strong>et</strong></span> <span class='ocrx_word' id='word_1_704' title='bbox 1054 2150 1229 2184; x_wconf 86' lang='lat' dir='ltr'><strong>potestatibus</strong></span> <span class='ocrx_word' id='word_1_705' title='bbox 1259 2151 1285 2177; x_wconf 92' lang='lat' dir='ltr'><strong>in</strong></span> <span class='ocrx_word' id='word_1_706' title='bbox 1310 2151 1475 2184; x_wconf 66' lang='lat' dir='ltr'><strong>caelestibus,</strong></span> <span class='ocrx_word' id='word_1_707' title='bbox 1507 2161 1555 2187; x_wconf 84' lang='lat' dir='ltr'><strong>per</strong></span> <span class='ocrx_word' id='word_1_708' title='bbox 1571 2154 1729 2187; x_wconf 79' lang='lat' dir='ltr'><strong>Ecclesiam,</strong></span> 
     </span>
    </p>
   </div>
   <div class='ocr_carea' id='block_1_92' title="bbox 113 2192 893 2236">
    <p class='ocr_par' dir='ltr' id='par_1_92' title="bbox 113 2196 893 2236">
     <span class='ocr_line' id='line_1_92' title="bbox 113 2196 893 2236; baseline -0.01 -7"><span class='ocrx_word' id='word_1_709' title='bbox 113 2203 206 2230; x_wconf 82' lang='grc' dir='ltr'>ουσίαν</span> <span class='ocrx_word' id='word_1_710' title='bbox 220 2202 286 2228; x_wconf 78' lang='grc' dir='ltr'>ἰδίαν</span> <span class='ocrx_word' id='word_1_711' title='bbox 297 2199 516 2236; x_wconf 78' lang='grc' dir='ltr'>χρηματίζουσιν,</span> <span class='ocrx_word' id='word_1_712' title='bbox 536 2199 574 2229; x_wconf 80' lang='grc' dir='ltr'>ὼς</span> <span class='ocrx_word' id='word_1_713' title='bbox 591 2197 646 2224; x_wconf 74' lang='grc' dir='ltr'>ἔστι</span> <span class='ocrx_word' id='word_1_714' title='bbox 665 2197 711 2223; x_wconf 72' lang='grc' dir='ltr'><strong>καὶ</strong></span> <span class='ocrx_word' id='word_1_715' title='bbox 723 2197 783 2231; x_wconf 83' lang='grc' dir='ltr'>δίχα</span> <span class='ocrx_word' id='word_1_716' title='bbox 801 2196 893 2222; x_wconf 87' lang='grc' dir='ltr'>συστά-</span> 
     </span>
    </p>
   </div>
   <div class='ocr_carea' id='block_1_93' title="bbox 948 2192 1728 2236">
    <p class='ocr_par' dir='ltr' id='par_1_93' title="bbox 948 2195 1728 2235">
     <span class='ocr_line' id='line_1_93' title="bbox 948 2195 1728 2235; baseline 0.009 -14"><span class='ocrx_word' id='word_1_717' title='bbox 948 2195 1120 2223; x_wconf 80' lang='lat' dir='ltr'><strong>inultiformis</strong></span> <span class='ocrx_word' id='word_1_718' title='bbox 1144 2197 1274 2230; x_wconf 82' lang='lat' dir='ltr'><strong>sapientia</strong></span> <span class='ocrx_word' id='word_1_719' title='bbox 1305 2196 1382 2223; x_wconf 65' lang='lat' dir='ltr'><strong>Dei.)</strong></span> <span class='ocrx_word' id='word_1_720' title='bbox 1415 2199 1627 2227; x_wconf 81' lang='lat' dir='ltr'><strong>Animadvertite</strong></span> <span class='ocrx_word' id='word_1_721' title='bbox 1652 2207 1728 2235; x_wconf 79' lang='lat' dir='ltr'><strong>ergo,</strong></span> 
     </span>
    </p>
   </div>
   <div class='ocr_carea' id='block_1_94' title="bbox 113 2242 894 2281">
    <p class='ocr_par' dir='ltr' id='par_1_94' title="bbox 113 2242 894 2281">
     <span class='ocr_line' id='line_1_94' title="bbox 113 2242 894 2281; baseline -0.008 -8"><span class='ocrx_word' id='word_1_722' title='bbox 113 2247 182 2278; x_wconf 64' lang='lat' dir='ltr'><strong>me;</strong></span> <span class='ocrx_word' id='word_1_723' title='bbox 198 2254 268 2277; x_wconf 76' lang='grc' dir='ltr'>τινος</span> <span class='ocrx_word' id='word_1_724' title='bbox 293 2246 322 2272; x_wconf 77' lang='grc' dir='ltr'>τὺ</span> <span class='ocrx_word' id='word_1_725' title='bbox 335 2245 448 2281; x_wconf 79' lang='grc' dir='ltr'>πρᾶγμα</span> <span class='ocrx_word' id='word_1_726' title='bbox 461 2243 679 2274; x_wconf 73' lang='grc' dir='ltr'>αὐταπόδεικτον,</span> <span class='ocrx_word' id='word_1_727' title='bbox 695 2242 739 2268; x_wconf 86' lang='grc' dir='ltr'>διὰ</span> <span class='ocrx_word' id='word_1_728' title='bbox 755 2242 782 2268; x_wconf 80' lang='grc' dir='ltr'>δὲ</span> <span class='ocrx_word' id='word_1_729' title='bbox 799 2242 828 2268; x_wconf 83' lang='grc' dir='ltr'>τὺ</span> <span class='ocrx_word' id='word_1_730' title='bbox 846 2242 894 2277; x_wconf 84' lang='grc' dir='ltr'>τὴν</span> 
     </span>
    </p>
   </div>
   <div class='ocr_carea' id='block_1_95' title="bbox 111 2287 897 2327">
    <p class='ocr_par' dir='ltr' id='par_1_95' title="bbox 111 2287 897 2327">
     <span class='ocr_line' id='line_1_95' title="bbox 111 2287 897 2327; baseline -0.008 -8"><span class='ocrx_word' id='word_1_731' title='bbox 111 2293 185 2324; x_wconf 81' lang='grc' dir='ltr'>λέξιν</span> <span class='ocrx_word' id='word_1_732' title='bbox 217 2292 298 2327; x_wconf 77' lang='grc' dir='ltr'>μόνην</span> <span class='ocrx_word' id='word_1_733' title='bbox 325 2291 395 2317; x_wconf 78' lang='grc' dir='ltr'>κατὰ</span> <span class='ocrx_word' id='word_1_734' title='bbox 425 2288 514 2316; x_wconf 80' lang='grc' dir='ltr'>κοινοῦ</span> <span class='ocrx_word' id='word_1_735' title='bbox 540 2287 759 2324; x_wconf 82' lang='grc' dir='ltr'>κατηγορεῖσθαι,</span> <span class='ocrx_word' id='word_1_736' title='bbox 782 2288 829 2314; x_wconf 78' lang='grc' dir='ltr'>ἐπὶ</span> <span class='ocrx_word' id='word_1_737' title='bbox 848 2288 897 2323; x_wconf 87' lang='grc' dir='ltr'><strong>τὴν</strong></span> 
     </span>
    </p>
   </div>
   <div class='ocr_carea' id='block_1_96' title="bbox 114 2333 899 2373">
    <p class='ocr_par' dir='ltr' id='par_1_96' title="bbox 114 2333 899 2373">
     <span class='ocr_line' id='line_1_96' title="bbox 114 2333 899 2373; baseline -0.008 -9"><span class='ocrx_word' id='word_1_738' title='bbox 114 2337 219 2373; x_wconf 73' lang='grc' dir='ltr'>μέμψιν</span> <span class='ocrx_word' id='word_1_739' title='bbox 235 2337 282 2363; x_wconf 72' lang='grc' dir='ltr'><strong>καὶ</strong></span> <span class='ocrx_word' id='word_1_740' title='bbox 303 2336 352 2370; x_wconf 84' lang='grc' dir='ltr'>τὴν</span> <span class='ocrx_word' id='word_1_741' title='bbox 375 2334 541 2369; x_wconf 78' lang='grc' dir='ltr'>κατηγορίαν</span> <span class='ocrx_word' id='word_1_742' title='bbox 559 2333 777 2368; x_wconf 80' lang='grc' dir='ltr'>παρηγγείλατε·</span> <span class='ocrx_word' id='word_1_743' title='bbox 796 2341 899 2369; x_wconf 81' lang='grc' dir='ltr'>προπε-</span> 
     </span>
    </p>
   </div>
   <div class='ocr_carea' id='block_1_97' title="bbox 111 2378 898 2414">
    <p class='ocr_par' dir='ltr' id='par_1_97' title="bbox 111 2378 898 2414">
     <span class='ocr_line' id='line_1_97' title="bbox 111 2378 898 2414; baseline -0.008 -4"><span class='ocrx_word' id='word_1_744' title='bbox 111 2383 168 2414; x_wconf 80' lang='grc' dir='ltr'><strong>τῶς</strong></span> <span class='ocrx_word' id='word_1_745' title='bbox 190 2382 236 2409; x_wconf 79' lang='grc' dir='ltr'><strong>καὶ</strong></span> <span class='ocrx_word' id='word_1_746' title='bbox 258 2381 444 2412; x_wconf 83' lang='grc' dir='ltr'>ἀδιασκὲπτως</span> <span class='ocrx_word' id='word_1_747' title='bbox 463 2378 609 2414; x_wconf 77' lang='grc' dir='ltr'>ἐπράξατε,</span> <span class='ocrx_word' id='word_1_748' title='bbox 627 2378 674 2404; x_wconf 77' lang='grc' dir='ltr'>καὶ</span> <span class='ocrx_word' id='word_1_749' title='bbox 687 2379 761 2405; x_wconf 75' lang='grc' dir='ltr'>οὐδὲν</span> <span class='ocrx_word' id='word_1_750' title='bbox 785 2379 852 2414; x_wconf 65' lang='grc' dir='ltr'>προς</span> <span class='ocrx_word' id='word_1_751' title='bbox 868 2379 898 2404; x_wconf 85' lang='grc' dir='ltr'><strong>τὸ</strong></span> 
     </span>
    </p>
   </div>
   <div class='ocr_carea' id='block_1_98' title="bbox 150 2468 874 2512">
    <p class='ocr_par' dir='ltr' id='par_1_98' title="bbox 150 2468 874 2512">
     <span class='ocr_line' id='line_1_98' title="bbox 150 2468 874 2512; baseline -0.008 -13"><span class='ocrx_word' id='word_1_752' title='bbox 150 2472 206 2512; x_wconf 66' lang='grc'>(72)</span> <span class='ocrx_word' id='word_1_753' title='bbox 226 2472 350 2512; x_wconf 57' lang='lat' dir='ltr'><strong>Sanctus.</strong></span> <span class='ocrx_word' id='word_1_754' title='bbox 370 2471 429 2512; x_wconf 49' lang='lat' dir='ltr'><strong>Vm;</strong></span> <span class='ocrx_word' id='word_1_755' title='bbox 457 2470 533 2504; x_wconf 76' lang='grc' dir='ltr'>ἅγιον</span> <span class='ocrx_word' id='word_1_756' title='bbox 549 2469 674 2512; x_wconf 58' lang='lat' dir='ltr'><strong>deest&#39;in</strong></span> <span class='ocrx_word' id='word_1_757' title='bbox 868 2503 874 2512; x_wconf 46' lang='lat'><strong>‘</strong></span> 
     </span>
    </p>
   </div>
   <div class='ocr_carea' id='block_1_99' title="bbox 150 2504 898 2543">
    <p class='ocr_par' dir='ltr' id='par_1_99' title="bbox 150 2504 898 2543">
     <span class='ocr_line' id='line_1_99' title="bbox 150 2504 898 2543; baseline -0.008 -9"><span class='ocrx_word' id='word_1_758' title='bbox 150 2504 205 2542; x_wconf 81' lang='lat'><strong>(75)</strong></span> <span class='ocrx_word' id='word_1_759' title='bbox 238 2508 276 2533; x_wconf 79' lang='lat' dir='ltr'><strong>Ad</strong></span> <span class='ocrx_word' id='word_1_760' title='bbox 304 2508 391 2543; x_wconf 65' lang='grc' dir='ltr'><strong>υἷι-οε.Δ</strong></span> <span class='ocrx_word' id='word_1_761' title='bbox 410 2505 502 2543; x_wconf 58' lang='lat' dir='ltr'><strong>Gr_u&#39;_(:a</strong></span> <span class='ocrx_word' id='word_1_762' title='bbox 531 2505 611 2543; x_wconf 77' lang='lat' dir='ltr'><strong>editio</strong></span> <span class='ocrx_word' id='word_1_763' title='bbox 632 2504 678 2543; x_wconf 65' lang='lat' dir='ltr'><strong>hin</strong></span> <span class='ocrx_word' id='word_1_764' title='bbox 702 2504 775 2543; x_wconf 64' lang='lat' dir='ltr'><strong>addit:</strong></span> <span class='ocrx_word' id='word_1_765' title='bbox 797 2504 898 2543; x_wconf 60' lang='lat' dir='ltr'><strong>:_::ob;</strong></span> 
     </span>
    </p>
   </div>
   <div class='ocr_carea' id='block_1_100' title="bbox 111 2537 898 2577">
    <p class='ocr_par' dir='ltr' id='par_1_100' title="bbox 111 2537 898 2577">
     <span class='ocr_line' id='line_1_100' title="bbox 111 2537 898 2577; baseline -0.006 -8"><span class='ocrx_word' id='word_1_766' title='bbox 111 2537 332 2577; x_wconf 72' lang='grc' dir='ltr'>ἀπεσταλμένους</span> <span class='ocrx_word' id='word_1_767' title='bbox 345 2539 456 2577; x_wconf 20' lang='grc' dir='ltr'>ἀποντοῦ</span> <span class='ocrx_word' id='word_1_768' title='bbox 466 2538 700 2577; x_wconf 36' lang='grc' dir='ltr'>Κορνηλίου-προς</span> <span class='ocrx_word' id='word_1_769' title='bbox 711 2537 801 2571; x_wconf 80' lang='grc' dir='ltr'>αὐτόν,</span> <span class='ocrx_word' id='word_1_770' title='bbox 818 2539 842 2564; x_wconf 90' lang='lat' dir='ltr'><strong>id</strong></span> <span class='ocrx_word' id='word_1_771' title='bbox 858 2544 898 2577; x_wconf 78' lang='lat' dir='ltr'><strong>est</strong></span> 
     </span>
    </p>
   </div>
   <div class='ocr_carea' id='block_1_101' title="bbox 117 2573 898 2612">
    <p class='ocr_par' dir='ltr' id='par_1_101' title="bbox 117 2573 898 2612">
     <span class='ocr_line' id='line_1_101' title="bbox 117 2573 898 2612; baseline -0.005 -8"><span class='ocrx_word' id='word_1_772' title='bbox 117 2589 126 2603; x_wconf 84' lang='grc'><strong>‹</strong></span> <span class='ocrx_word' id='word_1_773' title='bbox 149 2573 244 2604; x_wconf 70' lang='lat' dir='ltr'><strong>missos</strong></span> <span class='ocrx_word' id='word_1_774' title='bbox 268 2584 282 2603; x_wconf 90' lang='lat' dir='ltr'><strong>a</strong></span> <span class='ocrx_word' id='word_1_775' title='bbox 299 2576 426 2612; x_wconf 68' lang='lat' dir='ltr'><strong>Cornelio</strong></span> <span class='ocrx_word' id='word_1_776' title='bbox 438 2576 471 2601; x_wconf 87' lang='lat' dir='ltr'><strong>ad</strong></span> <span class='ocrx_word' id='word_1_777' title='bbox 487 2573 560 2612; x_wconf 79' lang='lat' dir='ltr'><strong>eum.</strong></span> <span class='ocrx_word' id='word_1_778' title='bbox 588 2583 597 2599; x_wconf 78' lang='grc' dir='ltr'><strong>ι</strong></span> <span class='ocrx_word' id='word_1_779' title='bbox 617 2574 651 2599; x_wconf 86' lang='lat' dir='ltr'><strong>At</strong></span> <span class='ocrx_word' id='word_1_780' title='bbox 670 2574 730 2612; x_wconf 64' lang='lat' dir='ltr'><strong>haec</strong></span> <span class='ocrx_word' id='word_1_781' title='bbox 743 2580 794 2612; x_wconf 75' lang='lat' dir='ltr'><strong>non</strong></span> <span class='ocrx_word' id='word_1_782' title='bbox 819 2573 898 2600; x_wconf 89' lang='lat' dir='ltr'><strong>modo</strong></span> 
     </span>
    </p>
   </div>
   <div class='ocr_carea' id='block_1_102' title="bbox 113 2609 855 2647">
    <p class='ocr_par' dir='ltr' id='par_1_102' title="bbox 113 2609 855 2647">
     <span class='ocr_line' id='line_1_102' title="bbox 113 2609 855 2647; baseline -0.011 -7"><span class='ocrx_word' id='word_1_783' title='bbox 113 2609 507 2647; x_wconf 21' lang='lat' dir='ltr'><strong>Didymus,sedret_Vlt|galus</strong></span> <span class='ocrx_word' id='word_1_784' title='bbox 521 2609 659 2647; x_wconf 67' lang='lat' dir='ltr'><strong>interpres</strong></span> <span class='ocrx_word' id='word_1_785' title='bbox 678 2609 790 2647; x_wconf 61' lang='lat' dir='ltr'><strong>omittit.</strong></span> <span class='ocrx_word' id='word_1_786' title='bbox 842 2641 855 2647; x_wconf 78' lang='lat'>_</span> 
     </span>
    </p>
   </div>
   <div class='ocr_carea' id='block_1_103' title="bbox 148 2639 894 2682">
    <p class='ocr_par' dir='ltr' id='par_1_103' title="bbox 148 2639 894 2682">
     <span class='ocr_line' id='line_1_103' title="bbox 148 2639 894 2682; baseline -0.008 -9"><span class='ocrx_word' id='word_1_787' title='bbox 148 2639 205 2682; x_wconf 64' lang='lat'><strong>(14)</strong></span> <span class='ocrx_word' id='word_1_788' title='bbox 240 2639 337 2673; x_wconf 75' lang='lat' dir='ltr'><strong>Veluti.</strong></span> <span class='ocrx_word' id='word_1_789' title='bbox 365 2639 477 2672; x_wconf 47' lang='lat' dir='ltr'><strong>Code&#39;x:</strong></span> <span class='ocrx_word' id='word_1_790' title='bbox 506 2641 561 2670; x_wconf 75' lang='grc' dir='ltr'>οἷον</span> <span class='ocrx_word' id='word_1_791' title='bbox 579 2639 620 2670; x_wconf 79' lang='grc' dir='ltr'><strong>τό.</strong></span> <span class='ocrx_word' id='word_1_792' title='bbox 634 2643 715 2677; x_wconf 77' lang='lat' dir='ltr'><strong>Lego,</strong></span> <span class='ocrx_word' id='word_1_793' title='bbox 739 2639 795 2668; x_wconf 76' lang='grc' dir='ltr'>οἷον</span> <span class='ocrx_word' id='word_1_794' title='bbox 822 2641 894 2677; x_wconf 81' lang='grc' dir='ltr'><strong>τῷ...</strong></span> 
     </span>
    </p>
   </div>
   <div class='ocr_carea' id='block_1_104' title="bbox 110 2683 290 2716">
    <p class='ocr_par' dir='ltr' id='par_1_104' title="bbox 110 2683 290 2716">
     <span class='ocr_line' id='line_1_104' title="bbox 110 2683 290 2716; baseline -0.011 -7"><span class='ocrx_word' id='word_1_795' title='bbox 110 2683 290 2716; x_wconf 82' lang='grc' dir='ltr'>κοσμήσαντι.</span> 
     </span>
    </p>
   </div>
   <div class='ocr_carea' id='block_1_105' title="bbox 150 2711 892 2751">
    <p class='ocr_par' dir='ltr' id='par_1_105' title="bbox 150 2711 892 2751">
     <span class='ocr_line' id='line_1_105' title="bbox 150 2711 892 2751; baseline -0.007 -8"><span class='ocrx_word' id='word_1_796' title='bbox 150 2711 206 2751; x_wconf 79' lang='lat'><strong>(75)</strong></span> <span class='ocrx_word' id='word_1_797' title='bbox 236 2716 390 2751; x_wconf 69' lang='lat' dir='ltr'><strong>Comitelur.</strong></span> <span class='ocrx_word' id='word_1_798' title='bbox 421 2713 660 2751; x_wconf 44' lang='grc' dir='ltr'><strong>(Ξοιίηιέπομῖένουἶ</strong></span> <span class='ocrx_word' id='word_1_799' title='bbox 686 2711 802 2751; x_wconf 66' lang='lat' dir='ltr'><strong>Legend.</strong></span> <span class='ocrx_word' id='word_1_800' title='bbox 830 2711 892 2738; x_wconf 79' lang='lat' dir='ltr'><strong>fort.</strong></span> 
     </span>
    </p>
   </div>
   <div class='ocr_carea' id='block_1_106' title="bbox 111 2746 892 2787">
    <p class='ocr_par' dir='ltr' id='par_1_106' title="bbox 111 2746 892 2787">
     <span class='ocr_line' id='line_1_106' title="bbox 111 2746 892 2787; baseline -0.009 -8"><span class='ocrx_word' id='word_1_801' title='bbox 111 2746 258 2787; x_wconf 51' lang='grc' dir='ltr'>ἑπομέής.</span> <span class='ocrx_word' id='word_1_802' title='bbox 284 2750 367 2787; x_wconf 79' lang='lat' dir='ltr'><strong>[Bene</strong></span> <span class='ocrx_word' id='word_1_803' title='bbox 396 2757 426 2787; x_wconf 78' lang='lat' dir='ltr'><strong>se</strong></span> <span class='ocrx_word' id='word_1_804' title='bbox 457 2749 551 2787; x_wconf 62' lang='lat' dir='ltr'><strong>habet,</strong></span> <span class='ocrx_word' id='word_1_805' title='bbox 568 2746 745 2787; x_wconf 47' lang='grc' dir='ltr'>ἑπομένους..</span> <span class='ocrx_word' id='word_1_806' title='bbox 761 2746 892 2787; x_wconf 73' lang='grc' dir='ltr'>χάριτοςι</span> 
     </span>
    </p>
   </div>
   <div class='ocr_carea' id='block_1_107' title="bbox 111 2781 891 2822">
    <p class='ocr_par' dir='ltr' id='par_1_107' title="bbox 111 2781 891 2822">
     <span class='ocr_line' id='line_1_107' title="bbox 111 2781 891 2822; baseline -0.008 -8"><span class='ocrx_word' id='word_1_807' title='bbox 111 2789 152 2814; x_wconf 82' lang='lat' dir='ltr'><strong>sic</strong></span> <span class='ocrx_word' id='word_1_808' title='bbox 165 2781 249 2813; x_wconf 57' lang='lat' dir='ltr'><strong>&#39;euiin</strong></span> <span class='ocrx_word' id='word_1_809' title='bbox 277 2781 428 2822; x_wconf 68' lang='lat' dir='ltr'><strong>:iliquan«|o_</strong></span> <span class='ocrx_word' id='word_1_810' title='bbox 446 2784 563 2822; x_wconf 65' lang='lat' dir='ltr'><strong>occurrit</strong></span> <span class='ocrx_word' id='word_1_811' title='bbox 579 2781 891 2822; x_wconf 40' lang='lat' dir='ltr'><strong>_apud~lAlexaudrinos.</strong></span> 
     </span>
    </p>
   </div>
   <div class='ocr_carea' id='block_1_108' title="bbox 113 2815 892 2855">
    <p class='ocr_par' dir='ltr' id='par_1_108' title="bbox 113 2815 892 2855">
     <span class='ocr_line' id='line_1_108' title="bbox 113 2815 892 2855; baseline -0.008 -7"><span class='ocrx_word' id='word_1_812' title='bbox 113 2822 158 2848; x_wconf 84' lang='lat' dir='ltr'><strong>Sic</strong></span> <span class='ocrx_word' id='word_1_813' title='bbox 174 2821 254 2848; x_wconf 89' lang='lat' dir='ltr'><strong>etiam</strong></span> <span class='ocrx_word' id='word_1_814' title='bbox 280 2815 359 2855; x_wconf 67' lang='lat' dir='ltr'><strong>infra,</strong></span> <span class='ocrx_word' id='word_1_815' title='bbox 382 2818 502 2855; x_wconf 76' lang='grc' dir='ltr'>ῥᾳθυμίᾳ</span> <span class='ocrx_word' id='word_1_816' title='bbox 511 2819 544 2853; x_wconf 83' lang='grc' dir='ltr'>τῇ</span> <span class='ocrx_word' id='word_1_817' title='bbox 559 2817 609 2843; x_wconf 82' lang='grc' dir='ltr'>οὐκ</span> <span class='ocrx_word' id='word_1_818' title='bbox 624 2815 740 2843; x_wconf 79' lang='grc' dir='ltr'>ὲνδέοντι</span> <span class='ocrx_word' id='word_1_819' title='bbox 751 2837 759 2848; x_wconf 83' lang='grc'><strong>,</strong></span> <span class='ocrx_word' id='word_1_820' title='bbox 787 2824 836 2852; x_wconf 75' lang='lat' dir='ltr'><strong>pro</strong></span> <span class='ocrx_word' id='word_1_821' title='bbox 850 2816 892 2843; x_wconf 87' lang='grc' dir='ltr'><strong>ἐν·</strong></span> 
     </span>
    </p>
   </div>
   <div class='ocr_carea' id='block_1_109' title="bbox 112 2853 326 2892">
    <p class='ocr_par' dir='ltr' id='par_1_109' title="bbox 112 2853 326 2892">
     <span class='ocr_line' id='line_1_109' title="bbox 112 2853 326 2892; baseline -0.009 -9"><span class='ocrx_word' id='word_1_822' title='bbox 112 2856 219 2892; x_wconf 77' lang='grc' dir='ltr'>δεούσῃ.</span> <span class='ocrx_word' id='word_1_823' title='bbox 234 2853 326 2889; x_wconf 68' lang='lat' dir='ltr'><strong>Eni-Li</strong></span> 
     </span>
    </p>
   </div>
   <div class='ocr_carea' id='block_1_110' title="bbox 276 2893 666 2931">
    <p class='ocr_par' dir='ltr' id='par_1_110' title="bbox 276 2893 666 2931">
     <span class='ocr_line' id='line_1_110' title="bbox 276 2893 666 2931; baseline -0.021 0"><span class='ocrx_word' id='word_1_824' title='bbox 276 2902 413 2931; x_wconf 73' lang='grc' dir='ltr'>Ρηιιοι..</span> <span class='ocrx_word' id='word_1_825' title='bbox 437 2897 495 2928; x_wconf 71' lang='lat' dir='ltr'><strong>Gn.</strong></span> <span class='ocrx_word' id='word_1_826' title='bbox 519 2893 666 2929; x_wconf 76' lang='lat' dir='ltr'><strong>XXXIX.</strong></span> 
     </span>
    </p>
   </div>
   <div class='ocr_carea' id='block_1_111' title="bbox 948 2241 1727 2278">
    <p class='ocr_par' dir='ltr' id='par_1_111' title="bbox 948 2241 1727 2278">
     <span class='ocr_line' id='line_1_111' title="bbox 948 2241 1727 2278; baseline 0.005 -10"><span class='ocrx_word' id='word_1_827' title='bbox 948 2249 1027 2276; x_wconf 88' lang='lat' dir='ltr'><strong>quam</strong></span> <span class='ocrx_word' id='word_1_828' title='bbox 1046 2241 1162 2268; x_wconf 86' lang='lat' dir='ltr'><strong>alienum</strong></span> <span class='ocrx_word' id='word_1_829' title='bbox 1178 2241 1212 2268; x_wconf 88' lang='lat' dir='ltr'><strong>ab</strong></span> <span class='ocrx_word' id='word_1_830' title='bbox 1228 2241 1384 2276; x_wconf 71' lang='lat' dir='ltr'><strong>angelorum</strong></span> <span class='ocrx_word' id='word_1_831' title='bbox 1405 2250 1500 2270; x_wconf 83' lang='lat' dir='ltr'><strong>natura</strong></span> <span class='ocrx_word' id='word_1_832' title='bbox 1518 2245 1563 2276; x_wconf 86' lang='lat' dir='ltr'><strong>sit,</strong></span> <span class='ocrx_word' id='word_1_833' title='bbox 1579 2249 1606 2271; x_wconf 89' lang='lat' dir='ltr'><strong>ut</strong></span> <span class='ocrx_word' id='word_1_834' title='bbox 1623 2252 1727 2278; x_wconf 84' lang='lat' dir='ltr'><strong>eorum,</strong></span> 
     </span>
    </p>
   </div>
   <div class='ocr_carea' id='block_1_112' title="bbox 947 2286 1730 2322">
    <p class='ocr_par' dir='ltr' id='par_1_112' title="bbox 947 2286 1730 2322">
     <span class='ocr_line' id='line_1_112' title="bbox 947 2286 1730 2322; baseline 0.008 -10"><span class='ocrx_word' id='word_1_835' title='bbox 947 2295 1006 2322; x_wconf 73' lang='lat' dir='ltr'><strong>qum</strong></span> <span class='ocrx_word' id='word_1_836' title='bbox 1021 2287 1108 2313; x_wconf 81' lang='lat' dir='ltr'><strong>futura</strong></span> <span class='ocrx_word' id='word_1_837' title='bbox 1126 2291 1199 2319; x_wconf 85' lang='lat' dir='ltr'><strong>sunt,</strong></span> <span class='ocrx_word' id='word_1_838' title='bbox 1216 2286 1317 2321; x_wconf 86' lang='lat' dir='ltr'><strong>aliquid</strong></span> <span class='ocrx_word' id='word_1_839' title='bbox 1335 2295 1382 2321; x_wconf 90' lang='lat' dir='ltr'><strong>per</strong></span> <span class='ocrx_word' id='word_1_840' title='bbox 1398 2288 1501 2322; x_wconf 87' lang='lat' dir='ltr'><strong>seipsos</strong></span> <span class='ocrx_word' id='word_1_841' title='bbox 1509 2289 1605 2321; x_wconf 84' lang='lat' dir='ltr'><strong>sciant,</strong></span> <span class='ocrx_word' id='word_1_842' title='bbox 1618 2294 1645 2317; x_wconf 88' lang='lat' dir='ltr'><strong>et</strong></span> <span class='ocrx_word' id='word_1_843' title='bbox 1655 2291 1730 2318; x_wconf 90' lang='lat' dir='ltr'><strong>chre-</strong></span> 
     </span>
    </p>
   </div>
   <div class='ocr_carea' id='block_1_113' title="bbox 949 2331 1729 2370">
    <p class='ocr_par' dir='ltr' id='par_1_113' title="bbox 949 2331 1729 2370">
     <span class='ocr_line' id='line_1_113' title="bbox 949 2331 1729 2370; baseline 0.006 -12"><span class='ocrx_word' id='word_1_844' title='bbox 949 2332 1087 2364; x_wconf 85' lang='lat' dir='ltr'><strong>matizeut,</strong></span> <span class='ocrx_word' id='word_1_845' title='bbox 1108 2331 1134 2357; x_wconf 89' lang='lat' dir='ltr'><strong>id</strong></span> <span class='ocrx_word' id='word_1_846' title='bbox 1163 2336 1214 2362; x_wconf 87' lang='lat' dir='ltr'><strong>est.</strong></span> <span class='ocrx_word' id='word_1_847' title='bbox 1242 2331 1372 2364; x_wconf 73' lang='lat' dir='ltr'><strong>revelant;</strong></span> <span class='ocrx_word' id='word_1_848' title='bbox 1397 2340 1458 2359; x_wconf 93' lang='lat' dir='ltr'><strong>eum</strong></span> <span class='ocrx_word' id='word_1_849' title='bbox 1476 2335 1556 2361; x_wconf 88' lang='lat' dir='ltr'><strong>etiam</strong></span> <span class='ocrx_word' id='word_1_850' title='bbox 1575 2343 1622 2370; x_wconf 89' lang='lat' dir='ltr'><strong>per</strong></span> <span class='ocrx_word' id='word_1_851' title='bbox 1637 2335 1729 2363; x_wconf 82' lang='lat' dir='ltr'><strong>Eccle-</strong></span> 
     </span>
    </p>
   </div>
   <div class='ocr_carea' id='block_1_114' title="bbox 950 2377 1728 2416">
    <p class='ocr_par' dir='ltr' id='par_1_114' title="bbox 950 2377 1728 2416">
     <span class='ocr_line' id='line_1_114' title="bbox 950 2377 1728 2416; baseline 0.009 -13"><span class='ocrx_word' id='word_1_852' title='bbox 950 2377 1017 2404; x_wconf 85' lang='lat' dir='ltr'><strong>siam</strong></span> <span class='ocrx_word' id='word_1_853' title='bbox 1036 2377 1093 2410; x_wconf 82' lang='lat' dir='ltr'><strong>Dei,</strong></span> <span class='ocrx_word' id='word_1_854' title='bbox 1109 2384 1168 2411; x_wconf 78' lang='lat' dir='ltr'><strong>quae</strong></span> <span class='ocrx_word' id='word_1_855' title='bbox 1185 2377 1212 2404; x_wconf 93' lang='lat' dir='ltr'><strong>in</strong></span> <span class='ocrx_word' id='word_1_856' title='bbox 1227 2377 1277 2404; x_wconf 87' lang='lat' dir='ltr'><strong>hoc</strong></span> <span class='ocrx_word' id='word_1_857' title='bbox 1294 2379 1392 2405; x_wconf 90' lang='lat' dir='ltr'><strong>mundo</strong></span> <span class='ocrx_word' id='word_1_858' title='bbox 1415 2385 1456 2407; x_wconf 87' lang='lat' dir='ltr'><strong>est</strong></span> <span class='ocrx_word' id='word_1_859' title='bbox 1472 2380 1540 2416; x_wconf 76' lang='lat' dir='ltr'><strong>(lucc</strong></span> <span class='ocrx_word' id='word_1_860' title='bbox 1553 2389 1616 2409; x_wconf 85' lang='lat' dir='ltr'><strong>vero</strong></span> <span class='ocrx_word' id='word_1_861' title='bbox 1632 2382 1728 2410; x_wconf 88' lang='lat' dir='ltr'><strong>Eccle-</strong></span> 
     </span>
    </p>
   </div>
   <div class='ocr_carea' id='block_1_115' title="bbox 984 2469 1726 2506">
    <p class='ocr_par' dir='ltr' id='par_1_115' title="bbox 984 2469 1726 2506">
     <span class='ocr_line' id='line_1_115' title="bbox 984 2469 1726 2506; baseline 0.007 -10"><span class='ocrx_word' id='word_1_862' title='bbox 984 2469 1055 2506; x_wconf 20' lang='lat'><strong>(76)7</strong></span> <span class='ocrx_word' id='word_1_863' title='bbox 1071 2470 1157 2505; x_wconf 70' lang='lat' dir='ltr'><strong>Magi:</strong></span> <span class='ocrx_word' id='word_1_864' title='bbox 1176 2479 1255 2506; x_wconf 84' lang='lat' dir='ltr'><strong>quam</strong></span> <span class='ocrx_word' id='word_1_865' title='bbox 1277 2471 1369 2505; x_wconf 68' lang='lat' dir='ltr'><strong>pisces.</strong></span> <span class='ocrx_word' id='word_1_866' title='bbox 1397 2470 1579 2499; x_wconf 74' lang='lat' dir='ltr'><strong>Proverbialis</strong></span> <span class='ocrx_word' id='word_1_867' title='bbox 1608 2473 1706 2501; x_wconf 87' lang='lat' dir='ltr'><strong>locutio</strong></span> <span class='ocrx_word' id='word_1_868' title='bbox 1719 2494 1726 2506; x_wconf 93' lang='lat'><strong>,</strong></span> 
     </span>
    </p>
   </div>
   <div class='ocr_carea' id='block_1_116' title="bbox 947 2505 1619 2541">
    <p class='ocr_par' dir='ltr' id='par_1_116' title="bbox 947 2505 1619 2541">
     <span class='ocr_line' id='line_1_116' title="bbox 947 2505 1619 2541; baseline 0.007 -11"><span class='ocrx_word' id='word_1_869' title='bbox 947 2512 1027 2539; x_wconf 85' lang='lat' dir='ltr'><strong>quam</strong></span> <span class='ocrx_word' id='word_1_870' title='bbox 1044 2505 1135 2541; x_wconf 61' lang='lat' dir='ltr'><strong>Pollux</strong></span> <span class='ocrx_word' id='word_1_871' title='bbox 1150 2514 1257 2540; x_wconf 72' lang='lat' dir='ltr'><strong>quoque</strong></span> <span class='ocrx_word' id='word_1_872' title='bbox 1278 2505 1422 2541; x_wconf 78' lang='lat' dir='ltr'><strong>habetlib.</strong></span> <span class='ocrx_word' id='word_1_873' title='bbox 1443 2515 1480 2538; x_wconf 81' lang='lat' dir='ltr'><strong>vr,</strong></span> <span class='ocrx_word' id='word_1_874' title='bbox 1496 2515 1557 2541; x_wconf 77' lang='lat' dir='ltr'><strong>cap.</strong></span> <span class='ocrx_word' id='word_1_875' title='bbox 1575 2508 1619 2535; x_wconf 68' lang='grc'><strong>56.</strong></span> 
     </span>
    </p>
   </div>
   <div class='ocr_carea' id='block_1_117' title="bbox 982 2540 1728 2601">
    <p class='ocr_par' dir='ltr' id='par_1_117' title="bbox 982 2540 1728 2601">
     <span class='ocr_line' id='line_1_117' title="bbox 982 2540 1728 2601; baseline 0.005 -35"><span class='ocrx_word' id='word_1_876' title='bbox 982 2540 1240 2601; x_wconf 51' lang='grc' dir='ltr'><strong>(ἸἹὲδΜίΙιὶΕρίιεθ.</strong></span> <span class='ocrx_word' id='word_1_877' title='bbox 1259 2548 1299 2572; x_wconf 86' lang='grc' dir='ltr'>ιιι,</span> <span class='ocrx_word' id='word_1_878' title='bbox 1320 2541 1347 2574; x_wconf 91' lang='grc'>8,</span> <span class='ocrx_word' id='word_1_879' title='bbox 1360 2540 1377 2567; x_wconf 88' lang='grc'><strong>9</strong></span> <span class='ocrx_word' id='word_1_880' title='bbox 1390 2546 1418 2567; x_wconf 82' lang='lat' dir='ltr'><strong>et</strong></span> <span class='ocrx_word' id='word_1_881' title='bbox 1438 2542 1481 2569; x_wconf 76' lang='grc'><strong>10.</strong></span> <span class='ocrx_word' id='word_1_882' title='bbox 1498 2540 1562 2569; x_wconf 82' lang='lat' dir='ltr'><strong>Vide</strong></span> <span class='ocrx_word' id='word_1_883' title='bbox 1574 2548 1628 2570; x_wconf 90' lang='lat' dir='ltr'><strong>not.</strong></span> <span class='ocrx_word' id='word_1_884' title='bbox 1648 2543 1681 2570; x_wconf 75' lang='lat' dir='ltr'><strong>l0</strong></span> <span class='ocrx_word' id='word_1_885' title='bbox 1694 2544 1728 2570; x_wconf 88' lang='lat' dir='ltr'><strong>ad</strong></span> 
     </span>
     <span class='ocr_line' id='line_1_118' title="bbox 982 2584 1065 2601; baseline 0 0"><span class='ocrx_word' id='word_1_886' title='bbox 982 2584 1006 2601; x_wconf 76' lang='grc' dir='ltr'>ιι.</span> <span class='ocrx_word' id='word_1_887' title='bbox 1060 2597 1065 2601; x_wconf 98' lang='grc'>.</span> 
     </span>
    </p>
   </div>
   <div class='ocr_carea' id='block_1_118' title="bbox 964 2576 1065 2606">
    <p class='ocr_par' dir='ltr' id='par_1_118' title="bbox 964 2576 1065 2606">
     <span class='ocr_line' id='line_1_119' title="bbox 964 2576 1065 2606; baseline 0.01 -5"><span class='ocrx_word' id='word_1_888' title='bbox 964 2582 1006 2606; x_wconf 68' lang='lat' dir='ltr'><strong>att.</strong></span> <span class='ocrx_word' id='word_1_889' title='bbox 1022 2576 1065 2602; x_wconf 66' lang='lat'><strong>28.</strong></span> 
     </span>
    </p>
   </div>
   <div class='ocr_carea' id='block_1_119' title="bbox 946 2582 1728 2645">
    <p class='ocr_par' dir='ltr' id='par_1_119' title="bbox 946 2582 1728 2645">
     <span class='ocr_line' id='line_1_120' title="bbox 946 2582 1728 2645; baseline 0 -9"><span class='ocrx_word' id='word_1_890' title='bbox 946 2582 1247 2645; x_wconf 33' lang='lat' dir='ltr'><strong>paﬁifgﬁibispematiar</strong></span> <span class='ocrx_word' id='word_1_891' title='bbox 1259 2609 1386 2644; x_wconf 77' lang='lat' dir='ltr'><strong>Vulgatus</strong></span> <span class='ocrx_word' id='word_1_892' title='bbox 1403 2610 1537 2645; x_wconf 88' lang='lat' dir='ltr'><strong>interpres</strong></span> <span class='ocrx_word' id='word_1_893' title='bbox 1558 2611 1622 2645; x_wconf 76' lang='lat' dir='ltr'><strong>legit</strong></span> <span class='ocrx_word' id='word_1_894' title='bbox 1636 2617 1665 2638; x_wconf 91' lang='lat' dir='ltr'><strong>ut</strong></span> <span class='ocrx_word' id='word_1_895' title='bbox 1681 2611 1728 2638; x_wconf 87' lang='lat' dir='ltr'><strong>Di-</strong></span> 
     </span>
    </p>
   </div>
   <div class='ocr_carea' id='block_1_120' title="bbox 949 2644 1727 2685">
    <p class='ocr_par' dir='ltr' id='par_1_120' title="bbox 949 2644 1727 2685">
     <span class='ocr_line' id='line_1_121' title="bbox 949 2644 1727 2685; baseline 0.004 -15"><span class='ocrx_word' id='word_1_896' title='bbox 949 2644 1052 2679; x_wconf 81' lang='lat' dir='ltr'><strong>dymus.</strong></span> <span class='ocrx_word' id='word_1_897' title='bbox 1069 2645 1205 2685; x_wconf 35' lang='lat' dir='ltr'><strong>Athrieca</strong></span> <span class='ocrx_word' id='word_1_898' title='bbox 1218 2646 1299 2672; x_wconf 85' lang='lat' dir='ltr'><strong>editio</strong></span> <span class='ocrx_word' id='word_1_899' title='bbox 1311 2646 1390 2672; x_wconf 82' lang='lat' dir='ltr'><strong>habet</strong></span> <span class='ocrx_word' id='word_1_900' title='bbox 1412 2654 1418 2671; x_wconf 97' lang='lat'><strong>:</strong></span> <span class='ocrx_word' id='word_1_901' title='bbox 1436 2644 1606 2680; x_wconf 58' lang='lat' dir='ltr'><strong>ﬂiowwvld,</strong></span> <span class='ocrx_word' id='word_1_902' title='bbox 1621 2646 1647 2672; x_wconf 90' lang='lat' dir='ltr'><strong>id</strong></span> <span class='ocrx_word' id='word_1_903' title='bbox 1667 2652 1727 2679; x_wconf 88' lang='lat' dir='ltr'><strong>est,</strong></span> 
     </span>
    </p>
   </div>
   <div class='ocr_carea' id='block_1_121' title="bbox 950 2687 1171 2706">
    <p class='ocr_par' dir='ltr' id='par_1_121' title="bbox 950 2687 1171 2706">
     <span class='ocr_line' id='line_1_122' title="bbox 950 2687 1171 2706; baseline 0.005 -2"><span class='ocrx_word' id='word_1_904' title='bbox 950 2687 959 2704; x_wconf 76' lang='grc' dir='ltr'><strong>Ι</strong></span> <span class='ocrx_word' id='word_1_905' title='bbox 979 2687 1139 2706; x_wconf 89' lang='lat' dir='ltr'><strong>connnunto.</strong></span> <span class='ocrx_word' id='word_1_906' title='bbox 1161 2690 1171 2705; x_wconf 75' lang='grc' dir='ltr'><strong>Ι</strong></span> 
     </span>
    </p>
   </div>
   <div class='ocr_carea' id='block_1_122' title="bbox 982 2713 1730 2751">
    <p class='ocr_par' dir='ltr' id='par_1_122' title="bbox 982 2713 1730 2751">
     <span class='ocr_line' id='line_1_123' title="bbox 982 2713 1730 2751; baseline 0.003 -11"><span class='ocrx_word' id='word_1_907' title='bbox 982 2713 1038 2748; x_wconf 86' lang='lat'><strong>(79)</strong></span> <span class='ocrx_word' id='word_1_908' title='bbox 1050 2713 1168 2751; x_wconf 52' lang='lat' dir='ltr'><strong>premit.</strong></span> <span class='ocrx_word' id='word_1_909' title='bbox 1188 2714 1279 2751; x_wconf 66' lang='lat' dir='ltr'><strong>Grznga</strong></span> <span class='ocrx_word' id='word_1_910' title='bbox 1295 2715 1376 2751; x_wconf 83' lang='lat' dir='ltr'><strong>editio</strong></span> <span class='ocrx_word' id='word_1_911' title='bbox 1401 2715 1445 2742; x_wconf 91' lang='lat' dir='ltr'><strong>hic</strong></span> <span class='ocrx_word' id='word_1_912' title='bbox 1459 2715 1542 2751; x_wconf 69' lang='lat' dir='ltr'><strong>addit.</strong></span> <span class='ocrx_word' id='word_1_913' title='bbox 1568 2715 1612 2742; x_wconf 87' lang='grc' dir='ltr'><strong>διὰ</strong></span> <span class='ocrx_word' id='word_1_914' title='bbox 1640 2714 1730 2751; x_wconf 74' lang='grc' dir='ltr'>Ἰησοῦ</span> 
     </span>
    </p>
   </div>
   <div class='ocr_carea' id='block_1_123' title="bbox 946 2748 1729 2784">
    <p class='ocr_par' dir='ltr' id='par_1_123' title="bbox 946 2748 1729 2784">
     <span class='ocr_line' id='line_1_124' title="bbox 946 2748 1729 2784; baseline 0.004 -9"><span class='ocrx_word' id='word_1_915' title='bbox 946 2748 1075 2784; x_wconf 76' lang='grc' dir='ltr'>Χριστοῦ,</span> <span class='ocrx_word' id='word_1_916' title='bbox 1087 2750 1111 2774; x_wconf 89' lang='lat' dir='ltr'><strong>id</strong></span> <span class='ocrx_word' id='word_1_917' title='bbox 1122 2749 1338 2783; x_wconf 68' lang='lat' dir='ltr'><strong>est,tper.lesum</strong></span> <span class='ocrx_word' id='word_1_918' title='bbox 1349 2749 1494 2776; x_wconf 84' lang='lat' dir='ltr'><strong>Christum.</strong></span> <span class='ocrx_word' id='word_1_919' title='bbox 1503 2749 1569 2777; x_wconf 63' lang='lat' dir='ltr'><strong>rSed</strong></span> <span class='ocrx_word' id='word_1_920' title='bbox 1580 2750 1637 2777; x_wconf 62' lang='lat' dir='ltr'><strong>hac</strong></span> <span class='ocrx_word' id='word_1_921' title='bbox 1646 2748 1729 2779; x_wconf 76' lang='lat' dir='ltr'><strong>verba</strong></span> 
     </span>
    </p>
   </div>
   <div class='ocr_carea' id='block_1_124' title="bbox 945 2784 1726 2820">
    <p class='ocr_par' dir='ltr' id='par_1_124' title="bbox 945 2784 1726 2820">
     <span class='ocr_line' id='line_1_125' title="bbox 945 2784 1726 2820; baseline 0.006 -12"><span class='ocrx_word' id='word_1_922' title='bbox 945 2785 1055 2820; x_wconf 61' lang='lat' dir='ltr'><strong>enituit,</strong></span> <span class='ocrx_word' id='word_1_923' title='bbox 1081 2789 1178 2820; x_wconf 71' lang='lat' dir='ltr'><strong>praeter</strong></span> <span class='ocrx_word' id='word_1_924' title='bbox 1202 2785 1361 2819; x_wconf 86' lang='lat' dir='ltr'><strong>Didymum,</strong></span> <span class='ocrx_word' id='word_1_925' title='bbox 1386 2784 1464 2819; x_wconf 76' lang='lat' dir='ltr'><strong>Vulg.</strong></span> <span class='ocrx_word' id='word_1_926' title='bbox 1478 2785 1559 2812; x_wconf 81' lang='lat' dir='ltr'><strong>etiam</strong></span> <span class='ocrx_word' id='word_1_927' title='bbox 1586 2786 1726 2820; x_wconf 83' lang='lat' dir='ltr'><strong>interpres.</strong></span> 
     </span>
    </p>
   </div>
   <div class='ocr_carea' id='block_1_125' title="bbox 947 2818 1210 2855">
    <p class='ocr_par' dir='ltr' id='par_1_125' title="bbox 947 2818 1210 2855">
     <span class='ocr_line' id='line_1_126' title="bbox 947 2818 1210 2855; baseline 0.011 -11"><span class='ocrx_word' id='word_1_928' title='bbox 947 2818 1013 2845; x_wconf 77' lang='lat' dir='ltr'><strong>Vide</strong></span> <span class='ocrx_word' id='word_1_929' title='bbox 1029 2819 1118 2855; x_wconf 73' lang='lat' dir='ltr'><strong>Segni.</strong></span> <span class='ocrx_word' id='word_1_930' title='bbox 1138 2819 1171 2846; x_wconf 72' lang='grc' dir='ltr'>Η</span> <span class='ocrx_word' id='word_1_931' title='bbox 1185 2828 1210 2847; x_wconf 86' lang='lat' dir='ltr'><strong>a.</strong></span> 
     </span>
    </p>
   </div>
   <div class='ocr_carea' id='block_1_126' title="bbox 1535 2895 1572 2926">
    <p class='ocr_par' dir='ltr' id='par_1_126' title="bbox 1535 2895 1572 2926">
     <span class='ocr_line' id='line_1_127' title="bbox 1535 2895 1572 2926; baseline 0 0"><span class='ocrx_word' id='word_1_932' title='bbox 1535 2895 1572 2926; x_wconf 83' lang='grc'><strong>19</strong></span> 
     </span>
    </p>
   </div>
  </div>
