1917 3064
115 82 167 109 589

627 79 670 106 DE
690 76 876 106 TRINITATE
896 75 996 103 LIBER
1019 74 1208 103 SECUNDUS.
1685 83 1738 111 59o

115 137 138 165 ὅ)
160 140 221 173 ἆγιε
249 138 366 174 Μιχαὴλ,
393 139 486 174 ἄρχειν
508 138 561 164 τῶν
590 138 744 173 ἀσωμάτων
769 137 903 173 στρατιῶν

970 136 1034 163 est?
1069 141 1114 163 aut
1145 137 1208 171 quid
1243 141 1292 170 cst,
1323 139 1348 165 in
1380 146 1433 173 quo
1463 141 1673 170 orthodoxorum
1707 144 1740 172 fi-

117 185 337 221 προεχειρίσθης,
362 185 410 211 καὶ
432 184 504 221 ζώνῃ
521 181 576 211 οἶον
592 183 733 220 νοερᾷ[91
760 184 786 219 b]
810 184 904 218 ἐτιμή-

118 232 178 268 θης,
197 231 243 258 καὶ
255 230 353 257 εὐωδία
369 239 411 262 τις
427 231 477 266 τῆς
492 231 600 257 πάντων
618 230 802 265 δεσποζούσης
819 238 906 256 πανα-

117 278 184 312 γοῦς
211 278 258 304 καὶ
282 277 453 312 οἰκτίρμονος
468 276 582 312 Τριάδος
608 276 752 312 ὑπάρχεις’
772 276 803 302 σὺ
819 275 863 307 δὲ,
883 272 906 301 ὢ

119 325 181 358 ᾆγιε
210 323 348 359 Γαϐριὴλ,
379 322 588 358 διακονήσασθαι
618 322 657 357 τῷ
683 322 824 358 μυστηρίῳ
857 322 907 356 τῆς

118 369 259 405 ἀφραστου
273 368 438 403 οἰκονομίας,
454 368 491 400 ὡς
505 368 639 404 ἐχέμυθος
660 369 706 395 καὶ
728 367 833 399 πιστὸς,
847 367 906 400 ἑξε-

118 415 213 450 λέγης·
227 415 306 446 ἄλλος
320 415 348 441 δὲ
361 413 443 450 ἄλλῳ,
458 414 518 440 οὐδὲ
538 414 664 449 αἰτήσας,
685 413 816 448 θεοσδότῳ
829 412 908 448 χαρί-

121 470 205 496 σματι
215 461 359 496 τετίμηται
370 481 377 492 ,
391 460 440 495 οἴῳ
454 460 491 495 μὴ
506 461 554 486 καὶ
566 460 666 496 ἕτεροι,
679 460 726 486 καὶ
742 461 790 495 οἴῳ
808 459 844 494 μὴ
861 458 908 486 καὶ

121 508 219 543 ἡμεῖς·
233 506 301 533 ἀλλὰ
315 507 362 533 καὶ
377 507 477 541 ἡμεῖς,
495 507 544 540 οἵῳ
565 506 602 541 μὴ
622 507 668 533 καὶ
688 506 775 541 ὑμεῖς.
805 505 834 532 '0
854 504 909 540 γὰρ

121 552 188 584 Θεὸς
207 552 310 585 Λόγος,
334 552 364 577 οὐ
392 551 436 577 διὰ
457 551 520 583 τοὺς
541 551 753 587 ἁμαρτήσαντας
777 549 910 584 ἀγγέλους

122 597 250 632 ἄγγελος,
270 596 338 623 ἀλλὰ
355 596 398 623 διὰ
417 597 479 628 τοὺς
499 597 528 623 ὲν
547 596 669 632 ἁμαρτίᾳ
684 596 842 632 ἀνθρώπους
863 595 910 623 άν-

123 643 243 677 θρωπος,
256 642 401 677 ἄτρεπτος,
415 642 574 677 ἀσυγχύτως
585 662 591 674 ,
604 643 814 678 ἀναμαρτήτως,
826 643 911 679 ἀφρά-

125 696 205 719 στως,
217 687 254 718 ὼς
273 685 327 713 οἶδε
340 687 387 713 καὶ
401 687 551 723 ἠϐουλήθη,
570 688 603 714 ἐκ
622 688 673 722 τῆς
687 687 825 723 Παρθένου
837 709 844 720 ,
865 688 911 715 καὶ

124 733 195 760 κατὰ
210 733 257 769 τὴν
280 733 369 768 σάρκα
391 733 475 768 αὐτῆς
498 733 544 760 καὶ
565 733 673 760 πάντων
688 734 766 768 ἡμῶν
793 734 910 768 ἐγένετο,

127 779 221 814 μείνας
250 779 264 804 ὃ
286 777 330 814 ἦν.
355 779 400 805 καὶ
419 778 487 810 ἔστι,
509 778 554 805 καὶ
584 779 669 811 ἔσται,
691 777 731 811 εἷς
755 780 801 806 καὶ
825 781 838 805 ό
864 780 911 807 αὺ-

124 825 180 853 τρς.
205 833 214 850 t
230 821 278 856 Ε’ίς
297 823 360 859 γὰρ,
394 824 485 859 φησὶν,
517 823 603 858 ἅγιος,
626 823 666 856 εἷς
685 824 786 860 Κύριος
812 825 913 860 Ἰησοῦς

126 870 262 906 Χριστὸς,
288 870 328 901 είς
357 869 435 902 δόξαν
463 869 530 896 Θεοῦ
561 870 675 905 Πατρός.
697 880 705 896 ι
730 872 784 898 Καὶ
809 871 912 904 οὕτως,

125 916 163 947 ὡς
175 916 229 942 ἀπὺ
240 916 292 950 γῆς
303 916 343 947 εἰς
353 915 484 951 οὐρανοὺς
495 915 589 951 ἀνέϐη,
604 911 663 951 ἥξει
675 916 704 943 τὸ
716 916 850 952 δεύτερον,
862 918 915 944 δια-

126 962 296 996 κονουμένων
321 961 396 997 αὑτῷ
420 961 573 996 ἀγγελικῶν
594 962 746 997 εὐδοκίμων
769 963 915 998 φαλάγγων

130 1009 234 1045 μυρίων
248 1008 395 1044 μυριάδων,
407 1009 454 1035 καὶ
462 1007 502 1034 ἔτι
514 1009 561 1035 καὶ
573 1011 663 1044 κρινεῖ
673 1009 719 1036 καὶ
731 1011 836 1045 ποιήσει
846 1010 915 1036 κατὰ

127 1055 176 1090 τὴν
192 1054 395 1089 φιλανθρωπίαν
411 1054 505 1081 αὐτοῦ.
520 1054 565 1080 Διὸ
579 1055 647 1089 μετὰ
668 1054 717 1086 τὰς
743 1055 914 1091 Ἐκκλησίας,

128 1101 176 1127 καὶ
186 1098 254 1127 οἶκοι
267 1100 405 1135 εὐκτήριοι
417 1099 456 1135 τῷ
476 1099 546 1134 Θεῷ,
568 1100 619 1135 τῆς
638 1100 824 1135 προσηγορίας
840 1100 916 1135 ὑμῶν

129 1147 279 1183 ἐπώνυμοι,
293 1143 316 1173 ὦ
330 1146 476 1181 εὐάρεστος
488 1145 605 1181 ξυνωρὶς
619 1145 807 1181 ἀρχαγγέλων,
824 1145 873 1172 οὐκ
888 1146 917 1171 ἐν

130 1194 225 1228 μόναις
246 1193 307 1223 ταῖς
325 1192 444 1224 πόλεσιν,
467 1191 535 1218 ἀλλὰ
556 1191 602 1217 καὶ
621 1192 768 1223 στενωποῖς
785 1191 837 1226 ίδία
849 1212 858 1225 ,
872 1191 918 1217 mi.

128 1240 238 1271 οἰκίαις.
255 1240 301 1265 καὶ
314 1239 408 1273 ἀγροῖς
424 1237 600 1272 ἱδρύνθησαν,
614 1238 718 1273 χρυσῷ,
731 1237 779 1264 καὶ
791 1238 916 1273 ἀργύρῳ,

130 1283 146 1318 ἦ
165 1283 211 1310 καὶ
230 1283 355 1316 ἐλέςαντι
378 1283 561 1317 κοσμηθέντες
573 1290 580 1297 ”
598 1281 669 1308 ἴασίν
690 1291 719 1309 τε
739 1283 763 1308 οἱ
781 1282 918 1318 ἄνθρωποι

129 1331 178 1357 καὶ
199 1330 239 1361 εἰς
261 1329 295 1355 τὰ
315 1328 449 1364 ἀπωτέρω
470 1328 519 1363 τῆς
539 1328 724 1364 ἐνεγκαμένης
745 1329 844 1360 αὐτοὺς
865 1337 919 1363 χω-

132 1376 179 1412 ρία
195 1376 229 1402 τὰ
246 1375 340 1410 ἔχοντα
356 1372 410 1402 οἷον
436 1374 473 1406 ὡς
497 1375 629 1410 πρυτάνια
655 1375 861 1409 ἐπιτευγμάτων
886 1374 920 1400 τὰ

130 1422 263 1456 εὑκτήρια
281 1419 499 1456 προϐεόλημένα,
515 1420 564 1446 οὐκ
575 1418 717 1450 ὀκνοῦντες
735 1420 782 1446 καὶ
803 1419 920 1454 πέλαγος

956 181 1037 212 dem,
1071 181 1142 209 nulla
1173 189 1205 208 cx
1241 187 1317 216 parte
1335 183 1533 212 emendationis
1557 185 1740 224 indigentem,

957 234 1085 254 accusare
1109 228 1169 262 quis
1188 229 1291 262 possit?
1310 229 1448 262 Quomodo
1467 235 1557 259 autem
1577 233 1740 262 credendum

957 280 1009 300 non
1028 273 1090 306 erit,
1127 273 1261 308 Spiritum
1293 275 1402 309 quidem
1431 281 1556 304 sanctum
1585 283 1614 305 ut
1638 278 1739 314 Regem

958 318 1015 346 sive
1026 324 1055 345 ut
1066 319 1162 350 Deum,
1182 319 1291 354 angelos
1308 327 1372 348 vero
1394 326 1423 348 ut
1439 321 1623 355 administros,
1641 324 1698 351 sive
1712 329 1742 351 ut

958 363 1084 395 famulos,
1104 364 1323 393 ehrematizare?
1339 365 1415 393 Sicut
1432 373 1496 401 ergo
1512 367 1627 396 dillicile-
1644 375 1695 401 est.
1711 376 1742 398 ut

961 410 1041 445 199
1054 410 1146 442 aiunt,
1169 415 1197 438 ut
1220 411 1399 445 gubernacula
1422 417 1509 440 teneat
1533 414 1556 441 is
1580 415 1624 449 qui
1646 416 1744 449 guber-

960 455 1040 483 nandi
1057 460 1114 483 arte
1137 460 1230 484 caret:
1247 457 1283 484 ita
1303 456 1409 485 difficile
1431 462 1473 485 est
1494 463 1523 486 ut
1547 460 1569 487 is
1585 461 1679 489 doceat
1700 463 1742 490 cui

960 501 1041 529 divini
1067 501 1183 536 Spiritus
1199 503 1294 537 gratia,
1316 511 1376 537 qua:
1395 504 1532 532 hominum
1555 507 1668 535 salutem
1691 516 1743 536 una

961 553 1020 573 cum
1036 545 1118 574 Patre
1133 551 1160 574 et
1175 546 1243 574 Filio
1255 552 1391 582 operatur,
1407 556 1459 576 non
1475 551 1568 584 adest;
1581 556 1609 578 et
1623 553 1664 579 cui
1678 561 1745 588 pra:-

962 596 1041 619 terea,
1052 599 1215 627 cognoscere
1235 600 1287 619 non
1302 593 1381 621 datur
1396 593 1479 636 illam,
1500 603 1559 629 qua:
1574 596 1615 623 vel
1635 597 1660 624 in
1682 598 1745 632 ipsis

962 637 1112 664 divinorum
1133 637 1303 665 oraculorum
1318 639 1504 674 aenigmatibus
1522 641 1667 675 invenitur,
1686 651 1746 670 cer-

962 687 1016 710 tam
1029 684 1190 711 sententiam
1205 689 1284 718 atque
1301 684 1558 720 interpretationem,
1570 692 1597 714 et
1607 695 1677 721 eam,
1688 696 1747 723 qua:

963 737 994 757 ex
1017 730 1132 757 scientia
1156 729 1273 757 fidelium
1293 731 1410 758 virorum
1430 732 1575 767 profertur,
1593 734 1746 769 responsio-

964 783 1042 808 nem;
1067 776 1111 810 qui
1143 776 1249 802 demum
1277 775 1336 802 sine
1359 777 1536 804 eontendeudi
1560 782 1587 805 et
1611 779 1748 807 contradi-

964 820 1039 848 cendi
1059 819 1179 852 libidine,
1200 826 1232 847 ac
1251 820 1310 847 sine
1329 821 1446 848 versutia
1470 821 1541 856 loqui
1561 824 1657 851 nescit.
1681 824 1749 852 Nori

965 871 1053 893 autem
1077 865 1187 900 optimc,
1203 873 1218 893 ο
1241 865 1344 902 inclyti,
1360 873 1391 894 ac
1413 867 1550 895 ctelestem
1567 868 1652 896 lucem
1672 870 1748 898 habi-

967 915 1054 938 tantes
1069 910 1155 945 angeli
1172 909 1229 942 Dei,
1252 910 1335 938 iratos
1350 911 1415 938 mihi
1430 919 1477 938 vos
1495 920 1548 940 non
1572 921 1641 947 esse,
1658 918 1751 949 utpote

966 955 1215 991 irreprehensibiles
1228 963 1260 984 ac
1275 957 1418 991 perfectos,
1436 958 1469 985 ob
1496 965 1526 985 ea
1544 967 1603 993 qua:
1622 967 1637 986 a
1653 968 1694 988 me
1709 961 1750 988 di-

967 1007 1009 1030 cta
1026 1007 1089 1030 sunt
1101 1003 1206 1030 illorum
1222 1003 1378 1037 angelorum
1395 1010 1487 1036 causa,
1505 1005 1551 1039 qui
1576 1010 1671 1033 natura
1691 1007 1751 1041 qui-

967 1049 1028 1076 dem
1043 1049 1120 1076 vobis
1143 1049 1244 1076 similes
1260 1054 1332 1081 sunt,
1359 1049 1483 1077 laudabili
1507 1058 1569 1078 vero
1589 1056 1677 1080 mente
1697 1060 1750 1080 nou

968 1095 1047 1128 item;
1070 1095 1168 1130 quique
1185 1095 1219 1122 ab
1235 1095 1313 1122 initio
1328 1095 1564 1130 reprehensionem
1584 1103 1750 1131 meruerunt,

968 1141 1036 1167 sicut
1049 1140 1166 1167 luerctici
1184 1140 1276 1172 etiam,
1298 1140 1343 1174 qui
1364 1147 1394 1168 ea
1415 1141 1442 1167 in
1466 1142 1582 1169 medium
1602 1143 1753 1173 inconsulte

968 1185 1095 1219 ail'erunl,
1115 1193 1175 1220 qua:
1199 1193 1283 1220 nuper
1300 1193 1508 1214 commemorata
1538 1193 1610 1221 Slilll,
1634 1197 1753 1224 quosque

969 1232 1084 1259 maxime
1112 1233 1232 1267 ineptos,
1266 1232 1300 1259 ad
1326 1237 1462 1260 certamen
1491 1238 1582 1261 contra
1613 1235 1753 1263 veritatem

970 1280 1127 1312 ineundum,
1155 1287 1215 1306 esse
1239 1278 1410 1313 cognoscitis.
1429 1278 1492 1306 Mihi
1508 1279 1579 1306 enim
1605 1287 1693 1308 sermo
1712 1286 1755 1308 est

970 1333 1018 1360 pro
1034 1325 1125 1352 divino
1142 1325 1255 1359 Spiritu,
1271 1325 1315 1359 qui
1339 1325 1428 1351 omnia
1446 1324 1593 1358 illuminat;
1609 1326 1654 1359 qui
1676 1333 1754 1354 crea-

973 1371 1040 1398 turis
1055 1370 1157 1403 divina,
1173 1377 1224 1397 nou
1237 1377 1315 1397 secus
1333 1378 1364 1396 ac
1377 1371 1459 1396 Pater
1472 1374 1497 1396 et
1512 1369 1671 1405 Unigeuitus
1685 1371 1754 1406 ejus.

972 1418 1100 1452 largitur;
1115 1417 1158 1451 qui
1173 1425 1219 1444 vos
1233 1417 1314 1443 etiam
1330 1416 1523 1450 sanetilicmit;
1538 1417 1635 1451 quique
1651 1425 1665 1444 a
1681 1418 1756 1445 vobis

130 1466 278 1498 διαλαϐεῖν,
298 1465 330 1501 ἢν
343 1465 408 1496 δέοι,
421 1465 536 1500 μακρὸν,
554 1464 600 1490 καὶ
620 1464 724 1491 πολλῶν
737 1464 835 1499 ἐφεξῆς
849 1465 918 1500 ἡμε-

972 1471 1018 1498 per
1035 1463 1176 1497 trisagium
1192 1463 1320 1497 hymnum
1335 1470 1387 1490 una
1405 1470 1465 1489 eum
1486 1462 1566 1490 Patre
1581 1468 1608 1490 et
1623 1463 1691 1491 Filio
1703 1464 1756 1499 glo-

133 1512 187 1546 ρῶν
203 1512 262 1538 ὁδὸν
277 1511 332 1538 ἔσθ’
350 1511 393 1538 ὅτε
408 1512 454 1538 καὶ
477 1510 614 1547 ἀργαλέαν
636 1509 774 1543 ἐξανῦσαι,
799 1510 837 1542 ὼς
861 1519 920 1537 πει-

132 1557 313 1594 ραθησόμενοι
328 1556 449 1588 πλείονος
465 1556 570 1588 εὐνοίας
580 1556 628 1590 μὲν
640 1556 690 1591 τῆς
699 1556 763 1591 περὶ
774 1555 824 1591 τὴν
836 1564 920 1591 πρεσ-

131 1604 207 1630 ϐείαν
220 1603 272 1629 ἀπὸ
286 1603 373 1638 ὑμῶν,
393 1602 539 1637 μετουσίας
557 1602 585 1628 δὲ
599 1603 648 1637 τῆς
663 1602 716 1628 τῶν
732 1602 922 1637 φιλοτιμουμέ-

132 1659 185 1677 νων
202 1650 272 1685 ὑπὲρ
291 1649 337 1676 τοῦ
365 1646 394 1676 εὖ
411 1648 457 1685 [92
471 1648 499 1684 ιι]
531 1648 639 1682 ἀγαθῶν
663 1648 738 1684 παρὰ
768 1647 814 1674 τοῦ
842 1647 919 1674 Θεοῦ.

138 1697 183 1722 Ἐν
209 1695 260 1731 γὰρ
287 1696 346 1726 ταῖς
372 1694 464 1728 ἁγίαις
492 1694 574 1721 αὐτοῦ
600 1694 772 1730 ἐκκλησίαις,
799 1693 845 1720 καὶ
867 1693 922 1724 τοῖς

133 1742 298 1777 εὐκτηρίυις,
319 1741 365 1767 καὶ
383 1741 552 1776 μαρτυρίοις,
569 1741 606 1771 ὡς
629 1741 658 1767 ὲν
675 1740 764 1772 ἄλλοις
787 1740 921 1776 οὐρανοῖς,

133 1790 168 1815 τὰ
182 1788 346 1814 ἀνέκλειπτα
370 1786 451 1813 αὑτοῦ
471 1785 625 1822 προῦθηκεν
641 1786 744 1821 ἀγαθά-
766 1786 812 1812 καὶ
825 1786 870 1820 ἀφ’
886 1782 923 1812 ὧν

132 1833 210 1866 οὗτος
229 1834 309 1866 αὐτὸς
331 1834 345 1860 ὁ
368 1833 498 1863 Βασιλεὺς
512 1832 565 1858 τῶν
583 1832 788 1867 βασιλευόντων,
805 1832 851 1859 καί⁸
867 1832 923 1858 Κύ-

137 1888 193 1916 ριος
209 1879 262 1905 τῶν
276 1878 466 1914 κυριευόντων,
497 1877 598 1904 δέδωκέ
617 1886 647 1903 τε
668 1878 713 1904 καὶ
735 1878 870 1913 ὁσημέραι
884 1877 924 1904 δί-

136 1927 216 1952 δωσιν
243 1925 379 1958 ἑκάστοις,
409 1924 463 1951 ἀπὸ
483 1923 595 1956 τούτων,
622 1924 742 1955 εὐσεϐῶς
768 1924 815 1959 καὶ
843 1924 924 1957 ὁσίως

137 1971 376 2007 προσφερομένην,
406 1970 510 2005 δέχεται
540 1970 706 2005 ἀναίμακτον
740 1969 850 2002 θυσίαν,
880 1971 925 1996 καὶ

137 2019 226 2045 πάντα
249 2017 304 2053 ἔχει
325 2017 359 2043 τὰ
374 2016 449 2052 παρὰ
461 2016 612 2052 ἀνθρώπων
627 2016 706 2052 γέρα.
723 2015 836 2051 Νομίζω
846 2016 874 2043 δὲ
886 2017 925 2047 εἰς

137 2065 171 2091 τὰ
189 2063 258 2090 κατὰ
275 2063 428 2098 αἱρετικῶν,
445 2064 490 2090 καὶ
507 2064 546 2094 είς
563 2062 598 2089 τὰ
621 2063 684 2098 περὶ
709 2062 856 2096 θεολογίας,
878 2062 925 2088 καὶ

136 2111 170 2138 τὰ
188 2111 272 2144 ἄλογα
287 2110 353 2142 ζῶα,
371 2109 499 2144 μενοῦνγε
511 2109 573 2140 τοὺς
588 2108 677 2140 λίθους
691 2109 798 2139 αὐτοὺς,
810 2109 842 2143 τῇ
857 2117 924 2143 προ-

122 2156 223 2192 ’θυμίᾳ
241 2154 461 2191 συμφθέγγεσθαι
484 2155 558 2190 ἡμῖν.
578 2154 609 2180 Τί
627 2154 680 2190 γὰρ
701 2155 731 2180 οὐ
753 2155 846 2181 ποιεῖὸ
862 2154 925 2189 περὶ
942 2144 962 2171 θ

138 2202 204 2228 Θεὸν
219 2201 302 2237 ἔρως
323 2201 339 2236 ἢ
356 2201 408 2228 τίνι
429 2202 588 2237 παραχωρεῖ
609 2200 717 2235 φίλτρον
744 2199 843 2235 ἀληθὲς
858 2208 924 2235 7.0.9—

137 2247 211 2279 δίας;
228 2247 299 2272 Ἴστε
315 2246 370 2281 γὰρ
390 2246 450 2279 (σὺν
476 2245 536 2281 Θεῷ
552 2245 579 2271 δὲ
596 2245 683 2274 πάντα
701 2244 840 2281 είρήσθω),
855 2244 926 2270 οὕτω

141 2293 199 2329 μεθ’
217 2292 294 2328 ὑμῶν
311 2300 340 2318 τε
358 2292 404 2318 καὶ
423 2292 476 2318 τῶν
493 2292 526 2317 ὲκ
542 2292 590 2326 τῆς
608 2291 743 2326 ἡμετέρας
758 2290 864 2325 φύσεως
880 2298 926 2323 γε·

139 2336 256 2371 γονάτων
269 2337 353 2370 ἁγίων
369 2335 574 2372 πρεσῦευόντων
591 2335 772 2371 πεπραχέναι,
789 2336 827 2367 ὡς
842 2335 925 2370 μηδέ-

140 2392 173 2410 να
191 2392 242 2413 πω,
260 2383 339 2418 μέχρι
355 2383 402 2409 καὶ
420 2383 549 2417 τήμερον,
562 2379 617 2408 οἷον
640 2381 717 2416 δίκην
734 2382 795 2408 τινα
819 2390 863 2416 μοι
879 2381 925 2407 καὶ

141 2429 308 2464 κακηγορίας
323 2428 429 2455 ἑλέσθαι
444 2428 536 2463 λαχεῖν
560 2427 630 2462 ὑπὲρ
656 2427 732 2462 ὑμῶν
753 2426 808 2453 τῶν
826 2427 927 2462 ἡμετέ-

142 2484 197 2510 ρων
210 2474 361 2509 πρέσϐεων,
379 2473 431 2499 τῶν
450 2473 531 2508 τιμὰς
545 2472 593 2505 τὰς
614 2473 681 2508 πρὸς
692 2473 722 2499 τὸ
735 2473 833 2508 μέτρον
850 2472 927 2507 ὑμῶν

143 2520 218 2556 παρὰ
233 2521 315 2546 πᾶσιν
338 2520 452 2554 ἐχόντων
463 2527 470 2535 ·
488 2519 555 2555 μηδὲ
576 2519 687 2554 ὀνόματι
709 2519 822 2545 καλέσαι
838 2527 871 2554 με
886 2519 926 2549 είς

143 2566 235 2600 ἀγῶνα
248 2566 294 2592 τὸν
305 2566 368 2601 περὶ
381 2565 488 2598 τούτου,
502 2566 548 2592 καὶ
559 2565 658 2600 κρίσιν,
672 2565 759 2592 καίτοι
768 2564 929 2600 εὑρισκομέ-

143 2622 195 2638 νων
206 2612 260 2638 τῶν
272 2611 306 2638 τὰ
324 2611 361 2647 μὴ
377 2613 439 2638 ὄντα
451 2611 674 2647 κατηγορούντων
684 2619 690 2626 ·
705 2610 774 2637 ἀλλὰ
790 2609 856 2645 μηδέ
871 2618 930 2637 τινα

144 2658 307 2693 πειραθῆναι
331 2657 465 2692 διελέγξαι
485 2666 529 2692 με,
543 2657 581 2688 ὡς
607 2656 667 2691 εἴην
690 2656 786 2690 λόγους
811 2655 931 2687 ἀκούσας

181 2737 237 2772 (91)
260 2736 380 2771 Legulus.
406 2735 538 2768 Lucianus
563 2741 669 2772 quoque
690 2731 927 2772 νρινιιριδιακονεῖ-

147 2766 208 2799 σθαι
229 2766 309 2798 sitniii
332 2772 387 2797 fere
402 2766 481 2798 sensu
499 2777 562 2796 usus
572 2766 682 2796 videtur
705 2769 730 2794 iu
753 2767 871 2801 Dialogi:
888 2766 930 2799 fa-

148 2808 245 2834 bulosis
257 2807 368 2838 relertis,
380 2806 489 2840 Dialogo
505 2812 534 2835 ιι,
549 2812 608 2839 pag.
623 2803 676 2837 66;
692 2810 752 2830 nam
767 2801 929 2829 Mercurium

973 1510 1102 1537 rilicatur.
1128 1509 1180 1536 Sed
1203 1509 1268 1536 mihi
1290 1509 1379 1543 potius
1396 1509 1525 1543 Spiritum
1543 1509 1613 1537 hunc
1631 1511 1755 1545 hyposta-

972 1555 1008 1582 sis
1023 1555 1069 1582 Dei
1087 1563 1170 1582 unum
1195 1559 1223 1582 et
1245 1553 1342 1585 solum,
1363 1559 1390 1581 et
1409 1555 1491 1581 Dium
1514 1555 1673 1589 praedicandi
1693 1563 1756 1583 con-

972 1601 1094 1629 sensistis
1110 1609 1117 1628 :
1132 1608 1163 1627 ac
1179 1601 1293 1627 fortasse
1309 1600 1344 1627 ob
1363 1600 1534 1632 immodicum
1556 1606 1676 1628 vestrum
1694 1609 1756 1637 erga

973 1649 1114 1679 angustant
1144 1648 1169 1671 et
1190 1643 1445 1671 consubstantialem
1462 1643 1621 1672 Trinitatem
1638 1653 1758 1674 amorem

974 1689 1050 1725 [mihi
1076 1694 1165 1716 autem
1189 1696 1263 1716 meus
1286 1688 1338 1716 hac
1359 1690 1383 1716 in
1404 1694 1480 1724 parte
1495 1690 1561 1717 liber
1582 1692 1758 1727 panegyricus

973 1734 1074 1771 evadit]
1090 1739 1177 1762 vestra
1194 1742 1253 1762 esse
1274 1735 1377 1762 velletis
1398 1736 1490 1767 verba,
1513 1743 1571 1771 qua:
1588 1744 1619 1763 ex
1638 1736 1759 1771 Scriptu-

975 1789 1064 1808 rarum
1090 1781 1224 1809 sententia
1244 1789 1258 1808 a
1286 1781 1384 1814 multis,
1410 1785 1489 1816 atque
1507 1782 1532 1809 in
1550 1790 1667 1817 praesens
1684 1791 1698 1810 ιι
1718 1791 1760 1810 me

974 1827 1044 1854 dicta
1064 1831 1136 1858 sunt,
1161 1831 1188 1853 et
1218 1833 1354 1860 nunquam
1379 1827 1434 1853 haec
1465 1827 1572 1854 silentio
1597 1828 1683 1860 obrui,
1714 1829 1760 1856 sed

974 1880 1068 1901 omnes
1088 1873 1221 1906 homines,
1243 1880 1302 1900 cum
1327 1880 1342 1899 a
1363 1872 1477 1907 negotiis
1501 1877 1607 1905 vacant,
1627 1874 1652 1900 in
1678 1873 1760 1901 hocce

976 1924 1135 1954 argumento
1155 1923 1259 1954 tempus
1275 1918 1431 1953 impendere
1449 1919 1591 1953 exoptatis.
1618 1918 1693 1946 Hanc
1713 1921 1761 1954 igi-

977 1971 1020 1992 tur
1039 1967 1072 1992 ob
1095 1972 1203 1992 causam
1220 1969 1247 1991 tu
1272 1965 1390 1998 quidem.
1413 1971 1430 1991 ο
1450 1970 1543 1991 sancte
1567 1964 1691 1998 Michael,
1716 1974 1760 1992 su-

977 2011 1183 2046 premojudicio
1198 2011 1230 2037 ad
1245 2010 1431 2044 imperandum
1453 2010 1619 2044 incorporeis
1639 2012 1764 2038 exerciti-

976 2058 1026 2085 bus
1052 2057 1164 2088 electus,
1188 2063 1221 2083 ac
1237 2055 1319 2082 veluti
1342 2055 1453 2090 spiritali
1476 2055 1582 2090 cingulo
1606 2056 1762 2084 honestatus

977 2111 1017 2134 es,
1031 2107 1057 2130 et
1073 2102 1164 2129 suavis
1186 2101 1294 2136 quidam
1317 2102 1383 2128 odor
1398 2101 1505 2128 exsistis
1528 2101 1703 2129 sanctissimae
1720 2109 1762 2129 re-

979 2157 1036 2176 rutn
1059 2149 1178 2176 omnium
1202 2147 1333 2179 dominae,
1360 2151 1386 2174 et
1412 2146 1592 2174 misericordis
1612 2147 1761 2175 Trinitatis.

978 2196 1017 2222 'l'u
1039 2202 1111 2227 vero,
1139 2202 1155 2221 ο
1171 2199 1263 2222 sancte
1285 2193 1403 2225 Gabriel,
1422 2197 1513 2228 utpote
1535 2193 1626 2220 arcani
1651 2193 1761 2220 tacitur-

979 2249 1030 2268 uus
1056 2248 1087 2268 ac
1103 2240 1189 2267 lidclis
1210 2244 1311 2271 custos,
1336 2238 1438 2273 legatus
1457 2237 1512 2273 (9i)
1534 2237 1567 2264 ad
1584 2238 1762 2272 prmstandnm

980 2287 1122 2316 ineti'abilis
1143 2285 1338 2313 lncarnationis
1355 2285 1483 2319 mysterio
1501 2283 1681 2310 ministerium
1702 2284 1763 2311 ele-

979 2339 1039 2360 ctus
1060 2340 1099 2360 es.
1119 2331 1171 2358 Alii
1198 2335 1287 2358 autem
1301 2329 1383 2364 200
1395 2329 1455 2356 aliis
1479 2328 1567 2360 donis,
1581 2328 1658 2355 vobis
1679 2335 1693 2354 a
1710 2327 1764 2355 Deo

980 2378 1060 2410 datis,
1074 2385 1107 2404 ue
1119 2381 1241 2412 petentes
1254 2375 1373 2410 quidem,
1386 2374 1473 2402 ornati
1489 2374 1571 2406 estis;
1588 2381 1701 2408 quorum
1717 2374 1764 2401 do-

981 2432 1075 2451 norum
1097 2422 1232 2450 nonnullis
1258 2421 1365 2455 quidem
1390 2420 1434 2448 alii
1460 2420 1592 2447 honestati
1618 2427 1670 2447 non
1691 2424 1763 2451 sunt,

982 2470 1117 2498 nonnullis
1128 2474 1217 2495 autem
1233 2467 1366 2495 honestati
1385 2474 1438 2493 non
1453 2466 1552 2493 fuimtts
1565 2473 1614 2493 nos
1630 2475 1637 2493 :
1654 2466 1700 2493 sed
1715 2473 1764 2492 nos

981 2523 1089 2551 quoque
1105 2514 1240 2541 nonnullis
1254 2512 1373 2541 decorati
1390 2519 1494 2544 sumus,
1506 2512 1603 2543 quibus
1620 2518 1667 2538 vos
1681 2511 1765 2538 hone-

980 2563 1042 2590 stati
1067 2571 1118 2590 nun
1136 2560 1235 2588 fuistis.
1261 2560 1325 2586 Nam
1344 2559 1414 2586 Deus
1437 2558 1554 2585 Verbum
1580 2563 1631 2583 non
1657 2559 1765 2590 propter

981 2613 1124 2643 peccantes
1140 2605 1250 2641 angelos
1272 2605 1394 2640 angelus,
1413 2604 1459 2631 sed
1479 2607 1587 2638 propter
1609 2605 1766 2635 peccatores

982 2653 1106 2680 homines
1130 2652 1221 2684 homo,
1244 2651 1311 2677 citra
1334 2649 1521 2681 mutationem,
1539 2647 1607 2674 citra
1628 2645 1764 2673 confusio.

983 2730 1019 2756 ait
1039 2729 1090 2756 diis
1106 2727 1298 2759 διακονεῖσθαι,
1312 2725 1338 2753 id
1350 2731 1401 2759 est,
1412 2729 1439 2752 ut
1452 2731 1500 2759 ego
1516 2724 1689 2758 interpretor,
1703 2721 1766 2750 deo-

985 2773 1042 2792 rum
1061 2773 1069 2788 ι
1086 2764 1202 2797 legatum
1217 2769 1287 2789 esse.
1307 2771 1315 2786 I
