1917 3064
205 137 259 166 595
821 135 938 162 DIDYMI
958 134 1193 162 ALEXANDRINI
1776 132 1824 159 596

206 197 271 225 nino
285 204 401 232 unquam
425 195 586 231 neglexerim
619 196 659 223 eis
695 204 744 231 pro
775 196 844 223 virili
867 201 943 231 p’tl'le
981 196 1124 228 obsistere,
1144 200 1180 228 et,
1204 200 1298 222 contra
1323 202 1403 229 quam
1431 193 1584 228 deceat(5),
1606 201 1701 222 socors
1723 193 1824 221 fuerim.

206 245 333 279 Quinimo
361 251 376 272 e
396 243 533 271 contrario
546 243 667 278 plerique
681 245 757 271 aiunt
781 251 824 271 me
842 251 889 278 pro
920 243 1072 277 hujusmodi
1107 243 1187 270 rebus
1206 242 1232 269 in
1258 242 1374 269 medium
1409 249 1514 276 semper
1533 241 1666 276 prodiisse
1693 248 1788 276 magna
1802 242 1824 268 vi

183 310 185 312 -
201 297 234 321 et
247 300 323 325 voce,
339 299 369 319 ac
384 291 444 318 sine
456 291 657 326 perturbatione
671 291 721 327 (6),
741 291 774 319 ad
791 291 862 319 litem
886 295 932 319 aut
963 291 1147 318 intentandam
1174 294 1222 317 aut
1251 288 1435 317 sustinendam
1466 288 1516 324 (7).
1534 288 1600 315 Nam
1620 288 1725 316 lucrum
1749 289 1826 316 maxi-

207 347 280 366 mum
295 344 322 366 et
346 344 475 366 :eternum
493 342 557 373 puto
568 339 621 366 mei
637 338 732 374 ipsius,
745 342 774 366 et
803 346 895 367 eorum
910 339 956 373 qui
973 346 1007 366 ex
1026 346 1070 367 me
1092 338 1171 366 sunt'
1185 338 1234 374 (8),
1261 343 1420 372 eorumque,
1446 337 1491 371 qui
1517 336 1656 364 nobiscum
1685 337 1825 367 exsistunt,

205 394 314 414 omnem
332 386 451 415 laborem
467 391 586 421 strenue,
601 394 644 420 ac,
661 387 682 414 si
697 394 766 422 opus
794 387 885 419 fuerit,
915 386 1062 422 periculum
1103 387 1194 415 subire
1219 393 1268 421 pro
1286 385 1377 418 Patre,
1410 390 1438 413 et
1461 384 1539 417 Filio,
1557 389 1584 412 et
1604 385 1708 419 Spiritu
1727 392 1827 418 saneto,

205 433 250 466 qui
274 440 322 460 nos
337 432 411 464 fecit,
427 437 454 460 et
470 432 566 465 salvat,
591 436 618 459 et
636 431 807 466 iudicaturus
827 437 880 466 est,
900 440 933 460 ac
963 432 1004 460 sui
1025 433 1110 467 ipslus
1124 432 1162 468 (9)
1177 439 1258 462 causa
1290 430 1457 466 benignitate
1469 434 1674 464 prosecuturus.
1687 429 1754 457 Cum
1768 436 1827 464 ergo

208 480 350 513 noveritis,
380 484 472 514 utpote
507 479 584 507 electi
617 480 776 508 adoratores
796 480 972 508 sanctissimae
987 479 1137 513 Trinitatis,
1162 484 1190 506 et
1213 478 1323 506 humani
1362 477 1467 512 generis
1486 476 1566 512 legati
1591 481 1673 512 atque
1698 481 1828 506 oratores.

209 525 280 551 nulla
297 532 341 553 me
361 525 387 552 in
414 532 444 552 re
466 525 595 560 obsequio
617 525 654 552 illi
673 525 799 559 defuisse,
824 526 895 560 quod
919 526 994 553 vobis
1013 530 1074 560 post
1097 525 1166 553 hanc
1181 524 1239 561 (l0)
1270 523 1431 552 Trinitatem
1450 530 1538 551 rerum
1570 523 1693 550 omnium
1713 530 1826 550 causam.

156 603 162 610 .
209 577 291 607 atque
307 572 397 600 omnia
413 572 594 600 vivificantem
610 571 689 608 203
704 573 825 607 debetur,
839 577 933 607 utpote
944 573 989 608 qui
1011 573 1077 600 mihi
1090 572 1160 607 apud
1189 571 1311 599 eamdem
1325 570 1485 598 Trinitatem
1519 569 1738 605 patrocinamini,
1751 577 1765 596 a
1780 576 1826 603 qua

179 647 183 662 1
209 619 388 653 cogitationes
415 618 617 653 locutionesque
653 611 800 653 sapientes,
823 625 848 646 et
868 619 892 646 ei
911 623 993 654 gratas
1029 623 1110 653 atque
1149 622 1275 652 acceptae,
1304 617 1436 652 nobisque
1460 617 1551 649 utiles,
1581 623 1613 644 ac
1641 616 1739 644 deinde
1760 615 1830 643 vobis

211 673 317 702 quoque
331 666 466 701 placentes
483 666 723 694 subministrantur
747 675 754 693 :
777 670 905 701 tantoque
925 665 1051 694 libentius
1086 665 1146 693 dico
1168 674 1178 690 ε
1209 665 1317 698 deinde,
1333 673 1343 690 ι
1377 667 1478 699 quanto
1499 664 1706 692 convenientius
1726 668 1766 690 est
1787 671 1829 690 na-

211 717 299 739 turam
312 716 429 739 creatam
445 716 504 747 post
516 712 661 739 iuereatam
677 712 813 745 collocari.
829 717 908 747 atque
924 712 960 740 ita
976 719 990 739 θ
1008 712 1086 740 nobis
1101 712 1226 739 decenter
1251 711 1457 739 commemorari
1472 720 1479 737 :
1496 710 1646 745 supplicate
1661 710 1828 744 peculiariter

210 764 260 792 pro
274 764 326 791 me,
358 763 384 786 et
401 765 449 792 pro
463 757 495 785 iis
519 757 564 792 qui
582 757 635 785 orti
658 762 720 785 sunt
750 766 782 786 ex
816 765 868 790 me,
887 765 919 785 ac
938 764 987 792 pro
1017 758 1049 786 iis
1080 758 1125 792 qui
1147 764 1254 784 mecum
1284 761 1357 789 sunt,
1383 760 1410 783 et
1438 763 1487 790 pro
1518 756 1644 783 omnibus
1671 755 1732 791 (nec
1766 755 1829 783 enim

211 803 287 831 vobis
297 811 454 832 concessum
469 808 520 838 est,
533 808 561 831 ut
573 805 717 839 quidquam
748 805 871 840 amplius,
899 812 978 839 quam
1008 804 1069 838 hoc,
1097 803 1173 831 nobis
1188 803 1352 838 praebeatis),
1374 807 1404 830 ut
1422 807 1450 830 et
1471 803 1497 830 in
1514 809 1574 829 mea
1601 802 1634 830 de
1652 802 1704 829 hac
1726 809 1754 829 re
1776 809 1831 829 sen-

213 850 295 878 tentia
330 849 476 878 immobiiis
499 857 682 884 permaneam,
715 855 742 877 et
772 857 865 878 omnes
893 857 959 878 mea:
979 857 1083 884 preces,
1110 856 1178 884 quas
1198 848 1272 875 novit
1291 847 1347 881 illa,
1371 855 1431 883 qua
1458 847 1514 876 sola
1545 847 1621 890 novit
1636 848 1738 880 omnia,
1753 852 1780 875 et
1792 847 1830 874 cui

213 895 304 922 omnia
334 902 461 930 prospere
484 894 509 922 in
535 899 664 922 aeternum
688 894 788 922 cedunt
817 894 885 930 (11),
900 895 1012 929 optima,
1037 899 1064 922 et
1083 902 1131 929 per
1153 901 1183 922 se
1205 894 1321 929 perfecta
1345 898 1374 922 et
1403 894 1541 921 individua
1558 893 1690 925 Trinitas,
1724 897 1831 927 accepta:

214 943 280 977 sint,
308 947 337 970 et
366 942 480 977 benigne
505 942 666 976 audiantur;
689 949 791 977 nosque
811 949 871 970 eum
898 943 1023 970 omnibus
1042 942 1103 970 liliis
1128 941 1195 978 (ιε),
1225 949 1286 969 cum
1307 945 1362 969 tota
1386 942 1476 974 domo,
1503 948 1566 968 cum
1590 944 1645 968 tota
1676 939 1785 972 familia,
1809 944 1831 965 et

214 997 275 1017 cum
294 989 417 1017 onmibus
437 989 530 1017 amicis
549 988 639 1025 [amici
655 997 720 1017 vero
737 990 813 1017 nobis
846 994 909 1018 sunt
941 989 1095 1026 orthodoxi]
1110 989 1249 1017 vobiscum
1265 996 1330 1022 una,
1353 993 1381 1016 et
1411 995 1471 1016 cum
1504 987 1630 1016 omnibus
1652 987 1755 1015 sanctis
1778 993 1831 1014 eam

214 1035 334 1068 laudare,
374 1035 511 1070 trisagium
545 1035 673 1069 hymnum
708 1035 840 1068 canendo,

878 1036 904 1062 in
942 1036 1018 1063 caalis
1052 1043 1101 1070 per
1136 1035 1238 1062 infinita
1265 1035 1362 1063 stecula
1396 1035 1574 1066 saeculorum,
1606 1039 1634 1062 et
1664 1034 1831 1068 promissum.

216 1087 297 1115 atque
329 1088 344 1107 a
368 1080 445 1108 nobis
476 1080 605 1108 creditum
631 1081 844 1113 interniinabile,
875 1088 901 1109 et
939 1082 1104 1109 individuum
1127 1081 1185 1116 ejus
1222 1089 1333 1117 regnum
1370 1089 1417 1116 per
1447 1082 1559 1115 gratiam
1601 1081 1687 1116 ipsius
1714 1079 1832 1115 consequi

217 1136 378 1156 timeantur.
410 1128 507 1156 Amen.
544 1128 638 1155 Amen.
667 1128 762 1155 Amen.

256 1174 300 1201 IX.
319 1174 371 1201 Sed
381 1174 437 1209 jam
452 1179 555 1208 tempus
564 1180 604 1201 est
617 1175 648 1201 ad
661 1175 795 1209 inceptum
815 1181 1000 1213 argumentum

1088 1175 1126 1201 Θ¹.
1151 1175 1221 1201 Ἀλλ’
1237 1175 1296 1210 ὥρα
1319 1174 1373 1210 γὰρ
1398 1175 1438 1207 εἰς
1464 1176 1513 1211 τὴν
1542 1176 1690 1212 ἀρχθεῖσαν
1718 1176 1834 1203 ὑπόθεσιν

217 1219 329 1247 reverti.
349 1218 416 1251 Quia
431 1226 482 1245 una
500 1227 559 1246 cnm
573 1219 689 1250 Christo,
705 1225 795 1255 utpote
811 1219 881 1247 Deus
894 1225 921 1246 et
932 1219 1003 1246 Con-

218 1264 299 1297 ditor,
311 1263 481 1298 indicaturus
501 1269 543 1291 est
572 1265 662 1292 omnia
680 1265 796 1299 Spiritus
816 1269 934 1293 sanctus.
949 1264 1001 1292 Cn~

216 1310 261 1342 ius
275 1314 316 1337 est
329 1309 399 1336 enim
415 1309 505 1336 omnia
522 1309 656 1343 judicare,
674 1310 724 1337 nisi
741 1310 798 1344 ejus
814 1311 859 1345 qui
892 1311 1004 1338 Deitatis

218 1361 246 1382 et
266 1356 345 1390 regite
361 1355 553 1383 dominationis
568 1356 782 1383 communionem
806 1364 866 1383 cum
891 1357 934 1384 illo
958 1358 1004 1384 ha-

223 1402 279 1435 bet,
293 1402 338 1436 qui
353 1402 408 1437 ipsa
423 1402 507 1430 fecit?
525 1401 562 1429 lta
580 1403 721 1437 prophetat
736 1403 819 1430 Isaias
833 1412 839 1430 :
855 1413 863 1429 ι
879 1403 1004 1438 Egredie-

222 1454 266 1475 tur
280 1448 336 1483 (15)
352 1448 426 1483 virga
437 1456 469 1476 ex
484 1449 574 1476 radice
589 1448 676 1481 Jesse,
692 1455 718 1476 et
735 1449 783 1476 ﬂos
796 1457 827 1476 cx
847 1450 937 1477 radice
949 1450 1004 1484 (H)

221 1495 358 1521 ascendet.
372 1493 405 1521 Et
419 1494 572 1528 requiescet
585 1502 665 1529 super
678 1502 738 1521 eum
753 1494 869 1530 Spiritus
883 1495 926 1522 Dei
938 1494 1003 1530 (i5),

221 1539 336 1572 Spiritus
353 1538 491 1572 sapientiae
503 1544 529 1566 et
544 1539 708 1573 intellectus,
726 1540 842 1575 Spiritus
857 1541 963 1568 consilii
979 1547 1006 1569 et.

222 1583 398 1616 fortitudinis,
416 1583 534 1617 Spiritus
555 1584 675 1612 scientiae
692 1589 719 1611 et
735 1586 859 1620 pietatis;
873 1590 900 1613 et
920 1586 1006 1620 reple-

223 1629 262 1656 bit
275 1636 337 1656 eum
354 1628 471 1663 Spiritus
486 1630 592 1656 timoris
606 1630 664 1658 Dei.
678 1630 735 1658 Non
747 1631 893 1658 secundum
906 1631 1006 1665 opinio-

223 1681 283 1701 nem
304 1675 446 1708 judicabit,
474 1683 562 1710 neque
584 1677 730 1703 secundum
751 1676 883 1710 loquelam
902 1682 1004 1712 arguet.

223 1719 276 1747 Sed
291 1720 422 1755 judicabit
440 1721 533 1748 humili
551 1721 633 1757 204
647 1722 788 1756 judicium,
809 1727 835 1749 et
852 1727 946 1756 arguet
960 1730 1007 1750 su-

223 1766 319 1800 perbos
332 1765 400 1801 (l6),
416 1771 443 1793 et
459 1766 583 1794 liberabit
600 1767 714 1794 humiles
727 1772 817 1799 terrae,
833 1773 859 1795 et
875 1769 1007 1802 percutiet

224 1818 324 1839 terram
341 1812 424 1840 verbo
440 1812 495 1839 oris
507 1812 559 1844 sui,
571 1818 598 1839 et
614 1813 638 1839 in
659 1812 759 1848 Spiritu
779 1821 827 1848 per
838 1813 908 1840 labia
922 1814 1006 1841 inter-

223 1857 295 1885 ﬁciet
325 1858 420 1892 impios
435 1858 526 1893 (17).»
554 1857 662 1893 Virgam
689 1864 716 1885 et
738 1858 831 1886 ﬂorem
860 1866 892 1886 cx
919 1859 1008 1886 radice
1025 1851 1045 1877 Β

223 1903 298 1930 Jesse
316 1903 388 1931 illum
404 1903 481 1936 dicit,
499 1903 544 1938 qui
563 1911 594 1931 ex
611 1904 666 1938 ipsa
689 1904 766 1938 quasi
785 1911 894 1938 germen
911 1905 1009 1939 prodiit

224 1950 250 1975 in
262 1949 462 1982 lncarnatione,
477 1956 509 1978 ac
524 1949 564 1977 sui
583 1949 674 1976 odoris
691 1950 823 1976 suavitate
835 1955 934 1976 terram
949 1959 1008 1977 cor~

224 1994 472 2029 roboravitzsuper
492 2002 571 2029 quem
595 1995 677 2021 etiam
690 1995 874 2029 quiescentem
891 1995 1008 2023 vidimus

224 2041 250 2067 in
276 2040 428 2075 Evangeliis
454 2040 583 2075 Spiritum
609 2045 732 2067 sanctum
763 2048 868 2074 :quem
902 2041 1008 2068 demum

260 2130 298 2166 (5)
316 2129 421 2156 Deceat.
438 2128 578 2166 Didymus,
591 2130 641 2156 οὐκ
656 2130 782 2157 ὲνδέοντι.
800 2129 869 2166 Qua“
883 2136 948 2166 voce
963 2139 1009 2157 eo.

225 2163 285 2193 dem
302 2172 382 2191 sensu
407 2164 492 2190 utitur
514 2163 562 2191 Dio
591 2166 712 2197 Cassius,
731 2172 792 2199 pag.
819 2163 870 2191 855
886 2165 1012 2192 editionis

227 2200 356 2227 lteimari.
372 2199 439 2226 Aliis
453 2205 527 2230 vero,
542 2205 571 2227 ut
588 2200 719 2227 Clementi
742 2201 767 2226 in
783 2206 819 2224 vn
836 2199 1010 2233 Str-amulum,

225 2235 255 2261 τὸ
271 2234 360 2261 ἐνδέον
376 2234 475 2260 dicitur
492 2242 501 2258 ‹
514 2234 539 2261 id
553 2236 623 2262 uuod
645 2236 730 2262 deest.
746 2244 755 2260 ›

262 2269 300 2304 (6)
318 2268 531 2297 Perturbutione.
554 2268 644 2298 Codex
658 2289 666 2302 ,
686 2270 801 2305 ἦρεμος,
828 2277 888 2298 cum
915 2276 1013 2304 aspero

227 2306 333 2333 spiritu.

243 2313 515 2376 lli?;l§ustinendanz.
532 2339 607 2376 verti
633 2339 713 2368 etiam
740 2345 846 2376 potest:
866 2339 921 2367 «ad
941 2339 1013 2374 judi-

227 2373 297 2402 cium
312 2373 440 2409 dandum,
453 2378 500 2401 aut
512 2375 708 2409 accipiendum.
723 2386 732 2402 ι

263 2409 301 2443 (8)
319 2408 362 2434 Ex
376 2417 414 2435 me
428 2414 499 2437 sunt.
517 2408 583 2437 Vide
596 2417 681 2443 segni.
699 2412 749 2439 148
767 2412 791 2438 b.

260 2444 302 2485 (9)
316 2443 363 2471 Sui
377 2444 469 2478 ipsius.
487 2445 590 2478 Codex,
611 2446 703 2473 αὑτοῦ,
726 2447 826 2481 Legere
844 2449 936 2476 malim
966 2449 1015 2476 αὑ-

227 2490 284 2508 τῦυι
842 2498 844 2500 ·

264 2515 320 2555 (10)
335 2515 398 2555 Post
420 2514 496 2555 (tunc.
510 2517 610 2549 Codex,
641 2516 724 2552 μηδέν
749 2526 783 2554 με
805 2519 920 2555 ταύτην.
945 2519 1017 2554 Lego

230 2552 312 2588 μηδὲν
331 2550 389 2588 μετί
401 2550 496 2588 αὐτὴν.

263 2588 287 2622 (1
297 2587 326 2625 t)_
338 2586 449 2625 Qedunf:
464 2586 491 2613 ln
510 2587 613 2625 Grrcco,
629 2590 668 2621 εἰς
684 2590 769 2616 αἴσιον
787 2591 834 2617 καὶ
846 2591 889 2617 ἐπ’
904 2590 1015 2625 ἄπειρον

230 2620 409 2660 καλςορθοῦςςα-
428 2620 493 2660 Quae
508 2624 587 2660 verba
607 2620 664 2650 non
687 2625 753 2652 satis
778 2627 920 2660 perspicua
942 2620 1013 2652 su'nt.

230 2659 257 2685 In
273 2656 390 2692 Epistola
405 2656 438 2681 ad
455 2658 607 2685 Archintum
620 2660 757 2693 prmsulem
773 2656 909 2691 transtuli,
927 2669 936 2685 ί
949 2661 1012 2686 inli-

230 2694 286 2720 nite
302 2695 377 2720 beata
391 2699 399 2718 :
416 2699 425 2716 ι
441 2701 501 2720 nam
517 2700 567 2720 vox
583 2694 696 2728 ἄπειρον
711 2696 768 2721 sine
790 2696 871 2723 dubio
887 2695 955 2723 valet
972 2695 1014 2721 hic

233 2738 242 2753 ι
258 2728 401 2765 inﬁnitum,
416 2735 426 2751 ›
444 2733 490 2755 aut
508 2733 674 2765 ueternum:
691 2739 700 2756 ι
724 2737 755 2756 ac
772 2729 881 2765 frigide,
896 2737 955 2757 meo
968 2729 1012 2762 ju-

229 2764 527 2799 dicio,_q.uisr_\’erteret,
545 2772 553 2789 ι
572 2764 719 2798 inexperto,
734 2774 743 2790 ›
765 2764 837 2791 θυι]
853 2767 942 2799 ignoto
958 2772 1013 2790 mo‘

231 2799 274 2825 do.
290 2807 298 2822 ι
315 2797 400 2824 Simili
419 2799 522 2825 ratione
537 2799 562 2825 in
580 2797 782 2826 conimentariis
797 2800 823 2826 iu
840 2797 1011 2831 P3almor,ad

230 2834 461 2868 postremajerba
478 2833 571 2868 psalmi
586 2842 630 2867 cx,
642 2835 711 2868 quod
723 2834 827 2861 Psaltcs
843 2835 891 2866 ait.
915 2835 954 2865 εἰς
966 2833 1010 2860 τὸν

229 2868 314 2893 αἰῶνα
332 2867 378 2894 τοῦ
395 2867 501 2900 ultimos,
521 2867 657 2904 Didymus
674 2870 751 2896 aliter
781 2870 854 2901 dicit,
874 2870 914 2895 ἐπ’
932 2870 1007 2896 ἄπεις

1055 1217 1133 1251 αὖθις
1154 1218 1200 1246 οὖν
1222 1219 1356 1246 τείνεσθαι
1373 1219 1418 1255 [95
1446 1220 1484 1256 τι).
1505 1221 1566 1247 Ὅτι
1591 1222 1639 1248 σὺν
1665 1222 1704 1257 τῷ
1724 1220 1832 1256 Χριστῷ,

1055 1265 1103 1291 ita
1119 1264 1186 1296 Θεὸς
1204 1265 1251 1291 καὶ
1271 1266 1450 1301 Δημιουργὺς,
1464 1266 1494 1292 τὸ
1519 1266 1595 1300 ἅγιον
1617 1266 1729 1301 Πνεῦμα
1743 1266 1834 1302 κρίνειν

1056 1311 1147 1346 μέλλει
1166 1311 1200 1337 τὰ
1220 1312 1317 1338 πάντα.
1331 1311 1408 1343 Τίνος
1431 1311 1485 1348 γὰρ
1503 1313 1550 1339 καὶ
1563 1312 1636 1339 ἔστιν
1651 1313 1750 1347 κρῖναι,
1766 1311 1781 1347 ἢ
1795 1311 1834 1338 τοῦ

1055 1357 1196 1385 κοινωνίαν
1209 1356 1315 1392 ἔχοντος
1332 1357 1400 1393 πρὸς
1412 1358 1457 1384 τὸν
1469 1359 1620 1392 ποιήσαντα
1639 1358 1707 1385 αὐτὰ
1722 1357 1834 1392 θεότητος

1056 1403 1104 1429 καὶ
1125 1403 1279 1437 βασιλείας;
1293 1403 1331 1434 ὡς
1345 1403 1512 1438 προφητεύει
1532 1403 1646 1435 Ἡσαΐας
1675 1403 1724 1439 μέν
1735 1412 1741 1418 ·
1759 1412 1766 1428 t
1783 1400 1834 1433 Ἐξ-

1055 1448 1193 1474 ελεύσεται
1207 1447 1303 1483 ῥάϐδος
1319 1448 1352 1474 ἐκ
1371 1448 1420 1483 τῆς
1439 1447 1517 1483 ῥίζης
1537 1448 1648 1479 Ἰεσσαὶ,
1663 1449 1709 1476 καὶ
1723 1447 1796 1479 ἄνθος
1808 1447 1834 1472 ἐκ

1055 1493 1105 1528 τῆς
1128 1492 1205 1529 ῥίζης
1226 1493 1407 1528 ἀναϐήσεταιτ
1430 1493 1477 1519 καὶ
1496 1493 1684 1521 ἀναπαύσεται
1709 1493 1750 1520 ἐπ’
1764 1492 1834 1520 αὐτὸν

1055 1534 1167 1572 Πνεῦμα
1187 1537 1233 1564 τοῦ
1255 1537 1334 1570 Θεοῦ,
1350 1537 1464 1572 Πνεῦμα
1498 1538 1593 1572 σοφίας
1619 1538 1666 1565 καὶ
1703 1537 1833 1566 συνέσεως.

1057 1582 1169 1617 Πνεῦμα
1195 1581 1292 1618 βουλῆς
1313 1582 1359 1608 καὶ
1385 1582 1486 1617 ίσχύος,
1504 1582 1616 1619 Πνεῦμα
1653 1582 1776 1617 γνώσεως
1796 1579 1834 1607 καὶ

1057 1627 1213 1658 εὐσεϐείας·
1228 1628 1276 1654 καὶ
1287 1628 1418 1663 ἐμπλήσει
1438 1628 1518 1655 αὐτὸν
1544 1628 1657 1664 Πνεῦμα
1677 1628 1755 1663 φόϐου
1766 1626 1832 1653 Θεοῦ.

1057 1673 1094 1700 Οὐ
1110 1673 1178 1700 κατὰ
1193 1673 1241 1708 τὴν
1253 1674 1331 1705 δόξαν
1342 1675 1439 1709 κρινεῖ,
1449 1674 1509 1700 οὐδὲ
1519 1674 1589 1700 κατὰ
1601 1674 1652 1709 τὴν
1668 1674 1759 1701 λαλιὰν
1768 1672 1834 1704 ἐλέγ-

1059 1719 1113 1752 ξει·
1140 1719 1206 1746 ἀλλὰ
1231 1721 1319 1756 κρινεῖ
1343 1719 1466 1755 ταπεινῷ
1479 1721 1580 1755 κρίσιν,
1597 1721 1646 1747 καὶ
1668 1719 1768 1754 ἐλέγξει
1782 1719 1834 1748 τοὺς

1059 1766 1261 1801 ὑπερηφάνους,
1274 1767 1321 1792 καὶ
1336 1766 1466 1799 ἐξελεῖται
1483 1767 1546 1799 τοὺς
1563 1767 1709 1798 ταπεινοὺς
1725 1766 1771 1800 τῆς
1781 1764 1833 1798 γῆς.

1059 1811 1106 1838 καὶ
1125 1811 1240 1845 πατάξει
1263 1812 1311 1847 ῖὴν
1327 1812 1379 1847 γῆν
1392 1812 1430 1847 τῷ
1454 1812 1525 1848 λόγῳ
1544 1812 1591 1839 τοῦ
1607 1813 1739 1848 στόματος
1753 1808 1833 1838 αὑτοῦ.

1061 1858 1108 1884 καὶ
1119 1858 1147 1884 ὲν
1162 1857 1301 1893 Πνεύματι
1317 1858 1361 1884 διὰ
1371 1858 1481 1893 χειλέων
1506 1858 1596 1885 ἀνελεῖ
1622 1859 1737 1889 ἀσεϐεῖς.
1753 1867 1760 1882 ι
1781 1855 1834 1881 Ῥά-

1063 1906 1124 1932 ϐδον
1141 1905 1186 1932 καὶ
1201 1905 1280 1936 ἄνθος
1294 1906 1325 1931 ὲκ
1337 1905 1385 1940 τῆς
1404 1904 1480 1940 ῥίζης
1494 1904 1590 1931 Ἰεσσαὶ
1604 1905 1689 1939 λέγει.
1702 1904 1744 1930 τὸν
1756 1903 1782 1935 ἐξ
1796 1901 1835 1927 αὖ·

1062 1951 1112 1984 τῆς
1129 1952 1156 1977 ἐν
1170 1952 1202 1986 τῇ
1225 1951 1428 1986 ἐνανορωπήσει
1453 1951 1653 1986 βλαστήσαντα,
1672 1950 1717 1976 καὶ
1733 1950 1763 1983 τῇ
1782 1948 1835 1973 ἐαυ-

1061 1997 1107 2023 τυῦ
1122 1997 1220 2031 εὐωδίᾳ.
1229 1997 1397 2032 τὴνὺφήλιον
1413 1996 1548 2032 ρώσαντα,
1558 1997 1601 2031 ἐφ’
1614 1997 1645 2022 ὃν
1654 1996 1740 2031 ἴδομεν
1754 1995 1779 2020 ὲν
1793 1992 1834 2018 Εὑ-

1062 2042 1199 2075 αγγελίοις
1221 2042 1447 2076 ἁναπετυσάμενον
1463 2042 1492 2068 τὸ
1507 2041 1584 2077 ἅγιον
1607 2041 1717 2075 Πνεῦμα
1730 2049 1735 2054 ·
1751 2036 1833 2073 κριτὴν

1065 2140 1124 2166 ρον,
1139 2132 1164 2158 id
1192 2137 1243 2162 est.
1267 2141 1276 2157 ‹
1288 2132 1313 2158 in
1331 2136 1471 2159 wternum.
1486 2141 1494 2157 ι
1517 2132 1549 2158 Ἠ
1576 2131 1679 2162 αἵνεσις
1697 2127 1774 2166 αὐτοῦ
1788 2127 1834 2161 (ἰη-

1065 2164 1132 2201 quit)
1150 2166 1225 2201 μένει
1249 2168 1293 2193 ἐπ’
1304 2167 1428 2202 ἄπειρον,
1442 2168 1467 2194 id
1487 2172 1537 2199 est,
1557 2164 1765 2202 «laudatiqejus
1788 2168 1834 2188 nta-

1066 2199 1160 2228 net'iu
1189 2206 1355 2232 retentum,»
1373 2199 1434 2229 'sive
1467 2202 1657 2229 cinlinittlm.)
1687 2199 1754 2236 Cum
1778 2202 1833 2236 vero

1067 2237 1186 2268 verbum,
1206 2236 1365 2271 κατορθοῦν,
1384 2237 1520 2271 duplicem
1545 2236 1644 2264 habeat
1671 2233 1832 2272 signiﬁcatio:

1067 2279 1137 2302 nent,
1157 2264 1224 2298 verti
1240 2264 1364 2299 fortasse,
1377 2264 1458 2298 etiam
1475 2276 1565 2306 posset
1578 2281 1585 2299 :
1598 2280 1607 2297 ι
1622 2277 1681 2304 qua:
1695 2264 1782 2296 omnia
1804 2264 1831 2291 ad

1067 2313 1223 2340 prosperum
1243 2306 1344 2334 exitum
1361 2307 1387 2333 in
1401 2312 1530 2334 mtermim
1548 2306 1647 2340 dirigit.
1661 2315 1670 2331 ι

1104 2336 1159 2375 (Ιέ)
1178 2340 1267 2368 Filiis.
1283 2341 1385 2373 Codex,
1400 2343 1553 2371 παντεκνεῖ.
1569 2336 1727 2375 θιἾ-ειίψιιιτ
1750 2336 1831 2363 Utrum

1069 2373 1157 2402 autem
1188 2376 1358 2403 scribendum
1383 2377 1417 2403 sit
1446 2375 1591 2411 πανδημεί,
1616 2373 1728 2408 exempli
1751 2377 1831 2411 causa“

1070 2411 1225 2445 παμψηφεὶ,
1247 2411 1386 2442 πανσυδεί,
1404 2417 1430 2438 et
1451 2403 1558 2442 uetera.
1576 2403 1609 2438 an
1635 2403 1831 2445 ὶῗθΓό-πανδηι-ξᾎι

1071 2440 1349 2481 παμψήῲὶίπανσυδί,
1361 2440 1499 2480 disputant
1511 2440 1687 2482 grammatici.
1703 2443 1754 2476 Ego
1763 2440 1831 2482 ’ωψ-

1071 2474 1284 2516 cis-scripturam
1307 2474 1416 2514 retinui,
1434 2482 1460 2508 in
1485 2474 1539 2516 ψῗο
1559 2481 1685 2509 similium
1699 2474 1828 2505 vocabulo-

1072 2524 1129 2543 rum
1143 2522 1278 2550 postrema
1292 2517 1393 2551 syllaba
1407 2516 1637 2544 circumﬂectitur.

1105 2551 1159 2587 (15)
1172 2552 1340 2587 Egredietur.
1356 2551 1407 2587 lsa.
1422 2559 1459 2583 χι,
1481 2552 1537 2587 1-4.

1105 2557 1148 2586 (Ιέ)
1172 2557 1340 2587 b‘gredtetur.
1356 2557 1407 2578 lSﬂ.
1422 2559 1459 2583 x1,
1481 2557 1537 2579 1-4.

1103 2557 1159 2622 (Hi
1175 2586 1216 2614 Ea:
1232 2587 1330 2623 radice.
1360 2586 1453 2614 Grznca
1480 2586 1579 2623 ΙὲἱὶιιὶξιΔ
1592 2586 1689 2623 habent
1703 2584 1830 2623 ;_Iel_

1067 2622 1126 2649 dice
1138 2618 1205 2656 e'jus.
1220 2631 1228 2648 I
1250 2622 1377 2656 Didymus
1402 2629 1486 2658 segni.
1502 2621 1553 2649 125
1570 2621 1596 2655 b,
1612 2622 1690 2649 habet
1701 2618 1728 2650 ἐξ
1744 2618 1828 2646 alim"

1067 2657 1092 2682 id
1106 2662 1156 2682 est.
1174 2666 1182 2682 ι
1196 2666 1227 2682 ex
1247 2657 1314 2682 insa.
1328 2666 1337 2682 ι
1799 2681 1802 2682 ,

1067 2662 1092 2683 Ια
1106 2662 1156 2686 CSI.
1174 2666 1182 2682 ι
1196 2666 1227 2684 CX
1247 2665 1314 2686 IDSB.
1328 2666 1337 2683 1
1774 2684 1778 2686 .
1799 2681 1803 2686 .

1106 2665 1156 2689 esu,
1174 2666 1182 2682 ι
1196 2666 1227 2684 ex
1247 2665 1314 2690 ipsa.
1328 2666 1337 2683 ι
1774 2684 1778 2689 _
1799 2681 1803 2686 ,

1102 2692 1157 2727 (l5)
1174 2693 1228 2723 Dei.
1242 2692 1346 2726 Gompl.
1364 2692 1457 2724 editio.
1474 2692 1587 2727 Κυρίου,
1603 2691 1630 2718 id
1644 2694 1683 2718 est
1696 2687 1826 2727 gDonnttt-j

1102 2713 1157 2762 ξίὄί
1173 2713 1498 2763 §;};e:b1;:."ven;'ista:
1503 2713 1632 2763 ἓὲζςᾝέἒ
1637 2713 1762 2763 dum;
1771 2713 1828 2763 '3}

1069 2755 1217 2795 aiataiat,”
1239 2763 1263 2789 id
1286 2767 1340 2794 est,
1373 2755 1541 2797 «superbos;
1559 2755 1589 2788 δι
1611 2755 1758 2797 litie'r'abn,»
1780 2755 1828 2778 51W

1045 2821 1048 2824 .
1070 2808 1078 2822 ι
1092 2804 1180 2829 eruet,
1198 2808 1206 2823 ι
1224 2798 1320 2825 desunt
1335 2798 1361 2824 in
1378 2797 1503 2825 omnibus
1517 2796 1686 2824 cditionibus.

1082 2819 1509 2873 'i'i'ii'i,ii,IiB}T"uii}iiS'EESeE
1518 2819 1687 2865 Τὲῖἆέὄῆῖῖᾱ
1701 2830 1748 2857 est,
1767 2819 1826 2850 tint-

1063 2877 1143 2903 ptum.
1157 2879 1166 2894 ι
