  <div class='ocr_page' id='page_1' title='image "/cluster/home/n/w/nwhite01/storage/ocr_20150623/39/njp.32101010943528/304.png"; bbox 0 0 1917 3064; ppageno 0'>
   <div class='ocr_carea' id='block_1_1' title="bbox 124 93 189 123">
    <p class='ocr_par' dir='ltr' id='par_1_1' title="bbox 124 93 189 123">
     <span class='ocr_line' id='line_1_1' title="bbox 124 93 189 123; baseline 0.015 -1"><span class='ocrx_word' id='word_1_1' title='bbox 124 93 189 123; x_wconf 76' lang='grc'><strong>597</strong></span> 
     </span>
    </p>
   </div>
   <div class='ocr_carea' id='block_1_2' title="bbox 653 98 1237 128">
    <p class='ocr_par' dir='ltr' id='par_1_2' title="bbox 653 98 1237 128">
     <span class='ocr_line' id='line_1_2' title="bbox 653 98 1237 128; baseline 0 -2"><span class='ocrx_word' id='word_1_2' title='bbox 653 98 696 126; x_wconf 81' lang='lat' dir='ltr'><strong>DE</strong></span> <span class='ocrx_word' id='word_1_3' title='bbox 717 98 905 127; x_wconf 75' lang='lat' dir='ltr'><strong>TRINI&#39;I&#39;ATE</strong></span> <span class='ocrx_word' id='word_1_4' title='bbox 925 98 1026 128; x_wconf 83' lang='lat' dir='ltr'><strong>LIBER</strong></span> <span class='ocrx_word' id='word_1_5' title='bbox 1046 98 1237 128; x_wconf 81' lang='lat' dir='ltr'><strong>SECUNDUS.</strong></span> 
     </span>
    </p>
   </div>
   <div class='ocr_carea' id='block_1_3' title="bbox 1711 99 1762 127">
    <p class='ocr_par' dir='ltr' id='par_1_3' title="bbox 1711 99 1762 127">
     <span class='ocr_line' id='line_1_3' title="bbox 1711 99 1762 127; baseline 0.02 -1"><span class='ocrx_word' id='word_1_6' title='bbox 1711 99 1762 127; x_wconf 81' lang='lat'><strong>598</strong></span> 
     </span>
    </p>
   </div>
   <div class='ocr_carea' id='block_1_4' title="bbox 125 151 925 194">
    <p class='ocr_par' dir='ltr' id='par_1_4' title="bbox 125 151 925 194">
     <span class='ocr_line' id='line_1_4' title="bbox 125 151 925 194; baseline 0.009 -15"><span class='ocrx_word' id='word_1_7' title='bbox 125 151 163 180; x_wconf 72' lang='grc' dir='ltr'><strong>δὲ</strong></span> <span class='ocrx_word' id='word_1_8' title='bbox 182 151 265 180; x_wconf 78' lang='grc' dir='ltr'>αὑτὸν</span> <span class='ocrx_word' id='word_1_9' title='bbox 283 153 332 180; x_wconf 73' lang='grc' dir='ltr'><strong>σὺν</strong></span> <span class='ocrx_word' id='word_1_10' title='bbox 350 154 389 189; x_wconf 85' lang='grc' dir='ltr'><strong>τῷ</strong></span> <span class='ocrx_word' id='word_1_11' title='bbox 406 154 481 190; x_wconf 29' lang='grc' dir='ltr'><strong>(ἁγίῳ</strong></span> <span class='ocrx_word' id='word_1_12' title='bbox 498 155 637 191; x_wconf 81' lang='grc' dir='ltr'>Πνεύματι</span> <span class='ocrx_word' id='word_1_13' title='bbox 656 157 685 183; x_wconf 82' lang='grc' dir='ltr'>ὲν</span> <span class='ocrx_word' id='word_1_14' title='bbox 701 158 734 193; x_wconf 84' lang='grc' dir='ltr'>τῇ</span> <span class='ocrx_word' id='word_1_15' title='bbox 753 157 866 194; x_wconf 70' lang='grc' dir='ltr'>δευτέρᾳ</span> <span class='ocrx_word' id='word_1_16' title='bbox 881 159 925 186; x_wconf 83' lang='grc' dir='ltr'>αὐ-</span> 
     </span>
    </p>
   </div>
   <div class='ocr_carea' id='block_1_5' title="bbox 980 151 1762 194">
    <p class='ocr_par' dir='ltr' id='par_1_5' title="bbox 981 157 1762 194">
     <span class='ocr_line' id='line_1_5' title="bbox 981 157 1762 194; baseline 0 -7"><span class='ocrx_word' id='word_1_17' title='bbox 981 167 1033 187; x_wconf 88' lang='lat' dir='ltr'><strong>una</strong></span> <span class='ocrx_word' id='word_1_18' title='bbox 1055 168 1116 187; x_wconf 92' lang='lat' dir='ltr'><strong>cum</strong></span> <span class='ocrx_word' id='word_1_19' title='bbox 1137 164 1231 187; x_wconf 88' lang='lat' dir='ltr'><strong>sancto</strong></span> <span class='ocrx_word' id='word_1_20' title='bbox 1254 159 1356 193; x_wconf 88' lang='lat' dir='ltr'><strong>Spiritu</strong></span> <span class='ocrx_word' id='word_1_21' title='bbox 1381 157 1497 193; x_wconf 84' lang='lat' dir='ltr'><strong>judicent</strong></span> <span class='ocrx_word' id='word_1_22' title='bbox 1519 158 1546 186; x_wconf 92' lang='lat' dir='ltr'><strong>in</strong></span> <span class='ocrx_word' id='word_1_23' title='bbox 1568 159 1685 186; x_wconf 88' lang='lat' dir='ltr'><strong>secundo</strong></span> <span class='ocrx_word' id='word_1_24' title='bbox 1703 159 1762 194; x_wconf 89' lang='lat' dir='ltr'><strong>ejus</strong></span> 
     </span>
    </p>
   </div>
   <div class='ocr_carea' id='block_1_6' title="bbox 127 196 927 238">
    <p class='ocr_par' dir='ltr' id='par_1_6' title="bbox 127 196 927 238">
     <span class='ocr_line' id='line_1_6' title="bbox 127 196 927 238; baseline 0.01 -16"><span class='ocrx_word' id='word_1_25' title='bbox 127 196 186 223; x_wconf 81' lang='grc' dir='ltr'><strong>τοῦ</strong></span> <span class='ocrx_word' id='word_1_26' title='bbox 203 198 339 234; x_wconf 78' lang='grc' dir='ltr'><strong>παρουσίᾳ</strong></span> <span class='ocrx_word' id='word_1_27' title='bbox 362 198 425 225; x_wconf 76' lang='grc' dir='ltr'>εδεῖν</span> <span class='ocrx_word' id='word_1_28' title='bbox 452 200 645 235; x_wconf 84' lang='grc' dir='ltr'>περιμένομεν.</span> <span class='ocrx_word' id='word_1_29' title='bbox 660 201 745 228; x_wconf 88' lang='grc' dir='ltr'>Τοῦτο</span> <span class='ocrx_word' id='word_1_30' title='bbox 761 202 815 238; x_wconf 78' lang='grc' dir='ltr'><strong>γὰρ</strong></span> <span class='ocrx_word' id='word_1_31' title='bbox 827 204 927 238; x_wconf 83' lang='grc' dir='ltr'>σημαί-</span> 
     </span>
    </p>
   </div>
   <div class='ocr_carea' id='block_1_7' title="bbox 127 243 928 282">
    <p class='ocr_par' dir='ltr' id='par_1_7' title="bbox 127 243 928 282">
     <span class='ocr_line' id='line_1_7' title="bbox 127 243 928 282; baseline 0.009 -14"><span class='ocrx_word' id='word_1_32' title='bbox 127 251 178 269; x_wconf 81' lang='grc' dir='ltr'><strong>νει</strong></span> <span class='ocrx_word' id='word_1_33' title='bbox 209 243 239 269; x_wconf 86' lang='grc' dir='ltr'>τό</span> <span class='ocrx_word' id='word_1_34' title='bbox 255 252 297 276; x_wconf 87' lang='grc' dir='ltr'><strong>τε,</strong></span> <span class='ocrx_word' id='word_1_35' title='bbox 318 253 328 269; x_wconf 73' lang='grc' dir='ltr'>ί</span> <span class='ocrx_word' id='word_1_36' title='bbox 346 244 390 270; x_wconf 83' lang='grc' dir='ltr'>Ἐν</span> <span class='ocrx_word' id='word_1_37' title='bbox 407 245 546 280; x_wconf 81' lang='grc' dir='ltr'>Πνεύματι</span> <span class='ocrx_word' id='word_1_38' title='bbox 566 246 611 273; x_wconf 87' lang='grc' dir='ltr'><strong>διὰ</strong></span> <span class='ocrx_word' id='word_1_39' title='bbox 630 247 741 282; x_wconf 79' lang='grc' dir='ltr'><strong>χειλέων</strong></span> <span class='ocrx_word' id='word_1_40' title='bbox 762 249 851 275; x_wconf 82' lang='grc' dir='ltr'>ἀνελεῖ</span> <span class='ocrx_word' id='word_1_41' title='bbox 866 250 928 276; x_wconf 76' lang='grc' dir='ltr'>ἀσε-</span> 
     </span>
    </p>
   </div>
   <div class='ocr_carea' id='block_1_8' title="bbox 129 289 926 331">
    <p class='ocr_par' dir='ltr' id='par_1_8' title="bbox 129 289 926 331">
     <span class='ocr_line' id='line_1_8' title="bbox 129 289 926 331; baseline 0.005 -16"><span class='ocrx_word' id='word_1_42' title='bbox 129 289 206 321; x_wconf 78' lang='grc' dir='ltr'>εεῖς,</span> <span class='ocrx_word' id='word_1_43' title='bbox 221 299 230 314; x_wconf 84' lang='grc' dir='ltr'><strong>ι</strong></span> <span class='ocrx_word' id='word_1_44' title='bbox 245 289 291 316; x_wconf 77' lang='grc' dir='ltr'><strong>καὶ</strong></span> <span class='ocrx_word' id='word_1_45' title='bbox 309 290 338 316; x_wconf 73' lang='grc' dir='ltr'>τὺ</span> <span class='ocrx_word' id='word_1_46' title='bbox 355 290 470 326; x_wconf 78' lang='grc' dir='ltr'><strong>ἀλλαχοῦ</strong></span> <span class='ocrx_word' id='word_1_47' title='bbox 488 291 631 327; x_wconf 70' lang='grc' dir='ltr'><strong>εἰρημένον</strong></span> <span class='ocrx_word' id='word_1_48' title='bbox 646 293 684 328; x_wconf 86' lang='grc' dir='ltr'>τῷ</span> <span class='ocrx_word' id='word_1_49' title='bbox 701 293 776 329; x_wconf 83' lang='grc' dir='ltr'>αὐτῷ</span> <span class='ocrx_word' id='word_1_50' title='bbox 790 295 926 331; x_wconf 68' lang='grc' dir='ltr'>προφήτῃ*</span> 
     </span>
    </p>
   </div>
   <div class='ocr_carea' id='block_1_9' title="bbox 133 335 924 375">
    <p class='ocr_par' dir='ltr' id='par_1_9' title="bbox 133 335 924 375">
     <span class='ocr_line' id='line_1_9' title="bbox 133 335 924 375; baseline 0.01 -15"><span class='ocrx_word' id='word_1_51' title='bbox 133 344 144 359; x_wconf 73' lang='grc' dir='ltr'><strong>ε</strong></span> <span class='ocrx_word' id='word_1_52' title='bbox 168 335 216 362; x_wconf 81' lang='grc' dir='ltr'>Ἐν</span> <span class='ocrx_word' id='word_1_53' title='bbox 230 336 369 371; x_wconf 77' lang='grc' dir='ltr'>Πνεῦματι</span> <span class='ocrx_word' id='word_1_54' title='bbox 385 337 511 372; x_wconf 80' lang='grc' dir='ltr'>κρίσεως,</span> <span class='ocrx_word' id='word_1_55' title='bbox 522 339 569 365; x_wconf 78' lang='grc' dir='ltr'><strong>καὶ</strong></span> <span class='ocrx_word' id='word_1_56' title='bbox 580 340 609 365; x_wconf 78' lang='grc' dir='ltr'>ἐν</span> <span class='ocrx_word' id='word_1_57' title='bbox 620 339 758 375; x_wconf 83' lang='grc' dir='ltr'>Πνεύματι</span> <span class='ocrx_word' id='word_1_58' title='bbox 774 341 924 373; x_wconf 70' lang='grc' dir='ltr'>καύσεως.)</span> 
     </span>
    </p>
   </div>
   <div class='ocr_carea' id='block_1_10' title="bbox 131 379 928 419">
    <p class='ocr_par' dir='ltr' id='par_1_10' title="bbox 131 379 928 419">
     <span class='ocr_line' id='line_1_10' title="bbox 131 379 928 419; baseline 0.009 -14"><span class='ocrx_word' id='word_1_59' title='bbox 131 379 222 406; x_wconf 75' lang='grc' dir='ltr'>Δαυῒδ</span> <span class='ocrx_word' id='word_1_60' title='bbox 236 381 263 406; x_wconf 79' lang='grc' dir='ltr'><strong>δὲ</strong></span> <span class='ocrx_word' id='word_1_61' title='bbox 285 381 314 407; x_wconf 81' lang='grc' dir='ltr'>ὲν</span> <span class='ocrx_word' id='word_1_62' title='bbox 333 381 390 417; x_wconf 85' lang='grc' dir='ltr'>ρλη¹</span> <span class='ocrx_word' id='word_1_63' title='bbox 408 382 508 418; x_wconf 73' lang='grc' dir='ltr'>ψαλμῷ</span> <span class='ocrx_word' id='word_1_64' title='bbox 522 391 618 418; x_wconf 79' lang='grc' dir='ltr'>φησιν·</span> <span class='ocrx_word' id='word_1_65' title='bbox 639 384 714 410; x_wconf 76' lang='grc' dir='ltr'>«Ποῦ</span> <span class='ocrx_word' id='word_1_66' title='bbox 733 385 857 419; x_wconf 80' lang='grc' dir='ltr'>πορευθῶ</span> <span class='ocrx_word' id='word_1_67' title='bbox 874 385 928 412; x_wconf 79' lang='grc' dir='ltr'><strong>ἀπὸ</strong></span> 
     </span>
    </p>
   </div>
   <div class='ocr_carea' id='block_1_11' title="bbox 128 424 926 465">
    <p class='ocr_par' dir='ltr' id='par_1_11' title="bbox 128 424 926 465">
     <span class='ocr_line' id='line_1_11' title="bbox 128 424 926 465; baseline 0.01 -16"><span class='ocrx_word' id='word_1_68' title='bbox 128 424 185 450; x_wconf 81' lang='grc' dir='ltr'><strong>τοῦ</strong></span> <span class='ocrx_word' id='word_1_69' title='bbox 205 425 365 461; x_wconf 74' lang='grc' dir='ltr'>Πνεύματός</span> <span class='ocrx_word' id='word_1_70' title='bbox 393 436 460 460; x_wconf 71' lang='lat' dir='ltr'><strong>dou;</strong></span> <span class='ocrx_word' id='word_1_71' title='bbox 488 428 535 455; x_wconf 74' lang='grc' dir='ltr'><strong>καὶ</strong></span> <span class='ocrx_word' id='word_1_72' title='bbox 565 429 618 455; x_wconf 85' lang='grc' dir='ltr'><strong>ἀπὸ</strong></span> <span class='ocrx_word' id='word_1_73' title='bbox 640 429 687 455; x_wconf 82' lang='grc' dir='ltr'><strong>τοῦ</strong></span> <span class='ocrx_word' id='word_1_74' title='bbox 716 429 861 465; x_wconf 79' lang='grc' dir='ltr'><strong>προσώπου</strong></span> <span class='ocrx_word' id='word_1_75' title='bbox 880 439 926 458; x_wconf 86' lang='grc' dir='ltr'><strong>σου</strong></span> 
     </span>
    </p>
   </div>
   <div class='ocr_carea' id='block_1_12' title="bbox 130 470 924 511">
    <p class='ocr_par' dir='ltr' id='par_1_12' title="bbox 130 470 924 511">
     <span class='ocr_line' id='line_1_12' title="bbox 130 470 924 511; baseline 0.009 -15"><span class='ocrx_word' id='word_1_76' title='bbox 130 470 190 496; x_wconf 74' lang='grc' dir='ltr'>τεοῦ</span> <span class='ocrx_word' id='word_1_77' title='bbox 211 471 305 505; x_wconf 70' lang='grc' dir='ltr'><strong>φὺγω;</strong></span> <span class='ocrx_word' id='word_1_78' title='bbox 322 482 330 497; x_wconf 83' lang='grc' dir='ltr'><strong>ι</strong></span> <span class='ocrx_word' id='word_1_79' title='bbox 342 473 390 503; x_wconf 74' lang='grc' dir='ltr'>Τὸ,</span> <span class='ocrx_word' id='word_1_80' title='bbox 403 483 411 498; x_wconf 79' lang='grc' dir='ltr'><strong>ι</strong></span> <span class='ocrx_word' id='word_1_81' title='bbox 429 473 484 500; x_wconf 85' lang='grc' dir='ltr'><strong>Ποῦ</strong></span> <span class='ocrx_word' id='word_1_82' title='bbox 496 475 629 509; x_wconf 80' lang='grc' dir='ltr'>πορευθῶ,</span> <span class='ocrx_word' id='word_1_83' title='bbox 642 486 650 501; x_wconf 82' lang='grc' dir='ltr'><strong>ι</strong></span> <span class='ocrx_word' id='word_1_84' title='bbox 661 475 716 509; x_wconf 71' lang='grc' dir='ltr'>καὶ,</span> <span class='ocrx_word' id='word_1_85' title='bbox 728 485 736 501; x_wconf 81' lang='lat' dir='ltr'><strong>t</strong></span> <span class='ocrx_word' id='word_1_86' title='bbox 752 475 806 502; x_wconf 90' lang='grc' dir='ltr'><strong>Ποῦ</strong></span> <span class='ocrx_word' id='word_1_87' title='bbox 820 477 924 511; x_wconf 82' lang='grc' dir='ltr'>φύγω,ι</span> 
     </span>
    </p>
   </div>
   <div class='ocr_carea' id='block_1_13' title="bbox 131 515 926 557">
    <p class='ocr_par' dir='ltr' id='par_1_13' title="bbox 131 515 926 557">
     <span class='ocr_line' id='line_1_13' title="bbox 131 515 926 557; baseline 0.01 -17"><span class='ocrx_word' id='word_1_88' title='bbox 131 515 270 542; x_wconf 73' lang='grc' dir='ltr'><strong>πλατεῖαν</strong></span> <span class='ocrx_word' id='word_1_89' title='bbox 302 516 357 552; x_wconf 80' lang='grc' dir='ltr'>ἔχει</span> <span class='ocrx_word' id='word_1_90' title='bbox 385 517 518 553; x_wconf 69' lang='grc' dir='ltr'>ἔμφασιν·</span> <span class='ocrx_word' id='word_1_91' title='bbox 549 519 675 555; x_wconf 78' lang='grc' dir='ltr'><strong>σημαίνει</strong></span> <span class='ocrx_word' id='word_1_92' title='bbox 707 520 761 556; x_wconf 77' lang='grc' dir='ltr'>γὰρ</span> <span class='ocrx_word' id='word_1_93' title='bbox 789 522 926 557; x_wconf 80' lang='grc' dir='ltr'>πανταχοῦ</span> 
     </span>
    </p>
   </div>
   <div class='ocr_carea' id='block_1_14' title="bbox 131 563 925 603">
    <p class='ocr_par' dir='ltr' id='par_1_14' title="bbox 131 563 925 603">
     <span class='ocr_line' id='line_1_14' title="bbox 131 563 925 603; baseline 0.013 -18"><span class='ocrx_word' id='word_1_94' title='bbox 131 563 268 596; x_wconf 75' lang='grc' dir='ltr'>παρεῖναι</span> <span class='ocrx_word' id='word_1_95' title='bbox 297 563 344 589; x_wconf 79' lang='grc' dir='ltr'>καὶ</span> <span class='ocrx_word' id='word_1_96' title='bbox 373 565 469 600; x_wconf 79' lang='grc' dir='ltr'>κριτὴν</span> <span class='ocrx_word' id='word_1_97' title='bbox 492 565 624 601; x_wconf 77' lang='grc' dir='ltr'>ὑπάρχειν</span> <span class='ocrx_word' id='word_1_98' title='bbox 651 566 682 592; x_wconf 86' lang='grc' dir='ltr'>τὸ</span> <span class='ocrx_word' id='word_1_99' title='bbox 701 567 779 601; x_wconf 74' lang='grc' dir='ltr'>ἅγιον</span> <span class='ocrx_word' id='word_1_100' title='bbox 804 567 925 603; x_wconf 82' lang='grc' dir='ltr'><strong>Πνεῦμα.</strong></span> 
     </span>
    </p>
   </div>
   <div class='ocr_carea' id='block_1_15' title="bbox 136 607 926 646">
    <p class='ocr_par' dir='ltr' id='par_1_15' title="bbox 136 607 926 646">
     <span class='ocr_line' id='line_1_15' title="bbox 136 607 926 646; baseline 0.01 -14"><span class='ocrx_word' id='word_1_101' title='bbox 136 616 146 632; x_wconf 84' lang='grc' dir='ltr'><strong>ι</strong></span> <span class='ocrx_word' id='word_1_102' title='bbox 163 607 281 642; x_wconf 71' lang='grc' dir='ltr'>Φοῦερὸν</span> <span class='ocrx_word' id='word_1_103' title='bbox 295 618 304 633; x_wconf 82' lang='grc' dir='ltr'><strong>ι</strong></span> <span class='ocrx_word' id='word_1_104' title='bbox 323 609 377 644; x_wconf 80' lang='grc' dir='ltr'><strong>γὰρ</strong></span> <span class='ocrx_word' id='word_1_105' title='bbox 391 609 428 641; x_wconf 86' lang='grc' dir='ltr'>ὡς</span> <span class='ocrx_word' id='word_1_106' title='bbox 453 610 569 646; x_wconf 78' lang='grc' dir='ltr'>ἀληθῶς,</span> <span class='ocrx_word' id='word_1_107' title='bbox 591 612 661 639; x_wconf 84' lang='grc' dir='ltr'>κατὰ</span> <span class='ocrx_word' id='word_1_108' title='bbox 682 612 726 639; x_wconf 80' lang='grc' dir='ltr'>τὸν</span> <span class='ocrx_word' id='word_1_109' title='bbox 757 613 926 646; x_wconf 82' lang='grc' dir='ltr'>Ἀπόστολον,</span> 
     </span>
    </p>
   </div>
   <div class='ocr_carea' id='block_1_16' title="bbox 136 653 927 693">
    <p class='ocr_par' dir='ltr' id='par_1_16' title="bbox 136 653 927 693">
     <span class='ocr_line' id='line_1_16' title="bbox 136 653 927 693; baseline 0.011 -16"><span class='ocrx_word' id='word_1_110' title='bbox 136 662 147 677; x_wconf 72' lang='grc' dir='ltr'><strong>ε</strong></span> <span class='ocrx_word' id='word_1_111' title='bbox 166 653 298 688; x_wconf 78' lang='grc' dir='ltr'>ἐμπεσεῖν</span> <span class='ocrx_word' id='word_1_112' title='bbox 310 655 348 686; x_wconf 79' lang='grc' dir='ltr'><strong>εἰς</strong></span> <span class='ocrx_word' id='word_1_113' title='bbox 360 657 454 690; x_wconf 83' lang='grc' dir='ltr'>χεῖρας</span> <span class='ocrx_word' id='word_1_114' title='bbox 472 656 539 683; x_wconf 81' lang='grc' dir='ltr'>Θεοῦ</span> <span class='ocrx_word' id='word_1_115' title='bbox 551 656 660 690; x_wconf 82' lang='grc' dir='ltr'>ζῶντος,</span> <span class='ocrx_word' id='word_1_116' title='bbox 675 668 683 684; x_wconf 86' lang='grc' dir='ltr'><strong>ι</strong></span> <span class='ocrx_word' id='word_1_117' title='bbox 699 658 746 685; x_wconf 87' lang='grc' dir='ltr'><strong>τοῦ</strong></span> <span class='ocrx_word' id='word_1_118' title='bbox 760 658 885 693; x_wconf 82' lang='grc' dir='ltr'>λέγοντος</span> <span class='ocrx_word' id='word_1_119' title='bbox 899 661 927 686; x_wconf 85' lang='grc' dir='ltr'>ὲν</span> 
     </span>
    </p>
   </div>
   <div class='ocr_carea' id='block_1_17' title="bbox 133 698 927 741">
    <p class='ocr_par' dir='ltr' id='par_1_17' title="bbox 133 698 927 741">
     <span class='ocr_line' id='line_1_17' title="bbox 133 698 927 741; baseline 0.01 -17"><span class='ocrx_word' id='word_1_120' title='bbox 133 698 182 734; x_wconf 82' lang='grc' dir='ltr'>μθ¹</span> <span class='ocrx_word' id='word_1_121' title='bbox 192 699 301 735; x_wconf 70' lang='grc' dir='ltr'>ψαλμῷ·</span> <span class='ocrx_word' id='word_1_122' title='bbox 314 709 323 725; x_wconf 80' lang='grc' dir='ltr'><strong>ι</strong></span> <span class='ocrx_word' id='word_1_123' title='bbox 340 700 456 736; x_wconf 71' lang='grc' dir='ltr'>Ἐλέγξω</span> <span class='ocrx_word' id='word_1_124' title='bbox 466 702 513 729; x_wconf 69' lang='grc' dir='ltr'><strong>καὶ</strong></span> <span class='ocrx_word' id='word_1_125' title='bbox 525 704 693 739; x_wconf 79' lang='grc' dir='ltr'><strong>παραστήσω</strong></span> <span class='ocrx_word' id='word_1_126' title='bbox 702 705 772 731; x_wconf 87' lang='grc' dir='ltr'><strong>κατά</strong></span> <span class='ocrx_word' id='word_1_127' title='bbox 784 705 927 741; x_wconf 82' lang='grc' dir='ltr'>πρόσωπόν</span> 
     </span>
    </p>
   </div>
   <div class='ocr_carea' id='block_1_18' title="bbox 132 743 927 786">
    <p class='ocr_par' dir='ltr' id='par_1_18' title="bbox 132 743 927 786">
     <span class='ocr_line' id='line_1_18' title="bbox 132 743 927 786; baseline 0.011 -18"><span class='ocrx_word' id='word_1_128' title='bbox 132 751 185 769; x_wconf 86' lang='grc' dir='ltr'><strong>σου</strong></span> <span class='ocrx_word' id='word_1_129' title='bbox 213 743 262 775; x_wconf 83' lang='grc' dir='ltr'>τὰς</span> <span class='ocrx_word' id='word_1_130' title='bbox 286 744 423 780; x_wconf 77' lang='grc' dir='ltr'>ἁμαρτίας</span> <span class='ocrx_word' id='word_1_131' title='bbox 452 755 531 773; x_wconf 72' lang='grc' dir='ltr'>σου.»</span> <span class='ocrx_word' id='word_1_132' title='bbox 563 748 618 775; x_wconf 73' lang='grc' dir='ltr'><strong>Καὶ</strong></span> <span class='ocrx_word' id='word_1_133' title='bbox 645 748 692 775; x_wconf 86' lang='grc' dir='ltr'><strong>τοῦ</strong></span> <span class='ocrx_word' id='word_1_134' title='bbox 719 750 835 784; x_wconf 82' lang='grc' dir='ltr'>Μιχαίου</span> <span class='ocrx_word' id='word_1_135' title='bbox 867 751 927 786; x_wconf 86' lang='grc' dir='ltr'><strong>δὲή</strong></span> 
     </span>
    </p>
   </div>
   <div class='ocr_carea' id='block_1_19' title="bbox 134 789 927 831">
    <p class='ocr_par' dir='ltr' id='par_1_19' title="bbox 134 789 927 831">
     <span class='ocr_line' id='line_1_19' title="bbox 134 789 927 831; baseline 0.013 -17"><span class='ocrx_word' id='word_1_136' title='bbox 134 789 231 825; x_wconf 80' lang='grc' dir='ltr'>μικρῷ</span> <span class='ocrx_word' id='word_1_137' title='bbox 250 791 368 826; x_wconf 76' lang='grc' dir='ltr'>πρόσθεν</span> <span class='ocrx_word' id='word_1_138' title='bbox 386 791 433 828; x_wconf 75' lang='grc'><strong>[93</strong></span> <span class='ocrx_word' id='word_1_139' title='bbox 458 793 484 829; x_wconf 80' lang='lat' dir='ltr'><strong>b]</strong></span> <span class='ocrx_word' id='word_1_140' title='bbox 502 794 629 829; x_wconf 79' lang='grc' dir='ltr'>λεχθεῖσα</span> <span class='ocrx_word' id='word_1_141' title='bbox 644 797 808 831; x_wconf 78' lang='grc' dir='ltr'>προφητεία,</span> <span class='ocrx_word' id='word_1_142' title='bbox 825 798 871 823; x_wconf 75' lang='grc' dir='ltr'>καὶ</span> <span class='ocrx_word' id='word_1_143' title='bbox 888 799 927 829; x_wconf 79' lang='grc' dir='ltr'>εἰς</span> 
     </span>
    </p>
   </div>
   <div class='ocr_carea' id='block_1_20' title="bbox 131 835 963 882">
    <p class='ocr_par' dir='ltr' id='par_1_20' title="bbox 131 835 963 882">
     <span class='ocr_line' id='line_1_20' title="bbox 131 835 963 882; baseline 0.011 -21"><span class='ocrx_word' id='word_1_144' title='bbox 131 835 195 861; x_wconf 79' lang='grc' dir='ltr'>τόδε</span> <span class='ocrx_word' id='word_1_145' title='bbox 214 837 335 864; x_wconf 79' lang='grc' dir='ltr'>συντελεῖ</span> <span class='ocrx_word' id='word_1_146' title='bbox 354 838 384 864; x_wconf 78' lang='grc' dir='ltr'><strong>τὸ</strong></span> <span class='ocrx_word' id='word_1_147' title='bbox 406 839 561 874; x_wconf 70' lang='grc' dir='ltr'>κεφάλαιον.</span> <span class='ocrx_word' id='word_1_148' title='bbox 584 841 668 868; x_wconf 83' lang='grc' dir='ltr'>Ποίαν</span> <span class='ocrx_word' id='word_1_149' title='bbox 690 842 718 868; x_wconf 80' lang='grc' dir='ltr'><strong>δὲ</strong></span> <span class='ocrx_word' id='word_1_150' title='bbox 736 842 873 875; x_wconf 80' lang='grc' dir='ltr'>ἀπόδειξιν</span> <span class='ocrx_word' id='word_1_151' title='bbox 894 839 926 870; x_wconf 67' lang='grc' dir='ltr'><strong>ἃξν</strong></span> <span class='ocrx_word' id='word_1_152' title='bbox 942 853 963 882; x_wconf 71' lang='grc' dir='ltr'><strong>ῃ</strong></span> 
     </span>
    </p>
   </div>
   <div class='ocr_carea' id='block_1_21' title="bbox 131 882 926 925">
    <p class='ocr_par' dir='ltr' id='par_1_21' title="bbox 131 882 926 925">
     <span class='ocr_line' id='line_1_21' title="bbox 131 882 926 925; baseline 0.011 -18"><span class='ocrx_word' id='word_1_153' title='bbox 131 882 208 908; x_wconf 78' lang='grc' dir='ltr'>εἴποι</span> <span class='ocrx_word' id='word_1_154' title='bbox 229 891 271 914; x_wconf 79' lang='grc' dir='ltr'><strong>τις</strong></span> <span class='ocrx_word' id='word_1_155' title='bbox 289 885 466 920; x_wconf 72' lang='grc' dir='ltr'>ἰσχυροτέραν</span> <span class='ocrx_word' id='word_1_156' title='bbox 478 886 516 918; x_wconf 80' lang='grc' dir='ltr'><strong>είς</strong></span> <span class='ocrx_word' id='word_1_157' title='bbox 527 887 615 921; x_wconf 87' lang='grc' dir='ltr'>τοῦτο,</span> <span class='ocrx_word' id='word_1_158' title='bbox 634 887 680 914; x_wconf 84' lang='grc' dir='ltr'><strong>τοῦ</strong></span> <span class='ocrx_word' id='word_1_159' title='bbox 694 888 797 915; x_wconf 77' lang='grc' dir='ltr'>καὶτὸν</span> <span class='ocrx_word' id='word_1_160' title='bbox 812 889 926 925; x_wconf 78' lang='grc' dir='ltr'>Σωτῆρα</span> 
     </span>
    </p>
   </div>
   <div class='ocr_carea' id='block_1_22' title="bbox 132 928 924 970">
    <p class='ocr_par' dir='ltr' id='par_1_22' title="bbox 132 928 924 970">
     <span class='ocr_line' id='line_1_22' title="bbox 132 928 924 970; baseline 0.01 -16"><span class='ocrx_word' id='word_1_161' title='bbox 132 929 202 965; x_wconf 74' lang='grc' dir='ltr'>παρ’</span> <span class='ocrx_word' id='word_1_162' title='bbox 234 928 344 965; x_wconf 80' lang='grc' dir='ltr'>Ἰωάννῃ</span> <span class='ocrx_word' id='word_1_163' title='bbox 372 930 461 965; x_wconf 85' lang='grc' dir='ltr'>λέγειν</span> <span class='ocrx_word' id='word_1_164' title='bbox 483 933 547 968; x_wconf 81' lang='grc' dir='ltr'>περὶ</span> <span class='ocrx_word' id='word_1_165' title='bbox 576 933 623 960; x_wconf 84' lang='grc' dir='ltr'><strong>τοῦ</strong></span> <span class='ocrx_word' id='word_1_166' title='bbox 650 935 727 968; x_wconf 76' lang='grc' dir='ltr'>ἀγίου</span> <span class='ocrx_word' id='word_1_167' title='bbox 750 935 924 970; x_wconf 82' lang='grc' dir='ltr'>Πνεύματος·</span> 
     </span>
    </p>
   </div>
   <div class='ocr_carea' id='block_1_23' title="bbox 134 975 924 1018">
    <p class='ocr_par' dir='ltr' id='par_1_23' title="bbox 134 975 924 1018">
     <span class='ocr_line' id='line_1_23' title="bbox 134 975 924 1018; baseline 0.011 -18"><span class='ocrx_word' id='word_1_168' title='bbox 134 984 144 999; x_wconf 74' lang='grc' dir='ltr'><strong>ι</strong></span> <span class='ocrx_word' id='word_1_169' title='bbox 166 975 266 1002; x_wconf 85' lang='grc' dir='ltr'>Ἐλθὼν</span> <span class='ocrx_word' id='word_1_170' title='bbox 280 977 382 1009; x_wconf 80' lang='grc' dir='ltr'>ἐκεῖνος</span> <span class='ocrx_word' id='word_1_171' title='bbox 395 977 498 1012; x_wconf 79' lang='grc' dir='ltr'>ἐλέγξει</span> <span class='ocrx_word' id='word_1_172' title='bbox 513 979 557 1010; x_wconf 78' lang='grc' dir='ltr'><strong>τὸν</strong></span> <span class='ocrx_word' id='word_1_173' title='bbox 574 980 675 1016; x_wconf 73' lang='grc' dir='ltr'>κόσμον</span> <span class='ocrx_word' id='word_1_174' title='bbox 698 982 760 1017; x_wconf 76' lang='grc' dir='ltr'>περὶ</span> <span class='ocrx_word' id='word_1_175' title='bbox 778 982 924 1018; x_wconf 80' lang='grc' dir='ltr'>ἁμαρτίας,</span> 
     </span>
    </p>
   </div>
   <div class='ocr_carea' id='block_1_24' title="bbox 132 1021 767 1062">
    <p class='ocr_par' dir='ltr' id='par_1_24' title="bbox 132 1021 767 1062">
     <span class='ocr_line' id='line_1_24' title="bbox 132 1021 767 1062; baseline 0.013 -16"><span class='ocrx_word' id='word_1_176' title='bbox 132 1021 183 1047; x_wconf 77' lang='grc' dir='ltr'><strong>καὶ</strong></span> <span class='ocrx_word' id='word_1_177' title='bbox 199 1023 262 1058; x_wconf 67' lang='grc' dir='ltr'>περὶ</span> <span class='ocrx_word' id='word_1_178' title='bbox 274 1023 458 1060; x_wconf 66' lang='grc' dir='ltr'><strong>δικαιοσύνης,</strong></span> <span class='ocrx_word' id='word_1_179' title='bbox 472 1026 517 1052; x_wconf 73' lang='grc' dir='ltr'><strong>καὶ</strong></span> <span class='ocrx_word' id='word_1_180' title='bbox 532 1027 594 1062; x_wconf 76' lang='grc' dir='ltr'>περὶ</span> <span class='ocrx_word' id='word_1_181' title='bbox 607 1027 723 1062; x_wconf 77' lang='grc' dir='ltr'>κρίσεως</span> <span class='ocrx_word' id='word_1_182' title='bbox 738 1037 744 1060; x_wconf 86' lang='grc'><strong>;</strong></span> <span class='ocrx_word' id='word_1_183' title='bbox 759 1038 767 1053; x_wconf 78' lang='grc' dir='ltr'><strong>ι</strong></span> 
     </span>
    </p>
   </div>
   <div class='ocr_carea' id='block_1_25' title="bbox 171 1113 925 1154">
    <p class='ocr_par' dir='ltr' id='par_1_25' title="bbox 171 1113 925 1154">
     <span class='ocr_line' id='line_1_25' title="bbox 171 1113 925 1154; baseline 0.012 -16"><span class='ocrx_word' id='word_1_184' title='bbox 171 1114 200 1139; x_wconf 84' lang='lat' dir='ltr'><strong>l’.</strong></span> <span class='ocrx_word' id='word_1_185' title='bbox 219 1113 278 1139; x_wconf 81' lang='grc' dir='ltr'>’Ὁτι</span> <span class='ocrx_word' id='word_1_186' title='bbox 297 1115 325 1140; x_wconf 78' lang='grc' dir='ltr'><strong>ἐν</strong></span> <span class='ocrx_word' id='word_1_187' title='bbox 349 1116 380 1150; x_wconf 87' lang='grc' dir='ltr'>τῇ</span> <span class='ocrx_word' id='word_1_188' title='bbox 411 1115 617 1153; x_wconf 74' lang='grc' dir='ltr'>ὑπερϐαλλούσῃ</span> <span class='ocrx_word' id='word_1_189' title='bbox 642 1117 754 1153; x_wconf 73' lang='grc' dir='ltr'>δυνάμει</span> <span class='ocrx_word' id='word_1_190' title='bbox 776 1119 821 1145; x_wconf 88' lang='grc' dir='ltr'><strong>τοῦ</strong></span> <span class='ocrx_word' id='word_1_191' title='bbox 848 1120 925 1154; x_wconf 84' lang='grc' dir='ltr'>ἁγίου</span> 
     </span>
    </p>
   </div>
   <div class='ocr_carea' id='block_1_26' title="bbox 132 1158 927 1201">
    <p class='ocr_par' dir='ltr' id='par_1_26' title="bbox 132 1158 927 1201">
     <span class='ocr_line' id='line_1_26' title="bbox 132 1158 927 1201; baseline 0.01 -17"><span class='ocrx_word' id='word_1_192' title='bbox 132 1158 304 1193; x_wconf 73' lang='grc' dir='ltr'>ιινεύματος,</span> <span class='ocrx_word' id='word_1_193' title='bbox 322 1161 336 1186; x_wconf 82' lang='grc' dir='ltr'>ὁ</span> <span class='ocrx_word' id='word_1_194' title='bbox 358 1161 463 1193; x_wconf 78' lang='grc' dir='ltr'>Παῦλος</span> <span class='ocrx_word' id='word_1_195' title='bbox 483 1163 511 1188; x_wconf 82' lang='grc' dir='ltr'>ἐν</span> <span class='ocrx_word' id='word_1_196' title='bbox 538 1163 644 1200; x_wconf 71' lang='grc' dir='ltr'>Κύπρῳ</span> <span class='ocrx_word' id='word_1_197' title='bbox 667 1164 784 1200; x_wconf 82' lang='grc' dir='ltr'>Ἐλύμαν</span> <span class='ocrx_word' id='word_1_198' title='bbox 808 1166 852 1191; x_wconf 72' lang='grc' dir='ltr'>τὸν</span> <span class='ocrx_word' id='word_1_199' title='bbox 875 1167 927 1201; x_wconf 82' lang='grc' dir='ltr'><strong>μά-</strong></span> 
     </span>
    </p>
   </div>
   <div class='ocr_carea' id='block_1_27' title="bbox 132 1206 927 1248">
    <p class='ocr_par' dir='ltr' id='par_1_27' title="bbox 132 1206 927 1248">
     <span class='ocr_line' id='line_1_27' title="bbox 132 1206 927 1248; baseline 0.013 -18"><span class='ocrx_word' id='word_1_200' title='bbox 132 1212 194 1238; x_wconf 81' lang='grc' dir='ltr'>γον,</span> <span class='ocrx_word' id='word_1_201' title='bbox 208 1206 438 1242; x_wconf 74' lang='grc' dir='ltr'>ἐπιστρατεύοντα</span> <span class='ocrx_word' id='word_1_202' title='bbox 463 1210 519 1240; x_wconf 77' lang='grc' dir='ltr'>τοῖς</span> <span class='ocrx_word' id='word_1_203' title='bbox 543 1210 640 1244; x_wconf 76' lang='grc' dir='ltr'>ἁγίοις,</span> <span class='ocrx_word' id='word_1_204' title='bbox 663 1212 709 1238; x_wconf 77' lang='grc' dir='ltr'><strong>καὶ</strong></span> <span class='ocrx_word' id='word_1_205' title='bbox 730 1212 927 1248; x_wconf 81' lang='grc' dir='ltr'>λυμαινόμενον</span> 
     </span>
    </p>
   </div>
   <div class='ocr_carea' id='block_1_28' title="bbox 134 1251 927 1294">
    <p class='ocr_par' dir='ltr' id='par_1_28' title="bbox 134 1251 927 1294">
     <span class='ocr_line' id='line_1_28' title="bbox 134 1251 927 1294; baseline 0.013 -18"><span class='ocrx_word' id='word_1_206' title='bbox 134 1252 168 1285; x_wconf 79' lang='grc' dir='ltr'><strong>τῇ</strong></span> <span class='ocrx_word' id='word_1_207' title='bbox 183 1251 307 1287; x_wconf 73' lang='grc' dir='ltr'>ἀληθεία,</span> <span class='ocrx_word' id='word_1_208' title='bbox 322 1252 491 1288; x_wconf 72' lang='grc' dir='ltr'>ἐξετύφλωσέ</span> <span class='ocrx_word' id='word_1_209' title='bbox 525 1255 604 1291; x_wconf 78' lang='grc' dir='ltr'><strong>λόγῳ.</strong></span> <span class='ocrx_word' id='word_1_210' title='bbox 624 1257 677 1283; x_wconf 84' lang='grc' dir='ltr'>Τοῦ</span> <span class='ocrx_word' id='word_1_211' title='bbox 693 1258 852 1293; x_wconf 79' lang='grc' dir='ltr'>Πνεύματος</span> <span class='ocrx_word' id='word_1_212' title='bbox 873 1260 927 1294; x_wconf 79' lang='grc' dir='ltr'><strong>γὰρ</strong></span> 
     </span>
    </p>
   </div>
   <div class='ocr_carea' id='block_1_29' title="bbox 134 1295 927 1339">
    <p class='ocr_par' dir='ltr' id='par_1_29' title="bbox 134 1295 927 1339">
     <span class='ocr_line' id='line_1_29' title="bbox 134 1295 927 1339; baseline 0.013 -17"><span class='ocrx_word' id='word_1_213' title='bbox 134 1295 205 1323; x_wconf 76' lang='grc' dir='ltr'>εἶναι</span> <span class='ocrx_word' id='word_1_214' title='bbox 227 1297 275 1333; x_wconf 86' lang='grc' dir='ltr'>τὴν</span> <span class='ocrx_word' id='word_1_215' title='bbox 301 1299 414 1334; x_wconf 75' lang='grc' dir='ltr'>δύναμιν</span> <span class='ocrx_word' id='word_1_216' title='bbox 435 1302 561 1329; x_wconf 82' lang='grc' dir='ltr'>δεικνῦσα</span> <span class='ocrx_word' id='word_1_217' title='bbox 586 1305 602 1339; x_wconf 84' lang='grc' dir='ltr'>ὴ</span> <span class='ocrx_word' id='word_1_218' title='bbox 620 1303 726 1339; x_wconf 72' lang='grc' dir='ltr'>Γραφὴ,</span> <span class='ocrx_word' id='word_1_219' title='bbox 744 1304 818 1339; x_wconf 84' lang='grc' dir='ltr'>λέγει</span> <span class='ocrx_word' id='word_1_220' title='bbox 836 1305 927 1337; x_wconf 78' lang='grc' dir='ltr'>αὐτοῖς</span> 
     </span>
    </p>
   </div>
   <div class='ocr_carea' id='block_1_30' title="bbox 134 1343 927 1386">
    <p class='ocr_par' dir='ltr' id='par_1_30' title="bbox 134 1343 927 1386">
     <span class='ocr_line' id='line_1_30' title="bbox 134 1343 927 1386; baseline 0.013 -18"><span class='ocrx_word' id='word_1_221' title='bbox 134 1343 264 1378; x_wconf 79' lang='grc' dir='ltr'>ὀνόμασιν</span> <span class='ocrx_word' id='word_1_222' title='bbox 279 1344 379 1376; x_wconf 79' lang='grc' dir='ltr'>οὕτως’</span> <span class='ocrx_word' id='word_1_223' title='bbox 403 1356 410 1371; x_wconf 81' lang='grc' dir='ltr'><strong>ι</strong></span> <span class='ocrx_word' id='word_1_224' title='bbox 425 1346 491 1373; x_wconf 82' lang='grc' dir='ltr'>Τότε</span> <span class='ocrx_word' id='word_1_225' title='bbox 507 1349 520 1374; x_wconf 80' lang='grc' dir='ltr'>ὁ</span> <span class='ocrx_word' id='word_1_226' title='bbox 534 1348 640 1381; x_wconf 82' lang='grc' dir='ltr'>Παῦλος</span> <span class='ocrx_word' id='word_1_227' title='bbox 652 1349 780 1385; x_wconf 81' lang='grc' dir='ltr'>πλησθεὶς</span> <span class='ocrx_word' id='word_1_228' title='bbox 800 1351 927 1386; x_wconf 73' lang='grc' dir='ltr'>Πνεῦμα-</span> 
     </span>
    </p>
   </div>
   <div class='ocr_carea' id='block_1_31' title="bbox 134 1389 928 1433">
    <p class='ocr_par' dir='ltr' id='par_1_31' title="bbox 134 1389 928 1433">
     <span class='ocr_line' id='line_1_31' title="bbox 134 1389 928 1433; baseline 0.011 -18"><span class='ocrx_word' id='word_1_229' title='bbox 134 1397 179 1421; x_wconf 77' lang='grc' dir='ltr'><strong>τος</strong></span> <span class='ocrx_word' id='word_1_230' title='bbox 193 1390 286 1423; x_wconf 80' lang='grc' dir='ltr'>ἁγίου,</span> <span class='ocrx_word' id='word_1_231' title='bbox 302 1389 362 1417; x_wconf 75' lang='grc' dir='ltr'>εἷπε</span> <span class='ocrx_word' id='word_1_232' title='bbox 386 1393 454 1428; x_wconf 85' lang='grc' dir='ltr'>πρὸς</span> <span class='ocrx_word' id='word_1_233' title='bbox 479 1394 560 1421; x_wconf 80' lang='grc' dir='ltr'>αὐτόν</span> <span class='ocrx_word' id='word_1_234' title='bbox 571 1403 578 1410; x_wconf 88' lang='grc'><strong>·</strong></span> <span class='ocrx_word' id='word_1_235' title='bbox 600 1395 666 1422; x_wconf 81' lang='grc' dir='ltr'>Ἰδοὺ</span> <span class='ocrx_word' id='word_1_236' title='bbox 689 1396 749 1432; x_wconf 80' lang='grc' dir='ltr'>χεὶρ</span> <span class='ocrx_word' id='word_1_237' title='bbox 764 1397 867 1433; x_wconf 85' lang='grc' dir='ltr'>Κυρίου</span> <span class='ocrx_word' id='word_1_238' title='bbox 881 1397 928 1424; x_wconf 76' lang='grc' dir='ltr'>ἐπὶ</span> 
     </span>
    </p>
   </div>
   <div class='ocr_carea' id='block_1_32' title="bbox 135 1434 927 1478">
    <p class='ocr_par' dir='ltr' id='par_1_32' title="bbox 135 1434 927 1478">
     <span class='ocr_line' id='line_1_32' title="bbox 135 1434 927 1478; baseline 0.011 -18"><span class='ocrx_word' id='word_1_239' title='bbox 135 1434 176 1466; x_wconf 80' lang='grc' dir='ltr'><strong>σὲ,</strong></span> <span class='ocrx_word' id='word_1_240' title='bbox 196 1436 243 1461; x_wconf 77' lang='grc' dir='ltr'>καὶ</span> <span class='ocrx_word' id='word_1_241' title='bbox 258 1435 307 1472; x_wconf 78' lang='grc' dir='ltr'>ἔσῃ</span> <span class='ocrx_word' id='word_1_242' title='bbox 320 1437 420 1471; x_wconf 71' lang='grc' dir='ltr'>τυφλὸς</span> <span class='ocrx_word' id='word_1_243' title='bbox 439 1438 475 1474; x_wconf 85' lang='grc' dir='ltr'>μὴ</span> <span class='ocrx_word' id='word_1_244' title='bbox 497 1438 661 1473; x_wconf 58' lang='grc' dir='ltr'>βλέπωνητὺν</span> <span class='ocrx_word' id='word_1_245' title='bbox 676 1441 761 1476; x_wconf 76' lang='grc' dir='ltr'>ἥλιον.</span> <span class='ocrx_word' id='word_1_246' title='bbox 774 1451 783 1467; x_wconf 79' lang='grc' dir='ltr'><strong>ι</strong></span> <span class='ocrx_word' id='word_1_247' title='bbox 808 1441 927 1478; x_wconf 81' lang='grc' dir='ltr'>Ἀληθῶς</span> 
     </span>
    </p>
   </div>
   <div class='ocr_carea' id='block_1_33' title="bbox 135 1479 927 1524">
    <p class='ocr_par' dir='ltr' id='par_1_33' title="bbox 135 1479 927 1524">
     <span class='ocr_line' id='line_1_33' title="bbox 135 1479 927 1524; baseline 0.01 -17"><span class='ocrx_word' id='word_1_248' title='bbox 135 1481 190 1516; x_wconf 78' lang='grc' dir='ltr'><strong>γὰρ</strong></span> <span class='ocrx_word' id='word_1_249' title='bbox 203 1482 253 1508; x_wconf 83' lang='grc' dir='ltr'>οὐκ</span> <span class='ocrx_word' id='word_1_250' title='bbox 266 1479 300 1518; x_wconf 85' lang='grc' dir='ltr'>ἧν</span> <span class='ocrx_word' id='word_1_251' title='bbox 317 1483 408 1515; x_wconf 80' lang='grc' dir='ltr'>αὑτὸν,</span> <span class='ocrx_word' id='word_1_252' title='bbox 433 1484 470 1520; x_wconf 85' lang='grc' dir='ltr'><strong>μὴ</strong></span> <span class='ocrx_word' id='word_1_253' title='bbox 497 1485 594 1520; x_wconf 80' lang='grc' dir='ltr'>ἔχοντα</span> <span class='ocrx_word' id='word_1_254' title='bbox 621 1486 668 1513; x_wconf 85' lang='grc' dir='ltr'><strong>τοῦ</strong></span> <span class='ocrx_word' id='word_1_255' title='bbox 695 1487 855 1522; x_wconf 84' lang='grc' dir='ltr'>Πνεύματος</span> <span class='ocrx_word' id='word_1_256' title='bbox 878 1488 927 1524; x_wconf 83' lang='grc' dir='ltr'><strong>τὴν</strong></span> 
     </span>
    </p>
   </div>
   <div class='ocr_carea' id='block_1_34' title="bbox 980 204 1761 239">
    <p class='ocr_par' dir='ltr' id='par_1_34' title="bbox 980 204 1761 239">
     <span class='ocr_line' id='line_1_34' title="bbox 980 204 1761 239; baseline -0.003 -6"><span class='ocrx_word' id='word_1_257' title='bbox 980 207 1095 233; x_wconf 87' lang='lat' dir='ltr'><strong>adventu</strong></span> <span class='ocrx_word' id='word_1_258' title='bbox 1112 205 1205 233; x_wconf 86' lang='lat' dir='ltr'><strong>videre</strong></span> <span class='ocrx_word' id='word_1_259' title='bbox 1226 212 1382 239; x_wconf 83' lang='lat' dir='ltr'><strong>speramus;</strong></span> <span class='ocrx_word' id='word_1_260' title='bbox 1401 205 1426 231; x_wconf 94' lang='lat' dir='ltr'><strong>id</strong></span> <span class='ocrx_word' id='word_1_261' title='bbox 1447 204 1519 231; x_wconf 89' lang='lat' dir='ltr'><strong>enim</strong></span> <span class='ocrx_word' id='word_1_262' title='bbox 1535 204 1689 239; x_wconf 75' lang='lat' dir='ltr'><strong>significant</strong></span> <span class='ocrx_word' id='word_1_263' title='bbox 1706 209 1761 232; x_wconf 93' lang='lat' dir='ltr'><strong>tum</strong></span> 
     </span>
    </p>
   </div>
   <div class='ocr_carea' id='block_1_35' title="bbox 979 248 1763 283">
    <p class='ocr_par' dir='ltr' id='par_1_35' title="bbox 979 248 1763 283">
     <span class='ocr_line' id='line_1_35' title="bbox 979 248 1763 283; baseline 0 -7"><span class='ocrx_word' id='word_1_264' title='bbox 979 250 1062 277; x_wconf 87' lang='lat' dir='ltr'><strong>verba</strong></span> <span class='ocrx_word' id='word_1_265' title='bbox 1086 249 1141 281; x_wconf 91' lang='lat' dir='ltr'><strong>illa,</strong></span> <span class='ocrx_word' id='word_1_266' title='bbox 1169 258 1178 274; x_wconf 87' lang='grc'><strong>‹</strong></span> <span class='ocrx_word' id='word_1_267' title='bbox 1195 249 1222 276; x_wconf 91' lang='lat' dir='ltr'><strong>In</strong></span> <span class='ocrx_word' id='word_1_268' title='bbox 1247 249 1348 282; x_wconf 92' lang='lat' dir='ltr'><strong>Spiritu</strong></span> <span class='ocrx_word' id='word_1_269' title='bbox 1375 254 1423 283; x_wconf 81' lang='lat' dir='ltr'><strong>per</strong></span> <span class='ocrx_word' id='word_1_270' title='bbox 1449 248 1519 276; x_wconf 83' lang='lat' dir='ltr'><strong>labia</strong></span> <span class='ocrx_word' id='word_1_271' title='bbox 1543 248 1687 276; x_wconf 86' lang='lat' dir='ltr'><strong>interflciet</strong></span> <span class='ocrx_word' id='word_1_272' title='bbox 1714 250 1763 276; x_wconf 92' lang='lat' dir='ltr'><strong>im-</strong></span> 
     </span>
    </p>
   </div>
   <div class='ocr_carea' id='block_1_36' title="bbox 979 294 1763 331">
    <p class='ocr_par' dir='ltr' id='par_1_36' title="bbox 979 294 1763 331">
     <span class='ocr_line' id='line_1_36' title="bbox 979 294 1763 331; baseline -0.001 -8"><span class='ocrx_word' id='word_1_273' title='bbox 979 296 1047 331; x_wconf 83' lang='lat' dir='ltr'><strong>pios,</strong></span> <span class='ocrx_word' id='word_1_274' title='bbox 1065 306 1074 322; x_wconf 82' lang='grc' dir='ltr'><strong>ι</strong></span> <span class='ocrx_word' id='word_1_275' title='bbox 1094 302 1148 323; x_wconf 91' lang='lat' dir='ltr'><strong>tum</strong></span> <span class='ocrx_word' id='word_1_276' title='bbox 1170 297 1207 329; x_wconf 89' lang='lat' dir='ltr'><strong>id,</strong></span> <span class='ocrx_word' id='word_1_277' title='bbox 1228 296 1299 331; x_wconf 90' lang='lat' dir='ltr'><strong>quod</strong></span> <span class='ocrx_word' id='word_1_278' title='bbox 1318 295 1379 323; x_wconf 82' lang='lat' dir='ltr'><strong>alibi</strong></span> <span class='ocrx_word' id='word_1_279' title='bbox 1405 295 1438 323; x_wconf 86' lang='lat' dir='ltr'><strong>ab</strong></span> <span class='ocrx_word' id='word_1_280' title='bbox 1457 296 1551 323; x_wconf 85' lang='lat' dir='ltr'><strong>eodem</strong></span> <span class='ocrx_word' id='word_1_281' title='bbox 1571 296 1699 330; x_wconf 88' lang='lat' dir='ltr'><strong>propheta</strong></span> <span class='ocrx_word' id='word_1_282' title='bbox 1723 294 1763 322; x_wconf 88' lang='lat' dir='ltr'><strong>di-</strong></span> 
     </span>
    </p>
   </div>
   <div class='ocr_carea' id='block_1_37' title="bbox 979 341 1764 377">
    <p class='ocr_par' dir='ltr' id='par_1_37' title="bbox 979 341 1764 377">
     <span class='ocr_line' id='line_1_37' title="bbox 979 341 1764 377; baseline 0 -9"><span class='ocrx_word' id='word_1_283' title='bbox 979 346 1050 368; x_wconf 89' lang='lat' dir='ltr'><strong>ctum</strong></span> <span class='ocrx_word' id='word_1_284' title='bbox 1063 347 1119 369; x_wconf 86' lang='lat' dir='ltr'><strong>est:</strong></span> <span class='ocrx_word' id='word_1_285' title='bbox 1133 351 1142 367; x_wconf 79' lang='grc' dir='ltr'><strong>ι</strong></span> <span class='ocrx_word' id='word_1_286' title='bbox 1156 342 1184 369; x_wconf 85' lang='lat' dir='ltr'><strong>In</strong></span> <span class='ocrx_word' id='word_1_287' title='bbox 1199 341 1300 374; x_wconf 90' lang='lat' dir='ltr'><strong>Spiritu</strong></span> <span class='ocrx_word' id='word_1_288' title='bbox 1311 341 1364 377; x_wconf 87' lang='grc'>(18)</span> <span class='ocrx_word' id='word_1_289' title='bbox 1374 341 1477 376; x_wconf 76' lang='lat' dir='ltr'><strong>iudicii,</strong></span> <span class='ocrx_word' id='word_1_290' title='bbox 1492 346 1519 369; x_wconf 92' lang='lat' dir='ltr'><strong>et</strong></span> <span class='ocrx_word' id='word_1_291' title='bbox 1533 341 1560 368; x_wconf 92' lang='lat' dir='ltr'><strong>in</strong></span> <span class='ocrx_word' id='word_1_292' title='bbox 1572 341 1674 376; x_wconf 89' lang='lat' dir='ltr'><strong>Spiritu</strong></span> <span class='ocrx_word' id='word_1_293' title='bbox 1688 342 1764 369; x_wconf 91' lang='lat' dir='ltr'><strong>ardo-</strong></span> 
     </span>
    </p>
   </div>
   <div class='ocr_carea' id='block_1_38' title="bbox 980 387 1761 422">
    <p class='ocr_par' dir='ltr' id='par_1_38' title="bbox 980 387 1761 422">
     <span class='ocr_line' id='line_1_38' title="bbox 980 387 1761 422; baseline -0.003 -7"><span class='ocrx_word' id='word_1_294' title='bbox 980 388 1027 416; x_wconf 86' lang='lat' dir='ltr'><strong>ris.</strong></span> <span class='ocrx_word' id='word_1_295' title='bbox 1041 397 1050 414; x_wconf 78' lang='grc' dir='ltr'><strong>ι</strong></span> <span class='ocrx_word' id='word_1_296' title='bbox 1061 388 1144 416; x_wconf 83' lang='lat' dir='ltr'><strong>David</strong></span> <span class='ocrx_word' id='word_1_297' title='bbox 1153 388 1249 415; x_wconf 75' lang='lat' dir='ltr'><strong>veroin</strong></span> <span class='ocrx_word' id='word_1_298' title='bbox 1261 395 1380 415; x_wconf 81' lang='lat' dir='ltr'><strong>cxxxvnt</strong></span> <span class='ocrx_word' id='word_1_299' title='bbox 1392 387 1494 422; x_wconf 87' lang='lat' dir='ltr'><strong>psalmo</strong></span> <span class='ocrx_word' id='word_1_300' title='bbox 1505 387 1556 415; x_wconf 91' lang='lat' dir='ltr'><strong>ait:</strong></span> <span class='ocrx_word' id='word_1_301' title='bbox 1567 396 1576 413; x_wconf 71' lang='grc' dir='ltr'><strong>ι</strong></span> <span class='ocrx_word' id='word_1_302' title='bbox 1587 387 1645 420; x_wconf 84' lang='lat' dir='ltr'><strong>Quo</strong></span> <span class='ocrx_word' id='word_1_303' title='bbox 1655 387 1697 414; x_wconf 85' lang='lat' dir='ltr'><strong>ibo</strong></span> <span class='ocrx_word' id='word_1_304' title='bbox 1707 387 1761 421; x_wconf 87' lang='lat' dir='ltr'><strong>(l9)</strong></span> 
     </span>
    </p>
   </div>
   <div class='ocr_carea' id='block_1_39' title="bbox 979 423 1761 469">
    <p class='ocr_par' dir='ltr' id='par_1_39' title="bbox 979 423 1761 469">
     <span class='ocr_line' id='line_1_39' title="bbox 979 423 1761 469; baseline -0.006 -7"><span class='ocrx_word' id='word_1_305' title='bbox 979 443 993 462; x_wconf 85' lang='lat' dir='ltr'><strong>a</strong></span> <span class='ocrx_word' id='word_1_306' title='bbox 1014 434 1116 469; x_wconf 88' lang='lat' dir='ltr'><strong>Spiritu</strong></span> <span class='ocrx_word' id='word_1_307' title='bbox 1134 439 1189 466; x_wconf 88' lang='lat' dir='ltr'><strong>tuo,</strong></span> <span class='ocrx_word' id='word_1_308' title='bbox 1211 438 1238 461; x_wconf 91' lang='lat' dir='ltr'><strong>et</strong></span> <span class='ocrx_word' id='word_1_309' title='bbox 1258 442 1271 459; x_wconf 93' lang='lat' dir='ltr'><strong>a</strong></span> <span class='ocrx_word' id='word_1_310' title='bbox 1292 433 1360 461; x_wconf 88' lang='lat' dir='ltr'><strong>facie</strong></span> <span class='ocrx_word' id='word_1_311' title='bbox 1384 439 1428 460; x_wconf 88' lang='lat' dir='ltr'><strong>tua</strong></span> <span class='ocrx_word' id='word_1_312' title='bbox 1448 440 1501 467; x_wconf 92' lang='lat' dir='ltr'><strong>quo</strong></span> <span class='ocrx_word' id='word_1_313' title='bbox 1519 431 1660 468; x_wconf 65' lang='lat' dir='ltr'><strong>fugiam?»</strong></span> <span class='ocrx_word' id='word_1_314' title='bbox 1684 423 1761 461; x_wconf 73' lang='lat' dir='ltr'><strong>Illud.</strong></span> 
     </span>
    </p>
   </div>
   <div class='ocr_carea' id='block_1_40' title="bbox 981 477 1763 514">
    <p class='ocr_par' dir='ltr' id='par_1_40' title="bbox 981 477 1763 514">
     <span class='ocr_line' id='line_1_40' title="bbox 981 477 1763 514; baseline -0.004 -8"><span class='ocrx_word' id='word_1_315' title='bbox 981 489 991 506; x_wconf 82' lang='grc'><em>‹</em></span> <span class='ocrx_word' id='word_1_316' title='bbox 1004 480 1065 513; x_wconf 77' lang='lat' dir='ltr'><strong>Quo</strong></span> <span class='ocrx_word' id='word_1_317' title='bbox 1085 480 1139 511; x_wconf 77' lang='lat' dir='ltr'><strong>ibo,</strong></span> <span class='ocrx_word' id='word_1_318' title='bbox 1155 489 1164 505; x_wconf 79' lang='grc' dir='ltr'><strong>ι</strong></span> <span class='ocrx_word' id='word_1_319' title='bbox 1187 483 1225 512; x_wconf 87' lang='lat' dir='ltr'><strong>et,</strong></span> <span class='ocrx_word' id='word_1_320' title='bbox 1244 489 1252 506; x_wconf 75' lang='grc' dir='ltr'><strong>ι</strong></span> <span class='ocrx_word' id='word_1_321' title='bbox 1268 479 1326 512; x_wconf 83' lang='lat' dir='ltr'><strong>Quo</strong></span> <span class='ocrx_word' id='word_1_322' title='bbox 1344 479 1453 514; x_wconf 77' lang='lat' dir='ltr'><strong>fugiam,</strong></span> <span class='ocrx_word' id='word_1_323' title='bbox 1470 478 1482 504; x_wconf 83' lang='grc' dir='ltr'><strong><em>ῖ</em></strong></span> <span class='ocrx_word' id='word_1_324' title='bbox 1505 478 1586 505; x_wconf 86' lang='lat' dir='ltr'><strong>latam</strong></span> <span class='ocrx_word' id='word_1_325' title='bbox 1610 477 1692 504; x_wconf 84' lang='lat' dir='ltr'><strong>habet</strong></span> <span class='ocrx_word' id='word_1_326' title='bbox 1708 484 1763 504; x_wconf 89' lang='lat' dir='ltr'><strong>cm-</strong></span> 
     </span>
    </p>
   </div>
   <div class='ocr_carea' id='block_1_41' title="bbox 979 525 1764 562">
    <p class='ocr_par' dir='ltr' id='par_1_41' title="bbox 979 525 1764 562">
     <span class='ocr_line' id='line_1_41' title="bbox 979 525 1764 562; baseline -0.005 -8"><span class='ocrx_word' id='word_1_327' title='bbox 979 527 1084 562; x_wconf 82' lang='lat' dir='ltr'><strong>phasim</strong></span> <span class='ocrx_word' id='word_1_328' title='bbox 1107 536 1114 553; x_wconf 87' lang='lat'><strong>:</strong></span> <span class='ocrx_word' id='word_1_329' title='bbox 1134 526 1265 562; x_wconf 88' lang='lat' dir='ltr'><strong>Spiritum</strong></span> <span class='ocrx_word' id='word_1_330' title='bbox 1288 526 1358 554; x_wconf 89' lang='lat' dir='ltr'><strong>enim</strong></span> <span class='ocrx_word' id='word_1_331' title='bbox 1378 530 1500 553; x_wconf 86' lang='lat' dir='ltr'><strong>sanctum</strong></span> <span class='ocrx_word' id='word_1_332' title='bbox 1525 525 1624 559; x_wconf 89' lang='lat' dir='ltr'><strong>ubique</strong></span> <span class='ocrx_word' id='word_1_333' title='bbox 1648 531 1764 558; x_wconf 79' lang='lat' dir='ltr'><strong>praesen-</strong></span> 
     </span>
    </p>
   </div>
   <div class='ocr_carea' id='block_1_42' title="bbox 980 569 1762 606">
    <p class='ocr_par' dir='ltr' id='par_1_42' title="bbox 980 569 1762 606">
     <span class='ocr_line' id='line_1_42' title="bbox 980 569 1762 606; baseline -0.006 -6"><span class='ocrx_word' id='word_1_334' title='bbox 980 578 1032 601; x_wconf 91' lang='lat' dir='ltr'><strong>tem</strong></span> <span class='ocrx_word' id='word_1_335' title='bbox 1056 580 1126 603; x_wconf 84' lang='lat' dir='ltr'><strong>esse,</strong></span> <span class='ocrx_word' id='word_1_336' title='bbox 1151 572 1312 606; x_wconf 84' lang='lat' dir='ltr'><strong>aejudicem</strong></span> <span class='ocrx_word' id='word_1_337' title='bbox 1337 571 1467 598; x_wconf 79' lang='lat' dir='ltr'><strong>exsistere</strong></span> <span class='ocrx_word' id='word_1_338' title='bbox 1493 570 1636 605; x_wconf 80' lang='lat' dir='ltr'><strong>signiﬁcat.</strong></span> <span class='ocrx_word' id='word_1_339' title='bbox 1658 569 1762 596; x_wconf 78' lang='lat' dir='ltr'><strong>Revera</strong></span> 
     </span>
    </p>
   </div>
   <div class='ocr_carea' id='block_1_43' title="bbox 979 613 1764 651">
    <p class='ocr_par' dir='ltr' id='par_1_43' title="bbox 979 613 1764 651">
     <span class='ocr_line' id='line_1_43' title="bbox 979 613 1764 651; baseline -0.004 -9"><span class='ocrx_word' id='word_1_340' title='bbox 979 616 1050 643; x_wconf 91' lang='lat' dir='ltr'><strong>enim</strong></span> <span class='ocrx_word' id='word_1_341' title='bbox 1069 625 1079 641; x_wconf 83' lang='grc'><strong><em>‹</em></strong></span> <span class='ocrx_word' id='word_1_342' title='bbox 1097 614 1216 642; x_wconf 80' lang='lat' dir='ltr'><strong>terribile</strong></span> <span class='ocrx_word' id='word_1_343' title='bbox 1230 614 1285 651; x_wconf 84' lang='grc'>(20)</span> <span class='ocrx_word' id='word_1_344' title='bbox 1305 621 1356 647; x_wconf 85' lang='lat' dir='ltr'><strong>est,</strong></span> <span class='ocrx_word' id='word_1_345' title='bbox 1375 625 1384 641; x_wconf 83' lang='grc' dir='ltr'><strong>ι</strong></span> <span class='ocrx_word' id='word_1_346' title='bbox 1406 619 1434 641; x_wconf 91' lang='lat' dir='ltr'><strong>ut</strong></span> <span class='ocrx_word' id='word_1_347' title='bbox 1459 613 1603 649; x_wconf 84' lang='lat' dir='ltr'><strong>Apostolus</strong></span> <span class='ocrx_word' id='word_1_348' title='bbox 1620 613 1667 646; x_wconf 92' lang='lat' dir='ltr'><strong>ait,</strong></span> <span class='ocrx_word' id='word_1_349' title='bbox 1696 621 1706 638; x_wconf 87' lang='grc'><strong>‹</strong></span> <span class='ocrx_word' id='word_1_350' title='bbox 1723 613 1764 639; x_wconf 85' lang='lat' dir='ltr'><strong>in—</strong></span> 
     </span>
    </p>
   </div>
   <div class='ocr_carea' id='block_1_44' title="bbox 979 658 1762 694">
    <p class='ocr_par' dir='ltr' id='par_1_44' title="bbox 979 658 1762 694">
     <span class='ocr_line' id='line_1_44' title="bbox 979 658 1762 694; baseline -0.006 -6"><span class='ocrx_word' id='word_1_351' title='bbox 979 661 1071 688; x_wconf 83' lang='lat' dir='ltr'><strong>cidere</strong></span> <span class='ocrx_word' id='word_1_352' title='bbox 1095 661 1120 688; x_wconf 94' lang='lat' dir='ltr'><strong>in</strong></span> <span class='ocrx_word' id='word_1_353' title='bbox 1146 669 1240 688; x_wconf 80' lang='lat' dir='ltr'><strong>iuanus</strong></span> <span class='ocrx_word' id='word_1_354' title='bbox 1256 661 1303 688; x_wconf 85' lang='lat' dir='ltr'><strong>Dei</strong></span> <span class='ocrx_word' id='word_1_355' title='bbox 1318 661 1452 689; x_wconf 78' lang='lat' dir='ltr'><strong>viventis:</strong></span> <span class='ocrx_word' id='word_1_356' title='bbox 1470 670 1479 686; x_wconf 71' lang='grc' dir='ltr'><strong>ι</strong></span> <span class='ocrx_word' id='word_1_357' title='bbox 1496 660 1570 688; x_wconf 90' lang='lat' dir='ltr'><strong>illius</strong></span> <span class='ocrx_word' id='word_1_358' title='bbox 1591 666 1696 694; x_wconf 85' lang='lat' dir='ltr'><strong>nempe,</strong></span> <span class='ocrx_word' id='word_1_359' title='bbox 1717 658 1762 692; x_wconf 95' lang='lat' dir='ltr'><strong>qui</strong></span> 
     </span>
    </p>
   </div>
   <div class='ocr_carea' id='block_1_45' title="bbox 980 705 1762 742">
    <p class='ocr_par' dir='ltr' id='par_1_45' title="bbox 980 705 1762 742">
     <span class='ocr_line' id='line_1_45' title="bbox 980 705 1762 742; baseline -0.004 -10"><span class='ocrx_word' id='word_1_360' title='bbox 980 706 1005 733; x_wconf 92' lang='lat' dir='ltr'><strong>in</strong></span> <span class='ocrx_word' id='word_1_361' title='bbox 1023 714 1084 733; x_wconf 83' lang='lat' dir='ltr'><strong>xux</strong></span> <span class='ocrx_word' id='word_1_362' title='bbox 1102 707 1207 742; x_wconf 86' lang='lat' dir='ltr'><strong>psalmo</strong></span> <span class='ocrx_word' id='word_1_363' title='bbox 1228 706 1314 740; x_wconf 85' lang='lat' dir='ltr'><strong>inquit</strong></span> <span class='ocrx_word' id='word_1_364' title='bbox 1329 713 1337 733; x_wconf 84' lang='lat'><strong>:</strong></span> <span class='ocrx_word' id='word_1_365' title='bbox 1355 715 1364 731; x_wconf 85' lang='lat' dir='ltr'><strong>t</strong></span> <span class='ocrx_word' id='word_1_366' title='bbox 1378 705 1495 741; x_wconf 78' lang='lat' dir='ltr'><strong>Arguam</strong></span> <span class='ocrx_word' id='word_1_367' title='bbox 1511 705 1579 741; x_wconf 82' lang='grc'>(21),</span> <span class='ocrx_word' id='word_1_368' title='bbox 1600 709 1627 732; x_wconf 88' lang='lat' dir='ltr'><strong>et</strong></span> <span class='ocrx_word' id='word_1_369' title='bbox 1648 708 1762 731; x_wconf 87' lang='lat' dir='ltr'><strong>statuam</strong></span> 
     </span>
    </p>
   </div>
   <div class='ocr_carea' id='block_1_46' title="bbox 978 749 1764 787">
    <p class='ocr_par' dir='ltr' id='par_1_46' title="bbox 978 749 1764 787">
     <span class='ocr_line' id='line_1_46' title="bbox 978 749 1764 787; baseline -0.004 -9"><span class='ocrx_word' id='word_1_370' title='bbox 978 756 1072 778; x_wconf 89' lang='lat' dir='ltr'><strong>contra</strong></span> <span class='ocrx_word' id='word_1_371' title='bbox 1097 751 1192 779; x_wconf 79' lang='lat' dir='ltr'><strong>faciem</strong></span> <span class='ocrx_word' id='word_1_372' title='bbox 1215 757 1286 779; x_wconf 94' lang='lat' dir='ltr'><strong>tuam</strong></span> <span class='ocrx_word' id='word_1_373' title='bbox 1316 755 1425 787; x_wconf 88' lang='lat' dir='ltr'><strong>peccata</strong></span> <span class='ocrx_word' id='word_1_374' title='bbox 1451 756 1506 778; x_wconf 89' lang='lat' dir='ltr'><strong>tua.</strong></span> <span class='ocrx_word' id='word_1_375' title='bbox 1522 760 1530 776; x_wconf 78' lang='grc' dir='ltr'><strong>ι</strong></span> <span class='ocrx_word' id='word_1_376' title='bbox 1549 750 1619 783; x_wconf 79' lang='lat' dir='ltr'><strong>Quin</strong></span> <span class='ocrx_word' id='word_1_377' title='bbox 1646 749 1764 776; x_wconf 73' lang='lat' dir='ltr'><strong>Michteae</strong></span> 
     </span>
    </p>
   </div>
   <div class='ocr_carea' id='block_1_47' title="bbox 979 788 1762 831">
    <p class='ocr_par' dir='ltr' id='par_1_47' title="bbox 979 788 1762 831">
     <span class='ocr_line' id='line_1_47' title="bbox 979 788 1762 831; baseline -0.004 -9"><span class='ocrx_word' id='word_1_378' title='bbox 979 788 1085 830; x_wconf 72' lang='lat' dir='ltr'><strong>quoque</strong></span> <span class='ocrx_word' id='word_1_379' title='bbox 1106 796 1260 831; x_wconf 84' lang='lat' dir='ltr'><strong>prophetia,</strong></span> <span class='ocrx_word' id='word_1_380' title='bbox 1280 804 1340 831; x_wconf 76' lang='lat' dir='ltr'><strong>qua:</strong></span> <span class='ocrx_word' id='word_1_381' title='bbox 1363 796 1444 831; x_wconf 86' lang='lat' dir='ltr'><strong>paulo</strong></span> <span class='ocrx_word' id='word_1_382' title='bbox 1458 800 1521 823; x_wconf 87' lang='lat' dir='ltr'><strong>ante</strong></span> <span class='ocrx_word' id='word_1_383' title='bbox 1537 795 1592 831; x_wconf 81' lang='grc'>(22)</span> <span class='ocrx_word' id='word_1_384' title='bbox 1612 794 1692 821; x_wconf 84' lang='lat' dir='ltr'><strong>allata</strong></span> <span class='ocrx_word' id='word_1_385' title='bbox 1710 798 1762 827; x_wconf 77' lang='lat' dir='ltr'><strong>est,</strong></span> 
     </span>
    </p>
   </div>
   <div class='ocr_carea' id='block_1_48' title="bbox 979 841 1762 876">
    <p class='ocr_par' dir='ltr' id='par_1_48' title="bbox 979 841 1762 876">
     <span class='ocr_line' id='line_1_48' title="bbox 979 841 1762 876; baseline 0 -8"><span class='ocrx_word' id='word_1_386' title='bbox 979 842 1030 868; x_wconf 94' lang='lat' dir='ltr'><strong>hoc</strong></span> <span class='ocrx_word' id='word_1_387' title='bbox 1045 842 1131 876; x_wconf 87' lang='lat' dir='ltr'><strong>ipsum</strong></span> <span class='ocrx_word' id='word_1_388' title='bbox 1147 842 1295 876; x_wconf 81' lang='lat' dir='ltr'><strong>capitulum</strong></span> <span class='ocrx_word' id='word_1_389' title='bbox 1328 847 1551 876; x_wconf 73' lang='lat' dir='ltr'><strong>argumentumve</strong></span> <span class='ocrx_word' id='word_1_390' title='bbox 1609 841 1762 868; x_wconf 78' lang='lat' dir='ltr'><strong>confirmat-</strong></span> 
     </span>
    </p>
   </div>
   <div class='ocr_carea' id='block_1_49' title="bbox 979 886 1764 922">
    <p class='ocr_par' dir='ltr' id='par_1_49' title="bbox 979 886 1764 922">
     <span class='ocr_line' id='line_1_49' title="bbox 979 886 1764 922; baseline -0.004 -8"><span class='ocrx_word' id='word_1_391' title='bbox 979 887 1106 920; x_wconf 73' lang='lat' dir='ltr'><strong>Quzenam</strong></span> <span class='ocrx_word' id='word_1_392' title='bbox 1121 895 1185 915; x_wconf 91' lang='lat' dir='ltr'><strong>vero</strong></span> <span class='ocrx_word' id='word_1_393' title='bbox 1208 887 1324 915; x_wconf 86' lang='lat' dir='ltr'><strong>validior</strong></span> <span class='ocrx_word' id='word_1_394' title='bbox 1345 888 1378 915; x_wconf 87' lang='lat' dir='ltr'><strong>ad</strong></span> <span class='ocrx_word' id='word_1_395' title='bbox 1395 888 1445 915; x_wconf 91' lang='lat' dir='ltr'><strong>hoc</strong></span> <span class='ocrx_word' id='word_1_396' title='bbox 1467 887 1633 922; x_wconf 85' lang='lat' dir='ltr'><strong>probandum</strong></span> <span class='ocrx_word' id='word_1_397' title='bbox 1652 886 1764 912; x_wconf 81' lang='lat' dir='ltr'><strong>demon-</strong></span> 
     </span>
    </p>
   </div>
   <div class='ocr_carea' id='block_1_50' title="bbox 978 933 1761 968">
    <p class='ocr_par' dir='ltr' id='par_1_50' title="bbox 978 933 1761 968">
     <span class='ocr_line' id='line_1_50' title="bbox 978 933 1761 968; baseline -0.004 -8"><span class='ocrx_word' id='word_1_398' title='bbox 978 934 1074 960; x_wconf 85' lang='lat' dir='ltr'><strong>stratio</strong></span> <span class='ocrx_word' id='word_1_399' title='bbox 1097 933 1186 960; x_wconf 78' lang='lat' dir='ltr'><strong>all‘erri</strong></span> <span class='ocrx_word' id='word_1_400' title='bbox 1212 939 1311 968; x_wconf 84' lang='lat' dir='ltr'><strong>potest,</strong></span> <span class='ocrx_word' id='word_1_401' title='bbox 1337 941 1417 968; x_wconf 84' lang='lat' dir='ltr'><strong>quant</strong></span> <span class='ocrx_word' id='word_1_402' title='bbox 1445 941 1504 966; x_wconf 83' lang='lat' dir='ltr'><strong>quae</strong></span> <span class='ocrx_word' id='word_1_403' title='bbox 1528 933 1635 960; x_wconf 85' lang='lat' dir='ltr'><strong>ducitur</strong></span> <span class='ocrx_word' id='word_1_404' title='bbox 1662 939 1694 958; x_wconf 82' lang='lat' dir='ltr'><strong>cx</strong></span> <span class='ocrx_word' id='word_1_405' title='bbox 1719 937 1761 961; x_wconf 88' lang='lat' dir='ltr'><strong>eo,</strong></span> 
     </span>
    </p>
   </div>
   <div class='ocr_carea' id='block_1_51' title="bbox 978 975 1763 1013">
    <p class='ocr_par' dir='ltr' id='par_1_51' title="bbox 978 975 1763 1013">
     <span class='ocr_line' id='line_1_51' title="bbox 978 975 1763 1013; baseline -0.004 -8"><span class='ocrx_word' id='word_1_406' title='bbox 978 980 1048 1013; x_wconf 87' lang='lat' dir='ltr'><strong>quod</strong></span> <span class='ocrx_word' id='word_1_407' title='bbox 1067 979 1191 1006; x_wconf 86' lang='lat' dir='ltr'><strong>Salvator</strong></span> <span class='ocrx_word' id='word_1_408' title='bbox 1207 979 1275 1012; x_wconf 88' lang='lat' dir='ltr'><strong>apud</strong></span> <span class='ocrx_word' id='word_1_409' title='bbox 1292 978 1423 1006; x_wconf 73' lang='lat' dir='ltr'><strong>Joannem</strong></span> <span class='ocrx_word' id='word_1_410' title='bbox 1442 979 1474 1005; x_wconf 90' lang='lat' dir='ltr'><strong>de</strong></span> <span class='ocrx_word' id='word_1_411' title='bbox 1491 978 1591 1012; x_wconf 86' lang='lat' dir='ltr'><strong>Spiritu</strong></span> <span class='ocrx_word' id='word_1_412' title='bbox 1612 980 1707 1004; x_wconf 76' lang='lat' dir='ltr'><strong>saneto</strong></span> <span class='ocrx_word' id='word_1_413' title='bbox 1725 975 1763 1002; x_wconf 88' lang='lat' dir='ltr'><strong>sic</strong></span> 
     </span>
    </p>
   </div>
   <div class='ocr_carea' id='block_1_52' title="bbox 978 1022 1763 1059">
    <p class='ocr_par' dir='ltr' id='par_1_52' title="bbox 978 1022 1763 1059">
     <span class='ocr_line' id='line_1_52' title="bbox 978 1022 1763 1059; baseline -0.006 -7"><span class='ocrx_word' id='word_1_414' title='bbox 978 1027 1101 1059; x_wconf 82' lang='lat' dir='ltr'><strong>loquatur</strong></span> <span class='ocrx_word' id='word_1_415' title='bbox 1116 1034 1122 1052; x_wconf 90' lang='lat'>:</span> <span class='ocrx_word' id='word_1_416' title='bbox 1139 1034 1148 1051; x_wconf 88' lang='grc'><strong>‹</strong></span> <span class='ocrx_word' id='word_1_417' title='bbox 1173 1024 1219 1052; x_wconf 91' lang='lat' dir='ltr'><strong>llle</strong></span> <span class='ocrx_word' id='word_1_418' title='bbox 1243 1024 1299 1059; x_wconf 77' lang='grc'>(25)</span> <span class='ocrx_word' id='word_1_419' title='bbox 1323 1024 1432 1052; x_wconf 83' lang='lat' dir='ltr'><strong>veniens</strong></span> <span class='ocrx_word' id='word_1_420' title='bbox 1454 1029 1548 1058; x_wconf 79' lang='lat' dir='ltr'><strong>arguet</strong></span> <span class='ocrx_word' id='word_1_421' title='bbox 1579 1024 1705 1050; x_wconf 84' lang='lat' dir='ltr'><strong>mundum</strong></span> <span class='ocrx_word' id='word_1_422' title='bbox 1731 1022 1763 1048; x_wconf 81' lang='lat' dir='ltr'><strong>de</strong></span> 
     </span>
    </p>
   </div>
   <div class='ocr_carea' id='block_1_53' title="bbox 978 1072 1560 1109">
    <p class='ocr_par' dir='ltr' id='par_1_53' title="bbox 978 1072 1560 1109">
     <span class='ocr_line' id='line_1_53' title="bbox 978 1072 1560 1109; baseline -0.003 -10"><span class='ocrx_word' id='word_1_423' title='bbox 978 1078 1099 1107; x_wconf 72' lang='lat' dir='ltr'><strong>pet-cato,</strong></span> <span class='ocrx_word' id='word_1_424' title='bbox 1114 1078 1141 1100; x_wconf 88' lang='lat' dir='ltr'><strong>et</strong></span> <span class='ocrx_word' id='word_1_425' title='bbox 1157 1074 1317 1109; x_wconf 85' lang='lat' dir='ltr'><strong>dejustilia,</strong></span> <span class='ocrx_word' id='word_1_426' title='bbox 1329 1078 1355 1100; x_wconf 92' lang='lat' dir='ltr'><strong>et</strong></span> <span class='ocrx_word' id='word_1_427' title='bbox 1373 1073 1404 1100; x_wconf 93' lang='lat' dir='ltr'><strong>de</strong></span> <span class='ocrx_word' id='word_1_428' title='bbox 1416 1072 1536 1107; x_wconf 88' lang='lat' dir='ltr'><strong>judicio?</strong></span> <span class='ocrx_word' id='word_1_429' title='bbox 1551 1081 1560 1097; x_wconf 76' lang='grc' dir='ltr'><strong>ι</strong></span> 
     </span>
    </p>
   </div>
   <div class='ocr_carea' id='block_1_54' title="bbox 1014 1115 1764 1153">
    <p class='ocr_par' dir='ltr' id='par_1_54' title="bbox 1014 1115 1764 1153">
     <span class='ocr_line' id='line_1_54' title="bbox 1014 1115 1764 1153; baseline -0.005 -7"><span class='ocrx_word' id='word_1_430' title='bbox 1014 1119 1046 1147; x_wconf 84' lang='grc' dir='ltr'>Χ.</span> <span class='ocrx_word' id='word_1_431' title='bbox 1067 1118 1134 1152; x_wconf 84' lang='lat' dir='ltr'><strong>Quia</strong></span> <span class='ocrx_word' id='word_1_432' title='bbox 1158 1119 1189 1151; x_wconf 51' lang='lat' dir='ltr'><strong>in,</strong></span> <span class='ocrx_word' id='word_1_433' title='bbox 1206 1127 1332 1153; x_wconf 88' lang='lat' dir='ltr'><strong>suprema</strong></span> <span class='ocrx_word' id='word_1_434' title='bbox 1348 1119 1465 1153; x_wconf 85' lang='lat' dir='ltr'><strong>Spiritus</strong></span> <span class='ocrx_word' id='word_1_435' title='bbox 1478 1117 1563 1145; x_wconf 80' lang='lat' dir='ltr'><strong>sancti</strong></span> <span class='ocrx_word' id='word_1_436' title='bbox 1589 1117 1688 1144; x_wconf 69' lang='lat' dir='ltr'><strong>virtute.</strong></span> <span class='ocrx_word' id='word_1_437' title='bbox 1704 1115 1764 1150; x_wconf 84' lang='lat' dir='ltr'><strong>Ely-</strong></span> 
     </span>
    </p>
   </div>
   <div class='ocr_carea' id='block_1_55' title="bbox 978 1162 1764 1199">
    <p class='ocr_par' dir='ltr' id='par_1_55' title="bbox 978 1162 1764 1199">
     <span class='ocr_line' id='line_1_55' title="bbox 978 1162 1764 1199; baseline -0.006 -7"><span class='ocrx_word' id='word_1_438' title='bbox 978 1172 1036 1192; x_wconf 91' lang='lat' dir='ltr'><strong>tnas</strong></span> <span class='ocrx_word' id='word_1_439' title='bbox 1051 1165 1096 1192; x_wconf 90' lang='lat' dir='ltr'><strong>ille</strong></span> <span class='ocrx_word' id='word_1_440' title='bbox 1119 1171 1212 1199; x_wconf 83' lang='lat' dir='ltr'><strong>magus</strong></span> <span class='ocrx_word' id='word_1_441' title='bbox 1232 1169 1387 1192; x_wconf 83' lang='lat' dir='ltr'><strong>sanctorum</strong></span> <span class='ocrx_word' id='word_1_442' title='bbox 1403 1164 1498 1195; x_wconf 83' lang='lat' dir='ltr'><strong>hostis,</strong></span> <span class='ocrx_word' id='word_1_443' title='bbox 1516 1170 1547 1189; x_wconf 87' lang='lat' dir='ltr'><strong>ac</strong></span> <span class='ocrx_word' id='word_1_444' title='bbox 1562 1162 1683 1189; x_wconf 85' lang='lat' dir='ltr'><strong>veritatis</strong></span> <span class='ocrx_word' id='word_1_445' title='bbox 1703 1169 1764 1188; x_wconf 87' lang='lat' dir='ltr'><strong>cor-</strong></span> 
     </span>
    </p>
   </div>
   <div class='ocr_carea' id='block_1_56' title="bbox 978 1208 1762 1245">
    <p class='ocr_par' dir='ltr' id='par_1_56' title="bbox 978 1208 1762 1245">
     <span class='ocr_line' id='line_1_56' title="bbox 978 1208 1762 1245; baseline -0.006 -9"><span class='ocrx_word' id='word_1_446' title='bbox 978 1215 1082 1245; x_wconf 85' lang='lat' dir='ltr'><strong>ruptor.</strong></span> <span class='ocrx_word' id='word_1_447' title='bbox 1106 1211 1191 1238; x_wconf 85' lang='lat' dir='ltr'><strong>verbo</strong></span> <span class='ocrx_word' id='word_1_448' title='bbox 1213 1218 1227 1238; x_wconf 93' lang='lat' dir='ltr'><strong>a</strong></span> <span class='ocrx_word' id='word_1_449' title='bbox 1253 1209 1336 1237; x_wconf 85' lang='lat' dir='ltr'><strong>Paulo</strong></span> <span class='ocrx_word' id='word_1_450' title='bbox 1366 1209 1392 1236; x_wconf 93' lang='lat' dir='ltr'><strong>in</strong></span> <span class='ocrx_word' id='word_1_451' title='bbox 1416 1208 1506 1244; x_wconf 85' lang='lat' dir='ltr'><strong>Cypro</strong></span> <span class='ocrx_word' id='word_1_452' title='bbox 1533 1211 1684 1234; x_wconf 75' lang='lat' dir='ltr'><strong>excaecatus</strong></span> <span class='ocrx_word' id='word_1_453' title='bbox 1712 1208 1762 1232; x_wconf 79' lang='lat' dir='ltr'><strong>est.</strong></span> 
     </span>
    </p>
   </div>
   <div class='ocr_carea' id='block_1_57' title="bbox 979 1251 1764 1291">
    <p class='ocr_par' dir='ltr' id='par_1_57' title="bbox 979 1251 1764 1291">
     <span class='ocr_line' id='line_1_57' title="bbox 979 1251 1764 1291; baseline -0.008 -7"><span class='ocrx_word' id='word_1_454' title='bbox 979 1256 1120 1291; x_wconf 87' lang='lat' dir='ltr'><strong>Scriptura</strong></span> <span class='ocrx_word' id='word_1_455' title='bbox 1133 1257 1206 1284; x_wconf 90' lang='lat' dir='ltr'><strong>enim</strong></span> <span class='ocrx_word' id='word_1_456' title='bbox 1222 1261 1251 1284; x_wconf 88' lang='lat' dir='ltr'><strong>ut</strong></span> <span class='ocrx_word' id='word_1_457' title='bbox 1265 1256 1336 1283; x_wconf 89' lang='lat' dir='ltr'><strong>illam</strong></span> <span class='ocrx_word' id='word_1_458' title='bbox 1353 1255 1481 1282; x_wconf 89' lang='lat' dir='ltr'><strong>virtutem</strong></span> <span class='ocrx_word' id='word_1_459' title='bbox 1496 1253 1619 1281; x_wconf 86' lang='lat' dir='ltr'><strong>ostendat</strong></span> <span class='ocrx_word' id='word_1_460' title='bbox 1631 1260 1690 1279; x_wconf 86' lang='lat' dir='ltr'><strong>esse</strong></span> <span class='ocrx_word' id='word_1_461' title='bbox 1704 1251 1764 1286; x_wconf 86' lang='lat' dir='ltr'><strong>Spi-</strong></span> 
     </span>
    </p>
   </div>
   <div class='ocr_carea' id='block_1_58' title="bbox 978 1298 1764 1336">
    <p class='ocr_par' dir='ltr' id='par_1_58' title="bbox 978 1298 1764 1336">
     <span class='ocr_line' id='line_1_58' title="bbox 978 1298 1764 1336; baseline -0.008 -6"><span class='ocrx_word' id='word_1_462' title='bbox 978 1303 1046 1330; x_wconf 88' lang='lat' dir='ltr'><strong>ritus</strong></span> <span class='ocrx_word' id='word_1_463' title='bbox 1059 1303 1156 1335; x_wconf 86' lang='lat' dir='ltr'><strong>sancti,</strong></span> <span class='ocrx_word' id='word_1_464' title='bbox 1173 1302 1247 1330; x_wconf 85' lang='lat' dir='ltr'><strong>hisce</strong></span> <span class='ocrx_word' id='word_1_465' title='bbox 1257 1302 1348 1329; x_wconf 81' lang='lat' dir='ltr'><strong>verbis</strong></span> <span class='ocrx_word' id='word_1_466' title='bbox 1361 1301 1480 1336; x_wconf 89' lang='lat' dir='ltr'><strong>loquitur</strong></span> <span class='ocrx_word' id='word_1_467' title='bbox 1494 1310 1499 1327; x_wconf 90' lang='lat'><strong>:</strong></span> <span class='ocrx_word' id='word_1_468' title='bbox 1517 1309 1525 1325; x_wconf 79' lang='grc' dir='ltr'><strong>ι</strong></span> <span class='ocrx_word' id='word_1_469' title='bbox 1541 1299 1616 1326; x_wconf 88' lang='lat' dir='ltr'><strong>Tunc</strong></span> <span class='ocrx_word' id='word_1_470' title='bbox 1630 1298 1684 1333; x_wconf 78' lang='grc'>(24)</span> <span class='ocrx_word' id='word_1_471' title='bbox 1696 1298 1764 1325; x_wconf 83' lang='lat' dir='ltr'><strong>Pau-</strong></span> 
     </span>
    </p>
   </div>
   <div class='ocr_carea' id='block_1_59' title="bbox 978 1345 1764 1383">
    <p class='ocr_par' dir='ltr' id='par_1_59' title="bbox 978 1345 1764 1383">
     <span class='ocr_line' id='line_1_59' title="bbox 978 1345 1764 1383; baseline -0.006 -8"><span class='ocrx_word' id='word_1_472' title='bbox 978 1349 1020 1377; x_wconf 91' lang='lat' dir='ltr'><strong>lus</strong></span> <span class='ocrx_word' id='word_1_473' title='bbox 1050 1349 1168 1383; x_wconf 88' lang='lat' dir='ltr'><strong>repletus</strong></span> <span class='ocrx_word' id='word_1_474' title='bbox 1194 1349 1296 1383; x_wconf 84' lang='lat' dir='ltr'><strong>Spiritu</strong></span> <span class='ocrx_word' id='word_1_475' title='bbox 1323 1353 1418 1375; x_wconf 76' lang='lat' dir='ltr'><strong>sancto</strong></span> <span class='ocrx_word' id='word_1_476' title='bbox 1440 1347 1507 1374; x_wconf 87' lang='lat' dir='ltr'><strong>dixit</strong></span> <span class='ocrx_word' id='word_1_477' title='bbox 1531 1347 1563 1372; x_wconf 86' lang='lat' dir='ltr'><strong>ad</strong></span> <span class='ocrx_word' id='word_1_478' title='bbox 1590 1353 1651 1372; x_wconf 85' lang='lat' dir='ltr'><strong>eum</strong></span> <span class='ocrx_word' id='word_1_479' title='bbox 1672 1345 1764 1371; x_wconf 78' lang='lat' dir='ltr'><strong>:Eccc</strong></span> 
     </span>
    </p>
   </div>
   <div class='ocr_carea' id='block_1_60' title="bbox 978 1390 1764 1430">
    <p class='ocr_par' dir='ltr' id='par_1_60' title="bbox 978 1390 1764 1430">
     <span class='ocr_line' id='line_1_60' title="bbox 978 1390 1764 1430; baseline -0.01 -7"><span class='ocrx_word' id='word_1_480' title='bbox 978 1403 1075 1423; x_wconf 88' lang='lat' dir='ltr'><strong>manus</strong></span> <span class='ocrx_word' id='word_1_481' title='bbox 1088 1394 1144 1430; x_wconf 83' lang='lat'><strong>(‘25)</strong></span> <span class='ocrx_word' id='word_1_482' title='bbox 1159 1394 1264 1421; x_wconf 90' lang='lat' dir='ltr'><strong>Domini</strong></span> <span class='ocrx_word' id='word_1_483' title='bbox 1287 1401 1368 1428; x_wconf 84' lang='lat' dir='ltr'><strong>super</strong></span> <span class='ocrx_word' id='word_1_484' title='bbox 1386 1399 1421 1425; x_wconf 83' lang='lat' dir='ltr'><strong>te,</strong></span> <span class='ocrx_word' id='word_1_485' title='bbox 1436 1398 1463 1419; x_wconf 87' lang='lat' dir='ltr'><strong>et</strong></span> <span class='ocrx_word' id='word_1_486' title='bbox 1480 1392 1534 1419; x_wconf 90' lang='lat' dir='ltr'><strong>eris</strong></span> <span class='ocrx_word' id='word_1_487' title='bbox 1552 1398 1638 1418; x_wconf 70' lang='lat' dir='ltr'><strong>etccus</strong></span> <span class='ocrx_word' id='word_1_488' title='bbox 1654 1398 1706 1416; x_wconf 88' lang='lat' dir='ltr'><strong>non</strong></span> <span class='ocrx_word' id='word_1_489' title='bbox 1726 1390 1764 1415; x_wconf 85' lang='lat' dir='ltr'><strong>vi-</strong></span> 
     </span>
    </p>
   </div>
   <div class='ocr_carea' id='block_1_61' title="bbox 978 1438 1763 1473">
    <p class='ocr_par' dir='ltr' id='par_1_61' title="bbox 978 1438 1763 1473">
     <span class='ocr_line' id='line_1_61' title="bbox 978 1438 1763 1473; baseline -0.01 -4"><span class='ocrx_word' id='word_1_490' title='bbox 978 1442 1045 1469; x_wconf 85' lang='lat' dir='ltr'><strong>dens</strong></span> <span class='ocrx_word' id='word_1_491' title='bbox 1072 1441 1167 1468; x_wconf 84' lang='lat' dir='ltr'><strong>solem.</strong></span> <span class='ocrx_word' id='word_1_492' title='bbox 1184 1450 1195 1473; x_wconf 66' lang='grc' dir='ltr'><strong>ι</strong></span> <span class='ocrx_word' id='word_1_493' title='bbox 1213 1439 1316 1466; x_wconf 76' lang='lat' dir='ltr'><strong>Revera</strong></span> <span class='ocrx_word' id='word_1_494' title='bbox 1341 1440 1413 1467; x_wconf 88' lang='lat' dir='ltr'><strong>enim</strong></span> <span class='ocrx_word' id='word_1_495' title='bbox 1435 1438 1492 1465; x_wconf 84' lang='lat' dir='ltr'><strong>fieri</strong></span> <span class='ocrx_word' id='word_1_496' title='bbox 1520 1444 1572 1463; x_wconf 90' lang='lat' dir='ltr'><strong>non</strong></span> <span class='ocrx_word' id='word_1_497' title='bbox 1599 1440 1714 1471; x_wconf 86' lang='lat' dir='ltr'><strong>poterat,</strong></span> <span class='ocrx_word' id='word_1_498' title='bbox 1736 1441 1763 1461; x_wconf 89' lang='lat' dir='ltr'><strong>ut</strong></span> 
     </span>
    </p>
   </div>
   <div class='ocr_carea' id='block_1_62' title="bbox 980 1482 1762 1519">
    <p class='ocr_par' dir='ltr' id='par_1_62' title="bbox 980 1482 1762 1519">
     <span class='ocr_line' id='line_1_62' title="bbox 980 1482 1762 1519; baseline -0.009 -6"><span class='ocrx_word' id='word_1_499' title='bbox 980 1486 1089 1519; x_wconf 86' lang='lat' dir='ltr'><strong>Paulus,</strong></span> <span class='ocrx_word' id='word_1_500' title='bbox 1113 1485 1164 1512; x_wconf 92' lang='lat' dir='ltr'><strong>nisi</strong></span> <span class='ocrx_word' id='word_1_501' title='bbox 1183 1485 1310 1512; x_wconf 82' lang='lat' dir='ltr'><strong>virtutem</strong></span> <span class='ocrx_word' id='word_1_502' title='bbox 1332 1483 1448 1517; x_wconf 87' lang='lat' dir='ltr'><strong>Spiritus</strong></span> <span class='ocrx_word' id='word_1_503' title='bbox 1463 1482 1612 1512; x_wconf 83' lang='lat' dir='ltr'><strong>habuisset,</strong></span> <span class='ocrx_word' id='word_1_504' title='bbox 1632 1489 1691 1516; x_wconf 78' lang='lat' dir='ltr'><strong>qna.-</strong></span> <span class='ocrx_word' id='word_1_505' title='bbox 1707 1488 1762 1507; x_wconf 92' lang='lat' dir='ltr'><strong>om-</strong></span> 
     </span>
    </p>
   </div>
   <div class='ocr_carea' id='block_1_63' title="bbox 135 1526 925 1568">
    <p class='ocr_par' dir='ltr' id='par_1_63' title="bbox 135 1526 925 1568">
     <span class='ocr_line' id='line_1_63' title="bbox 135 1526 925 1568; baseline 0.011 -16"><span class='ocrx_word' id='word_1_506' title='bbox 135 1526 224 1554; x_wconf 73' lang='grc' dir='ltr'>πάντα</span> <span class='ocrx_word' id='word_1_507' title='bbox 247 1529 410 1565; x_wconf 82' lang='grc' dir='ltr'>ἐνεργοῦσαν</span> <span class='ocrx_word' id='word_1_508' title='bbox 433 1531 557 1567; x_wconf 80' lang='grc' dir='ltr'>δύναμιν,</span> <span class='ocrx_word' id='word_1_509' title='bbox 585 1532 729 1568; x_wconf 81' lang='grc' dir='ltr'>ἀνθρώπου</span> <span class='ocrx_word' id='word_1_510' title='bbox 748 1534 925 1568; x_wconf 81' lang='grc' dir='ltr'>μαγγανείαις</span> 
     </span>
    </p>
   </div>
   <div class='ocr_carea' id='block_1_64' title="bbox 980 1526 1762 1568">
    <p class='ocr_par' dir='ltr' id='par_1_64' title="bbox 980 1527 1762 1567">
     <span class='ocr_line' id='line_1_64' title="bbox 980 1527 1762 1567; baseline -0.009 -8"><span class='ocrx_word' id='word_1_511' title='bbox 980 1533 1022 1559; x_wconf 90' lang='lat' dir='ltr'><strong>nia</strong></span> <span class='ocrx_word' id='word_1_512' title='bbox 1045 1537 1190 1567; x_wconf 88' lang='lat' dir='ltr'><strong>operatur,</strong></span> <span class='ocrx_word' id='word_1_513' title='bbox 1212 1531 1295 1558; x_wconf 87' lang='lat' dir='ltr'><strong>vcrbo</strong></span> <span class='ocrx_word' id='word_1_514' title='bbox 1322 1530 1407 1556; x_wconf 86' lang='lat' dir='ltr'><strong>visum</strong></span> <span class='ocrx_word' id='word_1_515' title='bbox 1435 1528 1551 1555; x_wconf 85' lang='lat' dir='ltr'><strong>hominis</strong></span> <span class='ocrx_word' id='word_1_516' title='bbox 1571 1527 1762 1560; x_wconf 78' lang='lat' dir='ltr'><strong>exstingueret,</strong></span> 
     </span>
    </p>
   </div>
   <div class='ocr_carea' id='block_1_65' title="bbox 137 1574 926 1615">
    <p class='ocr_par' dir='ltr' id='par_1_65' title="bbox 137 1574 926 1615">
     <span class='ocr_line' id='line_1_65' title="bbox 137 1574 926 1615; baseline 0.009 -15"><span class='ocrx_word' id='word_1_517' title='bbox 137 1574 271 1606; x_wconf 58' lang='grc' dir='ltr'>συζῶντας</span> <span class='ocrx_word' id='word_1_518' title='bbox 286 1575 334 1602; x_wconf 84' lang='grc' dir='ltr'><strong>καὶ</strong></span> <span class='ocrx_word' id='word_1_519' title='bbox 354 1576 462 1612; x_wconf 83' lang='grc' dir='ltr'>δαίμοσι</span> <span class='ocrx_word' id='word_1_520' title='bbox 481 1578 639 1610; x_wconf 77' lang='grc' dir='ltr'>πεποιθότος</span> <span class='ocrx_word' id='word_1_521' title='bbox 654 1579 685 1605; x_wconf 82' lang='grc' dir='ltr'><strong>τὸ</strong></span> <span class='ocrx_word' id='word_1_522' title='bbox 701 1578 811 1614; x_wconf 83' lang='grc' dir='ltr'>βλέπειν</span> <span class='ocrx_word' id='word_1_523' title='bbox 825 1581 926 1615; x_wconf 70' lang='grc' dir='ltr'>ῥήματι</span> 
     </span>
    </p>
   </div>
   <div class='ocr_carea' id='block_1_66' title="bbox 135 1619 296 1647">
    <p class='ocr_par' dir='ltr' id='par_1_66' title="bbox 135 1619 296 1647">
     <span class='ocr_line' id='line_1_66' title="bbox 135 1619 296 1647; baseline 0.012 -2"><span class='ocrx_word' id='word_1_524' title='bbox 135 1619 296 1647; x_wconf 71' lang='grc' dir='ltr'>ἀποσϐέσαι.</span> 
     </span>
    </p>
   </div>
   <div class='ocr_carea' id='block_1_67' title="bbox 172 1666 928 1705">
    <p class='ocr_par' dir='ltr' id='par_1_67' title="bbox 172 1666 928 1705">
     <span class='ocr_line' id='line_1_67' title="bbox 172 1666 928 1705; baseline 0.008 -14"><span class='ocrx_word' id='word_1_525' title='bbox 172 1666 223 1692; x_wconf 76' lang='lat' dir='ltr'><strong>ra&#39;.</strong></span> <span class='ocrx_word' id='word_1_526' title='bbox 243 1666 302 1693; x_wconf 78' lang='grc' dir='ltr'>’Ὀτι</span> <span class='ocrx_word' id='word_1_527' title='bbox 318 1668 350 1702; x_wconf 81' lang='grc' dir='ltr'>τῇ</span> <span class='ocrx_word' id='word_1_528' title='bbox 374 1667 487 1703; x_wconf 79' lang='grc' dir='ltr'>δυνάμει</span> <span class='ocrx_word' id='word_1_529' title='bbox 503 1669 550 1696; x_wconf 80' lang='grc' dir='ltr'>καὶ</span> <span class='ocrx_word' id='word_1_530' title='bbox 564 1669 655 1705; x_wconf 78' lang='grc' dir='ltr'>χάριτι</span> <span class='ocrx_word' id='word_1_531' title='bbox 676 1669 723 1696; x_wconf 87' lang='grc' dir='ltr'><strong>τοῦ</strong></span> <span class='ocrx_word' id='word_1_532' title='bbox 747 1670 826 1704; x_wconf 76' lang='grc' dir='ltr'>ἁγίου</span> <span class='ocrx_word' id='word_1_533' title='bbox 846 1670 928 1697; x_wconf 71' lang='lat' dir='ltr'><strong>Ilvati-</strong></span> 
     </span>
    </p>
   </div>
   <div class='ocr_carea' id='block_1_68' title="bbox 138 1713 927 1752">
    <p class='ocr_par' dir='ltr' id='par_1_68' title="bbox 138 1713 927 1752">
     <span class='ocr_line' id='line_1_68' title="bbox 138 1713 927 1752; baseline 0.009 -15"><span class='ocrx_word' id='word_1_534' title='bbox 138 1721 222 1747; x_wconf 67' lang='grc' dir='ltr'>ματος</span> <span class='ocrx_word' id='word_1_535' title='bbox 247 1713 466 1748; x_wconf 81' lang='grc' dir='ltr'>ἀναπτυχθέντες</span> <span class='ocrx_word' id='word_1_536' title='bbox 493 1715 518 1742; x_wconf 84' lang='lat' dir='ltr'><strong>oi</strong></span> <span class='ocrx_word' id='word_1_537' title='bbox 546 1716 666 1751; x_wconf 67' lang='grc' dir='ltr'>οὐρανοὶ,</span> <span class='ocrx_word' id='word_1_538' title='bbox 691 1715 822 1752; x_wconf 72' lang='grc' dir='ltr'>ὤφθησαν</span> <span class='ocrx_word' id='word_1_539' title='bbox 838 1716 876 1752; x_wconf 84' lang='grc' dir='ltr'>τῷ</span> <span class='ocrx_word' id='word_1_540' title='bbox 891 1717 927 1744; x_wconf 88' lang='grc' dir='ltr'><strong>δι-</strong></span> 
     </span>
    </p>
   </div>
   <div class='ocr_carea' id='block_1_69' title="bbox 138 1759 927 1798">
    <p class='ocr_par' dir='ltr' id='par_1_69' title="bbox 138 1759 927 1798">
     <span class='ocr_line' id='line_1_69' title="bbox 138 1759 927 1798; baseline 0.005 -13"><span class='ocrx_word' id='word_1_541' title='bbox 138 1759 219 1791; x_wconf 83' lang='grc' dir='ltr'>πλοῦς</span> <span class='ocrx_word' id='word_1_542' title='bbox 235 1759 383 1794; x_wconf 79' lang='grc' dir='ltr'>στεφάνους</span> <span class='ocrx_word' id='word_1_543' title='bbox 396 1761 593 1797; x_wconf 83' lang='grc' dir='ltr'>ἀναδησαμένῳ</span> <span class='ocrx_word' id='word_1_544' title='bbox 603 1762 755 1798; x_wconf 82' lang='grc' dir='ltr'>ἀποστολῆς</span> <span class='ocrx_word' id='word_1_545' title='bbox 766 1763 812 1789; x_wconf 77' lang='grc' dir='ltr'>καὶ</span> <span class='ocrx_word' id='word_1_546' title='bbox 824 1772 927 1798; x_wconf 81' lang='grc' dir='ltr'>μαρτυ-</span> 
     </span>
    </p>
   </div>
   <div class='ocr_carea' id='block_1_70' title="bbox 141 1805 926 1844">
    <p class='ocr_par' dir='ltr' id='par_1_70' title="bbox 141 1805 926 1844">
     <span class='ocr_line' id='line_1_70' title="bbox 141 1805 926 1844; baseline 0.006 -14"><span class='ocrx_word' id='word_1_547' title='bbox 141 1805 208 1840; x_wconf 76' lang='grc' dir='ltr'>ρίου.</span> <span class='ocrx_word' id='word_1_548' title='bbox 227 1806 296 1840; x_wconf 73' lang='grc' dir='ltr'><strong>Φησὶ</strong></span> <span class='ocrx_word' id='word_1_549' title='bbox 324 1807 394 1842; x_wconf 80' lang='grc' dir='ltr'>γάρ·</span> <span class='ocrx_word' id='word_1_550' title='bbox 423 1807 581 1842; x_wconf 74' lang='grc' dir='ltr'>«Στέφανος</span> <span class='ocrx_word' id='word_1_551' title='bbox 609 1807 739 1843; x_wconf 79' lang='grc' dir='ltr'>πλησθεὶς</span> <span class='ocrx_word' id='word_1_552' title='bbox 768 1808 926 1844; x_wconf 85' lang='grc' dir='ltr'>Πνεύματος</span> 
     </span>
    </p>
   </div>
   <div class='ocr_carea' id='block_1_71' title="bbox 138 1849 926 1887">
    <p class='ocr_par' dir='ltr' id='par_1_71' title="bbox 138 1849 926 1887">
     <span class='ocr_line' id='line_1_71' title="bbox 138 1849 926 1887; baseline 0.006 -12"><span class='ocrx_word' id='word_1_553' title='bbox 138 1849 213 1884; x_wconf 80' lang='grc' dir='ltr'>ἁγίου</span> <span class='ocrx_word' id='word_1_554' title='bbox 238 1849 275 1876; x_wconf 77' lang='grc' dir='ltr'><strong>ἴδε</strong></span> <span class='ocrx_word' id='word_1_555' title='bbox 297 1850 360 1882; x_wconf 77' lang='grc' dir='ltr'>τοὺς</span> <span class='ocrx_word' id='word_1_556' title='bbox 374 1851 505 1886; x_wconf 74' lang='grc' dir='ltr'>οὐρανοὺς</span> <span class='ocrx_word' id='word_1_557' title='bbox 523 1852 742 1887; x_wconf 82' lang='grc' dir='ltr'>ἀνεῳγμένους.ι</span> <span class='ocrx_word' id='word_1_558' title='bbox 759 1853 840 1879; x_wconf 83' lang='grc' dir='ltr'>Ὥστε</span> <span class='ocrx_word' id='word_1_559' title='bbox 858 1851 926 1880; x_wconf 72' lang='grc' dir='ltr'>εἶναι</span> 
     </span>
    </p>
   </div>
   <div class='ocr_carea' id='block_1_72' title="bbox 137 1895 534 1932">
    <p class='ocr_par' dir='ltr' id='par_1_72' title="bbox 137 1895 534 1932">
     <span class='ocr_line' id='line_1_72' title="bbox 137 1895 534 1932; baseline 0.005 -11"><span class='ocrx_word' id='word_1_560' title='bbox 137 1895 166 1922; x_wconf 82' lang='grc' dir='ltr'>τὸ</span> <span class='ocrx_word' id='word_1_561' title='bbox 180 1895 230 1922; x_wconf 76' lang='grc' dir='ltr'><strong>ὑπὸ</strong></span> <span class='ocrx_word' id='word_1_562' title='bbox 250 1896 363 1932; x_wconf 87' lang='grc' dir='ltr'>ἀρχαίου</span> <span class='ocrx_word' id='word_1_563' title='bbox 381 1897 534 1932; x_wconf 76' lang='grc' dir='ltr'>είρημένοψ</span> 
     </span>
    </p>
   </div>
   <div class='ocr_carea' id='block_1_73' title="bbox 186 1953 880 1990">
    <p class='ocr_par' dir='ltr' id='par_1_73' title="bbox 186 1953 880 1990">
     <span class='ocr_line' id='line_1_73' title="bbox 186 1953 880 1990; baseline 0.006 -11"><span class='ocrx_word' id='word_1_564' title='bbox 186 1953 354 1987; x_wconf 75' lang='grc' dir='ltr'>οὐρανόθεν</span> <span class='ocrx_word' id='word_1_565' title='bbox 366 1953 392 1980; x_wconf 81' lang='grc' dir='ltr'><strong>δ’</strong></span> <span class='ocrx_word' id='word_1_566' title='bbox 411 1953 456 1988; x_wconf 78' lang='grc' dir='ltr'><strong>ἄρ’</strong></span> <span class='ocrx_word' id='word_1_567' title='bbox 471 1954 621 1989; x_wconf 71' lang='grc' dir='ltr'><strong>ὑπερῤἁγη</strong></span> <span class='ocrx_word' id='word_1_568' title='bbox 638 1954 769 1988; x_wconf 73' lang='grc' dir='ltr'>ἄσπετος</span> <span class='ocrx_word' id='word_1_569' title='bbox 783 1955 880 1990; x_wconf 73' lang='grc' dir='ltr'><strong>αἰθήρ.</strong></span> 
     </span>
    </p>
   </div>
   <div class='ocr_carea' id='block_1_74' title="bbox 172 1999 923 2037">
    <p class='ocr_par' dir='ltr' id='par_1_74' title="bbox 172 1999 923 2037">
     <span class='ocr_line' id='line_1_74' title="bbox 172 1999 923 2037; baseline 0.003 -11"><span class='ocrx_word' id='word_1_570' title='bbox 172 1999 220 2026; x_wconf 81' lang='lat' dir='ltr'><strong>lB&#39;.</strong></span> <span class='ocrx_word' id='word_1_571' title='bbox 239 2000 299 2027; x_wconf 86' lang='grc' dir='ltr'>’Ότι</span> <span class='ocrx_word' id='word_1_572' title='bbox 326 2000 518 2036; x_wconf 82' lang='grc' dir='ltr'>προγινώσκει,</span> <span class='ocrx_word' id='word_1_573' title='bbox 551 2001 589 2033; x_wconf 85' lang='grc' dir='ltr'>ὡς</span> <span class='ocrx_word' id='word_1_574' title='bbox 608 2001 622 2027; x_wconf 84' lang='grc' dir='ltr'><strong>ό</strong></span> <span class='ocrx_word' id='word_1_575' title='bbox 639 2000 733 2037; x_wconf 83' lang='grc' dir='ltr'>Πατὴρ</span> <span class='ocrx_word' id='word_1_576' title='bbox 749 2001 795 2028; x_wconf 81' lang='grc' dir='ltr'><strong>καὶ</strong></span> <span class='ocrx_word' id='word_1_577' title='bbox 813 2003 828 2027; x_wconf 76' lang='grc' dir='ltr'><em>ὁ</em></span> <span class='ocrx_word' id='word_1_578' title='bbox 844 2001 923 2033; x_wconf 79' lang='grc' dir='ltr'>Υίός⁶</span> 
     </span>
    </p>
   </div>
   <div class='ocr_carea' id='block_1_75' title="bbox 139 2045 926 2082">
    <p class='ocr_par' dir='ltr' id='par_1_75' title="bbox 139 2045 926 2082">
     <span class='ocr_line' id='line_1_75' title="bbox 139 2045 926 2082; baseline 0.005 -12"><span class='ocrx_word' id='word_1_579' title='bbox 139 2045 219 2079; x_wconf 76' lang='grc' dir='ltr'>μόνης</span> <span class='ocrx_word' id='word_1_580' title='bbox 231 2045 259 2071; x_wconf 82' lang='grc' dir='ltr'><strong>δὲ</strong></span> <span class='ocrx_word' id='word_1_581' title='bbox 273 2045 368 2080; x_wconf 79' lang='grc' dir='ltr'>θεῐκῆς</span> <span class='ocrx_word' id='word_1_582' title='bbox 384 2045 492 2080; x_wconf 77' lang='grc' dir='ltr'>φύσεώς</span> <span class='ocrx_word' id='word_1_583' title='bbox 503 2046 588 2078; x_wconf 76' lang='grc' dir='ltr'>ἐστιν,</span> <span class='ocrx_word' id='word_1_584' title='bbox 608 2045 731 2082; x_wconf 78' lang='grc' dir='ltr'>ἀκριϐῶς</span> <span class='ocrx_word' id='word_1_585' title='bbox 764 2046 862 2073; x_wconf 80' lang='grc' dir='ltr'>είδέναι</span> <span class='ocrx_word' id='word_1_586' title='bbox 892 2047 926 2074; x_wconf 83' lang='grc' dir='ltr'>τὰ</span> 
     </span>
    </p>
   </div>
   <div class='ocr_carea' id='block_1_76' title="bbox 139 2083 925 2128">
    <p class='ocr_par' dir='ltr' id='par_1_76' title="bbox 139 2083 925 2128">
     <span class='ocr_line' id='line_1_76' title="bbox 139 2083 925 2128; baseline 0.006 -13"><span class='ocrx_word' id='word_1_587' title='bbox 139 2089 277 2124; x_wconf 86' lang='grc' dir='ltr'>μέλλοντα.</span> <span class='ocrx_word' id='word_1_588' title='bbox 298 2090 330 2117; x_wconf 83' lang='grc' dir='ltr'>Ἠ</span> <span class='ocrx_word' id='word_1_589' title='bbox 346 2090 400 2127; x_wconf 85' lang='grc' dir='ltr'><strong>γὰρ</strong></span> <span class='ocrx_word' id='word_1_590' title='bbox 415 2091 514 2124; x_wconf 80' lang='grc' dir='ltr'>κτίσις,</span> <span class='ocrx_word' id='word_1_591' title='bbox 545 2092 634 2119; x_wconf 81' lang='grc' dir='ltr'>πάντα</span> <span class='ocrx_word' id='word_1_592' title='bbox 652 2092 701 2128; x_wconf 85' lang='grc' dir='ltr'>μὲν</span> <span class='ocrx_word' id='word_1_593' title='bbox 720 2093 755 2120; x_wconf 79' lang='grc' dir='ltr'>τὰ</span> <span class='ocrx_word' id='word_1_594' title='bbox 766 2083 811 2127; x_wconf 48' lang='grc' dir='ltr'><strong>ἀείιὲ</strong></span> <span class='ocrx_word' id='word_1_595' title='bbox 827 2094 925 2128; x_wconf 81' lang='grc' dir='ltr'>ἑαυτῆς</span> 
     </span>
    </p>
   </div>
   <div class='ocr_carea' id='block_1_77' title="bbox 139 2135 926 2174">
    <p class='ocr_par' dir='ltr' id='par_1_77' title="bbox 139 2135 926 2174">
     <span class='ocr_line' id='line_1_77' title="bbox 139 2135 926 2174; baseline 0.004 -12"><span class='ocrx_word' id='word_1_596' title='bbox 139 2135 299 2171; x_wconf 86' lang='grc' dir='ltr'>στοχαστικά</span> <span class='ocrx_word' id='word_1_597' title='bbox 323 2137 464 2172; x_wconf 65' lang='grc' dir='ltr'>προφέρει,</span> <span class='ocrx_word' id='word_1_598' title='bbox 490 2138 578 2164; x_wconf 74' lang='grc' dir='ltr'>έκεῖνο</span> <span class='ocrx_word' id='word_1_599' title='bbox 597 2138 625 2164; x_wconf 78' lang='grc' dir='ltr'>δὲ</span> <span class='ocrx_word' id='word_1_600' title='bbox 641 2138 720 2174; x_wconf 83' lang='grc' dir='ltr'>μόνον</span> <span class='ocrx_word' id='word_1_601' title='bbox 738 2138 864 2170; x_wconf 84' lang='grc' dir='ltr'>ἀπλανῶς</span> <span class='ocrx_word' id='word_1_602' title='bbox 881 2140 926 2166; x_wconf 79' lang='grc' dir='ltr'><strong>καὶ</strong></span> 
     </span>
    </p>
   </div>
   <div class='ocr_carea' id='block_1_78' title="bbox 138 2181 925 2219">
    <p class='ocr_par' dir='ltr' id='par_1_78' title="bbox 138 2181 925 2219">
     <span class='ocr_line' id='line_1_78' title="bbox 138 2181 925 2219; baseline 0.004 -11"><span class='ocrx_word' id='word_1_603' title='bbox 138 2181 318 2217; x_wconf 80' lang='grc' dir='ltr'>ἁπαραϐἀτως</span> <span class='ocrx_word' id='word_1_604' title='bbox 350 2182 509 2217; x_wconf 78' lang='grc' dir='ltr'>προῆλέπει,</span> <span class='ocrx_word' id='word_1_605' title='bbox 532 2183 546 2210; x_wconf 83' lang='grc' dir='ltr'><strong>ὃ</strong></span> <span class='ocrx_word' id='word_1_606' title='bbox 571 2183 656 2219; x_wconf 78' lang='grc' dir='ltr'>αὐτὴν</span> <span class='ocrx_word' id='word_1_607' title='bbox 678 2184 770 2219; x_wconf 80' lang='grc' dir='ltr'>διδάξῃ</span> <span class='ocrx_word' id='word_1_608' title='bbox 794 2183 824 2211; x_wconf 78' lang='grc' dir='ltr'>τὸ</span> <span class='ocrx_word' id='word_1_609' title='bbox 849 2184 925 2219; x_wconf 77' lang='grc' dir='ltr'>ἅγιον</span> 
     </span>
    </p>
   </div>
   <div class='ocr_carea' id='block_1_79' title="bbox 138 2227 924 2265">
    <p class='ocr_par' dir='ltr' id='par_1_79' title="bbox 138 2227 924 2265">
     <span class='ocr_line' id='line_1_79' title="bbox 138 2227 924 2265; baseline 0.004 -12"><span class='ocrx_word' id='word_1_610' title='bbox 138 2227 255 2262; x_wconf 81' lang='grc' dir='ltr'>Πνεῦμα.</span> <span class='ocrx_word' id='word_1_611' title='bbox 269 2228 335 2259; x_wconf 79' lang='grc' dir='ltr'>Ταῖς</span> <span class='ocrx_word' id='word_1_612' title='bbox 351 2228 404 2264; x_wconf 85' lang='grc' dir='ltr'><strong>γὰρ</strong></span> <span class='ocrx_word' id='word_1_613' title='bbox 415 2228 498 2261; x_wconf 85' lang='grc' dir='ltr'>θείαις</span> <span class='ocrx_word' id='word_1_614' title='bbox 509 2229 614 2256; x_wconf 80' lang='grc' dir='ltr'>ἀκτῖσιν</span> <span class='ocrx_word' id='word_1_615' title='bbox 630 2230 712 2256; x_wconf 85' lang='grc' dir='ltr'>αὑτοῦ</span> <span class='ocrx_word' id='word_1_616' title='bbox 727 2230 866 2265; x_wconf 75' lang='grc' dir='ltr'>μονονουχὶ</span> <span class='ocrx_word' id='word_1_617' title='bbox 875 2231 924 2262; x_wconf 78' lang='grc' dir='ltr'>τὰς</span> 
     </span>
    </p>
   </div>
   <div class='ocr_carea' id='block_1_80' title="bbox 138 2273 924 2311">
    <p class='ocr_par' dir='ltr' id='par_1_80' title="bbox 138 2273 924 2311">
     <span class='ocr_line' id='line_1_80' title="bbox 138 2273 924 2311; baseline 0.003 -12"><span class='ocrx_word' id='word_1_618' title='bbox 138 2273 165 2299; x_wconf 84' lang='grc' dir='ltr'>ἐν</span> <span class='ocrx_word' id='word_1_619' title='bbox 178 2273 283 2309; x_wconf 69' lang='grc' dir='ltr'>οὐρανῷ</span> <span class='ocrx_word' id='word_1_620' title='bbox 298 2274 472 2309; x_wconf 78' lang='grc' dir='ltr'>καταλάμπον</span> <span class='ocrx_word' id='word_1_621' title='bbox 487 2275 625 2310; x_wconf 79' lang='grc' dir='ltr'>δυνάμεις,</span> <span class='ocrx_word' id='word_1_622' title='bbox 643 2275 710 2301; x_wconf 86' lang='grc' dir='ltr'>ἀλλὰ</span> <span class='ocrx_word' id='word_1_623' title='bbox 722 2276 770 2302; x_wconf 78' lang='grc' dir='ltr'>καὶ</span> <span class='ocrx_word' id='word_1_624' title='bbox 784 2276 838 2304; x_wconf 87' lang='grc' dir='ltr'><strong>τῶν</strong></span> <span class='ocrx_word' id='word_1_625' title='bbox 853 2277 924 2311; x_wconf 82' lang='grc' dir='ltr'>ἡμε-</span> 
     </span>
    </p>
   </div>
   <div class='ocr_carea' id='block_1_81' title="bbox 138 2317 923 2355">
    <p class='ocr_par' dir='ltr' id='par_1_81' title="bbox 138 2317 923 2355">
     <span class='ocr_line' id='line_1_81' title="bbox 138 2317 923 2355; baseline 0.005 -12"><span class='ocrx_word' id='word_1_626' title='bbox 138 2317 221 2352; x_wconf 84' lang='grc' dir='ltr'>τέρων</span> <span class='ocrx_word' id='word_1_627' title='bbox 230 2317 323 2353; x_wconf 70' lang='grc' dir='ltr'>ψυχῶν</span> <span class='ocrx_word' id='word_1_628' title='bbox 337 2318 549 2355; x_wconf 83' lang='grc' dir='ltr'>ἀπολαμπρύνον</span> <span class='ocrx_word' id='word_1_629' title='bbox 562 2320 594 2346; x_wconf 70' lang='grc' dir='ltr'>τὰ</span> <span class='ocrx_word' id='word_1_630' title='bbox 620 2320 740 2355; x_wconf 74' lang='grc' dir='ltr'>ὄμματα,</span> <span class='ocrx_word' id='word_1_631' title='bbox 754 2320 923 2347; x_wconf 79' lang='grc' dir='ltr'>ὑποδείκνυσί</span> 
     </span>
    </p>
   </div>
   <div class='ocr_carea' id='block_1_82' title="bbox 170 2395 572 2431">
    <p class='ocr_par' dir='ltr' id='par_1_82' title="bbox 170 2395 572 2431">
     <span class='ocr_line' id='line_1_82' title="bbox 170 2395 572 2431; baseline 0.005 -9"><span class='ocrx_word' id='word_1_632' title='bbox 170 2395 225 2430; x_wconf 86' lang='grc'>(18)</span> <span class='ocrx_word' id='word_1_633' title='bbox 245 2396 278 2423; x_wconf 78' lang='lat' dir='ltr'><strong>In</strong></span> <span class='ocrx_word' id='word_1_634' title='bbox 298 2397 412 2431; x_wconf 78' lang='lat' dir='ltr'><strong>Spiritu.</strong></span> <span class='ocrx_word' id='word_1_635' title='bbox 425 2397 476 2424; x_wconf 87' lang='lat' dir='ltr'><strong>lsa.</strong></span> <span class='ocrx_word' id='word_1_636' title='bbox 494 2405 529 2430; x_wconf 89' lang='lat' dir='ltr'><strong>tv,</strong></span> <span class='ocrx_word' id='word_1_637' title='bbox 543 2397 572 2424; x_wconf 73' lang='grc'><strong>4.</strong></span> 
     </span>
    </p>
   </div>
   <div class='ocr_carea' id='block_1_83' title="bbox 183 2431 835 2501">
    <p class='ocr_par' dir='ltr' id='par_1_83' title="bbox 183 2431 835 2501">
     <span class='ocr_line' id='line_1_83' title="bbox 183 2431 835 2501; baseline 0.002 -43"><span class='ocrx_word' id='word_1_638' title='bbox 183 2431 227 2501; x_wconf 65' lang='lat' dir='ltr'><strong>l9)</strong></span> <span class='ocrx_word' id='word_1_639' title='bbox 243 2431 300 2464; x_wconf 82' lang='lat' dir='ltr'><strong>Quo</strong></span> <span class='ocrx_word' id='word_1_640' title='bbox 315 2433 367 2459; x_wconf 83' lang='lat' dir='ltr'><strong>ibo.</strong></span> <span class='ocrx_word' id='word_1_641' title='bbox 382 2432 453 2460; x_wconf 76' lang='lat' dir='ltr'><strong>Psal.</strong></span> <span class='ocrx_word' id='word_1_642' title='bbox 467 2439 586 2465; x_wconf 70' lang='lat' dir='ltr'><strong>cuxvn,</strong></span> <span class='ocrx_word' id='word_1_643' title='bbox 601 2440 672 2460; x_wconf 87' lang='lat' dir='ltr'><strong>vers.</strong></span> <span class='ocrx_word' id='word_1_644' title='bbox 687 2433 704 2459; x_wconf 80' lang='grc'>6</span> <span class='ocrx_word' id='word_1_645' title='bbox 721 2433 780 2466; x_wconf 82' lang='lat' dir='ltr'><strong>(seu</strong></span> <span class='ocrx_word' id='word_1_646' title='bbox 797 2433 835 2467; x_wconf 83' lang='lat'><strong>7).</strong></span> 
     </span>
     <span class='ocr_line' id='line_1_84' title="bbox 183 2466 578 2498; baseline 0.003 -5"><span class='ocrx_word' id='word_1_647' title='bbox 183 2466 216 2493; x_wconf 82' lang='grc'>20</span> <span class='ocrx_word' id='word_1_648' title='bbox 244 2466 380 2494; x_wconf 76' lang='lat' dir='ltr'><strong>Terribite.</strong></span> <span class='ocrx_word' id='word_1_649' title='bbox 398 2467 478 2494; x_wconf 86' lang='lat' dir='ltr'><strong>llebr.</strong></span> <span class='ocrx_word' id='word_1_650' title='bbox 495 2476 522 2498; x_wconf 73' lang='grc' dir='ltr'>Χ,</span> <span class='ocrx_word' id='word_1_651' title='bbox 535 2467 578 2494; x_wconf 77' lang='grc'>51.</span> 
     </span>
    </p>
   </div>
   <div class='ocr_carea' id='block_1_84' title="bbox 181 2466 578 2498">
    <p class='ocr_par' dir='ltr' id='par_1_84' title="bbox 181 2466 578 2498">
     <span class='ocr_line' id='line_1_85' title="bbox 181 2466 578 2498; baseline 0.003 -5"><span class='ocrx_word' id='word_1_652' title='bbox 181 2466 227 2498; x_wconf 83' lang='grc'>20)</span> <span class='ocrx_word' id='word_1_653' title='bbox 244 2466 380 2494; x_wconf 76' lang='lat' dir='ltr'><strong>Terribite.</strong></span> <span class='ocrx_word' id='word_1_654' title='bbox 398 2467 478 2494; x_wconf 86' lang='lat' dir='ltr'><strong>llebr.</strong></span> <span class='ocrx_word' id='word_1_655' title='bbox 495 2476 522 2498; x_wconf 73' lang='grc' dir='ltr'>Χ,</span> <span class='ocrx_word' id='word_1_656' title='bbox 535 2467 578 2494; x_wconf 77' lang='grc'>51.</span> 
     </span>
    </p>
   </div>
   <div class='ocr_carea' id='block_1_85' title="bbox 171 2501 923 2537">
    <p class='ocr_par' dir='ltr' id='par_1_85' title="bbox 171 2501 923 2537">
     <span class='ocr_line' id='line_1_86' title="bbox 171 2501 923 2537; baseline 0.003 -9"><span class='ocrx_word' id='word_1_657' title='bbox 171 2502 226 2537; x_wconf 84' lang='grc'>(21)</span> <span class='ocrx_word' id='word_1_658' title='bbox 242 2502 369 2536; x_wconf 82' lang='lat' dir='ltr'><strong>Arguam.</strong></span> <span class='ocrx_word' id='word_1_659' title='bbox 385 2501 457 2530; x_wconf 80' lang='lat' dir='ltr'><strong>l&#39;sal.</strong></span> <span class='ocrx_word' id='word_1_660' title='bbox 481 2510 556 2534; x_wconf 67' lang='lat' dir='ltr'><strong>thx,</strong></span> <span class='ocrx_word' id='word_1_661' title='bbox 580 2510 651 2530; x_wconf 86' lang='lat' dir='ltr'><strong>vers.</strong></span> <span class='ocrx_word' id='word_1_662' title='bbox 670 2501 706 2528; x_wconf 85' lang='grc'><strong>22</strong></span> <span class='ocrx_word' id='word_1_663' title='bbox 729 2502 788 2536; x_wconf 84' lang='lat' dir='ltr'><strong>(seu</strong></span> <span class='ocrx_word' id='word_1_664' title='bbox 804 2503 861 2537; x_wconf 80' lang='grc'>21).</span> <span class='ocrx_word' id='word_1_665' title='bbox 879 2503 923 2530; x_wconf 81' lang='lat' dir='ltr'><strong>Ri-</strong></span> 
     </span>
    </p>
   </div>
   <div class='ocr_carea' id='block_1_86' title="bbox 139 2536 375 2571">
    <p class='ocr_par' dir='ltr' id='par_1_86' title="bbox 139 2536 375 2571">
     <span class='ocr_line' id='line_1_87' title="bbox 139 2536 375 2571; baseline 0 -7"><span class='ocrx_word' id='word_1_666' title='bbox 139 2536 187 2564; x_wconf 75' lang='lat' dir='ltr'><strong>blia</strong></span> <span class='ocrx_word' id='word_1_667' title='bbox 200 2545 206 2560; x_wconf 76' lang='grc' dir='ltr'><em>τ</em></span> <span class='ocrx_word' id='word_1_668' title='bbox 219 2537 321 2571; x_wconf 73' lang='grc' dir='ltr'>ἐλέγξω</span> <span class='ocrx_word' id='word_1_669' title='bbox 335 2545 375 2565; x_wconf 82' lang='grc' dir='ltr'><strong>σε,</strong></span> 
     </span>
    </p>
   </div>
   <div class='ocr_carea' id='block_1_87' title="bbox 181 2572 512 2607">
    <p class='ocr_par' dir='ltr' id='par_1_87' title="bbox 181 2572 512 2607">
     <span class='ocr_line' id='line_1_88' title="bbox 181 2572 512 2607; baseline 0.006 -9"><span class='ocrx_word' id='word_1_670' title='bbox 181 2572 225 2605; x_wconf 78' lang='grc'><strong>22)</strong></span> <span class='ocrx_word' id='word_1_671' title='bbox 238 2574 313 2600; x_wconf 71' lang='lat' dir='ltr'><strong>Ante.</strong></span> <span class='ocrx_word' id='word_1_672' title='bbox 331 2573 421 2607; x_wconf 80' lang='lat' dir='ltr'><strong>chm.</strong></span> <span class='ocrx_word' id='word_1_673' title='bbox 438 2572 473 2599; x_wconf 89' lang='lat'><strong>88</strong></span> <span class='ocrx_word' id='word_1_674' title='bbox 485 2580 512 2600; x_wconf 87' lang='lat' dir='ltr'><strong>a.</strong></span> 
     </span>
    </p>
   </div>
   <div class='ocr_carea' id='block_1_88' title="bbox 180 2607 516 2642">
    <p class='ocr_par' dir='ltr' id='par_1_88' title="bbox 180 2607 516 2642">
     <span class='ocr_line' id='line_1_89' title="bbox 180 2607 516 2642; baseline 0.003 -9"><span class='ocrx_word' id='word_1_675' title='bbox 180 2608 226 2642; x_wconf 79' lang='grc'>23)</span> <span class='ocrx_word' id='word_1_676' title='bbox 242 2607 302 2634; x_wconf 82' lang='lat' dir='ltr'><strong>llle.</strong></span> <span class='ocrx_word' id='word_1_677' title='bbox 321 2607 399 2634; x_wconf 76' lang='lat' dir='ltr'><strong>Joan.</strong></span> <span class='ocrx_word' id='word_1_678' title='bbox 417 2615 472 2638; x_wconf 80' lang='lat' dir='ltr'><strong>xvr,</strong></span> <span class='ocrx_word' id='word_1_679' title='bbox 490 2609 516 2634; x_wconf 85' lang='lat'><strong>8.</strong></span> 
     </span>
    </p>
   </div>
   <div class='ocr_carea' id='block_1_89' title="bbox 171 2640 922 2678">
    <p class='ocr_par' dir='ltr' id='par_1_89' title="bbox 171 2640 922 2678">
     <span class='ocr_line' id='line_1_90' title="bbox 171 2640 922 2678; baseline 0.001 -9"><span class='ocrx_word' id='word_1_680' title='bbox 171 2640 227 2678; x_wconf 65' lang='lat' dir='ltr'><strong>(2L)</strong></span> <span class='ocrx_word' id='word_1_681' title='bbox 245 2642 325 2670; x_wconf 74' lang='lat' dir='ltr'><strong>&#39;l‘unc.</strong></span> <span class='ocrx_word' id='word_1_682' title='bbox 343 2644 403 2670; x_wconf 80' lang='lat' dir='ltr'><strong>Act.</strong></span> <span class='ocrx_word' id='word_1_683' title='bbox 417 2649 476 2674; x_wconf 85' lang='lat' dir='ltr'><strong>xtn,</strong></span> <span class='ocrx_word' id='word_1_684' title='bbox 493 2643 509 2669; x_wconf 81' lang='lat'><strong>9</strong></span> <span class='ocrx_word' id='word_1_685' title='bbox 523 2646 549 2669; x_wconf 88' lang='lat' dir='ltr'><strong>ct</strong></span> <span class='ocrx_word' id='word_1_686' title='bbox 562 2641 605 2668; x_wconf 89' lang='lat' dir='ltr'><strong>ll.</strong></span> <span class='ocrx_word' id='word_1_687' title='bbox 619 2640 695 2669; x_wconf 80' lang='lat' dir='ltr'><strong>Sacri</strong></span> <span class='ocrx_word' id='word_1_688' title='bbox 708 2643 849 2677; x_wconf 81' lang='lat' dir='ltr'><strong>scriptoris</strong></span> <span class='ocrx_word' id='word_1_689' title='bbox 862 2651 922 2670; x_wconf 69' lang='grc' dir='ltr'>γυι-</span> 
     </span>
    </p>
   </div>
   <div class='ocr_carea' id='block_1_90' title="bbox 140 2677 536 2712">
    <p class='ocr_par' dir='ltr' id='par_1_90' title="bbox 140 2677 536 2712">
     <span class='ocr_line' id='line_1_91' title="bbox 140 2677 536 2712; baseline -0.003 -8"><span class='ocrx_word' id='word_1_690' title='bbox 140 2677 168 2704; x_wconf 85' lang='lat' dir='ltr'><strong>ha</strong></span> <span class='ocrx_word' id='word_1_691' title='bbox 184 2678 209 2704; x_wconf 92' lang='lat' dir='ltr'><strong>in</strong></span> <span class='ocrx_word' id='word_1_692' title='bbox 228 2678 415 2712; x_wconf 82' lang='lat' dir='ltr'><strong>compendium</strong></span> <span class='ocrx_word' id='word_1_693' title='bbox 430 2678 536 2712; x_wconf 79' lang='lat' dir='ltr'><strong>redigit.</strong></span> 
     </span>
    </p>
   </div>
   <div class='ocr_carea' id='block_1_91' title="bbox 172 2711 851 2749">
    <p class='ocr_par' dir='ltr' id='par_1_91' title="bbox 172 2711 851 2749">
     <span class='ocr_line' id='line_1_92' title="bbox 172 2711 851 2749; baseline 0.001 -10"><span class='ocrx_word' id='word_1_694' title='bbox 172 2713 227 2749; x_wconf 56' lang='lat'><strong>(2.5)</strong></span> <span class='ocrx_word' id='word_1_695' title='bbox 249 2711 354 2749; x_wconf 52' lang='lat' dir='ltr'><strong>genus.</strong></span> <span class='ocrx_word' id='word_1_696' title='bbox 372 2712 474 2749; x_wconf 74' lang='lat' dir='ltr'><strong>Codex,</strong></span> <span class='ocrx_word' id='word_1_697' title='bbox 492 2711 522 2739; x_wconf 77' lang='lat' dir='ltr'><strong>ut</strong></span> <span class='ocrx_word' id='word_1_698' title='bbox 537 2711 615 2749; x_wconf 74' lang='lat' dir='ltr'><strong>solet,</strong></span> <span class='ocrx_word' id='word_1_699' title='bbox 631 2713 769 2749; x_wconf 29' lang='lat' dir='ltr'><strong>latptpro</strong></span> <span class='ocrx_word' id='word_1_700' title='bbox 780 2714 851 2749; x_wconf 79' lang='grc' dir='ltr'>χείρ.</span> 
     </span>
    </p>
   </div>
   <div class='ocr_carea' id='block_1_92' title="bbox 171 2746 923 2783">
    <p class='ocr_par' dir='ltr' id='par_1_92' title="bbox 171 2746 923 2783">
     <span class='ocr_line' id='line_1_93' title="bbox 171 2746 923 2783; baseline 0.003 -9"><span class='ocrx_word' id='word_1_701' title='bbox 171 2747 225 2781; x_wconf 81' lang='grc'>(26)</span> <span class='ocrx_word' id='word_1_702' title='bbox 246 2747 403 2781; x_wconf 73' lang='lat' dir='ltr'><strong>Stephanus.</strong></span> <span class='ocrx_word' id='word_1_703' title='bbox 417 2747 478 2774; x_wconf 79' lang='lat' dir='ltr'><strong>Act.</strong></span> <span class='ocrx_word' id='word_1_704' title='bbox 498 2755 543 2778; x_wconf 83' lang='lat' dir='ltr'><strong>vn,</strong></span> <span class='ocrx_word' id='word_1_705' title='bbox 555 2746 624 2774; x_wconf 73' lang='lat' dir='ltr'><strong>55et</strong></span> <span class='ocrx_word' id='word_1_706' title='bbox 635 2746 679 2774; x_wconf 78' lang='lat'><strong>56.</strong></span> <span class='ocrx_word' id='word_1_707' title='bbox 697 2746 811 2775; x_wconf 56' lang='lat' dir='ltr'><strong>sensui}.</strong></span> <span class='ocrx_word' id='word_1_708' title='bbox 827 2746 923 2783; x_wconf 68' lang='lat' dir='ltr'><strong>potius</strong></span> 
     </span>
    </p>
   </div>
   <div class='ocr_carea' id='block_1_93' title="bbox 140 2782 920 2847">
    <p class='ocr_par' dir='ltr' id='par_1_93' title="bbox 140 2782 920 2847">
     <span class='ocr_line' id='line_1_94' title="bbox 140 2782 920 2847; baseline 0.001 -37"><span class='ocrx_word' id='word_1_709' title='bbox 140 2782 212 2847; x_wconf 43' lang='grc' dir='ltr'>ἔστι</span> <span class='ocrx_word' id='word_1_710' title='bbox 226 2791 306 2818; x_wconf 89' lang='lat' dir='ltr'><strong>quam</strong></span> <span class='ocrx_word' id='word_1_711' title='bbox 332 2783 423 2815; x_wconf 84' lang='lat' dir='ltr'><strong>verba,</strong></span> <span class='ocrx_word' id='word_1_712' title='bbox 445 2783 574 2810; x_wconf 83' lang='lat' dir='ltr'><strong>omittcus</strong></span> <span class='ocrx_word' id='word_1_713' title='bbox 590 2789 620 2808; x_wconf 84' lang='lat' dir='ltr'><strong>ca</strong></span> <span class='ocrx_word' id='word_1_714' title='bbox 643 2790 702 2816; x_wconf 75' lang='lat' dir='ltr'><strong>qua:</strong></span> <span class='ocrx_word' id='word_1_715' title='bbox 722 2783 754 2810; x_wconf 89' lang='lat' dir='ltr'><strong>ad</strong></span> <span class='ocrx_word' id='word_1_716' title='bbox 784 2782 840 2812; x_wconf 84' lang='lat' dir='ltr'><strong>rem</strong></span> <span class='ocrx_word' id='word_1_717' title='bbox 869 2793 920 2811; x_wconf 91' lang='lat' dir='ltr'><strong>non</strong></span> 
     </span>
     <span class='ocr_line' id='line_1_95' title="bbox 165 2823 243 2845; baseline 0.013 -1"><span class='ocrx_word' id='word_1_718' title='bbox 165 2823 243 2845; x_wconf 78' lang='lat' dir='ltr'><strong>ciunt.</strong></span> 
     </span>
    </p>
   </div>
   <div class='ocr_carea' id='block_1_94' title="bbox 165 2823 243 2845">
    <p class='ocr_par' dir='ltr' id='par_1_94' title="bbox 165 2823 243 2845">
     <span class='ocr_line' id='line_1_96' title="bbox 165 2823 243 2845; baseline 0.013 -1"><span class='ocrx_word' id='word_1_719' title='bbox 165 2823 243 2845; x_wconf 74' lang='grc' dir='ltr'>ειιιιιι.</span> 
     </span>
    </p>
   </div>
   <div class='ocr_carea' id='block_1_95' title="bbox 978 1572 1704 1609">
    <p class='ocr_par' dir='ltr' id='par_1_95' title="bbox 978 1572 1704 1609">
     <span class='ocr_line' id='line_1_97' title="bbox 978 1572 1704 1609; baseline -0.01 -4"><span class='ocrx_word' id='word_1_720' title='bbox 978 1577 1187 1605; x_wconf 86' lang='lat' dir='ltr'><strong>incantamentis</strong></span> <span class='ocrx_word' id='word_1_721' title='bbox 1200 1575 1295 1609; x_wconf 87' lang='lat' dir='ltr'><strong>dediti,</strong></span> <span class='ocrx_word' id='word_1_722' title='bbox 1312 1580 1339 1603; x_wconf 92' lang='lat' dir='ltr'><strong>ct</strong></span> <span class='ocrx_word' id='word_1_723' title='bbox 1353 1574 1521 1603; x_wconf 72' lang='lat' dir='ltr'><strong>daemonibus</strong></span> <span class='ocrx_word' id='word_1_724' title='bbox 1534 1572 1704 1600; x_wconf 85' lang='lat' dir='ltr'><strong>contidentis.</strong></span> 
     </span>
    </p>
   </div>
   <div class='ocr_carea' id='block_1_96' title="bbox 1015 1662 1764 1702">
    <p class='ocr_par' dir='ltr' id='par_1_96' title="bbox 1015 1662 1764 1702">
     <span class='ocr_line' id='line_1_98' title="bbox 1015 1662 1764 1702; baseline -0.008 -7"><span class='ocrx_word' id='word_1_725' title='bbox 1015 1667 1060 1695; x_wconf 76' lang='lat' dir='ltr'><strong>XI.</strong></span> <span class='ocrx_word' id='word_1_726' title='bbox 1082 1667 1150 1700; x_wconf 82' lang='lat' dir='ltr'><strong>Quia</strong></span> <span class='ocrx_word' id='word_1_727' title='bbox 1169 1668 1268 1694; x_wconf 87' lang='lat' dir='ltr'><strong>virtute</strong></span> <span class='ocrx_word' id='word_1_728' title='bbox 1292 1671 1319 1694; x_wconf 93' lang='lat' dir='ltr'><strong>et</strong></span> <span class='ocrx_word' id='word_1_729' title='bbox 1333 1665 1419 1702; x_wconf 74' lang='lat' dir='ltr'><strong>gratia</strong></span> <span class='ocrx_word' id='word_1_730' title='bbox 1434 1664 1550 1699; x_wconf 84' lang='lat' dir='ltr'><strong>Spiritus</strong></span> <span class='ocrx_word' id='word_1_731' title='bbox 1565 1663 1650 1691; x_wconf 85' lang='lat' dir='ltr'><strong>sancti</strong></span> <span class='ocrx_word' id='word_1_732' title='bbox 1665 1662 1764 1690; x_wconf 85' lang='lat' dir='ltr'><strong>factum</strong></span> 
     </span>
    </p>
   </div>
   <div class='ocr_carea' id='block_1_97' title="bbox 978 1709 1764 1746">
    <p class='ocr_par' dir='ltr' id='par_1_97' title="bbox 978 1709 1764 1746">
     <span class='ocr_line' id='line_1_99' title="bbox 978 1709 1764 1746; baseline -0.008 -5"><span class='ocrx_word' id='word_1_733' title='bbox 978 1719 1029 1746; x_wconf 82' lang='lat' dir='ltr'><strong>est.</strong></span> <span class='ocrx_word' id='word_1_734' title='bbox 1058 1718 1086 1740; x_wconf 88' lang='lat' dir='ltr'><strong>ut</strong></span> <span class='ocrx_word' id='word_1_735' title='bbox 1111 1717 1245 1741; x_wconf 87' lang='lat' dir='ltr'><strong>reseratos</strong></span> <span class='ocrx_word' id='word_1_736' title='bbox 1265 1712 1347 1740; x_wconf 70' lang='lat' dir='ltr'><strong>caelos</strong></span> <span class='ocrx_word' id='word_1_737' title='bbox 1369 1712 1540 1746; x_wconf 88' lang='lat' dir='ltr'><strong>conspiceret</strong></span> <span class='ocrx_word' id='word_1_738' title='bbox 1557 1709 1636 1745; x_wconf 77' lang='lat'><strong>205</strong></span> <span class='ocrx_word' id='word_1_739' title='bbox 1655 1710 1693 1744; x_wconf 89' lang='lat' dir='ltr'><strong>is,</strong></span> <span class='ocrx_word' id='word_1_740' title='bbox 1720 1709 1764 1743; x_wconf 88' lang='lat' dir='ltr'><strong>qui</strong></span> 
     </span>
    </p>
   </div>
   <div class='ocr_carea' id='block_1_98' title="bbox 978 1757 1765 1794">
    <p class='ocr_par' dir='ltr' id='par_1_98' title="bbox 978 1757 1765 1794">
     <span class='ocr_line' id='line_1_100' title="bbox 978 1757 1765 1794; baseline -0.006 -7"><span class='ocrx_word' id='word_1_741' title='bbox 978 1759 1076 1794; x_wconf 89' lang='lat' dir='ltr'><strong>duplici</strong></span> <span class='ocrx_word' id='word_1_742' title='bbox 1090 1766 1190 1786; x_wconf 82' lang='lat' dir='ltr'><strong>corona</strong></span> <span class='ocrx_word' id='word_1_743' title='bbox 1209 1759 1350 1786; x_wconf 90' lang='lat' dir='ltr'><strong>redimitus</strong></span> <span class='ocrx_word' id='word_1_744' title='bbox 1371 1761 1422 1789; x_wconf 88' lang='lat' dir='ltr'><strong>csl,</strong></span> <span class='ocrx_word' id='word_1_745' title='bbox 1439 1757 1607 1792; x_wconf 80' lang='lat' dir='ltr'><strong>apostolatus</strong></span> <span class='ocrx_word' id='word_1_746' title='bbox 1620 1761 1648 1783; x_wconf 87' lang='lat' dir='ltr'><strong>et</strong></span> <span class='ocrx_word' id='word_1_747' title='bbox 1662 1761 1765 1791; x_wconf 87' lang='lat' dir='ltr'><strong>marly-</strong></span> 
     </span>
    </p>
   </div>
   <div class='ocr_carea' id='block_1_99' title="bbox 978 1801 1765 1837">
    <p class='ocr_par' dir='ltr' id='par_1_99' title="bbox 978 1801 1765 1837">
     <span class='ocr_line' id='line_1_101' title="bbox 978 1801 1765 1837; baseline -0.006 -5"><span class='ocrx_word' id='word_1_748' title='bbox 978 1805 1022 1832; x_wconf 87' lang='lat' dir='ltr'><strong>rii.</strong></span> <span class='ocrx_word' id='word_1_749' title='bbox 1045 1805 1089 1832; x_wconf 76' lang='lat' dir='ltr'><strong>Ait</strong></span> <span class='ocrx_word' id='word_1_750' title='bbox 1112 1805 1183 1831; x_wconf 87' lang='lat' dir='ltr'><strong>enim</strong></span> <span class='ocrx_word' id='word_1_751' title='bbox 1214 1804 1373 1837; x_wconf 85' lang='lat' dir='ltr'><strong>Scriptura:</strong></span> <span class='ocrx_word' id='word_1_752' title='bbox 1393 1812 1402 1829; x_wconf 75' lang='grc' dir='ltr'><strong>ι</strong></span> <span class='ocrx_word' id='word_1_753' title='bbox 1421 1802 1575 1837; x_wconf 85' lang='lat' dir='ltr'><strong>Stephanus</strong></span> <span class='ocrx_word' id='word_1_754' title='bbox 1597 1801 1653 1836; x_wconf 83' lang='grc'>(26)</span> <span class='ocrx_word' id='word_1_755' title='bbox 1671 1801 1765 1836; x_wconf 87' lang='lat' dir='ltr'><strong>plenus</strong></span> 
     </span>
    </p>
   </div>
   <div class='ocr_carea' id='block_1_100' title="bbox 978 1847 1765 1885">
    <p class='ocr_par' dir='ltr' id='par_1_100' title="bbox 978 1847 1765 1885">
     <span class='ocr_line' id='line_1_102' title="bbox 978 1847 1765 1885; baseline -0.006 -7"><span class='ocrx_word' id='word_1_756' title='bbox 978 1851 1081 1885; x_wconf 89' lang='lat' dir='ltr'><strong>Spiritu</strong></span> <span class='ocrx_word' id='word_1_757' title='bbox 1107 1855 1202 1877; x_wconf 87' lang='lat' dir='ltr'><strong>sancto</strong></span> <span class='ocrx_word' id='word_1_758' title='bbox 1224 1849 1291 1876; x_wconf 86' lang='lat' dir='ltr'><strong>vidit</strong></span> <span class='ocrx_word' id='word_1_759' title='bbox 1315 1848 1399 1876; x_wconf 69' lang='lat' dir='ltr'><strong>cmlos</strong></span> <span class='ocrx_word' id='word_1_760' title='bbox 1418 1853 1536 1882; x_wconf 86' lang='lat' dir='ltr'><strong>apertos.</strong></span> <span class='ocrx_word' id='word_1_761' title='bbox 1552 1857 1561 1873; x_wconf 77' lang='grc' dir='ltr'><strong>ι</strong></span> <span class='ocrx_word' id='word_1_762' title='bbox 1583 1848 1656 1874; x_wconf 79' lang='lat' dir='ltr'><strong>Adeo</strong></span> <span class='ocrx_word' id='word_1_763' title='bbox 1678 1851 1706 1873; x_wconf 88' lang='lat' dir='ltr'><strong>ut</strong></span> <span class='ocrx_word' id='word_1_764' title='bbox 1733 1847 1765 1873; x_wconf 84' lang='lat' dir='ltr'><strong>dc</strong></span> 
     </span>
    </p>
   </div>
   <div class='ocr_carea' id='block_1_101' title="bbox 978 1892 1762 1932">
    <p class='ocr_par' dir='ltr' id='par_1_101' title="bbox 978 1892 1762 1932">
     <span class='ocr_line' id='line_1_103' title="bbox 978 1892 1762 1932; baseline -0.004 -9"><span class='ocrx_word' id='word_1_765' title='bbox 978 1896 1036 1932; x_wconf 90' lang='lat' dir='ltr'><strong>ipso</strong></span> <span class='ocrx_word' id='word_1_766' title='bbox 1050 1903 1143 1924; x_wconf 87' lang='lat' dir='ltr'><strong>verum</strong></span> <span class='ocrx_word' id='word_1_767' title='bbox 1158 1896 1237 1922; x_wconf 90' lang='lat' dir='ltr'><strong>fuerit</strong></span> <span class='ocrx_word' id='word_1_768' title='bbox 1255 1895 1326 1929; x_wconf 88' lang='lat' dir='ltr'><strong>quod</strong></span> <span class='ocrx_word' id='word_1_769' title='bbox 1345 1902 1361 1922; x_wconf 86' lang='lat' dir='ltr'><strong>a</strong></span> <span class='ocrx_word' id='word_1_770' title='bbox 1377 1898 1482 1922; x_wconf 86' lang='lat' dir='ltr'><strong>vetusto</strong></span> <span class='ocrx_word' id='word_1_771' title='bbox 1493 1899 1570 1928; x_wconf 87' lang='lat' dir='ltr'><strong>poeta</strong></span> <span class='ocrx_word' id='word_1_772' title='bbox 1589 1892 1690 1920; x_wconf 89' lang='lat' dir='ltr'><strong>dictum</strong></span> <span class='ocrx_word' id='word_1_773' title='bbox 1705 1898 1762 1920; x_wconf 87' lang='lat' dir='ltr'><strong>est:</strong></span> 
     </span>
    </p>
   </div>
   <div class='ocr_carea' id='block_1_102' title="bbox 995 1954 1745 1990">
    <p class='ocr_par' dir='ltr' id='par_1_102' title="bbox 995 1954 1745 1990">
     <span class='ocr_line' id='line_1_104' title="bbox 995 1954 1745 1990; baseline -0.001 -9"><span class='ocrx_word' id='word_1_774' title='bbox 995 1954 1019 1981; x_wconf 87' lang='lat' dir='ltr'><em>E</em></span> <span class='ocrx_word' id='word_1_775' title='bbox 1032 1955 1095 1982; x_wconf 74' lang='lat' dir='ltr'><strong>uelo</strong></span> <span class='ocrx_word' id='word_1_776' title='bbox 1110 1954 1167 1990; x_wconf 88' lang='grc'>(27)</span> <span class='ocrx_word' id='word_1_777' title='bbox 1181 1959 1268 1981; x_wconf 80' lang='lat' dir='ltr'><strong>autem</strong></span> <span class='ocrx_word' id='word_1_778' title='bbox 1285 1954 1411 1981; x_wconf 70' lang='lat' dir='ltr'><strong>discissus</strong></span> <span class='ocrx_word' id='word_1_779' title='bbox 1435 1959 1471 1980; x_wconf 76' lang='grc' dir='ltr'><strong>εει</strong></span> <span class='ocrx_word' id='word_1_780' title='bbox 1490 1954 1631 1980; x_wconf 74' lang='lat' dir='ltr'><strong>immensus</strong></span> <span class='ocrx_word' id='word_1_781' title='bbox 1653 1954 1745 1980; x_wconf 78' lang='lat' dir='ltr'><strong>wther.</strong></span> 
     </span>
    </p>
   </div>
   <div class='ocr_carea' id='block_1_103' title="bbox 1013 1998 1761 2035">
    <p class='ocr_par' dir='ltr' id='par_1_103' title="bbox 1013 1998 1761 2035">
     <span class='ocr_line' id='line_1_105' title="bbox 1013 1998 1761 2035; baseline -0.001 -8"><span class='ocrx_word' id='word_1_782' title='bbox 1013 1999 1069 2028; x_wconf 73' lang='lat' dir='ltr'><strong>XII.</strong></span> <span class='ocrx_word' id='word_1_783' title='bbox 1088 2000 1154 2034; x_wconf 90' lang='lat' dir='ltr'><strong>Quia</strong></span> <span class='ocrx_word' id='word_1_784' title='bbox 1186 1999 1293 2035; x_wconf 71' lang='lat' dir='ltr'><strong>prazscit</strong></span> <span class='ocrx_word' id='word_1_785' title='bbox 1313 2004 1342 2026; x_wconf 87' lang='grc' dir='ltr'><strong>ιιι</strong></span> <span class='ocrx_word' id='word_1_786' title='bbox 1363 1999 1444 2026; x_wconf 86' lang='lat' dir='ltr'><strong>Pater</strong></span> <span class='ocrx_word' id='word_1_787' title='bbox 1468 2003 1495 2025; x_wconf 89' lang='lat' dir='ltr'><strong>et</strong></span> <span class='ocrx_word' id='word_1_788' title='bbox 1521 1998 1605 2026; x_wconf 83' lang='lat' dir='ltr'><strong>Filius</strong></span> <span class='ocrx_word' id='word_1_789' title='bbox 1633 2007 1640 2025; x_wconf 80' lang='grc' dir='ltr'><strong>ι</strong></span> <span class='ocrx_word' id='word_1_790' title='bbox 1672 1999 1761 2026; x_wconf 90' lang='lat' dir='ltr'><strong>futura</strong></span> 
     </span>
    </p>
   </div>
   <div class='ocr_carea' id='block_1_104' title="bbox 977 2044 1763 2081">
    <p class='ocr_par' dir='ltr' id='par_1_104' title="bbox 977 2044 1763 2081">
     <span class='ocr_line' id='line_1_106' title="bbox 977 2044 1763 2081; baseline -0.001 -9"><span class='ocrx_word' id='word_1_791' title='bbox 977 2050 1065 2072; x_wconf 88' lang='lat' dir='ltr'><strong>autent</strong></span> <span class='ocrx_word' id='word_1_792' title='bbox 1097 2044 1180 2081; x_wconf 86' lang='lat' dir='ltr'><strong>probe</strong></span> <span class='ocrx_word' id='word_1_793' title='bbox 1210 2051 1299 2078; x_wconf 84' lang='lat' dir='ltr'><strong>nosse,</strong></span> <span class='ocrx_word' id='word_1_794' title='bbox 1327 2044 1424 2072; x_wconf 64' lang='lat' dir='ltr'><strong>divinat</strong></span> <span class='ocrx_word' id='word_1_795' title='bbox 1445 2045 1632 2072; x_wconf 88' lang='lat' dir='ltr'><strong>tantummodo</strong></span> <span class='ocrx_word' id='word_1_796' title='bbox 1661 2049 1763 2071; x_wconf 64' lang='lat' dir='ltr'><strong>natura:</strong></span> 
     </span>
    </p>
   </div>
   <div class='ocr_carea' id='block_1_105' title="bbox 976 2091 1763 2127">
    <p class='ocr_par' dir='ltr' id='par_1_105' title="bbox 976 2091 1763 2127">
     <span class='ocr_line' id='line_1_107' title="bbox 976 2091 1763 2127; baseline -0.001 -8"><span class='ocrx_word' id='word_1_797' title='bbox 976 2096 1028 2120; x_wconf 89' lang='lat' dir='ltr'><strong>est.</strong></span> <span class='ocrx_word' id='word_1_798' title='bbox 1046 2092 1180 2127; x_wconf 85' lang='lat' dir='ltr'><strong>Quidquid</strong></span> <span class='ocrx_word' id='word_1_799' title='bbox 1207 2092 1278 2119; x_wconf 89' lang='lat' dir='ltr'><strong>enim</strong></span> <span class='ocrx_word' id='word_1_800' title='bbox 1301 2099 1349 2127; x_wconf 88' lang='lat' dir='ltr'><strong>per</strong></span> <span class='ocrx_word' id='word_1_801' title='bbox 1378 2091 1494 2125; x_wconf 78' lang='lat' dir='ltr'><strong>scipsam</strong></span> <span class='ocrx_word' id='word_1_802' title='bbox 1525 2091 1668 2125; x_wconf 52' lang='lat' dir='ltr'><strong>praenoscit</strong></span> <span class='ocrx_word' id='word_1_803' title='bbox 1688 2098 1763 2118; x_wconf 86' lang='lat' dir='ltr'><strong>crea-</strong></span> 
     </span>
    </p>
   </div>
   <div class='ocr_carea' id='block_1_106' title="bbox 977 2136 1764 2170">
    <p class='ocr_par' dir='ltr' id='par_1_106' title="bbox 977 2136 1764 2170">
     <span class='ocr_line' id='line_1_108' title="bbox 977 2136 1764 2170; baseline -0.003 -6"><span class='ocrx_word' id='word_1_804' title='bbox 977 2142 1049 2169; x_wconf 89' lang='lat' dir='ltr'><strong>tura,</strong></span> <span class='ocrx_word' id='word_1_805' title='bbox 1078 2137 1105 2164; x_wconf 92' lang='lat' dir='ltr'><strong>id</strong></span> <span class='ocrx_word' id='word_1_806' title='bbox 1129 2136 1291 2170; x_wconf 85' lang='lat' dir='ltr'><strong>conjeetutis</strong></span> <span class='ocrx_word' id='word_1_807' title='bbox 1313 2137 1392 2163; x_wconf 87' lang='lat' dir='ltr'><strong>ducta</strong></span> <span class='ocrx_word' id='word_1_808' title='bbox 1421 2136 1582 2170; x_wconf 80' lang='lat' dir='ltr'><strong>assequitur,</strong></span> <span class='ocrx_word' id='word_1_809' title='bbox 1598 2143 1630 2163; x_wconf 84' lang='lat' dir='ltr'><strong>ac</strong></span> <span class='ocrx_word' id='word_1_810' title='bbox 1651 2136 1764 2170; x_wconf 87' lang='lat' dir='ltr'><strong>profert,</strong></span> 
     </span>
    </p>
   </div>
   <div class='ocr_carea' id='block_1_107' title="bbox 977 2178 1764 2216">
    <p class='ocr_par' dir='ltr' id='par_1_107' title="bbox 977 2178 1764 2216">
     <span class='ocr_line' id='line_1_109' title="bbox 977 2178 1764 2216; baseline -0.001 -6"><span class='ocrx_word' id='word_1_811' title='bbox 977 2188 1006 2210; x_wconf 89' lang='lat' dir='ltr'><strong>et</strong></span> <span class='ocrx_word' id='word_1_812' title='bbox 1020 2183 1084 2211; x_wconf 88' lang='lat' dir='ltr'><strong>illud</strong></span> <span class='ocrx_word' id='word_1_813' title='bbox 1111 2187 1212 2210; x_wconf 89' lang='lat' dir='ltr'><strong>tantum</strong></span> <span class='ocrx_word' id='word_1_814' title='bbox 1228 2182 1416 2215; x_wconf 85' lang='lat' dir='ltr'><strong>iufallibiliter,</strong></span> <span class='ocrx_word' id='word_1_815' title='bbox 1437 2190 1468 2210; x_wconf 88' lang='lat' dir='ltr'><strong>ac</strong></span> <span class='ocrx_word' id='word_1_816' title='bbox 1480 2183 1539 2210; x_wconf 90' lang='lat' dir='ltr'><strong>sine</strong></span> <span class='ocrx_word' id='word_1_817' title='bbox 1554 2182 1608 2210; x_wconf 92' lang='lat' dir='ltr'><strong>ullo</strong></span> <span class='ocrx_word' id='word_1_818' title='bbox 1628 2178 1764 2216; x_wconf 57' lang='lat' dir='ltr'><strong>deceptim</strong></span> 
     </span>
    </p>
   </div>
   <div class='ocr_carea' id='block_1_108' title="bbox 978 2228 1763 2265">
    <p class='ocr_par' dir='ltr' id='par_1_108' title="bbox 978 2228 1763 2265">
     <span class='ocr_line' id='line_1_110' title="bbox 978 2228 1763 2265; baseline -0.005 -7"><span class='ocrx_word' id='word_1_819' title='bbox 978 2231 1020 2258; x_wconf 85' lang='lat' dir='ltr'><strong>nis</strong></span> <span class='ocrx_word' id='word_1_820' title='bbox 1035 2229 1153 2265; x_wconf 86' lang='lat' dir='ltr'><strong>periculo</strong></span> <span class='ocrx_word' id='word_1_821' title='bbox 1169 2229 1308 2265; x_wconf 65' lang='lat' dir='ltr'><strong>praevidet.</strong></span> <span class='ocrx_word' id='word_1_822' title='bbox 1324 2228 1396 2263; x_wconf 84' lang='lat' dir='ltr'><strong>quod</strong></span> <span class='ocrx_word' id='word_1_823' title='bbox 1419 2229 1503 2262; x_wconf 90' lang='lat' dir='ltr'><strong>ipsam</strong></span> <span class='ocrx_word' id='word_1_824' title='bbox 1528 2229 1650 2256; x_wconf 79' lang='lat' dir='ltr'><strong>dccuerit</strong></span> <span class='ocrx_word' id='word_1_825' title='bbox 1677 2228 1763 2262; x_wconf 89' lang='lat' dir='ltr'><strong>Spiri-</strong></span> 
     </span>
    </p>
   </div>
   <div class='ocr_carea' id='block_1_109' title="bbox 978 2270 1763 2304">
    <p class='ocr_par' dir='ltr' id='par_1_109' title="bbox 978 2270 1763 2304">
     <span class='ocr_line' id='line_1_111' title="bbox 978 2270 1763 2304; baseline -0.003 -1"><span class='ocrx_word' id='word_1_826' title='bbox 978 2281 1021 2304; x_wconf 92' lang='lat' dir='ltr'><strong>tus</strong></span> <span class='ocrx_word' id='word_1_827' title='bbox 1051 2282 1172 2303; x_wconf 86' lang='lat' dir='ltr'><strong>sanctns.</strong></span> <span class='ocrx_word' id='word_1_828' title='bbox 1193 2270 1261 2302; x_wconf 74' lang='lat' dir='ltr'><strong>Nam</strong></span> <span class='ocrx_word' id='word_1_829' title='bbox 1289 2275 1388 2302; x_wconf 85' lang='lat' dir='ltr'><strong>divinis</strong></span> <span class='ocrx_word' id='word_1_830' title='bbox 1412 2274 1468 2302; x_wconf 83' lang='lat' dir='ltr'><strong>suis</strong></span> <span class='ocrx_word' id='word_1_831' title='bbox 1496 2275 1578 2302; x_wconf 87' lang='lat' dir='ltr'><strong>radiis</strong></span> <span class='ocrx_word' id='word_1_832' title='bbox 1600 2282 1652 2301; x_wconf 92' lang='lat' dir='ltr'><strong>non</strong></span> <span class='ocrx_word' id='word_1_833' title='bbox 1677 2274 1763 2302; x_wconf 87' lang='lat' dir='ltr'><strong>solum</strong></span> 
     </span>
    </p>
   </div>
   <div class='ocr_carea' id='block_1_110' title="bbox 978 2319 1763 2354">
    <p class='ocr_par' dir='ltr' id='par_1_110' title="bbox 978 2319 1763 2354">
     <span class='ocr_line' id='line_1_112' title="bbox 978 2319 1763 2354; baseline -0.003 -6"><span class='ocrx_word' id='word_1_834' title='bbox 978 2320 1102 2348; x_wconf 66' lang='lat' dir='ltr'><strong>caelestes</strong></span> <span class='ocrx_word' id='word_1_835' title='bbox 1118 2321 1273 2347; x_wconf 89' lang='lat' dir='ltr'><strong>illuminans</strong></span> <span class='ocrx_word' id='word_1_836' title='bbox 1290 2320 1412 2354; x_wconf 87' lang='lat' dir='ltr'><strong>virtutes,</strong></span> <span class='ocrx_word' id='word_1_837' title='bbox 1432 2319 1479 2347; x_wconf 88' lang='lat' dir='ltr'><strong>sed</strong></span> <span class='ocrx_word' id='word_1_838' title='bbox 1499 2320 1581 2347; x_wconf 87' lang='lat' dir='ltr'><strong>etiam</strong></span> <span class='ocrx_word' id='word_1_839' title='bbox 1610 2325 1763 2347; x_wconf 91' lang='lat' dir='ltr'><strong>nostrarum</strong></span> 
     </span>
    </p>
   </div>
   <div class='ocr_carea' id='block_1_111' title="bbox 1008 2395 1762 2434">
    <p class='ocr_par' dir='ltr' id='par_1_111' title="bbox 1008 2395 1762 2434">
     <span class='ocr_line' id='line_1_113' title="bbox 1008 2395 1762 2434; baseline -0.003 -9"><span class='ocrx_word' id='word_1_840' title='bbox 1008 2399 1063 2434; x_wconf 81' lang='grc'>(27)</span> <span class='ocrx_word' id='word_1_841' title='bbox 1084 2398 1106 2424; x_wconf 83' lang='grc' dir='ltr'><em>Ε</em></span> <span class='ocrx_word' id='word_1_842' title='bbox 1126 2398 1200 2425; x_wconf 66' lang='lat' dir='ltr'><strong>caelo.</strong></span> <span class='ocrx_word' id='word_1_843' title='bbox 1225 2395 1430 2434; x_wconf 14' lang='lat' dir='ltr'><strong>lle‘mistichium</strong></span> <span class='ocrx_word' id='word_1_844' title='bbox 1448 2403 1494 2434; x_wconf 68' lang='lat' dir='ltr'><strong>est</strong></span> <span class='ocrx_word' id='word_1_845' title='bbox 1506 2397 1614 2425; x_wconf 85' lang='lat' dir='ltr'><strong>Homeri</strong></span> <span class='ocrx_word' id='word_1_846' title='bbox 1631 2405 1663 2424; x_wconf 82' lang='lat' dir='ltr'><strong>ex</strong></span> <span class='ocrx_word' id='word_1_847' title='bbox 1679 2396 1762 2434; x_wconf 60' lang='lat' dir='ltr'><strong>Iliad.</strong></span> 
     </span>
    </p>
   </div>
   <div class='ocr_carea' id='block_1_112' title="bbox 975 2431 1764 2466">
    <p class='ocr_par' dir='ltr' id='par_1_112' title="bbox 975 2431 1764 2466">
     <span class='ocr_line' id='line_1_114' title="bbox 975 2431 1764 2466; baseline -0.004 -6"><span class='ocrx_word' id='word_1_848' title='bbox 975 2431 1124 2466; x_wconf 58' lang='lat' dir='ltr'><strong>eant.&#39;vnt,</strong></span> <span class='ocrx_word' id='word_1_849' title='bbox 1143 2441 1214 2460; x_wconf 78' lang='lat' dir='ltr'><strong>vers.</strong></span> <span class='ocrx_word' id='word_1_850' title='bbox 1232 2432 1296 2460; x_wconf 74' lang='lat'><strong>554.</strong></span> <span class='ocrx_word' id='word_1_851' title='bbox 1306 2433 1356 2460; x_wconf 85' lang='lat' dir='ltr'><strong>Alii</strong></span> <span class='ocrx_word' id='word_1_852' title='bbox 1379 2433 1460 2460; x_wconf 91' lang='lat' dir='ltr'><strong>etiam</strong></span> <span class='ocrx_word' id='word_1_853' title='bbox 1480 2432 1584 2465; x_wconf 83' lang='lat' dir='ltr'><strong>Patres,</strong></span> <span class='ocrx_word' id='word_1_854' title='bbox 1601 2440 1661 2459; x_wconf 89' lang='lat' dir='ltr'><strong>cum</strong></span> <span class='ocrx_word' id='word_1_855' title='bbox 1676 2431 1764 2466; x_wconf 67' lang='lat' dir='ltr'><strong>profli-</strong></span> 
     </span>
    </p>
   </div>
   <div class='ocr_carea' id='block_1_113' title="bbox 976 2468 1761 2503">
    <p class='ocr_par' dir='ltr' id='par_1_113' title="bbox 976 2468 1761 2503">
     <span class='ocr_line' id='line_1_115' title="bbox 976 2468 1761 2503; baseline -0.003 -8"><span class='ocrx_word' id='word_1_856' title='bbox 976 2477 1038 2495; x_wconf 88' lang='lat' dir='ltr'><strong>nmn</strong></span> <span class='ocrx_word' id='word_1_857' title='bbox 1051 2469 1167 2503; x_wconf 83' lang='lat' dir='ltr'><strong>aliquem</strong></span> <span class='ocrx_word' id='word_1_858' title='bbox 1181 2473 1286 2502; x_wconf 86' lang='lat' dir='ltr'><strong>poetam</strong></span> <span class='ocrx_word' id='word_1_859' title='bbox 1301 2469 1396 2501; x_wconf 83' lang='lat' dir='ltr'><strong>citant,</strong></span> <span class='ocrx_word' id='word_1_860' title='bbox 1417 2475 1488 2503; x_wconf 70' lang='lat' dir='ltr'><strong>smpe</strong></span> <span class='ocrx_word' id='word_1_861' title='bbox 1515 2475 1612 2495; x_wconf 87' lang='lat' dir='ltr'><strong>nomen</strong></span> <span class='ocrx_word' id='word_1_862' title='bbox 1625 2468 1761 2503; x_wconf 86' lang='lat' dir='ltr'><strong>omittunt.</strong></span> 
     </span>
    </p>
   </div>
   <div class='ocr_carea' id='block_1_114' title="bbox 975 2502 1762 2538">
    <p class='ocr_par' dir='ltr' id='par_1_114' title="bbox 975 2502 1762 2538">
     <span class='ocr_line' id='line_1_116' title="bbox 975 2502 1762 2538; baseline -0.004 -8"><span class='ocrx_word' id='word_1_863' title='bbox 975 2503 1013 2538; x_wconf 12' lang='lat' dir='ltr'><strong>lita</strong></span> <span class='ocrx_word' id='word_1_864' title='bbox 1028 2502 1154 2531; x_wconf 86' lang='lat' dir='ltr'><strong>Clemens</strong></span> <span class='ocrx_word' id='word_1_865' title='bbox 1178 2503 1385 2534; x_wconf 81' lang='lat' dir='ltr'><strong>Alexandrinus,</strong></span> <span class='ocrx_word' id='word_1_866' title='bbox 1399 2502 1512 2538; x_wconf 78' lang='lat' dir='ltr'><strong>exempli</strong></span> <span class='ocrx_word' id='word_1_867' title='bbox 1530 2503 1625 2538; x_wconf 77' lang='lat' dir='ltr'><strong>gratia,</strong></span> <span class='ocrx_word' id='word_1_868' title='bbox 1638 2502 1716 2538; x_wconf 6' lang='lat' dir='ltr'><strong>(duos</strong></span> <span class='ocrx_word' id='word_1_869' title='bbox 1737 2502 1762 2527; x_wconf 89' lang='lat' dir='ltr'><strong>iu</strong></span> 
     </span>
    </p>
   </div>
   <div class='ocr_carea' id='block_1_115' title="bbox 975 2536 1762 2573">
    <p class='ocr_par' dir='ltr' id='par_1_115' title="bbox 975 2536 1762 2573">
     <span class='ocr_line' id='line_1_117' title="bbox 975 2536 1762 2573; baseline -0.003 -9"><span class='ocrx_word' id='word_1_870' title='bbox 975 2537 1138 2573; x_wconf 79' lang='lat' dir='ltr'><strong>Protreplico</strong></span> <span class='ocrx_word' id='word_1_871' title='bbox 1160 2546 1192 2565; x_wconf 82' lang='lat' dir='ltr'><strong>cx</strong></span> <span class='ocrx_word' id='word_1_872' title='bbox 1210 2538 1338 2573; x_wconf 86' lang='lat' dir='ltr'><strong>Euripide</strong></span> <span class='ocrx_word' id='word_1_873' title='bbox 1363 2545 1456 2565; x_wconf 86' lang='lat' dir='ltr'><strong>versus</strong></span> <span class='ocrx_word' id='word_1_874' title='bbox 1479 2536 1615 2573; x_wconf 67' lang='lat' dir='ltr'><strong>all‘erens,</strong></span> <span class='ocrx_word' id='word_1_875' title='bbox 1634 2536 1762 2573; x_wconf 86' lang='grc' dir='ltr'>λέλεκται</span> 
     </span>
    </p>
   </div>
   <div class='ocr_carea' id='block_1_116' title="bbox 977 2571 1763 2610">
    <p class='ocr_par' dir='ltr' id='par_1_116' title="bbox 977 2571 1763 2610">
     <span class='ocr_line' id='line_1_118' title="bbox 977 2571 1763 2610; baseline -0.004 -10"><span class='ocrx_word' id='word_1_876' title='bbox 977 2571 1094 2610; x_wconf 81' lang='lat' dir='ltr'><strong>(inquit)</strong></span> <span class='ocrx_word' id='word_1_877' title='bbox 1117 2574 1180 2606; x_wconf 87' lang='grc' dir='ltr'>τινί,</span> <span class='ocrx_word' id='word_1_878' title='bbox 1196 2575 1221 2600; x_wconf 89' lang='lat' dir='ltr'><strong>id</strong></span> <span class='ocrx_word' id='word_1_879' title='bbox 1237 2571 1288 2610; x_wconf 63' lang='lat' dir='ltr'><strong>est,</strong></span> <span class='ocrx_word' id='word_1_880' title='bbox 1309 2581 1340 2599; x_wconf 78' lang='lat' dir='ltr'><strong>ta</strong></span> <span class='ocrx_word' id='word_1_881' title='bbox 1355 2574 1470 2610; x_wconf 80' lang='lat' dir='ltr'><strong>quodam</strong></span> <span class='ocrx_word' id='word_1_882' title='bbox 1482 2573 1586 2610; x_wconf 68' lang='lat' dir='ltr'><strong>dictum</strong></span> <span class='ocrx_word' id='word_1_883' title='bbox 1604 2571 1662 2598; x_wconf 87' lang='lat' dir='ltr'><strong>fuit.</strong></span> <span class='ocrx_word' id='word_1_884' title='bbox 1677 2581 1697 2610; x_wconf 36' lang='grc' dir='ltr'><strong>ι..</strong></span> <span class='ocrx_word' id='word_1_885' title='bbox 1711 2572 1763 2610; x_wconf 60' lang='lat' dir='ltr'><strong>(ly-</strong></span> 
     </span>
    </p>
   </div>
   <div class='ocr_carea' id='block_1_117' title="bbox 976 2605 1763 2641">
    <p class='ocr_par' dir='ltr' id='par_1_117' title="bbox 976 2605 1763 2641">
     <span class='ocr_line' id='line_1_119' title="bbox 976 2605 1763 2641; baseline -0.005 -5"><span class='ocrx_word' id='word_1_886' title='bbox 976 2605 1052 2636; x_wconf 76' lang='lat' dir='ltr'><strong>rilltis</strong></span> <span class='ocrx_word' id='word_1_887' title='bbox 1065 2605 1126 2636; x_wconf 82' lang='lat' dir='ltr'><strong>vero</strong></span> <span class='ocrx_word' id='word_1_888' title='bbox 1140 2609 1337 2636; x_wconf 74' lang='lat' dir='ltr'><strong>Alexandrinus</strong></span> <span class='ocrx_word' id='word_1_889' title='bbox 1352 2605 1458 2641; x_wconf 74' lang='lat' dir='ltr'><strong>dialogo</strong></span> <span class='ocrx_word' id='word_1_890' title='bbox 1479 2607 1489 2633; x_wconf 91' lang='grc'><strong>1</strong></span> <span class='ocrx_word' id='word_1_891' title='bbox 1518 2607 1554 2633; x_wconf 84' lang='lat' dir='ltr'><strong>De</strong></span> <span class='ocrx_word' id='word_1_892' title='bbox 1567 2611 1657 2633; x_wconf 73' lang='lat' dir='ltr'><strong>sancta</strong></span> <span class='ocrx_word' id='word_1_893' title='bbox 1676 2605 1763 2632; x_wconf 67' lang='lat' dir='ltr'><strong>Trini-</strong></span> 
     </span>
    </p>
   </div>
   <div class='ocr_carea' id='block_1_118' title="bbox 976 2641 1761 2679">
    <p class='ocr_par' dir='ltr' id='par_1_118' title="bbox 976 2641 1761 2679">
     <span class='ocr_line' id='line_1_120' title="bbox 976 2641 1761 2679; baseline -0.003 -9"><span class='ocrx_word' id='word_1_894' title='bbox 976 2649 1028 2671; x_wconf 74' lang='lat' dir='ltr'><strong>talc</strong></span> <span class='ocrx_word' id='word_1_895' title='bbox 1048 2644 1188 2679; x_wconf 84' lang='lat' dir='ltr'><strong>proferens</strong></span> <span class='ocrx_word' id='word_1_896' title='bbox 1213 2643 1428 2679; x_wconf 28' lang='lat' dir='ltr'><strong>exAlliadmant.</strong></span> <span class='ocrx_word' id='word_1_897' title='bbox 1453 2650 1529 2674; x_wconf 83' lang='lat' dir='ltr'><strong>xvm,</strong></span> <span class='ocrx_word' id='word_1_898' title='bbox 1556 2649 1625 2679; x_wconf 66' lang='lat' dir='ltr'><strong>vers.</strong></span> <span class='ocrx_word' id='word_1_899' title='bbox 1657 2641 1707 2679; x_wconf 70' lang='grc'>101</span> <span class='ocrx_word' id='word_1_900' title='bbox 1727 2650 1761 2679; x_wconf 66' lang='lat' dir='ltr'><strong>ei</strong></span> 
     </span>
    </p>
   </div>
   <div class='ocr_carea' id='block_1_119' title="bbox 975 2676 1760 2714">
    <p class='ocr_par' dir='ltr' id='par_1_119' title="bbox 975 2676 1760 2714">
     <span class='ocr_line' id='line_1_121' title="bbox 975 2676 1760 2714; baseline -0.004 -10"><span class='ocrx_word' id='word_1_901' title='bbox 975 2676 1066 2710; x_wconf 74' lang='lat' dir='ltr'><strong>verba,</strong></span> <span class='ocrx_word' id='word_1_902' title='bbox 1080 2678 1190 2705; x_wconf 77' lang='grc' dir='ltr'>ἐτώσιον</span> <span class='ocrx_word' id='word_1_903' title='bbox 1210 2677 1292 2714; x_wconf 78' lang='grc' dir='ltr'>ἄχθος</span> <span class='ocrx_word' id='word_1_904' title='bbox 1310 2677 1438 2713; x_wconf 76' lang='grc' dir='ltr'>ἀρούρης,</span> <span class='ocrx_word' id='word_1_905' title='bbox 1462 2684 1520 2714; x_wconf 72' lang='lat' dir='ltr'><strong>qum</strong></span> <span class='ocrx_word' id='word_1_906' title='bbox 1540 2676 1573 2702; x_wconf 86' lang='lat' dir='ltr'><strong>ab</strong></span> <span class='ocrx_word' id='word_1_907' title='bbox 1592 2677 1760 2714; x_wconf 17' lang='lat' dir='ltr'><strong>rlloratioita</strong></span> 
     </span>
    </p>
   </div>
   <div class='ocr_carea' id='block_1_120' title="bbox 974 2711 1762 2745">
    <p class='ocr_par' dir='ltr' id='par_1_120' title="bbox 974 2711 1762 2745">
     <span class='ocr_line' id='line_1_122' title="bbox 974 2711 1762 2745; baseline -0.004 -4"><span class='ocrx_word' id='word_1_908' title='bbox 974 2722 1104 2741; x_wconf 88' lang='lat' dir='ltr'><strong>conversa</strong></span> <span class='ocrx_word' id='word_1_909' title='bbox 1135 2719 1214 2745; x_wconf 86' lang='lat' dir='ltr'><strong>sunt,</strong></span> <span class='ocrx_word' id='word_1_910' title='bbox 1229 2711 1258 2735; x_wconf 57' lang='grc' dir='ltr'><strong>Ἴ</strong></span> <span class='ocrx_word' id='word_1_911' title='bbox 1283 2711 1386 2739; x_wconf 78' lang='lat' dir='ltr'><strong>telluris</strong></span> <span class='ocrx_word' id='word_1_912' title='bbox 1406 2711 1500 2739; x_wconf 79' lang='lat' dir='ltr'><strong>inutile</strong></span> <span class='ocrx_word' id='word_1_913' title='bbox 1526 2713 1649 2745; x_wconf 78' lang='lat' dir='ltr'><strong>pondus,</strong></span> <span class='ocrx_word' id='word_1_914' title='bbox 1664 2720 1673 2736; x_wconf 81' lang='grc' dir='ltr'><strong>ι</strong></span> <span class='ocrx_word' id='word_1_915' title='bbox 1713 2711 1762 2738; x_wconf 85' lang='lat' dir='ltr'><strong>hac</strong></span> 
     </span>
    </p>
   </div>
   <div class='ocr_carea' id='block_1_121' title="bbox 975 2746 1762 2782">
    <p class='ocr_par' dir='ltr' id='par_1_121' title="bbox 975 2746 1762 2782">
     <span class='ocr_line' id='line_1_123' title="bbox 975 2746 1762 2782; baseline -0.005 -6"><span class='ocrx_word' id='word_1_916' title='bbox 975 2750 1058 2776; x_wconf 88' lang='lat' dir='ltr'><strong>tttitur</strong></span> <span class='ocrx_word' id='word_1_917' title='bbox 1072 2749 1222 2776; x_wconf 75' lang='lat' dir='ltr'><strong>locutione:</strong></span> <span class='ocrx_word' id='word_1_918' title='bbox 1236 2748 1368 2782; x_wconf 75' lang='grc' dir='ltr'>Καθάπερ</span> <span class='ocrx_word' id='word_1_919' title='bbox 1379 2755 1419 2778; x_wconf 83' lang='grc' dir='ltr'><strong>τις</strong></span> <span class='ocrx_word' id='word_1_920' title='bbox 1434 2746 1485 2781; x_wconf 70' lang='grc' dir='ltr'><strong>ἔφη</strong></span> <span class='ocrx_word' id='word_1_921' title='bbox 1501 2746 1554 2782; x_wconf 72' lang='grc' dir='ltr'><strong>τῶν</strong></span> <span class='ocrx_word' id='word_1_922' title='bbox 1569 2747 1632 2781; x_wconf 70' lang='grc' dir='ltr'>παρ¹</span> <span class='ocrx_word' id='word_1_923' title='bbox 1651 2746 1762 2781; x_wconf 72' lang='grc' dir='ltr'>Ἕλλησι,</span> 
     </span>
    </p>
   </div>
   <div class='ocr_carea' id='block_1_122' title="bbox 975 2781 1762 2819">
    <p class='ocr_par' dir='ltr' id='par_1_122' title="bbox 975 2781 1762 2819">
     <span class='ocr_line' id='line_1_124' title="bbox 975 2781 1762 2819; baseline -0.004 -9"><span class='ocrx_word' id='word_1_924' title='bbox 975 2785 1103 2819; x_wconf 85' lang='grc' dir='ltr'>ποιητῶν,</span> <span class='ocrx_word' id='word_1_925' title='bbox 1124 2785 1148 2810; x_wconf 85' lang='lat' dir='ltr'><strong>id</strong></span> <span class='ocrx_word' id='word_1_926' title='bbox 1170 2789 1210 2810; x_wconf 82' lang='lat' dir='ltr'><strong>est</strong></span> <span class='ocrx_word' id='word_1_927' title='bbox 1229 2793 1236 2808; x_wconf 85' lang='lat' dir='ltr'><strong>t</strong></span> <span class='ocrx_word' id='word_1_928' title='bbox 1254 2785 1328 2819; x_wconf 65' lang='lat' dir='ltr'><strong>Sient</strong></span> <span class='ocrx_word' id='word_1_929' title='bbox 1344 2781 1453 2819; x_wconf 66' lang='lat' dir='ltr'><strong>quitlattt</strong></span> <span class='ocrx_word' id='word_1_930' title='bbox 1473 2784 1509 2809; x_wconf 84' lang='lat' dir='ltr'><strong>ait</strong></span> <span class='ocrx_word' id='word_1_931' title='bbox 1526 2781 1680 2809; x_wconf 73' lang='lat' dir='ltr'><strong>Gra‘corutn</strong></span> <span class='ocrx_word' id='word_1_932' title='bbox 1700 2789 1762 2816; x_wconf 76' lang='lat' dir='ltr'><strong>poc—</strong></span> 
     </span>
    </p>
   </div>
   <div class='ocr_carea' id='block_1_123' title="bbox 974 2817 1440 2852">
    <p class='ocr_par' dir='ltr' id='par_1_123' title="bbox 974 2817 1440 2852">
     <span class='ocr_line' id='line_1_125' title="bbox 974 2817 1440 2852; baseline -0.004 -7"><span class='ocrx_word' id='word_1_933' title='bbox 974 2817 1070 2846; x_wconf 85' lang='lat' dir='ltr'><strong>tarmu.</strong></span> <span class='ocrx_word' id='word_1_934' title='bbox 1086 2829 1094 2845; x_wconf 82' lang='grc' dir='ltr'><strong>ι</strong></span> <span class='ocrx_word' id='word_1_935' title='bbox 1115 2818 1178 2846; x_wconf 74' lang='lat' dir='ltr'><strong>Vide</strong></span> <span class='ocrx_word' id='word_1_936' title='bbox 1192 2823 1247 2846; x_wconf 86' lang='lat' dir='ltr'><strong>not.</strong></span> <span class='ocrx_word' id='word_1_937' title='bbox 1264 2817 1307 2850; x_wconf 78' lang='grc'><strong>50,</strong></span> <span class='ocrx_word' id='word_1_938' title='bbox 1323 2825 1383 2852; x_wconf 75' lang='lat' dir='ltr'><strong>pag.</strong></span> <span class='ocrx_word' id='word_1_939' title='bbox 1398 2817 1440 2844; x_wconf 74' lang='lat'><strong>(39.</strong></span> 
     </span>
    </p>
   </div>
  </div>
