1917 3064
122 125 171 152 σοι

634 126 678 154 DE
698 110 886 155 munra":
906 127 1008 156 uasa
1029 128 1222 157 SECUNDUS.

1691 129 1746 158 602

120 182 189 208 limo
206 181 376 218 προῄρηται·
408 182 531 218 βούλεται
557 185 595 216 δὲ,
619 185 687 221 ὅπερ
703 184 719 211 6
745 184 848 220 Πατὴρ,
864 183 904 210 καλ

961 188 1098 217 operatur,
1121 189 1146 210 ιιι
1164 183 1248 218 spirat
1271 183 1314 210 ubi
1333 185 1410 212 vult:
1429 184 1454 212 id
1482 188 1571 212 autem
1591 185 1648 212 vult
1675 186 1747 220 quod

123 227 186 259 Υἱὸς
196 235 203 243 ο
219 228 266 254 καὶ
281 230 343 255 πνεῖ
362 229 461 264 ὁμοίως
480 229 544 256 ἔνθα
575 229 646 256 θέλει
660 230 706 257 καὶ
731 231 745 257 ὸ
760 230 854 266 Πατὴρ
867 229 914 256 καὶ

119 273 135 299 6
147 273 212 304 Υἱός
224 280 231 288 ⁵
241 272 361 309 πληροῦν
371 274 421 310 τὴν
431 274 546 309 ἄφθονον
561 274 606 310 [94
624 275 650 311 b]
667 275 713 302 τοῦ
730 276 847 310 Πατρὺς,
865 275 913 301 καὶ

119 317 168 345 τοῦ
184 318 261 352 Υίοῦ,
274 319 322 346 καὶ
337 319 433 346 ἑαυτοῦ
451 321 515 355 μίαν
532 321 671 357 βούλησιν·
687 321 734 348 καὶ
755 321 848 357 μηδὲν,
863 329 914 356 μη-

119 363 148 389 δὲ
162 363 252 390 αὐτῶν
276 364 331 391 τῶν
346 365 469 402 ἀμυδρὰν
486 366 601 401 ἑχόντων
628 366 710 402 ζωὴν,
732 366 832 402 ἔρημον
846 367 913 394 ἀπο-

121 409 254 443 λιμπάνον
267 409 318 444 τῆς
347 409 443 436 ἑαυτοῦ
466 410 603 445 προνοίας.
631 410 834 445 Προῖστάμενον
858 409 912 444 γὰρ

119 453 170 487 τῆς
194 453 293 480 ἑαυτοῦ
320 455 463 489 ποιήσεως.
492 455 539 481 ἀτε
560 455 589 482 ὃν
605 455 781 489 αὑτοάγαθον,
801 454 849 481 καὶ
864 453 911 480 an

120 498 252 532 συνεργὸν
266 497 312 525 τοῦ
327 498 430 533 ἀγαθοῦ
444 500 628 536 Δημιουργοῦ,
646 501 734 527 πάντα
755 501 849 535 ἐφορᾷ,
865 499 911 526 καὶ

118 542 196 569 οὐδὲν
214 544 395 579 παραϐλέπει,
425 547 582 582 πανταρκὲς
609 546 739 582 ὑπάρχον,
772 547 819 572 καὶ
834 546 910 572 Osiri

119 587 269 624 δωρήματα
295 589 431 624 διανέμον.
465 591 510 626 Τῷ
528 592 582 627 γὰρ
599 601 608 617 ‹
624 592 664 618 ἐνὶ
682 591 784 626 ἀγαθῷ,
798 601 807 617 ι
824 591 911 622 οὐδεὶς

119 634 185 669 περὶ
198 635 303 667 οὺδενὺς
316 636 443 663 οὐδέποτε
455 637 591 671 ἐγγίνεται
606 637 714 672 φθόνος·
732 637 789 664 ἀλλ’
801 638 910 673 εὐεργε-

119 680 193 712 σίαις
210 681 309 716 μᾶλλον
324 682 443 709 δείκνυσι
458 683 506 718 τὴν
523 683 654 716 ἐξουσίαν.
671 683 725 710 Καὶ
735 683 780 709 διὰ
793 683 871 709 τοῦτο
881 682 910 709 ἓν

119 725 235 761 θέλημα,
254 727 301 754 καὶ
316 727 380 762 μίαν
396 727 517 760 ἐξουσίαν
530 729 576 755 καὶ
594 729 706 764 δύναμιν
729 729 778 764 τῆς
797 728 910 763 Τριάδος

118 769 189 799 εἶναι
212 772 336 808 λέγομεν.
350 770 399 800 ’Ὧν
426 773 454 800 δὲ
471 773 588 809 θέλησις,
604 775 651 801 καὶ
670 774 787 806 ἐξουσία,
803 774 849 801 καὶ
865 775 909 800 ὲν-

966 226 1056 259 l‘ater,
1070 233 1097 254 et
1113 227 1196 254 Filius
1212 236 1219 254 :
1236 232 1263 253 et
1281 227 1315 254 ibi
1338 227 1464 255 similiter
1480 228 1565 263 spirat
1584 229 1627 256 ubi
1642 229 1698 256 vult
1720 235 1747 256 et

964 271 1053 305 Pater,
1070 278 1096 299 et
1112 273 1194 299 Filius
1209 281 1216 299 :
1234 272 1386 300 muniﬁcam
1407 273 1505 305 Patris.
1521 279 1548 301 et
1563 274 1635 306 Filii,
1654 279 1682 302 et
1704 276 1746 302 sui

964 318 1050 352 ipsius
1065 326 1144 345 ttnam
1163 318 1327 346 voluntatem
1340 319 1487 354 complens,
1505 320 1658 355 nullamque
1670 329 1747 348 crea-
1780 338 1786 347 ς

965 369 1051 391 Iuram
1072 372 1105 391 ne
1122 372 1154 392 ex
1182 365 1215 391 iis
1237 364 1344 398 quidem
1374 373 1432 399 quae
1457 366 1597 393 obscuram
1620 367 1745 401 imperfe-

963 415 1087 445 mamque
1115 409 1171 445 (58)
1190 410 1269 437 vitam
1286 410 1396 442 habent,
1427 418 1563 446 expertem
1593 413 1746 446 relinquens

962 463 1018 483 sua:
1032 456 1217 491 providentitc.
1243 455 1309 482 Nam
1325 463 1381 483 suae
1406 456 1489 490 ipsius
1517 456 1627 484 facturae
1655 458 1746 492 prmsi-

962 502 1038 534 deus,
1056 505 1148 535 utpote
1168 501 1211 534 qui
1231 506 1274 527 est
1288 501 1344 534 ipse
1367 508 1414 534 per
1441 508 1470 528 se
1492 501 1589 534 h0nus,
1613 506 1641 528 et
1667 501 1746 529 simul

961 554 1021 574 cum
1036 547 1105 574 bono
1121 546 1252 574 Creatore
1264 553 1390 580 operans,
1404 547 1492 573 omnia
1505 546 1622 580 inspicit,
1636 551 1664 574 et
1679 546 1745 573 nihil

961 582 1161 619 inobseivatum
1178 591 1306 626 pratterit,
1316 591 1439 618 omnibus
1451 591 1596 623 sullieiens,
1609 600 1640 619 ac
1656 592 1744 618 divina

961 637 1031 664 dona
1048 637 1233 664 distribuens:
1256 644 1318 663 nam
1341 637 1385 670 qui
1403 642 1444 663 est
1464 645 1473 662 ‹
1491 645 1560 663 unus
1584 636 1679 669 bonus,
1695 645 1702 662 I
1720 637 1744 663 ei

955 682 1032 709 nulla
1063 683 1173 710 omnino
1207 691 1325 718 unquam
1360 684 1532 718 ingeneratur
1556 684 1666 716 invidia,
1698 684 1745 711 sed

960 735 1036 755 suam
1050 728 1192 756 beneficiis
1215 729 1305 763 potius
1318 729 1437 756 ostendit
1456 726 1626 763 potestatem.
1643 729 1744 756 Idcirco

960 782 1040 802 unam
1057 774 1234 806 voluntatem,
1253 779 1280 802 et
1296 783 1376 802 unam
1392 776 1591 808 auctoritatem,
1610 784 1641 802 ac
1664 775 1744 810 201

118 817 213 854 έργεια
227 818 285 854 μία,
299 819 354 855 ἄρα
369 819 418 855 μία
433 821 479 846 καὶ
492 821 508 856 ἡ
525 820 629 855 θεότης.
644 820 680 846 Τὸ
692 820 745 855 γὰρ
759 821 848 847 πάντα
867 821 904 847 ὲν-

959 820 1109 855 potentiam
1124 819 1264 847 Trinitatis
1277 828 1338 848 esse
1362 821 1486 848 dicimus.
1515 821 1634 854 Quorum
1655 826 1744 847 autem

117 863 217 898 εργοῦν
236 865 296 891 κατ’
323 864 446 897 ἐξουσίαν
475 865 553 898 ἰδίαν,
568 866 615 893 καὶ
628 865 714 901 παρὸν
735 867 764 892 ὲν
774 867 830 898 τοῖς
845 865 904 892 καθ¹

959 866 1093 899 voluntas,
1109 869 1136 893 et
1153 871 1281 900 potestas,
1294 871 1321 894 et
1349 867 1469 901 euergia,
1483 867 1539 894 sive
1553 867 1676 901 operatio
1692 874 1743 894 una

116 908 242 942 ἕκαστον,
269 910 319 946 τῆς
344 911 391 938 ἐπὶ
413 912 522 938 πάντων
537 912 595 938 ἐστὶ
612 912 675 947 μιᾶς
703 912 749 938 καὶ
768 911 906 947 ἀκηράτου

116 953 238 988 φύσεως,
255 956 305 982 οὐκ
316 955 377 991 ἕχον
390 956 418 982 ἐν
432 965 486 983 τινι
514 957 544 982 τὸ
563 957 695 989 ἐλλεῖπον,
710 957 770 983 οὐδὲ
784 956 877 984 ποιοῦν
893 956 906 983 6

117 1000 156 1037 μὴ
171 1001 257 1028 Θέλειο
273 1002 331 1029 ἀλλ’
349 1003 408 1029 οὐδὲ
428 1003 524 1030 ποιοῦν
537 1003 551 1029 ὃ
567 1004 604 1039 μὴ
620 1003 741 1039 θυμῆρες
760 1002 799 1038 τῷ
819 1003 907 1038 Πατρὶ

115 1048 164 1073 καὶ
181 1047 220 1083 τῷ
234 1047 300 1083 Υίῷ.
318 1049 372 1075 Καὶ
391 1049 420 1075 ὃν
440 1049 540 1085 τρόπον
556 1050 764 1085 ἀπαράλλακτον
782 1049 850 1084 πρὸς
861 1048 907 1075 τὸν

115 1093 226 1129 Πατέρα
242 1095 311 1129 με.τά
337 1095 392 1122 τῶν
416 1095 503 1122 ἄλλων
526 1095 688 1128 ἀποδείξεων
717 1095 835 1122 δείκνυσι
861 1094 907 1121 τὸν

115 1139 246 1172 Υἰὺν,καὶ
260 1140 301 1174 τὸ,
320 1150 329 1166 ι
345 1141 416 1168 Ὅσα
437 1141 469 1167 ἂν
497 1143 560 1177 ποιῇ
577 1142 591 1168 6
608 1141 715 1177 Πατὴρ,
735 1141 820 1168 ταῦτα
833 1141 879 1168 καὶ
893 1142 907 1168 6

116 1186 179 1218 Υἱὸς
207 1187 307 1222 ὁμοίως
331 1189 436 1214 ποιεῖ·ι
472 1187 543 1214 οὕτω
557 1188 604 1214 καὶ
631 1187 661 1214 τὸ
685 1188 762 1222 ἅγιον
783 1187 905 1224 Πνεῦμα,

115 1233 165 1259 σὺν
176 1235 231 1265 τοῖς
244 1233 332 1266 ἄλλοις
350 1235 398 1261 καὶ
409 1235 440 1262 τὸ
463 1235 551 1261 πάντα
565 1236 684 1271 ἐνεργεῖν
697 1235 743 1261 καὶ
761 1235 906 1270 δωρεῖσθαι

114 1278 207 1310 καθὼς
229 1279 353 1314 βούλεται
373 1281 419 1307 καὶ
449 1283 525 1308 πνεῖν
551 1281 615 1308 ἔνθα
631 1281 795 1317 προῄρηται.
823 1281 907 1308 Τοῦτο

113 1325 170 1360 γὰρ
194 1326 345 1361 παριστῶν,
373 1327 420 1354 καὶ
438 1327 544 1362 τρανῶς
569 1326 700 1361 Θεολογῶν
730 1327 760 1353 τὸ
784 1326 905 1361 Πνεῦμα,

114 1371 236 1408 ἔγραφεν
259 1373 273 1399 ὸ
294 1372 470 1404 ’Ᾱπόστολος·
492 1382 500 1398 ι
515 1373 573 1399 Ἴνα
599 1373 698 1402 ῐδωμεν
727 1372 760 1399 τὰ
790 1372 842 1399 ὑπὸ
859 1372 906 1398 τοῦ

113 1417 182 1444 Θεοῦ
197 1418 360 1453 χαρισθέντα
387 1419 461 1453 ἡμῖν.
476 1428 485 1444 ι
510 1419 616 1445 Γένοιτο
631 1419 653 1445 δ’
666 1419 698 1445 ἂν
714 1418 822 1445 πάντων
845 1417 906 1444 τού-

113 1473 169 1491 των
184 1464 231 1490 καὶ
243 1462 320 1496 αὖθις
336 1464 440 1500 μάρτυς
452 1464 544 1496 πιστὸς
559 1464 672 1500 γράφων
684 1465 698 1490 6
712 1464 792 1494 αὐτὸς
806 1464 905 1499 Κοριν-

115 1509 184 1541 ϐίοις
197 1511 226 1536 ὲν
248 1511 280 1546 τῇ
296 1510 392 1547 πρώτῃ
414 1510 555 1546 Ἐπιστολῇ
568 1519 576 1525 ·
602 1519 611 1536 ι
623 1509 772 1544 Διαιρέσεις
786 1509 813 1535 δὲ
826 1517 904 1544 χαρι-
919 1529 940 1558 c

114 1555 226 1590 σμάτων
249 1557 327 1589 εἰσὶν,
348 1557 379 1583 τὸ
406 1557 434 1583 δὲ
450 1557 517 1583 αὐτὸ
535 1555 666 1591 Πνεῦμα·
687 1555 734 1582 καὶ
759 1554 905 1589 διαιρέσεις

112 1601 257 1629 διακονιῶν
267 1603 346 1634 εἰσιν,
363 1603 410 1629 καὶ
424 1604 438 1629 6
453 1602 533 1634 αὐτὸς
554 1602 655 1637 Κύριος
665 1609 672 1616 ·
695 1601 743 1627 καὶ
759 1600 903 1636 διαιρέσεις

112 1648 308 1684 ἐνεργημάτων
332 1649 395 1680 εἰσὶ,
417 1650 431 1675 6
446 1648 475 1674 δὲ
500 1648 581 1680 αὐτὸς
608 1648 673 1679 Θεὸς
701 1647 715 1673 6
737 1646 854 1682 ἐνεργῶν
870 1646 904 1672 τὰ

113 1694 203 1720 πάντα
215 1694 243 1720 ἐν
259 1694 350 1720 πᾶσιν.
373 1693 495 1729 Ἐκὰστῳ
509 1693 536 1720 δὲ
549 1693 674 1727 δίδοταιὴ
690 1692 842 1727 φανέρωσις
857 1689 903 1716 τοῦ

113 1738 273 1774 Πνεύματος
287 1739 354 1774 πρὸς
367 1738 396 1765 τὸ
411 1738 457 1774 [95
469 1736 496 1774 α]
512 1738 660 1774 συμφέρον.
681 1734 716 1772 ᾯ
735 1736 784 1771 μὲν
795 1735 850 1771 γὰρ
865 1735 904 1761 δί-

112 1785 187 1812 δοται
201 1785 245 1812 διὰ
259 1785 306 1812 τοῦ
322 1785 478 1820 Πνεύματος
489 1785 566 1819 λόγος
586 1784 691 1818 σοφίας,
711 1783 783 1818 ἄλλῳ
807 1782 835 1808 δὲ
859 1781 903 1807 λό-

113 1840 162 1866 γος
176 1831 304 1865 γνώσεως
317 1831 387 1857 κατὰ
399 1831 430 1857 τὸ
449 1831 514 1857 αὐτὸ
526 1830 648 1865 Πνεῦμα,
673 1828 758 1864 ἑτέρῳ
771 1828 799 1854 δὲ
810 1827 902 1859 πίστις

113 1878 144 1904 ὲν
212 1877 285 1912 αὑτῷ
307 1876 456 1912 Πνεύματι,
471 1876 542 1911 ἄλλῳ
565 1876 594 1902 δὲ
607 1875 762 1911 χαρίσματα
779 1873 901 1909 ἰαμάτων

114 1923 190 1958 έγτῷ
210 1923 249 1950 ἑνὶ
264 1922 410 1957 Πνεῦματι,
425 1922 496 1957 ἄλλῳ
515 1922 543 1948 δὲ
562 1921 735 1956 ἐνεργήματα
752 1919 902 1954 δυνάμεων,

112 1968 185 2003 ἄλλῳ
197 1968 225 1994 δὲ
250 1967 412 2004 προφητεία,
435 1967 507 2002 ἄλλῳ
523 1966 551 1993 δὲ
567 1966 702 2001 διάκρισις
730 1965 901 2000 πνευμάτων,

112 2014 200 2049 ἑτέρῳ
211 2013 239 2040 δὲ
253 2014 317 2049 γένη
334 2013 473 2048 γλωσσῶν,
493 2012 564 2047 ἄλλῳ
578 2013 606 2038 δὲ
615 2012 745 2048 ἑρμηνεία
761 2010 901 2046 γλωσσῶν.

112 2061 208 2088 Ταῦτα
217 2060 246 2087 δὲ
261 2060 348 2087 πάντα
363 2060 470 2095 ἐνεργεῖ
489 2058 520 2085 τὸ
536 2058 564 2084 ἒν
582 2058 629 2084 καὶ
647 2058 678 2084 τὸ
694 2057 758 2084 αὐτὸ
777 2056 900 2092 Πνεῦμα,

111 2106 232 2142 διαιροῦν
247 2105 299 2141 ἰδίᾳ
311 2104 526 2140 ἑκάστῳκκαθὼς
547 2104 679 2139 βούλεται.
696 2113 704 2129 ι
734 2103 794 2139 Χρὴ
807 2102 836 2130 δὲ
865 2102 903 2138 μὴ

960 915 1010 943 est,
1031 918 1084 937 una
1100 911 1182 937 etiam
1199 916 1240 938 est
1264 911 1367 939 Deitas.
1383 911 1450 938 Nam
1466 913 1510 946 qui
1527 912 1615 939 omnia
1632 919 1663 939 ex
1684 918 1746 945 νιος

960 958 1017 992 pria
1036 957 1197 984 auctoritate
1217 961 1355 991 operatur,
1374 962 1456 992 atque
1481 959 1556 985 adest
1583 958 1609 984 in
1622 957 1744 992 singulis,

961 1003 1024 1030 huic
1055 1011 1107 1029 non
1125 1002 1176 1029 alia
1197 1007 1292 1030 natura
1313 1007 1363 1036 est,
1385 1010 1465 1037 quant
1486 1002 1564 1029 unica
1581 1002 1635 1033 illa,
1653 1007 1681 1029 et
1702 1002 1744 1029 in--

960 1054 1097 1082 corrupta,
1115 1053 1195 1082 atque
1207 1048 1232 1074 in
1247 1048 1371 1076 outnibus
1391 1048 1469 1075 rebus
1481 1048 1613 1075 exsistens
1628 1053 1744 1080 natura;

961 1093 1079 1128 nihilque
1093 1092 1144 1120 ulla
1161 1094 1187 1120 in
1205 1101 1233 1121 re
1247 1101 1370 1121 mancum
1387 1094 1476 1126 habet,
1495 1102 1526 1121 ac
1547 1093 1744 1128 imperfectum,

960 1147 1048 1174 neque
1075 1140 1138 1166 facit
1157 1139 1227 1174 quod
1248 1147 1300 1167 non
1326 1140 1398 1173 vult;
1421 1140 1468 1167 sed
1496 1147 1528 1167 ne
1551 1139 1614 1166 facit
1637 1139 1743 1173 quidem

960 1187 1030 1221 quod
1046 1190 1152 1219 gratum
1175 1185 1248 1212 Patri
1266 1191 1293 1213 et
1307 1185 1375 1213 Filio
1389 1194 1440 1212 non
1457 1187 1501 1213 sit.
1526 1185 1558 1212 Et
1573 1186 1746 1220 quemadmo-

960 1233 1023 1260 dum
1044 1231 1142 1258 Fllllllll
1156 1231 1222 1258 nihil
1242 1239 1256 1258 a
1278 1231 1357 1258 Patre
1377 1231 1483 1258 diﬁcrre
1504 1232 1633 1262 ostendit.
1649 1235 1745 1264 pzzeler

960 1278 1028 1305 alios
1041 1277 1188 1311 Scripturat
1213 1281 1319 1309 textus,
1345 1276 1425 1303 etiam
1457 1276 1506 1304 iste
1523 1287 1529 1304 :
1548 1286 1557 1302 ι
1574 1276 1745 1310 Quaecunque

961 1323 1015 1359 (59)
1033 1322 1095 1349 facit
1111 1322 1201 1354 Pater,
1226 1322 1282 1349 haec
1294 1322 1376 1349 etiam
1395 1321 1478 1349 Filius
1493 1322 1616 1348 similiter
1628 1321 1692 1348 facit
1706 1329 1712 1348 :
1731 1330 1742 1348 ι

961 1370 997 1397 ita
1027 1369 1158 1403 Spiritum
1175 1374 1299 1396 sauctutn
1316 1377 1422 1403 quoque
1442 1369 1512 1396 Patri
1536 1369 1665 1403 mqualem
1683 1377 1743 1395 cum

959 1415 1011 1442 alia
1027 1415 1182 1445 ostendunt.
1201 1419 1256 1441 tum
1274 1414 1356 1440 etiam
1379 1415 1439 1446 hoc,
1462 1413 1532 1448 quod
1549 1414 1637 1440 omnia
1650 1421 1745 1447 opere-

959 1465 1014 1492 tur,
1042 1465 1066 1488 et
1089 1459 1220 1494 largiatur
1239 1463 1318 1493 prout.
1336 1459 1404 1492 vult,
1423 1464 1450 1486 et
1469 1459 1553 1494 spiret
1575 1459 1618 1485 ubi
1634 1458 1700 1486 vult.
1718 1458 1744 1486 Id

960 1506 1031 1533 enim
1048 1505 1213 1532 conlirmans
1229 1503 1384 1539 Apostolus,
1401 1509 1428 1531 et
1445 1503 1586 1531 manifeste
1602 1503 1731 1537 Spiritum

958 1551 1041 1578 Deum
1056 1557 1169 1582 vocans,
1191 1542 1300 1584 scripsit
1314 1558 1320 1576 :
1342 1559 1350 1575 ι
1367 1549 1400 1576 Ut
1413 1550 1605 1584 perspiciamus
1617 1548 1673 1583 (40)
1686 1556 1745 1582 quae

955 1604 970 1623 a
987 1597 1040 1624 Deo
1056 1596 1153 1623 donata
1171 1601 1234 1622 sunt
1251 1596 1339 1623 nobis.
1359 1605 1369 1621 ι
1393 1595 1434 1622 Sit
1448 1600 1537 1622 autem
1567 1595 1661 1622 horutn
1685 1603 1744 1622 oln-

955 1645 1028 1670 nium
1050 1650 1142 1670 rursus
1158 1642 1243 1669 ﬁdelis
1259 1642 1334 1669 testis
1348 1642 1391 1669 ille
1424 1642 1493 1669 idem
1515 1642 1662 1669 Corinthiis
1687 1642 1743 1669 inec

955 1689 1077 1716 scribens
1093 1688 1119 1715 in
1136 1688 1220 1722 prima
1240 1687 1357 1722 Epistula
1374 1695 1382 1714 :
1402 1696 1411 1713 ι
1431 1687 1582 1714 Divisiones
1603 1687 1660 1723 (41)
1679 1694 1744 1714 vero

955 1734 1151 1761 charismatum
1164 1738 1238 1766 sunt,
1252 1734 1321 1761 idem
1349 1739 1438 1761 autem
1467 1733 1601 1768 Spiritus;
1623 1739 1650 1760 et
1676 1734 1743 1760 divi-

955 1781 1047 1808 siones
1076 1781 1290 1808 ministeriorum
1317 1785 1390 1813 sunt,
1407 1785 1434 1807 et
1458 1780 1528 1807 idem
1554 1780 1697 1813 Dominus;
1715 1784 1742 1807 et

955 1828 1103 1856 divisiones
1119 1828 1306 1863 operationum
1331 1833 1406 1861 sunt,
1422 1828 1492 1855 idem
1516 1835 1580 1855 vero
1596 1828 1675 1860 Deus,
1693 1826 1739 1861 qui

958 1879 1088 1909 operatur
1101 1874 1192 1902 omnia
1208 1874 1233 1901 in
1245 1874 1380 1901 omnibus.
1396 1873 1546 1908 Unicuique
1561 1876 1649 1899 autem
1664 1872 1742 1898 datur

957 1920 1140 1948 manifestatio
1165 1920 1283 1955 Spiritus
1302 1920 1335 1947 ad
1355 1919 1519 1952 utilitatem;
1543 1926 1605 1945 nam
1621 1917 1665 1944 alii
1682 1917 1742 1951 qui-

956 1966 1017 1993 dem
1032 1967 1112 1992 datur
1127 1974 1175 2001 per
1187 1966 1317 2001 Spiritum
1346 1973 1435 1993 sermo
1451 1964 1604 2000 sapientiae;
1624 1963 1667 1990 alii
1695 1970 1741 1990 au-

957 2017 1010 2039 tem
1023 2018 1112 2039 sermo
1127 2011 1248 2039 scientia:
1262 2011 1409 2039 secundum
1426 2010 1549 2038 eumdem
1578 2009 1708 2044 Spiritum
1732 2018 1740 2036 :

956 2056 1033 2083 alteri
1050 2062 1138 2084 autem
1166 2057 1232 2084 ﬁdes
1260 2057 1286 2084 in
1307 2057 1401 2084 eodem
1420 2056 1521 2091 Spiritu
1547 2063 1555 2082 :
1578 2055 1622 2082 alii
1650 2059 1739 2082 autem

957 2101 1049 2136 gratia:
1065 2102 1237 2130 sanatiouum
1257 2103 1283 2130 in
1300 2110 1353 2130 uno
1368 2102 1469 2138 Spiritu
1483 2101 1539 2136 (-52)
1559 2111 1565 2129 :
1590 2101 1633 2128 alii
1650 2106 1740 2135 autem

147 2197 205 2232 (58)
232 2194 477 2231 Imperfectamque.
509 2196 548 2224 Ea
558 2217 566 2227 ,
599 2196 704 2232 opinor,
719 2192 893 2232 Vanitualcu‘la‘
910 2194 933 2224 D
947 2194 1044 2223 'lotum
1061 2197 1117 2224 fere
1133 2197 1205 2224 hunc
1220 2197 1308 2225 locum
1321 2197 1359 2225 sie
1371 2197 1448 2225 affert
1464 2198 1490 2224 in
1508 2197 1576 2224 libro
1589 2196 1626 2223 De
1637 2196 1739 2228 Spiritu

111 2228 246 2266 intelligit,
260 2232 293 2258 de
311 2228 408 2266 quibus
416 2228 540 2259 Clemens
557 2232 581 2258 itt
594 2228 774 2266 P'rotreptice._
784 2237 842 2264 pag.
948 2236 1050 2264 sancto,
1067 2240 1140 2259 num.
1166 2232 1221 2260 22:
1240 2242 1249 2259 ι
1266 2233 1331 2260 Nam
1349 2243 1358 2259 ι
1390 2233 1536 2260 divisiones
1555 2232 1740 2266 operationtnn

111 2263 229 2296 editione
250 2263 349 2293 l’otteri
367 2267 424 2293 hanc
443 2267 558 2294 scribit:
574 2266 641 2293 Ttvit
668 2265 722 2292 τῶν
743 2264 819 2296 ζώων
835 2263 896 2298 οὐχὶ

111 2303 202 2333 πάσας
215 2301 329 2336 ἕχειτὰς
346 2301 495 2336 αἰσθήσεις,
517 2301 611 2337 ὥσπερ
630 2300 709 2337 εὐλαὶγ
719 2300 766 2337 καί
778 2299 900 2337 κάμπαι,

111 2337 160 2364 καὶ
180 2335 366 2372 assaraci};
382 2335 494 2371 πρώτης
514 2335 648 2370 γενέσεως
664 2336 748 2372 εὐθὺς
772 2335 902 2372 ἀνάπηρα

112 2372 248 2407 φαίνεται,
262 2370 419 2406 καθάπερόὶ
433 2372 570 2403 σπάλακες
578 2372 624 2398 καὶ
635 2372 651 2406 ὴ
664 2370 780 2406 μυγάλη·
800 2371 824 2396 id
839 2375 881 2396 est
893 2377 899 2396 :

116 2417 124 2432 ι
142 2407 272 2440 Qmedam
287 2407 411 2433 animalia
428 2415 480 2434 non
503 2408 601 2434 habent
626 2414 719 2433 omnes
743 2413 854 2437 sensus,
874 2409 903 2431 ut

112 2450 229 2474 vermes,
242 2447 270 2468 et
284 2449 381 2473 eruca.
396 2449 509 2476 quaeque
524 2446 628 2469 naturae
643 2449 698 2469 sua:
717 2440 870 2468 conditione
885 2446 901 2466 a

111 2477 201 2512 primo
217 2483 276 2504 ortu
299 2476 459 2511 imperfecta
479 2483 560 2510 sunt,
584 2476 658 2504 velut
680 2476 759 2510 talpa:
789 2480 816 2502 et
841 2482 902 2502 ntus

111 2520 240 2539 araneus.
256 2521 265 2538 )

147 2547 203 2581 (59)
224 2547 401 2581 Quwcuuque.
415 2546 493 2574 Joan.
507 2554 533 2580 ν,
551 2546 596 2574 l9.

148 2582 204 2617 (40)
226 2580 259 2608 Ut
280 2580 476 2615 perspiciamus.
503 2581 513 2608 l
534 2583 567 2609 ad
590 2581 652 2617 cor.
681 2589 711 2614 ιι,
738 2581 782 2608 12.
808 2580 900 2617 Grmca

111 2615 205 2649 editio,
239 2617 356 2652 εἰδῶμεν
380 2625 440 2651 pro,
465 2617 574 2652 ἴδωμεν.
602 2616 678 2643 Ilunc
706 2616 781 2652 Pauli
814 2615 900 2652 locum

112 2648 224 2685 respicit
241 2648 369 2686 Didymus
380 2648 406 2678 in
422 2648 468 2679 ub.
488 2648 524 2679 υὶ
539 2651 639 2686 Spiritu
651 2648 750 2684 sancte,
771 2659 844 2678 unm.
856 2650 901 2682 51,

113 2687 158 2713 ubi
192 2687 324 2721 impressa
353 2687 517 2720 exetnplaria
549 2687 676 2713 mendOSe
705 2688 851 2714 habentzt
868 2686 900 2712 Et

111 2721 236 2748 eumdem
259 2721 345 2756 ipsum
371 2721 511 2754 Spiritum.
538 2722 595 2755 ipso
621 2721 776 2753 rcvelaute,
801 2729 902 2755 cogno-

114 2760 205 2789 scunt,
231 2761 259 2782 ut
279 2757 364 2783 sciant
383 2757 445 2790 quia
463 2764 477 2782 ιι
498 2756 610 2783 Domino
625 2757 724 2783 donata
744 2761 808 2783 sunt
823 2758 872 2783 eis.
889 2765 898 2780 ι

111 2791 267 2831 Lugendum
301 2791 374 2818 enint
405 2796 470 2825 puto
487 2799 494 2818 :
514 2799 596 2825 «quae
620 2799 635 2818 a
665 2791 777 2819 Domino
805 2792 901 2819 donata

113 2831 175 2854 sunt
191 2834 240 2852 ωε.
256 2835 266 2850 ›

148 2860 204 2896 (61)
225 2860 404 2890 οῑιτὶείυηεε.1
429 2862 462 2890 ad
486 2861 545 2889 Cor.
569 2870 617 2894 xtl,
643 2870 656 2890 a
673 2870 743 2891 vers.
766 2863 781 2890 4
804 2863 837 2890 ad
858 2862 899 2890 ll.

953 2271 1026 2299 sunt,
1046 2268 1115 2294 idem
1133 2272 1223 2303 autem
1238 2268 1295 2303 ipse
1308 2267 1434 2302 Spiritus,
1449 2268 1493 2302 qui
1511 2273 1637 2300 operatur
1649 2267 1738 2303 omnia

953 2302 980 2338 in
994 2303 1117 2329 onmibus
1133 2302 1232 2338 [eodem
1243 2309 1330 2329 noster
1347 2304 1442 2329 habet:
1456 2312 1464 2327 ι
1482 2303 1630 2329 Divisiones
1643 2302 1739 2334 quippe

953 2337 1207 2365 donationum’sunt
1223 2347 1229 2365 :
1247 2338 1316 2364 idem
1333 2343 1421 2364 autem
1439 2338 1575 2372 Spiritus;
1592 2342 1619 2363 et
1632 2338 1738 2363 divisio-

953 2380 1001 2399 nes
1019 2373 1242 2404 ministeriorum,
1258 2378 1282 2399 ιιι
1302 2373 1359 2406 ipse
1381 2373 1525 2405 Dominus;
1549 2378 1576 2399 et
1595 2372 1739 2399 divisiones

953 2408 1135 2442 operatiounm
1150 2415 1158 2434 :
1173 2408 1229 2442 ipse
1243 2408 1312 2434 idem
1332 2408 1411 2439 Deus,
1436 2409 1480 2442 qui
1499 2413 1625 2441 Operatnr
1650 2407 1739 2432 omnia

953 2442 979 2478 in
1016 2442 1168 2478 omnibus].
1197 2443 1333 2477 Operanle
1363 2450 1426 2477 ergo
1451 2443 1530 2469 Patre
1565 2443 1738 2478 multiplicent.

953 2477 1155 2504 charismalnm’
1185 2478 1396 2512 plenitudinem,
1441 2478 1600 2512 multiplicat
1641 2477 1738 2512 [eadem

953 2518 1062 2549 noster:
1082 2513 1226 2549 ministrat]
1269 2521 1328 2549 eam
1358 2512 1442 2540 Filius
1472 2513 1675 2549 subsistentem
1694 2519 1738 2544 por

953 2546 1083 2581 Spiritutn
1098 2546 1233 2575 sanctum.
1250 2557 1259 2573 ι
1287 2548 1338 2575 Alii
1358 2550 1429 2574 enim
1446 2555 1492 2582 per
1513 2548 1642 2581 Spiritum
1661 2547 1735 2571 datm

952 2589 1042 2618 sermo
1057 2583 1204 2617 sapientiu‘.
1219 2583 1269 2618 Alii
1286 2590 1348 2609 \‘ero
1364 2584 1483 2610 scientiae
1507 2582 1606 2618 [roder
1629 2585 1716 2618 uoster
1732 2585 1739 2601 ι

952 2616 1003 2643 Alii
1024 2616 1113 2644 sermo
1129 2617 1266 2652 scientiae]
1291 2619 1437 2644 secundum
1458 2616 1580 2644 cuttudem
1599 2617 1739 2652 Spiritum.

952 2651 1004 2678 Alii
1026 2652 1093 2680 ﬁdes
1108 2653 1133 2679 iu
1148 2654 1243 2679 eodem
1258 2650 1370 2687 Spiritui.
1383 2673 1390 2680 .
1401 2672 1408 2679 .
1421 2673 1429 2679 .
1440 2671 1448 2679 .
1466 2652 1527 2679 Haec
1547 2656 1634 2678 autem
1643 2650 1738 2687 omnia

953 2692 1082 2721 operatur
1094 2696 1161 2714 unus
1173 2693 1253 2722 atque
1266 2684 1334 2714 idem
1348 2688 1474 2722 Spiritus,
1491 2687 1614 2713 dividens
1628 2684 1738 2722 singulis

954 2720 1033 2758 prout
1048 2723 1102 2758 vult
1118 2720 1216 2758 [eodeni
1237 2728 1343 2749 noster:
1361 2720 1481 2749 dividens
1503 2722 1647 2755 unicuique
1669 2720 1737 2746 sicut

954 2756 1036 2792 vult].
1055 2756 1130 2784 Unde
1143 2758 1288 2788 disreutes,
1304 2767 1313 2782 ι
1332 2765 1387 2785 etc.

989 2788 1044 2828 (Ω)
1067 2793 1100 2830 llr
1117 2800 1168 2830 uno
1184 2792 1298 2830 Spiritu.
1315 2793 1398 2830 ΔνιιλΙεἶ
1414 2793 1554 2830 interpres
1568 2791 1640 2830 legit_
1653 2793 1681 2830 ut
1696 2788 1739 2830 Di-

952 2824 1060 2863 dymus.
1077 2827 1130 2855 Sed
1145 2824 1238 2855 Grat'ca
1258 2827 1341 2854 editio
1357 2824 1436 2863 habet
1453 2836 1459 2854 :
1477 2824 1506 2854 ὲν
1520 2826 1558 2862 τῷ
1572 2825 1646 2861 αὺτῴ
1659 2824 1739 2852 Πνεῦ-

954 2872 1030 2898 ματι,
1050 2864 1074 2891 id
1088 2868 1140 2896 cst,
1157 2872 1165 2887 ι
1177 2863 1203 2890 iu
1221 2863 1313 2890 eodem
1325 2862 1436 2898 Spiritu.
1453 2872 1461 2889 I
