1917 3064
203 125 256 153 605

822 121 942 149 DIDYMI
963 116 1197 147 ALEXANDRINI

1776 109 1832 134 004

203 181 376 216 operationes
399 180 538 211 virtutum.
552 180 596 207 alii
611 183 700 207 autem
719 180 870 216 prophetia,
882 180 925 206 alii
944 187 987 206 au-

1052 177 1240 213 ιαραδραμεῖν,
1269 175 1298 201 ἓν
1312 174 1372 210 μὲν,
1385 173 1425 200 ὅτι
1453 172 1495 198 διὰ
1510 171 1558 206 τὴν
1576 170 1641 206 πρὸς
1659 168 1702 196 τὸν
1719 168 1833 216 Πατέρα

206 231 260 252 tem
277 226 404 254 discretio
421 225 476 260 (t5)
503 224 661 259 spirituum,
677 224 753 251 alteri
778 229 867 252 autem
892 232 989 259 genera

207 272 370 307 linguarum,
383 271 428 298 alii
445 275 535 298 autem
552 271 739 306 interpretatio
749 270 911 306 linguarum.
929 271 991 298 Ilmc

204 323 294 343 autem
309 317 398 343 omnia
425 321 554 350 operatur
577 323 648 344 unus
661 319 743 350 atque
763 315 832 342 idem
859 315 989 350 Spiritus,

204 362 326 389 dividens
355 369 477 389 seorsum
506 361 654 396 unicuique
675 365 754 396 prout
780 361 845 389 vult.
862 371 872 387 ι
900 361 992 396 Neque

206 416 272 436 vero
288 409 345 436 lure
360 408 448 436 obiter
463 409 650 444 praetereunda
664 414 736 436 sunt.
750 407 816 435 Nam
831 409 917 443 primo
930 408 992 442 qui-

205 454 264 481 dem
277 454 548 482 animadvertendum
575 459 627 487 est,
655 455 725 489 quod
746 453 828 488 208
848 453 883 481 ob
904 453 994 481 omni-

205 499 312 526 modam
337 498 454 534 Spiritus
483 500 569 527 sancti
599 507 660 526 cum
694 499 775 526 Patre
800 498 992 534 aequalitatem,

186 550 190 552 ‘
205 547 281 582 prius
298 546 421 573 meminit
439 547 523 580 ipsius
551 544 679 580 Spiritus,
696 551 750 572 tum
766 545 838 578 Filii,
862 552 894 572 ac
917 545 994 571 dein-

205 599 269 626 ceps
283 592 328 619 Dei
345 597 371 619 et
388 593 476 620 Patris
493 592 538 627 qui
558 595 686 626 operatur
707 592 797 618 omnia
813 591 838 618 in
855 590 991 618 omnibus.

206 638 333 665 Secundo
349 639 411 665 illud
438 639 635 666 observandum
652 642 704 670 est,
723 638 791 672 quod
805 657 813 670 ,
840 644 900 664 cum
920 643 995 671 supc-

207 686 265 712 rius
291 685 411 718 dixissot,
443 686 526 712 Deum
550 685 655 720 operari
684 685 774 711 omnia
801 683 828 711 in
857 683 992 716 omnibus,

208 737 290 756 unam
308 725 477 764 postmodum
505 731 587 758 totius
607 730 752 758 testimonii
773 729 993 763 consequentiam

208 780 290 808 atque
304 774 472 801 harmoniam
490 774 620 807 indicans,
645 779 672 802 et
685 774 719 801 de
732 774 811 801 Patre
825 781 902 808 a‘que
918 781 949 800 ac
963 774 995 800 de

209 820 312 855 Spiritu
335 821 393 855 ejus
425 821 627 856 intelligendum
648 821 803 853 ostendens,
828 820 965 854 subiungit
987 828 993 846 :

212 876 221 892 ι
244 867 304 893 llzec
317 872 408 894 autem
431 867 521 894 omnia
540 872 669 902 operatur
686 874 756 894 unus
774 871 801 893 et
819 866 889 893 idem
909 866 994 900 Spiri-

211 917 256 939 tus
280 912 402 939 dividens
428 920 551 940 seorsum
580 913 725 947 unicuique
749 916 828 947 prout
841 912 918 940 vult:
937 921 946 937 ι
967 915 996 938 ιιι

209 957 271 984 inde
286 957 414 992 Spiritum
429 963 553 985 sanctum
570 959 689 985 declaret
703 966 764 985 esse
783 958 864 984 Deum
888 958 994 992 propria

209 1009 242 1028 ex
258 1002 345 1036 seipse
359 1004 668 1038 auctoritatcpraeditum
682 1012 689 1030 ι
704 1011 792 1038 neque
802 1011 875 1036 vero,
889 1005 951 1029 dum
961 1003 995 1029 ita

208 1055 239 1074 se
255 1049 333 1083 gerit,
348 1049 496 1084 quidquam
522 1049 675 1084 aggreditur
700 1049 767 1084 (44),
785 1049 856 1083 quod
871 1050 997 1076 inconve-

211 1093 287 1121 niens
305 1095 350 1127 sit,
366 1103 414 1123 nec
440 1096 562 1123 ordinem
586 1103 684 1122 novum
702 1095 814 1126 invehit,
830 1102 878 1122 nec
905 1096 939 1122 ab
964 1102 996 1122 eo

212 1140 282 1172 quod
306 1145 378 1167 recte
399 1147 428 1168 se
446 1141 537 1172 habet,
567 1141 685 1173 aberrat,
703 1140 749 1167 sed
774 1140 884 1167 illaesatn
908 1145 996 1167 servat

211 1185 272 1212 ﬁdei
303 1186 492 1220 cognitionem,
513 1191 541 1213 et
566 1186 706 1220 theologiei
737 1186 870 1213 sermonis
897 1186 998 1219 purita-

211 1235 265 1256 tem
283 1238 290 1257 :
310 1239 397 1265 neque
414 1232 556 1258 individute
568 1237 672 1258 natura:
687 1239 717 1257 ac
729 1230 853 1266 dignitati
872 1232 996 1266 injuriant

212 1275 303 1307 infert,
322 1277 392 1304 sicut
408 1277 424 1303 ii
442 1277 555 1309 faciunt,
569 1278 615 1312 qui
630 1277 726 1304 Filium
748 1282 776 1305 et
793 1277 923 1310 Spiritum
938 1285 998 1305 san-

211 1328 286 1350 ctum
299 1331 352 1351 non
373 1332 434 1351 cum
458 1325 537 1352 Patre
562 1330 770 1358 connumeraut,
787 1326 833 1352 sed
851 1326 900 1352 sub
919 1325 998 1352 Patre

213 1373 369 1396 numerant.
402 1369 522 1404 Namque
552 1377 602 1396 nec
620 1369 743 1401 fortuito,
767 1377 799 1397 ac
823 1370 882 1397 sine
906 1377 997 1403 causa,

214 1422 302 1450 neque
315 1415 422 1450 propria
442 1416 603 1443 auctoritate
617 1416 754 1443 nominum
771 1416 893 1443 ordinem
911 1416 998 1443 inver-

213 1459 266 1486 tit:
285 1461 330 1488 sed
346 1461 379 1492 is,
396 1461 440 1496 qui
461 1461 578 1496 loquitur
593 1461 675 1494 ineo,
695 1461 832 1494 Christus,
847 1466 876 1488 ut
891 1469 997 1489 onmem

213 1513 274 1532 eum
297 1506 475 1541 malignorum
503 1507 635 1540 cordium,
654 1511 709 1534 tum
724 1514 828 1540 eorum,
843 1515 903 1541 quae
932 1515 1000 1534 non-

215 1551 279 1577 dum
293 1558 421 1585 perversa
437 1552 505 1579 facta
523 1557 597 1584 sunt,
611 1552 792 1587 suspicionem
807 1552 892 1586 tollat,
906 1553 998 1580 diver-

213 1596 252 1622 sis
267 1596 352 1623 modis
371 1605 451 1623 unam
476 1598 651 1633 eamdemque
666 1598 807 1625 veritatem
830 1600 917 1632 docet,
937 1607 1000 1634 per-

217 1642 313 1669 fectam
335 1643 438 1670 scilicet
453 1651 512 1671 esse
525 1645 551 1671 in
566 1644 699 1672 Trinitate
713 1650 740 1672 et
755 1646 892 1680 potentiae,
908 1651 934 1673 et
949 1648 999 1674 lio-

216 1690 299 1722 noris,
317 1694 343 1716 et
357 1690 430 1722 usite,
459 1690 516 1717 sive
532 1691 688 1718 substantiae
710 1691 890 1725 aequalitatem
907 1701 914 1720 :
938 1700 1000 1720 cum

216 1734 279 1761 alibi
297 1735 404 1769 quidem
418 1736 487 1770 apud
498 1736 623 1763 eumdem
637 1736 749 1764 Paulum
766 1738 864 1765 dixerit
879 1747 886 1765 :
903 1747 913 1764 (
930 1738 1000 1766 ldem

217 1784 307 1807 autem
326 1780 395 1807 Deus
413 1786 463 1813 est,
478 1781 522 1815 qui
541 1787 670 1816 operatur
683 1782 772 1809 omnia
786 1783 812 1810 in
829 1784 970 1818 omnibus;
989 1794 998 1811 ι

217 1826 280 1853 alibi
295 1834 359 1854 vero
371 1828 441 1862 apud
466 1828 667 1862 Evangelistam
686 1828 760 1855 dicat
774 1837 782 1856 :
806 1838 815 1855 (
832 1829 1002 1864 Baptizantes

215 1870 274 1906 (45)
289 1878 337 1898 eos
352 1870 377 1898 iu
395 1871 503 1899 nomine
520 1871 619 1906 Patris,
631 1877 659 1900 et
674 1872 746 1907 Filii,
763 1878 791 1901 et
805 1874 922 1908 Spiritus
938 1882 1002 1902 san-

217 1916 254 1943 cti
272 1926 278 1944 :
298 1926 308 1942 ι
331 1925 402 1944 nunc
420 1923 510 1945 autem
533 1918 605 1952 apud
622 1918 744 1952 Paulum,
766 1923 794 1946 ut
807 1924 887 1947 antea
901 1919 1001 1947 dictum

219 1967 269 1996 est,
291 1964 330 1991 sic
361 1964 487 2000 loquatur
506 1974 512 1992 :
534 1973 544 1990 ι
561 1964 623 1992 llam
640 1970 730 1992 autem
758 1966 849 1993 omnia
877 1970 1004 2002 operatur

217 2017 287 2037 unus
308 2015 336 2037 et
355 2011 424 2038 idem
446 2011 573 2046 Spiritus,
592 2011 715 2040 dividens
747 2020 868 2040 seorsum
892 2013 1004 2048 singulis

219 2056 365 2083 sicutvult.
380 2065 389 2081 ι
405 2056 474 2089 Quin
488 2057 569 2084 etiam
588 2057 614 2084 in
626 2057 744 2092 Epistola
757 2058 790 2085 ad
813 2058 940 2086 Hebrtnos
954 2059 1005 2086 hoc

219 2102 305 2134 ipsum
321 2101 468 2136 capitulum
481 2107 723 2137 argumentumque
734 2104 877 2130 conlirmat
891 2104 932 2131 his
943 2111 1005 2131 ver-

219 2145 260 2172 bis
273 2154 281 2172 :
299 2155 309 2171 ί
321 2145 495 2173 Couteslante
506 2146 561 2181 (46)
574 2146 629 2174 Deo
642 2151 669 2174 et
680 2147 774 2181 signis,
786 2152 814 2175 ct
825 2148 968 2186 portentis,
979 2152 1005 2176 et

217 2237 293 2272 juxta
307 2237 391 2271 ipsius
402 2237 579 2266 voluntatem.
593 2249 602 2264 ι
617 2238 650 2265 Et
664 2237 770 2266 Domini
784 2240 924 2266 sententia!
936 2241 1005 2275 apud

218 2282 348 2311 Joannem
364 2284 404 2312 sic
419 2284 520 2312 habent
535 2292 541 2311 :
563 2292 573 2309 ι
591 2284 709 2319 Spiritus
723 2284 778 2320 (47)
809 2284 853 2311 ubi
869 2284 924 2312 vult
952 2285 1007 2320 spi—

221 2335 276 2363 rat;
292 2339 302 2356 »
319 2335 346 2357 et
361 2339 368 2357 :
386 2330 520 2366 «Spiritus
531 2335 573 2358 est
583 2329 638 2366 (48)
651 2331 775 2358 veritas.»
792 2330 818 2358 ld
834 2331 943 2366 perinde
956 2335 1006 2364 est,

219 2388 252 2408 ac
267 2380 290 2408 si
310 2380 433 2408 diceret:
458 2379 541 2407 Decet
555 2387 602 2407 vos
621 2380 708 2415 ipsum
735 2383 764 2406 ut
794 2380 877 2406 Deum
901 2378 1008 2414 hymnis

220 2427 367 2460 celebrare,
393 2434 446 2453 non
469 2426 496 2454 in
525 2427 642 2454 secundo
657 2426 805 2453 divinitatis
832 2425 916 2461 gradu
943 2433 1003 2452 eum

218 2474 303 2510 209
321 2474 490 2506 collocando,
506 2474 552 2502 sed
575 2473 601 2501 in
619 2474 724 2508 primo:
743 2477 771 2499 ut
787 2472 960 2500 securitatem
978 2471 1004 2497 in

219 2521 275 2548 vita
293 2520 348 2556 (49)
365 2519 499 2548 habeatis.
529 2519 596 2547 Nam
610 2519 656 2554 qui
674 2519 804 2547 beneﬁcia
821 2517 936 2550 confert,
954 2516 1004 2544 sibi

257 2647 313 2684 (45)
328 2645 583 2684 Diacretio.__G_r:eca
603 2644 687 2684 editio
702 2643 884 2684 εδιαιιρίσεις,
907 2642 933 2670 id
956 2646 1007 2674 cst,

224 2694 234 2710 ι
247 2679 452 2712 άῖεοὶοιίοιιρε.»
471 2681 544 2716 Vulg.
563 2681 611 2707 int.
629 2679 693 2715 legit
707 2683 734 2716 ut
753 2680 889 2716 Didymus.

258 2718 314 2753 (44)
344 2717 512 2753 Aggretlilur.
521 2712 534 2716 ⁷
545 2716 645 2753 Eodem
656 2712 754 2753 'modo
763 2712 892 2753 “vict-bunt
919 2712 1009 2746 ἐγχει-

226 2748 281 2789 ρεῖν
300 2748 430 2789 construit
443 2751 602 2789 gleAntensin
622 2750 734 2789 septimo
759 2748 934 2789 Stravit/itum,
950 2755 1009 2781 pag.

225 2783 288 2818 890,
301 2795 361 2814 etim
373 2788 411 2814 ait
427 2798 432 2814 ε
449 2787 510 2818 Τοῖς
529 2786 665 2821 μεγίστοις
678 2783 867 2819 ἐγχειροῦντας
884 2783 1011 2817 πράγμα-

227 2831 263 2851 σι.
284 2822 403 2849 Notanda
423 2830 529 2856 quoque
547 2829 607 2851 vox,
630 2821 788 2856 ἁπροσήκῳ,
809 2826 860 2853 qua
882 2826 945 2845 usus
971 2822 1011 2844 est

226 2863 322 2886 auctor
338 2857 417 2884 etiam
434 2864 517 2890 segni.
536 2856 566 2883 77
580 2859 604 2882 Ι).

1041 224 1106 259 περὶ
1120 223 1207 249 πάντα
1223 221 1333 256 ίσότητα
1358 219 1404 245 τοῦ
1429 218 1506 252 ἁγίου
1521 216 1689 251 Πνεύματος,
1715 214 1830 259 πρώτοο

1043 257 1178 304 μέμνηται
1192 265 1285 297 αὐτοῦ,
1311 262 1369 291 εἷτα
1384 263 1431 290 τοῦ
1454 262 1529 294 Υίοῦ,
1544 261 1591 288 καὶ
1615 259 1761 295 μετέπειτα
1779 257 1830 283 τοῦ

1041 314 1106 341 Θεοῦ
1122 314 1169 340 καὶ
1193 312 1299 347 Πατρὸς
1326 309 1498 345 ἐνεργοῦντος
1524 307 1558 334 τὰ
1571 307 1658 334 πάντα
1675 306 1703 332 ὲν
1728 305 1831 332 πᾶσιν·

1041 359 1165 394 δεύτερον
1175 358 1214 390 δὲ,
1227 358 1269 384 ὅτι
1280 356 1407 391 ἀνωτέρω
1418 353 1502 381 εἰπὼν
1521 353 1566 379 τὸν
1580 351 1645 378 Θεὸν
1659 351 1780 386 ἐνεργεῖν
1798 351 1833 376 τὰ

1043 406 1132 432 πάντα
1159 405 1188 430 ὲν
1206 404 1297 434 πᾶσιν,
1322 402 1418 435 ἐπάγει
1441 400 1504 435 μίαν
1523 397 1655 434 ἁρμονίαν
1677 397 1833 432 μαρτυρίας

1043 450 1214 485 ἐκτιθέμενος
1231 448 1295 484 περὶ
1306 447 1352 474 τοῦ
1366 446 1472 482 Πατρδς
1487 443 1591 471 καὶτοῦ
1607 442 1763 477 Πνεύματος
1781 441 1835 468 αῦ-

1042 497 1108 524 τοῦ·
1144 506 1152 522 ι
1165 495 1258 522 Ταῦτα
1272 494 1300 520 δὲ
1330 493 1417 520 πάντα
1437 491 1543 526 ἐνεργεῖ
1561 489 1591 516 τὺ
1609 488 1638 515 ἓν
1659 488 1752 515 καὶτὸ
1764 486 1834 512 αὐτὸ

1044 543 1168 578 Πνεῦμα,
1188 540 1309 577 διαιροῦν
1340 539 1392 574 ἰδίᾳ
1417 538 1523 572 ἑκάστῳ
1545 534 1636 566 καθὼς
1661 533 1804 569 βούλεται·
1822 542 1830 557 ι

1045 591 1077 617 ἵν’
1093 591 1125 616 ἐκ
1155 587 1251 615 τούτου
1276 586 1342 613 Θεδν
1367 583 1538 615 αὐτεξούσιον
1562 580 1668 616 δηλώσῃ
1694 579 1724 605 τὸ
1755 578 1835 612 ἅγιον

1044 635 1157 670 Πνεῦμα
1169 643 1175 649 ”
1189 633 1239 660 οὐχ
1255 632 1404 668 ἁπροσήκῳ
1418 628 1559 664 πράγματι
1583 619 1756 660 ὲγχείρήσας,
1773 623 1835 670 οὐδὲ

1044 682 1094 718 τὴν
1106 680 1182 714 τάξιν
1195 678 1406 713 καινοτομήσας,
1423 675 1483 702 οὐδὲ
1499 673 1654 708 διαμαρτὼν
1676 670 1723 697 τοῦ
1744 668 1835 718 mth

1045 714 1166 764 ἐλίοντος·
1182 726 1237 753 ἀλλ’
1252 726 1371 760 ἄτρωτον
1393 722 1532 757 φυλάττων
1544 719 1594 755 τὴν
1613 718 1711 752 γνῶσιν
1725 716 1774 750 τῆς
1789 714 1837 764 στί.

1047 762 1141 806 στεως,
1164 773 1210 799 καὶ
1224 772 1273 807 τῆς
1285 770 1421 804 θεολογίας
1448 768 1497 803 τὴν
1514 766 1685 802 καθαρὰτητα
1697 773 1704 780 ·
1723 764 1770 790 καὶ
1785 762 1837 797 οὐχ

1047 819 1163 855 ὺῦρίςων
1177 819 1225 853 τὴν
1255 816 1401 853 ἀμέριστον
1419 814 1499 849 φύσιν
1523 812 1671 845 καὶυάξίαν,
1687 811 1723 842 ὡς
1755 810 1779 836 οἱ
1797 809 1836 855 μὴ

1048 854 1286 901 συναριθμοῦντες,
1309 862 1366 889 ἀλλ’
1383 859 1599 896 ὑπαριθμοῦντες
1619 857 1657 891 τῷ
1682 855 1770 889 Πατρὶ
1790 854 1837 880 τὸν

1047 913 1111 939 Υἱὸν
1123 911 1170 937 καὶ
1179 911 1209 937 τὸ
1224 910 1300 943 ἆγιον
1322 907 1445 942 Πνεῦμα.
1469 905 1536 932 Οὐδὲ
1549 905 1604 939 γὰρ
1618 902 1709 933 ἁπλῶς
1724 901 1771 927 καὶ
1787 901 1837 934 ἀφ’

1047 956 1143 983 ἑαυτοῦ
1167 955 1317 989 ἀνέστρεφε
1345 952 1400 978 τῶν
1421 950 1559 986 ὀνομάτων
1583 949 1632 983 τὴν
1657 945 1836 989 ἀξιολουθίαν·

1046 1003 1103 1030 ἀλλ’
1118 1003 1131 1028 ὁ
1159 1000 1248 1027 λαλῶν
1264 1000 1293 1026 ὲν
1321 997 1395 1033 αὑτῷ
1410 996 1535 1032 Χριστὸς,
1564 994 1618 1020 τῶν
1635 992 1776 1028 κακοήθων
1790 991 1839 1017 καὶ

1047 1048 1232 1083 ἀδιαστρότρων
1247 1044 1377 1081 καρδιῶνν
1396 1043 1532 1077 ἀφανίζων
1557 1040 1606 1076 τὴν
1620 1039 1763 1075 ὑπόληψιν,
1775 1038 1837 1065 δια-

1047 1096 1136 1131 φόρως
1149 1094 1197 1129 τὴν
1217 1091 1344 1128 ἀλήθειαν
1372 1090 1420 1124 τῆς
1437 1088 1605 1122 ίσοδυνάμου,
1634 1086 1680 1112 καὶ
1693 1083 1838 1131 ὀμοτίμουί

1048 1129 1095 1166 uel.
1109 1138 1249 1174 ὀμοουσίου
1265 1137 1384 1164 διδάσκει
1399 1136 1420 1161 Τ
1424 1134 1523 1170 ριάδος,
1535 1133 1628 1160 ἄλλοτε
1646 1131 1694 1166 μὲν
1712 1130 1786 1165 παρὰ
1799 1129 1840 1164 τῷ

1048 1183 1121 1218 αὐτῷ
1144 1182 1243 1217 Παύλῳ
1262 1180 1397 1217 εἰρηκώς·
1431 1179 1480 1206 «Ὁ
1498 1178 1526 1204 δὲ
1548 1176 1628 1208 αὐτὸς
1655 1175 1720 1206 Θεὸς
1748 1174 1793 1210 [95
1811 1174 1838 1209 b]

1049 1232 1121 1257 ἐστιν
1132 1231 1146 1256 ὁ
1158 1228 1276 1264 ἐνεργῶν
1288 1227 1321 1254 τὰ
1335 1226 1423 1253 πάντα
1438 1226 1466 1252 ὲν
1479 1225 1560 1251 πᾶσιν
1573 1232 1580 1238 ·
1593 1233 1603 1249 ›
1616 1222 1709 1249 ἄλλοτε
1719 1221 1747 1247 δὲ
1763 1220 1840 1255 παρὰ

1050 1275 1089 1310 τῷ
1105 1274 1291 1309 Εὑαγγελιστῇ
1311 1268 1417 1306 λέγων·
1440 1280 1448 1297 ι
1464 1269 1644 1300 Βαπτίζοντες
1675 1267 1773 1298 αὐτοὺς
1797 1266 1840 1297 είς

1049 1322 1079 1348 τὸ
1106 1321 1191 1356 ὄνομα
1205 1315 1252 1346 τοῦ
1282 1318 1399 1353 Πατρὺς,
1415 1315 1521 1344 καὶτοῦ
1537 1315 1612 1348 Υίοῦ,
1630 1314 1676 1340 καὶ
1692 1313 1739 1340 τοῦ
1759 1311 1840 1346 ἁγίου

1050 1367 1222 1401 Πνεύματος·
1234 1375 1244 1391 ι
1274 1365 1322 1392 νῦν
1336 1364 1365 1390 δὲ
1381 1363 1456 1399 παρὰ
1470 1361 1578 1396 Παύλῳ,
1606 1360 1643 1391 ὡς
1660 1358 1821 1394 προείρηται
1831 1366 1839 1371 -

1053 1423 1062 1440 ι
1075 1413 1168 1440 Ταῦτα
1181 1413 1210 1440 δὲ
1225 1412 1313 1438 πάντα
1328 1411 1433 1445 ἐνεργεῖ
1444 1409 1474 1436 τὺ
1484 1408 1513 1435 ἓν
1528 1408 1574 1435 καὶ
1589 1407 1619 1434 τὺ
1636 1405 1701 1433 αὐτὸ
1716 1403 1839 1438 Πνεῦμα,

1051 1459 1171 1496 διαιροῦν
1187 1459 1240 1494 ίόίᾳ
1254 1458 1362 1492 ἑκάστῳ
1376 1455 1466 1487 καθὼς
1482 1455 1613 1490 βούλεται.
1628 1463 1636 1478 ι
1656 1450 1841 1496 Συνηγορεῖδὲ

1051 1495 1152 1533 καὶνὲν
1175 1506 1208 1540 τῇ
1237 1505 1305 1539 πρὸς
1322 1503 1463 1538 Ἐϐραίους
1481 1499 1622 1534 Ἐπιστολῇ
1648 1498 1687 1533 τῷ
1702 1495 1842 1531 κεφαλαίῳ

1052 1551 1148 1586 τούτῳ,
1170 1550 1270 1586 ἐχούσῃ
1285 1546 1335 1576 ὦδε
1347 1557 1354 1563 ³
1371 1558 1379 1574 ι
1391 1544 1694 1582 Συνεπιμαρτυροῦντος
1707 1542 1753 1570 τοῦ
1772 1541 1841 1568 Θεοῦ

1053 1599 1178 1634 σημείοις
1190 1606 1220 1624 τε
1231 1597 1278 1623 καὶ
1292 1596 1401 1630 τέρασι,
1425 1594 1472 1621 καὶ
1490 1593 1624 1623 ποικίλαις
1640 1590 1780 1625 δυνάμεσι,
1796 1588 1844 1615 καὶ

1052 1644 1209 1680 Πνεύματος
1237 1641 1314 1676 ἁγίου
1345 1641 1499 1676 μερισμοῖς,
1524 1638 1593 1665 κατὰ
1620 1637 1668 1672 τὴν
1689 1635 1770 1663 αὑτοῦ
1796 1634 1843 1661 Θέ-

1053 1690 1140 1724 λησιν.
1156 1698 1165 1714 ι
1197 1687 1251 1714 Καὶ
1273 1685 1429 1713 δεσποτικαὶ
1457 1684 1486 1710 δὲ
1514 1683 1608 1718 φάσεις
1639 1683 1701 1717 παρ’
1732 1680 1844 1715 Ἰωάννῃ

1055 1735 1180 1770 ἔχουσιν·
1216 1733 1272 1759 (Τὸ
1310 1732 1421 1767 Πνεῦμα
1451 1731 1517 1757 ὅπου
1550 1729 1620 1756 θέλει
1652 1729 1728 1754 πνεῖ·
1747 1737 1755 1752 ι
1785 1727 1843 1759 καὶ,

1058 1790 1066 1806 ι
1081 1781 1117 1807 Τὸ
1140 1778 1253 1814 Πνεῦμά
1275 1780 1350 1804 ὲστιν
1377 1779 1393 1813 ἡ
1421 1777 1544 1812 ἀλήθεια.
1559 1785 1567 1801 ι
1597 1775 1652 1802 Καὶ
1692 1773 1844 1809 ἐμπρεπὲς,

1056 1827 1141 1863 φησὶ,
1164 1825 1308 1861 πρωτείοις
1332 1824 1467 1858 θεότητος,
1487 1822 1554 1849 ἀλλὰ
1572 1821 1609 1857 μὴ
1622 1821 1667 1848 ἐπὶ
1682 1819 1845 1855 δευτερείοις

1057 1874 1153 1909 ὑμνεῖν
1166 1873 1232 1899 αὺτὸ
1243 1880 1250 1887 ·
1267 1872 1300 1898 ἵν’
1317 1871 1364 1897 ἐπὶ
1382 1871 1414 1905 τῇ
1438 1869 1493 1904 ζωῇ
1508 1868 1557 1903 τὴν
1580 1867 1728 1901 ἀσφάλειαν
1752 1865 1844 1900 ἔχητε.

1057 1920 1093 1946 Τὸ
1105 1919 1159 1954 γὰρ
1170 1916 1342 1953 εὐεργετοῦν,
1355 1914 1575 1951 εὐχαριστείσθαι
1587 1913 1634 1939 καὶ
1646 1910 1846 1947 Θεραπεύεοθαι

1057 1965 1142 2001 φιλεῖ·
1164 1964 1233 1998 ὅπερ
1252 1959 1330 1998 εὖρον
1354 1962 1442 1988 εἰπεῖν
1459 1959 1560 1990 ἀδόλως
1580 1959 1625 1985 καὶ
1638 1959 1662 1984 οί
1679 1957 1745 1989 ἔξω·
1766 1966 1775 1982 ι
1793 1957 1846 1983 Τὸν

1057 2008 1204 2045 εὐεργέταν
1219 2008 1333 2042 ἀγαναῖς
1349 2005 1476 2041 ἀμοιϐαῖς
1492 2003 1680 2032 ἀποτίννυσοε.
1700 2012 1709 2028 ι
1728 2002 1760 2028 Εἰ
1779 2002 1845 2036 γὰρ,

1058 2057 1150 2092 φησὶν,
1168 2054 1286 2090 ἀμείνων
1302 2054 1316 2080 ὁ
1330 2051 1501 2084 αὐτεξούσιος
1517 2049 1688 2083 ὑπεξουσίου,
1702 2048 1752 2084 ἤδη
1769 2047 1818 2074 καὶ
1834 2048 1848 2073 ὁ

1058 2103 1199 2138 ἄνθρωπος
1212 2098 1384 2132 αὑτεξούοιος
1398 2097 1447 2131 ὢν,
1461 2097 1592 2132 κρείττων
1615 2095 1678 2130 παρ’
1694 2094 1758 2129 ὑμῖν
1778 2093 1847 2119 ἁπο-

1031 2154 1037 2159 ⁴
1059 2137 1172 2183 φανθείη
1202 2145 1248 2172 τοῦ
1266 2144 1344 2179 ἁγίου
1368 2142 1535 2177 Πνεύματος.
1549 2140 1601 2167 Φεῦ
1614 2139 1668 2166 τῶν
1679 2138 1772 2165 δεινῶν
1786 2139 1792 2164 l
1806 2137 1847 2163 Τά

219 2191 303 2218 variis
317 2191 471 2225 virtutibus,
483 2195 510 2218 et
525 2190 642 2226 Spiritus
653 2193 742 2219 sancti
758 2192 1003 2228 distributionibus,
1020 2207 1044 2235 ι)

1059 2195 1108 2230 τῆς
1132 2193 1225 2228 θεῖκῆς
1247 2190 1388 2225 δυνάμεως
1415 2189 1462 2216 καὶ
1486 2187 1594 2222 φύσεως
1617 2185 1738 2222 σύμϐολα
1749 2183 1788 2215 ὡς
1801 2183 1849 2209 ἐπὶ

1056 2240 1167 2275 χτιστῆς
1197 2237 1367 2272 ἐκδεχόμενοι
1393 2234 1598 2264 Μακεδονιανοὶ,
1623 2230 1849 2267 περινενοήκασιν

1056 2287 1180 2317 ἀπάτας,
1200 2284 1247 2311 καὶ
1265 2282 1386 2319 ἔγραψαν
1409 2281 1565 2314 είσάγοντες
1579 2278 1713 2314 πρόσωπα
1739 2275 1849 2312 690056-

1058 2334 1102 2366 ξου
1123 2332 1170 2358 καὶ
1189 2328 1407 2357 Μακεδονιανοῦσ
1438 2327 1486 2354 καὶ
1509 2326 1556 2352 τοῦ
1573 2325 1622 2361 μὲν
1641 2322 1781 2359 ὸρθοδόξου
1802 2321 1850 2348 νῦν

1058 2377 1270 2414 περικόπτοντες
1282 2375 1336 2401 τιῖιν
1353 2372 1533 2405 ἀποδείξεων,
1553 2371 1602 2398 νῦν
1621 2370 1680 2397 οὐδὲ
1697 2369 1849 2404 προφέρον-

1058 2413 1103 2456 τες
1127 2424 1191 2454 ὅσας
1214 2422 1312 2457 ἐχρῆν·
1329 2420 1422 2448 ἄλλοτε
1438 2417 1593 2453 ἀποροῦντα
1610 2415 1749 2446 ποιοῦντες
1770 2413 1850 2440 αὐτὸν

1060 2470 1123 2506 περὶ
1136 2469 1185 2504 τὴν
1209 2467 1382 2502 ἀντιλογικὴν
1399 2466 1446 2492 καὶ
1470 2462 1662 2498 ἁποδεικτικὴν
1686 2461 1850 2496 ἀπόκρισιν·

1060 2516 1137 2552 ἢκαὶ
1154 2514 1306 2550 διαχέοντες
1325 2513 1372 2539 καὶ
1395 2511 1518 2542 ἀνιέντες
1539 2510 1618 2545 δῆθεν
1641 2508 1777 2538 πειθανοῖς
1801 2506 1850 2541 ῥή-

1102 2640 1158 2675 (45)
1173 2639 1350 2673 Baptizames.
1370 2636 1465 2675 M_all_h.
1481 2643 1579 2675 ιιιινιιιῑ
1596 2634 1639 2661 19.

1099 2669 1156 2711 (66)
1184 2669 1359 2711 gentestante.
1391 2671 1536 2711 llebruu,
1566 2669 1592 2697 4.

1100 2705 1156 2745 (4⁵1)
1178 2709 1304 2745 Spiritus.
1319 2707 1397 2745 Joat_t_.
1414 2715 1458 2745 ιιι,
1521 2740 1528 2745 _
1665 2738 1678 2745 Δ
1715 2737 1734 2745 ν

1100 2738 1155 2781 (1483
1177 2738 1291 2781 Spiritus
1306 2748 1354 2770 εει.
1373 2738 1458 2776 Epist;
1482 2741 1491 2768 l
1517 2740 1594 2768 Joau.
1617 2747 1642 2772 ν,
1663 2738 1689 2765 6.
1715 2738 1781 2765 Vide
1797 2744 1850 2764 unt.

1065 2780 1096 2807 ad
1106 2779 1194 2812 Segni.
1212 2779 1245 2806 60
1262 2779 1285 2805 b.
1302 2813 1321 2814 η
1538 2811 1543 2814 _
1758 2809 1763 2814 ι

1102 2811 1158 2850 (ill)
1177 2813 1208 2840 Ιιι
1221 2815 1282 2841 vita.
1301 2813 1410 2847 Nempe,
1426 2817 1454 2839 ut
1473 2819 1523 2847 ego
1538 2811 1710 2845 interpretor,
1728 2820 1736 2834 ι
1758 2811 1783 2836 iu
1801 2813 1849 2834 ιιι..

1066 2855 1177 2878 aeterna.
1196 2859 1205 2875 ›
