1933 3064
209 127 261 156 607

825 127 941 156 οιυγιιι
962 127 1198 156 ALEXANDRINI

1791 124 1842 152 608

211 185 339 212 mundum
355 193 388 212 ex
406 184 490 212 nihilo
503 184 536 211 ad
554 184 741 212 cxsistentiam
757 185 860 218 eduxit,
877 194 992 221 eumque

1052 186 1072 212 τὸ
1086 185 1183 220 φίλιον,
1198 186 1238 216 εἰς
1252 184 1323 219 ἀπερ
1339 185 1371 210 ἐκ
1388 183 1433 210 τοῦ
1454 182 1673 218 περισσεύματὸς
1690 190 1740 208 σου
1753 181 1842 215 λέγεις

210 235 238 258 et
251 230 314 257 fecit
336 235 363 257 et
374 235 499 264 operatus
515 235 572 263 est;
592 230 708 266 Spiritus
718 235 807 258 autent
825 237 936 258 sanctus
951 233 991 258 cli-

211 275 341 303 visionem
369 276 564 303 charismatum
589 276 616 303 in
644 276 686 308 iis,
717 276 762 310 qui
788 284 802 303 a
829 276 884 304 Deo
908 277 992 304 creati

211 325 284 351 sunt,
299 325 426 354 operatus
441 326 493 348 est.
513 320 651 356 Scriptum
669 326 711 348 est
727 321 798 348 enim
814 331 821 348 :
839 331 848 347 ι
869 322 994 350 Dividens

211 372 331 392 seorsum
347 367 461 400 singulis
477 371 554 401 prout
564 367 653 400 vultu
672 375 724 393 non
736 374 810 399 vero,
831 367 991 402 tlargiens.»

211 410 246 437 At
259 411 392 444 quomodo
408 419 460 438 non
473 413 559 445 vides,
576 420 592 439 ο
609 412 810 444 Macedoniaue,
837 413 994 447 theologicis

211 455 353 482 sententiis
382 460 463 490 atque
485 456 754 490 interpretationibus
779 456 872 484 istltzec
895 464 995 490 nequa-

211 508 291 536 quam
314 507 496 528 consentanea
521 509 590 533 esse.
610 507 687 536 teque
709 509 742 528 ex
767 502 810 529 his
838 503 915 536 ipsis.
935 510 996 537 qua:

212 547 290 580 dicis,
313 547 487 583 ltypocriseos
511 548 655 575 manifesto
678 549 828 576 convinci!
852 549 917 575 Nam
940 549 996 583 pri-

213 600 285 619 tuum
295 593 403 619 verbum
422 594 482 624 hoc,
499 593 615 628 ἐνεργεῖ,
624 593 649 620 id
658 599 709 626 εει,
720 604 729 619 ‹
742 600 878 629 operatur,
889 603 898 618 I
911 594 943 620 de
957 592 995 620 di-‘

214 639 300 668 versis
315 639 452 672 essentiis,
467 647 500 666 ac
525 640 605 667 rebus
620 641 775 674 praedicari,
799 648 892 667 omnes
913 640 997 667 faten-

216 688 279 710 tur:
301 691 416 718 quanam
438 692 502 716 ergo
526 685 560 712 de
583 692 675 716 causa,
702 693 762 712 cum
788 686 815 712 in
839 693 881 718 eo,
897 685 930 712 de
944 692 997 720 quo

215 729 313 764 agitur,
338 734 410 756 textu
430 731 463 757 de
480 730 571 757 divina
599 735 626 757 et
641 730 784 758 manifesta
806 730 922 765 Spiritus
936 739 998 757 san-

215 774 251 801 cti
265 774 420 809 operatione
435 782 523 802 sermo
536 775 580 805 sit,
597 782 628 802 ea
653 780 679 802 tu
697 775 722 801 in
747 775 863 802 medium
881 776 997 802 adduxi-

216 820 262 851 sti,
282 825 362 854 atque
386 819 436 847 hac
458 820 563 847 ratione
586 821 750 847 contumelia
775 821 862 856 potius
886 822 998 849 alfccisti

216 864 346 898 Spiritum
370 865 428 898 Dei,
445 873 528 900 quam
545 865 681 893 laudasti?
701 866 803 894 Deinde
821 875 873 894 non
891 868 942 895 hoc
957 873 999 894 at-
1015 858 1036 885 Β

217 911 377 938 tendendum
392 917 442 945 est,
457 913 528 946 quod
540 912 592 945 ais,
606 912 769 947 ltomonyme
791 917 837 939 aut
853 920 1000 948 synonyme

215 963 277 983 eum
292 957 324 983 de
337 955 403 989 Deo,
421 961 475 984 tum
489 958 522 985 de
539 958 639 991 herbis,
657 958 728 985 etde
740 957 841 985 Satana
859 959 942 992 accipi
957 966 999 985 vo-

215 1009 274 1029 cem
287 1002 401 1037 ἐνεργεῖ,
418 1002 443 1029 id
452 1007 504 1035 est,
520 1012 529 1028 ι
543 1009 686 1038 operatur;
701 1012 710 1029 ι
722 1003 768 1030 sed
779 1010 900 1037 personae
910 1007 999 1030 atten-

216 1048 310 1074 dendze
325 1052 399 1080 sunt,
415 1052 494 1082 atque
508 1050 695 1083 operatiouum
715 1050 871 1077 discrimina
887 1059 894 1076 :
912 1057 944 1077 ac
965 1051 999 1076 de

217 1092 260 1124 iis,
277 1100 337 1127 quae
354 1093 386 1119 ad
398 1093 518 1121 divinum
533 1094 663 1129 Spiritum
682 1096 812 1128 attinent,
830 1096 888 1122 sive
901 1096 1001 1123 doctri-

217 1138 275 1171 nis,
295 1138 352 1165 sive
369 1141 460 1170 rebus,
475 1139 605 1173 judicium
629 1140 717 1168 facere
736 1146 853 1175 oportet,
876 1149 928 1168 non
954 1141 1001 1168 Ita-

217 1183 272 1210 bita
290 1184 323 1210 ad
338 1191 380 1211 res
396 1189 516 1212 terrenas
532 1190 559 1212 et
586 1187 618 1213 ad
643 1187 757 1221 ejectum
773 1193 788 1213 e
809 1187 878 1214 coelo
901 1187 1000 1214 (Immo-

218 1235 278 1254 nem
293 1229 405 1262 ratione,
422 1231 467 1256 sed
482 1230 573 1257 habita
589 1232 693 1258 ratione
706 1232 738 1258 ad
753 1232 845 1263 Deum,
863 1232 909 1266 qui
920 1233 1001 1259 verbo

219 1273 273 1305 illo,
284 1274 399 1308 ἐνεργεῖ,
417 1274 468 1301 hoc
480 1280 532 1307 est,
541 1284 550 1300 ι
566 1280 702 1309 operatur,
720 1285 730 1301 ι
743 1275 895 1303 celebratus
908 1281 959 1308 est,
973 1281 1002 1303 ut

221 1319 347 1351 superius
360 1318 460 1345 dictum
477 1319 537 1347 luit.
550 1320 661 1356 Singula
676 1321 760 1352 enim,
781 1329 840 1355 qua:
854 1322 886 1348 de
899 1321 1001 1356 Spiritu

219 1369 315 1391 sancto
330 1364 444 1392 inveniri
460 1371 575 1399 possunt
602 1366 749 1401 Scriptura:
767 1367 837 1401 loca,
852 1368 914 1394 talia
929 1373 1001 1401 sunt,

219 1413 250 1435 ut
264 1416 297 1436 ex
318 1413 372 1436 tota
395 1411 529 1438 sermonis
544 1411 616 1438 serie
637 1417 663 1439 et
685 1413 878 1447 consequentia
901 1417 1000 1447 pateat,

219 1453 349 1488 Spiritum
367 1454 452 1489 ipsum
469 1463 528 1482 eum
550 1463 593 1489 ea,
619 1463 679 1490 quas
695 1457 749 1484 Deo
763 1458 899 1492 convenit,
923 1466 1003 1486 vene-

219 1499 322 1527 ratione
351 1501 570 1533 commemorari,
608 1506 740 1530 creatura:
769 1510 854 1535 vero,
891 1508 918 1530 et
948 1504 1003 1531 daa-

221 1551 281 1570 tuon
305 1551 338 1570 60
362 1544 441 1570 modo
465 1550 728 1578 commemorantur,
754 1554 809 1580 quo
835 1552 972 1574 merentur
996 1560 1002 1577 ;

220 1590 300 1624 211
320 1589 346 1616 id
362 1591 432 1623 quod
449 1597 501 1616 non
517 1591 664 1618 observans
679 1595 717 1623 tu,
737 1591 782 1625 qui
799 1590 1005 1620 Macedonianus

220 1643 262 1667 es,
281 1642 329 1662 nec
342 1642 384 1668 ea,
410 1642 469 1669 qua:
489 1639 619 1669 operatur
639 1636 744 1663 damon
766 1644 799 1663 ex
825 1637 897 1670 odio,
923 1637 957 1664 ab
973 1638 1005 1665 iis

221 1679 389 1711 discernens,
408 1686 468 1713 qua:
492 1679 609 1713 Spiritus
626 1683 735 1708 sanctus
752 1681 786 1708 ob
808 1689 887 1708 suum
909 1682 936 1709 in
955 1683 1005 1709 ho-

223 1723 309 1750 mines
322 1731 440 1751 amorem
460 1729 598 1758 operatur,
613 1725 750 1760 deprimis,
769 1733 901 1761 quantum
928 1728 954 1755 in
979 1733 1005 1756 te

220 1774 273 1802 εει,
288 1776 319 1795 ac
336 1768 481 1797 labefactas
503 1777 552 1804 per
569 1778 611 1802 ea,
625 1779 685 1805 quo:
703 1779 734 1798 ex
756 1773 844 1799 cordis
860 1773 898 1800 tui
917 1774 1006 1800 abun-

222 1814 314 1840 dantia
331 1815 408 1847 dicis,
424 1815 662 1851 incomparabilem
687 1817 802 1852 gloriam
826 1818 873 1845 Dei
897 1817 1003 1852 Patris,

222 1859 267 1893 qui
284 1860 417 1888 similibus
440 1867 467 1888 et
487 1862 544 1896 ipse
571 1862 754 1891 lucutionibus
781 1865 816 1891 ob
842 1865 932 1892 divina
956 1873 1005 1893 sua

221 1913 302 1940 opera
317 1906 468 1934 celebratus
487 1912 540 1940 est,
561 1912 587 1935 et
604 1909 690 1935 sancti
712 1909 831 1944 Spiritus
854 1911 939 1945 ipsius
953 1911 1004 1938 Pa-

222 1951 288 1978 tris:
304 1959 390 1986 neque
406 1953 470 1980 illttd
481 1953 709 1987 animadvertisti,
720 1956 792 1990 quod
805 1956 940 1984 itnmerito
949 1957 1005 1994 (54)

224 1998 394 2032 temetipsum
418 1998 489 2025 inter
513 2006 560 2026 eos
587 2001 747 2034 numerasti,
773 2002 818 2036 qui
846 2007 919 2030 recte
945 2011 1007 2029 sett-

224 2044 303 2070 tinut.
321 2044 372 2071 Sed
390 2044 440 2070 hoc
454 2045 543 2079 potius
559 2046 676 2079 attende,
693 2047 803 2080 quodin
821 2048 911 2076 allatis
929 2047 1007 2076 Pauli

222 2090 313 2117 verbis
329 2096 392 2118 ante
411 2091 494 2118 Deum
509 2091 627 2123 Patrem.
645 2097 672 2120 et
689 2092 786 2120 Filium
805 2094 922 2128 Spiritus
939 2103 1003 2122 san-

223 2140 284 2162 ctus
301 2135 389 2169 primo
413 2135 471 2162 loco
496 2141 662 2164 memoratus
691 2142 754 2165 est:
779 2138 805 2165 id
829 2146 891 2166 vero
912 2140 935 2166 ei
959 2139 1007 2166 soli

1045 230 1220 265 καταφέρεις,
1231 230 1260 256 τό
1269 238 1300 263 γε
1314 230 1360 255 ἐπὶ
1377 229 1428 261 σοὶ,
1444 230 1493 265 τὴν
1511 229 1678 264 ἀσύγκριτον
1691 227 1775 259 δόξαν
1795 226 1841 253 τοῦ

1045 275 1111 302 Θεοῦ
1129 275 1244 311 Πατρὴς,
1256 275 1303 301 τοῦ
1318 275 1495 310 ὁμοιολεξίαις
1509 275 1555 300 ἐπὶ
1570 274 1649 300 Θεῖων
1664 271 1841 308 πραγμάτων

1044 320 1291 355 ἀνευφημηοέντος,
1307 321 1353 346 καὶ
1365 320 1411 346 τοῦ
1425 319 1582 354 Πνεύματος
1592 318 1680 344 αὐτοῦ
1693 326 1700 332 ·
1714 317 1764 344 καὶ
1781 317 1841 343 ἐλα-

1046 365 1091 396 θες
1112 365 1224 396 εἰκότως
1246 364 1330 396 τάξας
1352 364 1446 391 ἑαυτὸν
1470 365 1499 391 ἐν
1519 365 1574 394 τοῖς
1592 363 1680 396 ὑγιῶς
1699 361 1840 397 φρονοῦσι.

1046 411 1167 446 Πρόσεχε
1190 410 1218 436 δὲ
1242 410 1349 445 μᾶλλον,
1370 411 1411 436 ὅτι
1435 411 1464 436 ὲν
1487 410 1542 440 τοῖς
1564 407 1773 444 προκειμένοις,
1790 407 1841 442 πρὸ
1859 446 1862 451 1

1045 456 1091 481 τοῦ
1102 455 1169 481 Θεοῦ
1182 455 1285 490 Πατρδς
1301 455 1346 481 καὶ
1358 454 1405 481 τοῦ
1420 453 1497 486 Υἰοῦ,
1507 454 1537 480 τὸ
1551 454 1626 487 ἆγιον
1642 451 1764 487 Πνεῦμα
1772 452 1842 486 πρῶ-

1045 509 1091 527 τον
1110 500 1268 535 θεοπρεπῶς
1284 499 1484 535 ἐμνημονεύθη·
1500 499 1546 526 καὶ
1560 498 1670 532 λογίζου
1684 499 1719 523 ἐκ
1734 497 1840 527 τούτου,

1046 546 1087 572 ὅτι
1099 545 1228 581 διαφορὰν
1243 547 1258 581 ἡ
1281 546 1309 571 ἐν
1327 545 1420 580 μονάδι
1435 545 1520 579 σεπτὴ
1537 544 1620 579 Τριάς
1636 544 1691 569 οὐκ
1713 543 1782 578 ἔχει,
1798 543 1843 568 καὶ

1047 593 1087 619 ὅτι
1101 593 1228 627 ἀρρήτως
1246 593 1372 627 συνεργεῖ
1385 592 1479 627 ἑαυτῇ.
1496 588 1562 618 Εἶτα
1577 591 1609 616 σὺ
1631 590 1788 625 σκόπησον,
1803 590 1841 615 ὅτι

1047 638 1155 672 ἑκάστῳ
1169 637 1212 663 διὰ
1228 637 1275 664 τοῦ
1291 637 1369 671 ἁγίου
1382 636 1451 663 Ilva-.i
1456 645 1540 672 ματος
1552 636 1598 662 καὶ
1615 635 1697 670 παρά
1706 635 1754 661 τοῦ
1767 635 1842 669 ἁγίου

1048 683 1205 718 Πνεύματος
1219 683 1317 709 δίδοται
1331 682 1364 709 τὰ
1379 681 1598 718 μνημονευθὲντα
1611 681 1695 707 θεῑκά
1711 681 1843 717 χαρίσμα-

1047 737 1091 755 τα·
1106 725 1142 755 ὧν
1158 728 1271 763 οὐδεμία
1282 728 1380 760 ἔξωθεν
1398 727 1574 753 ὑπολείπεται
1587 726 1663 758 δόσις
1682 726 1781 762 θεῖκῆς
1799 727 1843 752 ἰω-

1051 775 1114 809 ρεᾶς
1132 773 1193 805 ἰδία,
1211 774 1259 800 κα.)⁴
1273 770 1309 800 ὧν
1320 775 1334 800 ὁ
1349 773 1386 809 μὴ
1398 773 1550 808 τυγχάνων,
1563 772 1600 803 ὡς
1615 772 1696 807 παρά
1714 771 1760 798 τοῦ
1777 771 1842 797 Θεοῦ

1048 819 1203 854 διδομένων,
1220 819 1319 845 ἀθλίων
1332 819 1406 845 ἐστὶν
1419 818 1598 852 ἀθλιώτερος·
1619 817 1670 843 καὶ
1686 818 1700 843 ὁ
1717 817 1755 853 μὴ
1776 817 1843 843 οὕτω

1051 866 1163 901 γράφων
1185 873 1214 891 τε
1243 864 1290 891 καὶ
1314 864 1411 896 λέγων,
1436 864 1544 895 ἀνίατος
1566 863 1654 898 μένει,
1679 864 1745 898 μήτ’
1767 863 1842 893 αὐτὸς

1049 910 1248 945 ὠφελούμενος,
1268 910 1331 945 μήτ’
1342 909 1438 941 ἄλλους
1454 909 1580 943 ὠφελῶν,
1601 908 1673 934 ἀλλά
1691 907 1739 943 [97
1755 907 1782 943 a]
1801 908 1843 934 καὶ

1052 956 1186 990 βλάπτων·
1202 956 1249 982 καὶ
1263 956 1303 982 ὅτι
1320 955 1407 982 ταῦτα
1425 955 1513 982 πάντα
1536 955 1643 989 ἐνεργεῖ
1659 953 1691 980 τὸ
1711 953 1741 980 ἓν
1756 954 1803 979 καὶ
1816 954 1844 979 τὸ

1050 1001 1115 1027 αὐτὸ
1129 1000 1250 1036 Πνεῦμα,
1264 1000 1336 1027 τοῦτ’
1353 1000 1427 1026 ἔστιν
1442 1000 1514 1026 ποιεῖ
1524 1007 1552 1026 τε
1570 999 1617 1025 καὶ
1639 999 1760 1034 παρέχει
1771 1007 1777 1014 ·
1795 999 1843 1025 ea:

1050 1047 1089 1078 εἰς
1106 1045 1192 1072 ταῦτα
1215 1045 1345 1080 ἐνεργῶν,
1369 1045 1417 1071 καὶ
1445 1045 1485 1076 εἰς
1508 1045 1597 1070 πάντα
1621 1044 1784 1078 ἐνεργήσει,
1801 1043 1846 1069 καὶ

1051 1091 1175 1127 ἀνενδεής
1188 1093 1272 1118 ἐστιν·
1286 1092 1300 1117 ὁ
1320 1090 1348 1117 δὲ
1363 1089 1499 1125 ἀνενδεὴς,
1513 1089 1637 1125 ἀπαθής·
1652 1090 1667 1115 ὁ
1683 1089 1712 1115 δὲ
1729 1088 1844 1124 ἀπαθὴς,

1050 1138 1124 1169 Θεός.
1137 1136 1177 1163 Ἦ
1191 1135 1244 1172 ἄρα
1260 1136 1307 1163 ὲάν
1323 1136 1435 1172 λέγηται
1458 1136 1522 1171 περὶ
1546 1136 1592 1162 τοῦ
1617 1135 1690 1162 Θεοῦ
1721 1135 1843 1171 Πατρός·

1053 1193 1063 1209 ί
1084 1183 1185 1219 Κύριος
1199 1183 1309 1214 δυνατὸς
1320 1183 1349 1209 ὲν
1360 1182 1480 1218 πολέμῳ·
1493 1192 1501 1207 ι
1517 1182 1574 1213 καὶ,
1589 1191 1599 1207 t
1618 1182 1746 1213 Γνωστὺς
1760 1183 1788 1208 ἐν
1808 1183 1839 1216 τῇ

1051 1229 1166 1264 Ἰουδαίᾳ
1180 1230 1194 1255 ὁ
1211 1228 1286 1261 Θεὸς,
1307 1238 1317 1255 ι
1336 1229 1384 1255 καὶ
1399 1229 1449 1255 ὅσα
1461 1227 1582 1254 τοιαῦτα’
1598 1229 1628 1254 ὲν
1640 1228 1734 1259 ἄλλοις
1746 1227 1775 1253 οὺ
1788 1235 1844 1261 νοη-

1052 1274 1163 1308 θήσεται
1180 1273 1309 1307 δυνατὸς,
1333 1274 1381 1301 καὶ
1405 1274 1596 1310 ἐνεργητικὸς,
1619 1274 1668 1301 καὶ
1693 1273 1840 1308 ὲπιιρανήςς

1052 1320 1154 1355 Σκέψαι
1173 1320 1201 1346 δὲ
1229 1320 1345 1354 ὁμοίως,
1371 1321 1413 1347 ὃτι
1439 1320 1530 1346 πᾶσαν
1556 1320 1604 1353 μὲν
1624 1318 1841 1355 ἀπαμφιέννυσιν

1052 1365 1192 1402 αἱρετικὴν
1217 1365 1434 1400 πειθανολογίαν,
1459 1365 1640 1399 διεγγυῶνται
1661 1365 1690 1392 δὲ
1713 1365 1840 1399 διαφόρως

1052 1412 1101 1446 τὴν
1116 1412 1211 1447 θεῖκὴν
1222 1411 1303 1437 αὑτοῦ
1320 1411 1547 1446 αὐτεξουσιότητα
1557 1432 1564 1443 ,
1578 1411 1628 1446 τὴν
1642 1410 1782 1450 ὁμόφρονα
1798 1408 1840 1434 τοῦ

1053 1458 1174 1494 Πατρὸς,
1191 1458 1238 1484 καὶ
1252 1457 1299 1484 τοῦ
1313 1456 1378 1483 Υἱοῦ
1389 1476 1396 1488 ,
1410 1457 1439 1483 αἱ
1455 1456 1525 1483 οὕτω
1550 1455 1727 1483 διαλαλοῦσαι
1749 1454 1839 1486 λέξεις·

1057 1513 1066 1529 ι
1084 1502 1163 1530 Κατὰ
1175 1503 1225 1538 τὴν
1241 1502 1323 1529 αὑτοῦ
1335 1502 1453 1537 θέλησιν·
1473 1511 1481 1528 ι
1501 1502 1559 1534 καὶ,
1575 1512 1584 1527 ι
1599 1503 1707 1537 Διαιρεῖ
1724 1502 1775 1536 ἰδίᾳ
1786 1500 1843 1526 ἑκά-

1056 1558 1110 1584 στῳ
1125 1548 1216 1580 καθὼς
1236 1549 1369 1584 βούλευμ’
1385 1558 1394 1574 ι
1414 1549 1460 1574 καὶ
1477 1549 1517 1574 ὅτι
1535 1549 1770 1584 συνεπιμαρτυρεί
1785 1546 1841 1573 τοῦ-

1054 1603 1120 1626 τοις,
1140 1595 1153 1621 ὃ
1169 1603 1197 1620 τε
1213 1594 1280 1626 Θεὸς
1305 1595 1399 1629 Πατὴρ
1421 1594 1544 1629 σημείοις
1568 1594 1615 1620 καὶ
1638 1594 1761 1629 τέρασιν,
1786 1593 1839 1619 ὅτε

1055 1639 1148 1674 Σωτὴρ
1167 1639 1267 1673 λέγων·
1290 1649 1298 1665 ι
1323 1639 1359 1665 Τὸ
1382 1639 1496 1674 Πνεῦμα
1511 1640 1561 1675 τῆς
1575 1639 1718 1675 ἀληθείας,
1736 1639 1750 1665 ὅ
1774 1637 1840 1672 παρά

1054 1686 1102 1713 τοῦ
1116 1685 1224 1721 Πατρὺς
1238 1685 1426 1721 ἐκπορεύεται·
1445 1694 1455 1711 ι
1475 1685 1537 1716 καὶ,
1553 1695 1562 1710 ι
1582 1685 1619 1711 Τὸ
1633 1684 1748 1719 Πνεῦμά
1772 1685 1838 1709 ἐστιν

1055 1731 1073 1765 ἡ
1092 1730 1221 1765 ἀλήθεια·
1242 1739 1250 1755 ι
1270 1730 1284 1755 ὅ
1300 1737 1328 1755 τε
1345 1728 1463 1764 Πέτρος,
1485 1727 1551 1755 Θεὸν
1575 1728 1606 1754 τὸ
1630 1728 1709 1762 ἃγιον
1735 1725 1839 1761 Πνεῦμα

1055 1775 1199 1811 διαρρήδην
1223 1774 1261 1810 τῷ
1281 1775 1392 1810 ’Δνανίᾳ
1417 1774 1608 1808 καταγγέλλων
1635 1773 1763 1800 τοιῶσδε·
1781 1780 1790 1797 ε
1809 1770 1838 1797 Τί

1056 1821 1097 1847 ὅτι
1110 1821 1285 1856 συνεφωνήθη
1299 1821 1363 1855 ὑμῖν
1377 1819 1527 1854 ψεύσασθαι
1539 1819 1570 1845 τὸ
1584 1818 1699 1854 Πνεῦμα
1709 1817 1739 1844 τὸ
1751 1817 1819 1850 ἅγιον
1831 1823 1837 1847 ;

1057 1867 1114 1894 οὐκ
1136 1866 1243 1901 ἐψεύσω
1260 1865 1413 1901 ἀνθρώπῳ,
1431 1864 1499 1892 ἀλλά
1513 1864 1551 1900 τῷ
1572 1864 1643 1899 Θεῷ.
1659 1874 1668 1890 ι
1686 1862 1800 1890 Κάκὲῖνο
1813 1860 1838 1886 δὲ

1057 1911 1134 1942 εἰδὼς
1146 1911 1201 1944 ἔσο,
1216 1911 1257 1937 ὅτι
1270 1911 1320 1936 οὐκ
1335 1909 1429 1941 ἔλαθες
1444 1909 1605 1945 πανούργως
1628 1907 1796 1943 παραλείψας
1813 1906 1838 1930 ὲν

1055 1958 1095 1993 τῷ
1112 1956 1218 1992 ματαίῳ
1236 1957 1282 1983 καὶ
1300 1955 1465 1983 καταδλαὸεἰ
1483 1955 1646 1990 πονηματίῳ
1663 1962 1710 1980 σου
1721 1973 1728 1984 ,
1748 1950 1837 1987 μᾶλλον

1056 2004 1085 2030 δὲ
1100 2002 1335 2038 βλασφημητηρςῳ
1357 2010 1415 2035 σου,
1433 2001 1464 2028 τὸ
1488 2000 1694 2037 προηγούμενον
1714 1998 1759 2025 τοῦ
1773 1996 1836 2024 θείου

1057 2048 1184 2084 γραφίου.
1207 2047 1332 2083 Περιέχει
1352 2047 1406 2082 γὰρ
1425 2044 1490 2073 ὧδε-
1511 2055 1520 2072 ι
1548 2046 1583 2072 Τὸ
1605 2046 1637 2072 ἓν
1658 2045 1706 2072 καὶ
1725 2044 1755 2070 τὸ
1778 2040 1837 2069 αὐτὸ

1057 2094 1179 2129 Πνεῦμα·
1200 2103 1209 2119 ι
1226 2094 1272 2120 καὶ
1291 2092 1377 2124 οὕτως
1398 2092 1543 2127 ἐπιφέρει,
1565 2091 1579 2118 ὃ
1598 2092 1679 2127 μόνον
1701 2091 1732 2116 σὺ
1759 2088 1836 2114 ἐνδια-

1058 2140 1181 2176 στρόφως
1201 2139 1357 2174 ἐπήγαγες·
1376 2147 1385 2163 ι
1404 2137 1529 2173 Διαιροῦν
1553 2136 1604 2173 ἰδίᾳ
1625 2136 1734 2170 ἑκάστῳ
1754 2131 1836 2162 καθὼς

223 2181 358 2214 convenit,
385 2181 431 2216 qui
446 2181 516 2208 Deus
538 2182 582 2209 sit.
597 2182 637 2209 Ex
650 2183 701 2209 hoe
718 2188 808 2210 autem
825 2184 905 2218 infer,
925 2193 1001 2212 vene-

1059 2185 1194 2220 βούλεται·
1214 2193 1223 2210 ›
1241 2184 1302 2211 ἀντὶ
1316 2183 1373 2216 τοῦ,
1385 2183 1566 2219 δωρούμενον,
1581 2183 1627 2209 καὶ
1649 2181 1780 2216 διανέμον,
1794 2178 1835 2204 καὶ

223 2228 314 2254 randa:
337 2227 373 2254 illi
397 2227 424 2254 in
445 2228 550 2254 ttnitate
576 2228 717 2255 exsistenti
748 2228 874 2256 Trinitati
905 2230 1006 2257 nullam

224 2273 303 2307 plane
327 2273 417 2300 inesse
440 2273 668 2308 discrepantiam,
695 2281 810 2309 eamque
836 2275 1008 2303 inell'abiliter

223 2318 321 2345 suimet
347 2318 432 2352 ipsius
457 2318 668 2352 cooperatrieem
694 2326 764 2347 esse.
792 2319 858 2347 Illud
892 2321 1003 2356 insuper

223 2363 377 2397 considera,
405 2363 476 2397 quod
506 2368 716 2392 commemorata
735 2365 826 2392 divina
851 2366 921 2393 dona
948 2367 1007 2394 uni-

223 2409 320 2443 cuique
342 2416 389 2443 per
408 2409 539 2444 Spiritum
561 2415 696 2442 sanctutn,
710 2416 738 2438 et
752 2419 767 2438 a
789 2411 892 2446 Spiritu
910 2416 1006 2439 sancto

223 2453 401 2481 conferuntur
416 2464 423 2482 :
437 2460 534 2489 prmler
549 2463 609 2490 qua),
623 2456 694 2483 nulla
710 2456 762 2483 alia
779 2457 881 2492 reliqua
899 2462 941 2484 est
955 2458 1006 2484 lar-

223 2501 289 2536 gitio
304 2509 336 2530 ac
360 2502 468 2529 donatio
487 2502 584 2530 divina:
599 2505 692 2539 gratiae
715 2504 821 2539 propria
838 2512 845 2537 ;
877 2505 923 2539 qui
939 2512 1004 2532 vero

223 2554 255 2574 ea
277 2555 328 2574 non
345 2549 506 2583 assequitur,
534 2553 625 2583 utpote
646 2557 660 2576 a
679 2549 733 2577 Deo
746 2551 819 2582 data,
848 2550 1006 2578 miserorum

224 2595 392 2622 miserrimus
407 2600 448 2622 est
464 2603 471 2628 ;
488 2603 520 2622 ac
533 2596 555 2622 si
570 2596 632 2630 quis
646 2604 699 2624 non
724 2597 759 2622 ita
781 2596 806 2622 in
824 2596 933 2630 scriptis
953 2596 1009 2623 suis

224 2642 315 2674 sentit,
332 2649 364 2668 ac
385 2643 565 2675 sermonibus,
591 2642 636 2669 ille
659 2642 817 2670 insanabilis
842 2647 941 2675 manet,
964 2649 1011 2669 nc-

225 2695 278 2722 que
292 2689 479 2724 adiumentum
502 2690 560 2723 ipse
582 2689 663 2716 ullum
682 2689 845 2724 percipiens,
871 2696 922 2716 nec
940 2689 1009 2716 alios

1057 2230 1228 2257 ὲκκαλύπτον
1239 2229 1404 2261 αὑθεντικῶς
1423 2229 1458 2256 τὰ
1473 2228 1585 2263 οὐράνια
1604 2228 1704 2263 ἀγαθά.
1728 2226 1782 2252 Οὐκ
1793 2224 1835 2257 ὀρ-

1058 2276 1107 2311 θῆς
1117 2275 1144 2302 δὲ
1158 2275 1270 2310 γνώμης
1283 2275 1330 2301 καὶ
1342 2275 1470 2307 πίστεως,
1485 2275 1553 2310 μετά
1568 2274 1615 2300 τοῦ
1627 2269 1834 2310 παρερμηνεύειν

1057 2320 1098 2347 ἔτι
1118 2321 1164 2348 καὶ
1178 2320 1396 2356 ἀκρωτηριάζειν
1408 2321 1443 2347 τὰ
1452 2320 1540 2355 λόγια.
1560 2320 1604 2356 [97
1623 2320 1649 2356 b]
1672 2319 1708 2345 Τὸ
1726 2316 1777 2350 γὰρ
1791 2321 1835 2339 πε-

1059 2365 1176 2401 ριέχειν,
1196 2375 1205 2391 ι
1225 2365 1272 2391 Ἐν
1288 2366 1334 2393 καὶ
1352 2366 1383 2392 τὸ
1394 2366 1459 2393 αὐτὸ
1475 2365 1603 2401 Πνεῦμα,
1619 2375 1629 2392 ι
1648 2361 1780 2392 ἀποκλείει
1797 2366 1833 2384 σοι

1058 2410 1106 2438 τοῦ
1120 2420 1150 2438 τε
1165 2410 1292 2446 χωρίζειν
1311 2412 1376 2438 αὐτὸ
1390 2412 1440 2447 τῆς
1455 2412 1523 2447 πρὸς
1540 2412 1586 2438 τὸν
1597 2411 1661 2443 ἕνα,
1677 2409 1723 2436 καὶ
1737 2403 1832 2435 ἀνάπα-

1058 2466 1115 2490 τον,
1131 2458 1177 2484 καὶ
1192 2457 1279 2484 πάντα
1292 2457 1523 2493 πηδαλιουχοῦντα
1536 2457 1697 2493 murmuro;
1711 2451 1831 2488 (διαφέρει

1059 2504 1114 2540 γὰρ
1130 2501 1206 2536 οὗτος
1220 2505 1234 2531 ὁ
1248 2503 1470 2540 ἀθεωρητὸτάτος
1483 2504 1530 2531 καὶ
1544 2498 1785 2540 ἀπεριλίηπτότατος
1799 2496 1827 2529 τῇ

1061 2550 1166 2586 θεότητι
1182 2549 1240 2576 οὔτι
1257 2558 1289 2584 γε
1305 2550 1435 2585 σμικρὸν.
1456 2549 1526 2585 πλὴν
1547 2550 1619 2585 μόνῳ
1629 2549 1666 2584 τῷ
1679 2547 1726 2581 τῆς
1739 2541 1829 2590 cca-W6.-

1057 2605 1139 2631 τητος
1157 2596 1244 2631 λόγῳ·
1261 2596 1302 2622 ὄτι
1318 2594 1483 2630 ὲξεπορεύθη
1496 2595 1575 2630 φύσει
1593 2595 1622 2627 ἐξ
1638 2591 1727 2623 αὑτοῦ,
1745 2588 1786 2634 Xqu
1801 2588 1827 2634 ξι)

1059 2641 1240 2678 δημιουργικῇ
1252 2640 1450 2676 ὲνεργείᾳ),τοῦ
1456 2650 1485 2668 τε
1496 2641 1594 2675 λέγειν·
1605 2641 1635 2667 Εἰ
1646 2633 1825 2671 Πνεῦμαθεοῧτ

1061 2689 1108 2715 καὶ
1132 2688 1247 2724 Πνεῦμα
1271 2688 1389 2724 Χριστοῦ
1417 2688 1582 2724 γέγραπται,
1609 2688 1656 2715 δύο
1681 2683 1826 2719 νοηθήσεταί

263 2795 318 2836 (εει)
340 2796 486 2825 Inmerito.
500 2797 528 2826 In
545 2797 650 2832 Graeco,
665 2798 787 2830 εἰκότως.
804 2798 901 2827 Videat
927 2799 1001 2826 lectut

1052 2806 1064 2826 n
1088 2800 1229 2836 legendum
1251 2800 1285 2828 sit
1309 2801 1358 2827 οὐκ
1393 2801 1522 2833 εἰκότως,
1551 2804 1596 2828 aut
1616 2796 1692 2834 paulo
1705 2795 1768 2829 posl.
1783 2785 1824 2819 οὐκ

229 2829 319 2865 ὑγιῶς,
