  <div class='ocr_page' id='page_1' title='image "/cluster/home/n/w/nwhite01/storage/ocr_20150623/39/njp.32101010943528/310.png"; bbox 0 0 1933 3064; ppageno 0'>
   <div class='ocr_carea' id='block_1_1' title="bbox 81 103 130 133">
    <p class='ocr_par' dir='ltr' id='par_1_1' title="bbox 81 103 130 133">
     <span class='ocr_line' id='line_1_1' title="bbox 81 103 130 133; baseline 0.041 -2"><span class='ocrx_word' id='word_1_1' title='bbox 81 103 130 133; x_wconf 76' lang='lat'><strong>609</strong></span> 
     </span>
    </p>
   </div>
   <div class='ocr_carea' id='block_1_2' title="bbox 595 83 1176 130">
    <p class='ocr_par' dir='ltr' id='par_1_2' title="bbox 595 83 1176 130">
     <span class='ocr_line' id='line_1_2' title="bbox 595 83 1176 130; baseline -0.002 -1"><span class='ocrx_word' id='word_1_2' title='bbox 595 102 638 129; x_wconf 75' lang='lat' dir='ltr'><strong>ne</strong></span> <span class='ocrx_word' id='word_1_3' title='bbox 656 101 844 130; x_wconf 76' lang='lat' dir='ltr'><strong>TRINITATE</strong></span> <span class='ocrx_word' id='word_1_4' title='bbox 863 101 962 129; x_wconf 75' lang='lat' dir='ltr'><strong>LIBER</strong></span> <span class='ocrx_word' id='word_1_5' title='bbox 985 83 1176 130; x_wconf 72' lang='lat' dir='ltr'><strong>saeuunus.</strong></span> 
     </span>
    </p>
   </div>
   <div class='ocr_carea' id='block_1_3' title="bbox 1650 103 1703 133">
    <p class='ocr_par' dir='ltr' id='par_1_3' title="bbox 1650 103 1703 133">
     <span class='ocr_line' id='line_1_3' title="bbox 1650 103 1703 133; baseline 0.038 -3"><span class='ocrx_word' id='word_1_6' title='bbox 1650 103 1703 133; x_wconf 80' lang='lat' dir='ltr'><strong>(ilo</strong></span> 
     </span>
    </p>
   </div>
   <div class='ocr_carea' id='block_1_4' title="bbox 81 159 870 197">
    <p class='ocr_par' dir='ltr' id='par_1_4' title="bbox 81 161 868 197">
     <span class='ocr_line' id='line_1_4' title="bbox 81 161 868 197; baseline -0.003 -8"><span class='ocrx_word' id='word_1_7' title='bbox 81 161 236 197; x_wconf 81' lang='grc' dir='ltr'>Πνεύματα.</span> <span class='ocrx_word' id='word_1_8' title='bbox 255 161 420 197; x_wconf 80' lang='grc' dir='ltr'>Προείρηται</span> <span class='ocrx_word' id='word_1_9' title='bbox 436 162 463 188; x_wconf 71' lang='grc' dir='ltr'><strong>δὲ</strong></span> <span class='ocrx_word' id='word_1_10' title='bbox 477 162 506 188; x_wconf 80' lang='grc' dir='ltr'>οὺ</span> <span class='ocrx_word' id='word_1_11' title='bbox 520 161 609 196; x_wconf 78' lang='grc' dir='ltr'>πολλῷ</span> <span class='ocrx_word' id='word_1_12' title='bbox 622 161 750 197; x_wconf 79' lang='grc' dir='ltr'><strong>ἀνωτέρω</strong></span> <span class='ocrx_word' id='word_1_13' title='bbox 762 182 768 191; x_wconf 86' lang='grc'>.</span> <span class='ocrx_word' id='word_1_14' title='bbox 785 161 818 187; x_wconf 80' lang='grc' dir='ltr'>δι’</span> <span class='ocrx_word' id='word_1_15' title='bbox 835 161 868 196; x_wconf 74' lang='grc' dir='ltr'>ἢν</span> 
     </span>
    </p>
   </div>
   <div class='ocr_carea' id='block_1_5' title="bbox 926 159 1706 197">
    <p class='ocr_par' dir='ltr' id='par_1_5' title="bbox 930 161 1706 196">
     <span class='ocr_line' id='line_1_5' title="bbox 930 161 1706 196; baseline 0.005 -9"><span class='ocrx_word' id='word_1_16' title='bbox 930 167 1023 192; x_wconf 89' lang='lat' dir='ltr'><strong>uvans,</strong></span> <span class='ocrx_word' id='word_1_17' title='bbox 1052 161 1099 188; x_wconf 88' lang='lat' dir='ltr'><strong>sed</strong></span> <span class='ocrx_word' id='word_1_18' title='bbox 1125 161 1165 187; x_wconf 89' lang='lat' dir='ltr'><strong>eis</strong></span> <span class='ocrx_word' id='word_1_19' title='bbox 1191 161 1282 195; x_wconf 92' lang='lat' dir='ltr'><strong>potius</strong></span> <span class='ocrx_word' id='word_1_20' title='bbox 1307 168 1417 188; x_wconf 90' lang='lat' dir='ltr'><strong>nocens.</strong></span> <span class='ocrx_word' id='word_1_21' title='bbox 1448 161 1539 196; x_wconf 77' lang='lat' dir='ltr'><strong>Neque</strong></span> <span class='ocrx_word' id='word_1_22' title='bbox 1564 170 1628 190; x_wconf 83' lang='lat' dir='ltr'><strong>vero</strong></span> <span class='ocrx_word' id='word_1_23' title='bbox 1653 164 1706 192; x_wconf 87' lang='lat' dir='ltr'><strong>hoc</strong></span> 
     </span>
    </p>
   </div>
   <div class='ocr_carea' id='block_1_6' title="bbox 81 207 866 244">
    <p class='ocr_par' dir='ltr' id='par_1_6' title="bbox 81 207 866 244">
     <span class='ocr_line' id='line_1_6' title="bbox 81 207 866 244; baseline -0.001 -10"><span class='ocrx_word' id='word_1_24' title='bbox 81 207 167 234; x_wconf 72' lang='grc' dir='ltr'>αἰτίαν</span> <span class='ocrx_word' id='word_1_25' title='bbox 187 207 258 233; x_wconf 72' lang='grc' dir='ltr'>οὕτω</span> <span class='ocrx_word' id='word_1_26' title='bbox 280 207 517 242; x_wconf 67' lang='grc' dir='ltr'><strong>κεχρησμῴδηται.</strong></span> <span class='ocrx_word' id='word_1_27' title='bbox 539 208 584 244; x_wconf 79' lang='grc' dir='ltr'><strong>Μὴ</strong></span> <span class='ocrx_word' id='word_1_28' title='bbox 604 208 695 241; x_wconf 75' lang='grc' dir='ltr'>ἀγνόει</span> <span class='ocrx_word' id='word_1_29' title='bbox 717 207 745 233; x_wconf 82' lang='grc' dir='ltr'><strong>δὲ</strong></span> <span class='ocrx_word' id='word_1_30' title='bbox 765 207 812 234; x_wconf 78' lang='grc' dir='ltr'><strong>καὶ</strong></span> <span class='ocrx_word' id='word_1_31' title='bbox 835 207 866 234; x_wconf 74' lang='grc' dir='ltr'>τὸ</span> 
     </span>
    </p>
   </div>
   <div class='ocr_carea' id='block_1_7' title="bbox 80 253 866 288">
    <p class='ocr_par' dir='ltr' id='par_1_7' title="bbox 80 253 866 288">
     <span class='ocr_line' id='line_1_7' title="bbox 80 253 866 288; baseline 0 -9"><span class='ocrx_word' id='word_1_32' title='bbox 80 254 118 280; x_wconf 79' lang='grc' dir='ltr'><strong>ὅτι</strong></span> <span class='ocrx_word' id='word_1_33' title='bbox 134 253 167 280; x_wconf 67' lang='grc' dir='ltr'><strong>τὰ</strong></span> <span class='ocrx_word' id='word_1_34' title='bbox 179 253 326 288; x_wconf 77' lang='grc' dir='ltr'>ἐκκείμενα</span> <span class='ocrx_word' id='word_1_35' title='bbox 336 253 423 287; x_wconf 73' lang='grc' dir='ltr'>λόγια,</span> <span class='ocrx_word' id='word_1_36' title='bbox 439 254 488 279; x_wconf 79' lang='grc' dir='ltr'>οὐκ</span> <span class='ocrx_word' id='word_1_37' title='bbox 502 253 565 280; x_wconf 73' lang='grc' dir='ltr'>ἄλλο</span> <span class='ocrx_word' id='word_1_38' title='bbox 579 253 705 288; x_wconf 73' lang='grc' dir='ltr'>σημαίνει</span> <span class='ocrx_word' id='word_1_39' title='bbox 721 253 866 288; x_wconf 84' lang='grc' dir='ltr'><strong>πρόσωπον</strong></span> 
     </span>
    </p>
   </div>
   <div class='ocr_carea' id='block_1_8' title="bbox 80 297 866 334">
    <p class='ocr_par' dir='ltr' id='par_1_8' title="bbox 80 297 866 334">
     <span class='ocr_line' id='line_1_8' title="bbox 80 297 866 334; baseline -0.001 -9"><span class='ocrx_word' id='word_1_40' title='bbox 80 297 147 325; x_wconf 76' lang='grc' dir='ltr'>εἶναι</span> <span class='ocrx_word' id='word_1_41' title='bbox 155 299 184 324; x_wconf 77' lang='grc' dir='ltr'><strong>τὸ</strong></span> <span class='ocrx_word' id='word_1_42' title='bbox 197 297 387 334; x_wconf 78' lang='grc' dir='ltr'>χαριζόμενον,</span> <span class='ocrx_word' id='word_1_43' title='bbox 397 299 443 325; x_wconf 69' lang='grc' dir='ltr'>καὶ</span> <span class='ocrx_word' id='word_1_44' title='bbox 453 299 516 325; x_wconf 79' lang='grc' dir='ltr'>ἄλλο</span> <span class='ocrx_word' id='word_1_45' title='bbox 524 299 553 325; x_wconf 83' lang='grc' dir='ltr'><strong>τὺ</strong></span> <span class='ocrx_word' id='word_1_46' title='bbox 565 299 701 334; x_wconf 81' lang='grc' dir='ltr'><strong>διανέμον,</strong></span> <span class='ocrx_word' id='word_1_47' title='bbox 712 298 749 330; x_wconf 85' lang='grc' dir='ltr'><strong>ὡς</strong></span> <span class='ocrx_word' id='word_1_48' title='bbox 760 298 866 324; x_wconf 78' lang='grc' dir='ltr'>ἐπὶτῶν</span> 
     </span>
    </p>
   </div>
   <div class='ocr_carea' id='block_1_9' title="bbox 80 342 867 379">
    <p class='ocr_par' dir='ltr' id='par_1_9' title="bbox 80 342 867 379">
     <span class='ocr_line' id='line_1_9' title="bbox 80 342 867 379; baseline 0.003 -12"><span class='ocrx_word' id='word_1_49' title='bbox 80 342 126 368; x_wconf 74' lang='grc' dir='ltr'>ὅλα</span> <span class='ocrx_word' id='word_1_50' title='bbox 136 343 203 378; x_wconf 83' lang='grc' dir='ltr'>μήτε</span> <span class='ocrx_word' id='word_1_51' title='bbox 212 342 310 369; x_wconf 77' lang='grc' dir='ltr'>εἰδέναι</span> <span class='ocrx_word' id='word_1_52' title='bbox 320 343 488 378; x_wconf 77' lang='grc' dir='ltr'><strong>δυναμένων,</strong></span> <span class='ocrx_word' id='word_1_53' title='bbox 498 344 564 378; x_wconf 83' lang='grc' dir='ltr'><strong>μήτε</strong></span> <span class='ocrx_word' id='word_1_54' title='bbox 574 343 682 375; x_wconf 85' lang='grc' dir='ltr'><strong>ἀπόνως</strong></span> <span class='ocrx_word' id='word_1_55' title='bbox 693 343 867 379; x_wconf 82' lang='grc' dir='ltr'><strong>πραττόντων</strong></span> 
     </span>
    </p>
   </div>
   <div class='ocr_carea' id='block_1_10' title="bbox 80 387 867 424">
    <p class='ocr_par' dir='ltr' id='par_1_10' title="bbox 80 387 867 424">
     <span class='ocr_line' id='line_1_10' title="bbox 80 387 867 424; baseline 0 -10"><span class='ocrx_word' id='word_1_56' title='bbox 80 387 240 423; x_wconf 80' lang='grc' dir='ltr'>ἀνθρώπων.</span> <span class='ocrx_word' id='word_1_57' title='bbox 254 388 301 414; x_wconf 82' lang='grc' dir='ltr'>καὶ</span> <span class='ocrx_word' id='word_1_58' title='bbox 313 389 356 415; x_wconf 85' lang='grc' dir='ltr'><strong>διὰ</strong></span> <span class='ocrx_word' id='word_1_59' title='bbox 365 388 444 415; x_wconf 80' lang='grc' dir='ltr'>τοῦτο</span> <span class='ocrx_word' id='word_1_60' title='bbox 452 389 574 416; x_wconf 77' lang='grc' dir='ltr'>διδόντων</span> <span class='ocrx_word' id='word_1_61' title='bbox 584 390 632 424; x_wconf 79' lang='grc' dir='ltr'><strong>μὲν</strong></span> <span class='ocrx_word' id='word_1_62' title='bbox 639 389 795 424; x_wconf 81' lang='grc' dir='ltr'><strong>ἅποκρίτως</strong></span> <span class='ocrx_word' id='word_1_63' title='bbox 805 388 867 415; x_wconf 79' lang='grc' dir='ltr'><strong>τού-</strong></span> 
     </span>
    </p>
   </div>
   <div class='ocr_carea' id='block_1_11' title="bbox 80 434 866 472">
    <p class='ocr_par' dir='ltr' id='par_1_11' title="bbox 80 434 866 472">
     <span class='ocr_line' id='line_1_11' title="bbox 80 434 866 472; baseline 0.005 -12"><span class='ocrx_word' id='word_1_64' title='bbox 80 443 142 466; x_wconf 81' lang='grc' dir='ltr'>των,</span> <span class='ocrx_word' id='word_1_65' title='bbox 155 435 257 470; x_wconf 81' lang='grc' dir='ltr'>ἐτέρων</span> <span class='ocrx_word' id='word_1_66' title='bbox 271 434 299 460; x_wconf 84' lang='grc' dir='ltr'><strong>δὲ</strong></span> <span class='ocrx_word' id='word_1_67' title='bbox 312 435 383 461; x_wconf 74' lang='grc' dir='ltr'><strong>κατὰ</strong></span> <span class='ocrx_word' id='word_1_68' title='bbox 394 435 556 471; x_wconf 71' lang='grc' dir='ltr'><strong>δοκιμασίαν</strong></span> <span class='ocrx_word' id='word_1_69' title='bbox 564 436 664 471; x_wconf 74' lang='grc' dir='ltr'><strong>ἀκριϐῆ</strong></span> <span class='ocrx_word' id='word_1_70' title='bbox 675 437 866 472; x_wconf 77' lang='grc' dir='ltr'><strong>διανεμόντων,</strong></span> 
     </span>
    </p>
   </div>
   <div class='ocr_carea' id='block_1_12' title="bbox 82 479 869 517">
    <p class='ocr_par' dir='ltr' id='par_1_12' title="bbox 82 479 869 517">
     <span class='ocr_line' id='line_1_12' title="bbox 82 479 869 517; baseline 0.003 -12"><span class='ocrx_word' id='word_1_71' title='bbox 82 479 220 514; x_wconf 81' lang='grc' dir='ltr'><strong>μήπως,ἢ</strong></span> <span class='ocrx_word' id='word_1_72' title='bbox 245 480 269 506; x_wconf 90' lang='grc' dir='ltr'>οἱ</span> <span class='ocrx_word' id='word_1_73' title='bbox 293 480 475 515; x_wconf 72' lang='grc' dir='ltr'><strong>χορηγοῦντες</strong></span> <span class='ocrx_word' id='word_1_74' title='bbox 502 481 552 506; x_wconf 77' lang='grc' dir='ltr'>οὐκ</span> <span class='ocrx_word' id='word_1_75' title='bbox 580 481 779 515; x_wconf 80' lang='grc' dir='ltr'><strong>ἑπαρκέσωσιν,</strong></span> <span class='ocrx_word' id='word_1_76' title='bbox 803 481 819 517; x_wconf 87' lang='grc' dir='ltr'><strong>ἢ</strong></span> <span class='ocrx_word' id='word_1_77' title='bbox 845 482 869 507; x_wconf 76' lang='grc' dir='ltr'><strong>οἱ</strong></span> 
     </span>
    </p>
   </div>
   <div class='ocr_carea' id='block_1_13' title="bbox 80 524 868 561">
    <p class='ocr_par' dir='ltr' id='par_1_13' title="bbox 80 524 868 561">
     <span class='ocr_line' id='line_1_13' title="bbox 80 524 868 561; baseline 0.004 -11"><span class='ocrx_word' id='word_1_78' title='bbox 80 524 281 559; x_wconf 75' lang='grc' dir='ltr'><strong>διακονούμενοι</strong></span> <span class='ocrx_word' id='word_1_79' title='bbox 298 526 374 551; x_wconf 71' lang='grc' dir='ltr'>αὐτοὶ</span> <span class='ocrx_word' id='word_1_80' title='bbox 386 526 415 551; x_wconf 74' lang='grc' dir='ltr'>οὐ</span> <span class='ocrx_word' id='word_1_81' title='bbox 430 526 605 561; x_wconf 81' lang='grc' dir='ltr'><strong>κερδάνωσιν.</strong></span> <span class='ocrx_word' id='word_1_82' title='bbox 625 526 654 552; x_wconf 86' lang='lat'><strong>&#39;0</strong></span> <span class='ocrx_word' id='word_1_83' title='bbox 668 527 722 561; x_wconf 78' lang='grc' dir='ltr'><strong>γὰρ</strong></span> <span class='ocrx_word' id='word_1_84' title='bbox 738 527 868 558; x_wconf 82' lang='grc' dir='ltr'>ἀναίτιος,</span> 
     </span>
    </p>
   </div>
   <div class='ocr_carea' id='block_1_14' title="bbox 80 570 869 607">
    <p class='ocr_par' dir='ltr' id='par_1_14' title="bbox 80 570 869 607">
     <span class='ocr_line' id='line_1_14' title="bbox 80 570 869 607; baseline 0.003 -11"><span class='ocrx_word' id='word_1_85' title='bbox 80 570 126 596; x_wconf 75' lang='grc' dir='ltr'>καὶ</span> <span class='ocrx_word' id='word_1_86' title='bbox 137 570 255 605; x_wconf 80' lang='grc' dir='ltr'>ἀπαθὴς,</span> <span class='ocrx_word' id='word_1_87' title='bbox 272 571 318 597; x_wconf 75' lang='grc' dir='ltr'><strong>καὶ</strong></span> <span class='ocrx_word' id='word_1_88' title='bbox 333 571 496 606; x_wconf 78' lang='grc' dir='ltr'><strong>ἀεικίνητος,</strong></span> <span class='ocrx_word' id='word_1_89' title='bbox 514 572 672 607; x_wconf 84' lang='grc' dir='ltr'>πανταρκής</span> <span class='ocrx_word' id='word_1_90' title='bbox 682 580 711 598; x_wconf 83' lang='grc' dir='ltr'><strong>τε</strong></span> <span class='ocrx_word' id='word_1_91' title='bbox 724 572 770 598; x_wconf 72' lang='grc' dir='ltr'>καὶ</span> <span class='ocrx_word' id='word_1_92' title='bbox 784 571 869 606; x_wconf 78' lang='grc' dir='ltr'>ἄφθο-</span> 
     </span>
    </p>
   </div>
   <div class='ocr_carea' id='block_1_15' title="bbox 79 615 869 652">
    <p class='ocr_par' dir='ltr' id='par_1_15' title="bbox 79 615 869 652">
     <span class='ocr_line' id='line_1_15' title="bbox 79 615 869 652; baseline 0.003 -11"><span class='ocrx_word' id='word_1_93' title='bbox 79 624 123 646; x_wconf 84' lang='grc' dir='ltr'>νος</span> <span class='ocrx_word' id='word_1_94' title='bbox 136 615 211 647; x_wconf 80' lang='grc' dir='ltr'>θεὸς,</span> <span class='ocrx_word' id='word_1_95' title='bbox 227 618 242 642; x_wconf 83' lang='grc' dir='ltr'>ὁ</span> <span class='ocrx_word' id='word_1_96' title='bbox 260 616 296 651; x_wconf 82' lang='grc' dir='ltr'><strong>μὴ</strong></span> <span class='ocrx_word' id='word_1_97' title='bbox 317 616 385 651; x_wconf 74' lang='grc' dir='ltr'>πρὸς</span> <span class='ocrx_word' id='word_1_98' title='bbox 404 617 417 643; x_wconf 78' lang='grc' dir='ltr'><strong>ὃ</strong></span> <span class='ocrx_word' id='word_1_99' title='bbox 435 617 504 648; x_wconf 80' lang='grc' dir='ltr'>ἄξιοι</span> <span class='ocrx_word' id='word_1_100' title='bbox 527 616 619 643; x_wconf 77' lang='grc' dir='ltr'>λαϐεῖν</span> <span class='ocrx_word' id='word_1_101' title='bbox 634 618 714 652; x_wconf 80' lang='grc' dir='ltr'><strong>ἡμείς</strong></span> <span class='ocrx_word' id='word_1_102' title='bbox 731 617 800 651; x_wconf 67' lang='grc' dir='ltr'><strong>(οὐδὲ</strong></span> <span class='ocrx_word' id='word_1_103' title='bbox 816 617 869 652; x_wconf 77' lang='grc' dir='ltr'><strong>γὰρ</strong></span> 
     </span>
    </p>
   </div>
   <div class='ocr_carea' id='block_1_16' title="bbox 79 660 870 698">
    <p class='ocr_par' dir='ltr' id='par_1_16' title="bbox 79 660 870 698">
     <span class='ocr_line' id='line_1_16' title="bbox 79 660 870 698; baseline 0.003 -12"><span class='ocrx_word' id='word_1_104' title='bbox 79 660 138 686; x_wconf 74' lang='grc' dir='ltr'>οὐδὲ</span> <span class='ocrx_word' id='word_1_105' title='bbox 162 661 231 693; x_wconf 75' lang='grc' dir='ltr'>ἄξιοι</span> <span class='ocrx_word' id='word_1_106' title='bbox 255 662 284 694; x_wconf 71' lang='lat' dir='ltr'><strong>ts,</strong></span> <span class='ocrx_word' id='word_1_107' title='bbox 303 662 390 698; x_wconf 79' lang='grc' dir='ltr'>ἔργων</span> <span class='ocrx_word' id='word_1_108' title='bbox 413 662 516 695; x_wconf 77' lang='grc' dir='ltr'><strong>ἀγαθοῦ</strong></span> <span class='ocrx_word' id='word_1_109' title='bbox 541 662 668 697; x_wconf 76' lang='grc' dir='ltr'><strong>οὐδενὸς),</strong></span> <span class='ocrx_word' id='word_1_110' title='bbox 684 662 751 689; x_wconf 81' lang='grc' dir='ltr'><strong>ἀλλὰ</strong></span> <span class='ocrx_word' id='word_1_111' title='bbox 774 662 870 698; x_wconf 80' lang='grc' dir='ltr'>πρὺςό</span> 
     </span>
    </p>
   </div>
   <div class='ocr_carea' id='block_1_17' title="bbox 80 706 869 744">
    <p class='ocr_par' dir='ltr' id='par_1_17' title="bbox 80 706 869 744">
     <span class='ocr_line' id='line_1_17' title="bbox 80 706 869 744; baseline 0.004 -12"><span class='ocrx_word' id='word_1_112' title='bbox 80 706 154 741; x_wconf 74' lang='grc' dir='ltr'>αὐτῷ</span> <span class='ocrx_word' id='word_1_113' title='bbox 164 706 253 734; x_wconf 71' lang='grc' dir='ltr'>δοῦναι</span> <span class='ocrx_word' id='word_1_114' title='bbox 271 708 374 743; x_wconf 81' lang='grc' dir='ltr'>πρέπον</span> <span class='ocrx_word' id='word_1_115' title='bbox 390 708 448 734; x_wconf 77' lang='grc' dir='ltr'>ἐστὶ</span> <span class='ocrx_word' id='word_1_116' title='bbox 463 709 589 744; x_wconf 85' lang='grc' dir='ltr'>παρέχων</span> <span class='ocrx_word' id='word_1_117' title='bbox 600 716 606 722; x_wconf 73' lang='grc'><em>³</em></span> <span class='ocrx_word' id='word_1_118' title='bbox 619 709 708 736; x_wconf 82' lang='grc' dir='ltr'>πάντα</span> <span class='ocrx_word' id='word_1_119' title='bbox 719 708 805 740; x_wconf 77' lang='grc' dir='ltr'><strong>εἰδὼς,</strong></span> <span class='ocrx_word' id='word_1_120' title='bbox 823 708 869 735; x_wconf 71' lang='grc' dir='ltr'><strong>καὶ</strong></span> 
     </span>
    </p>
   </div>
   <div class='ocr_carea' id='block_1_18' title="bbox 81 752 833 790">
    <p class='ocr_par' dir='ltr' id='par_1_18' title="bbox 81 752 833 790">
     <span class='ocr_line' id='line_1_18' title="bbox 81 752 833 790; baseline 0.003 -11"><span class='ocrx_word' id='word_1_121' title='bbox 81 752 169 779; x_wconf 80' lang='grc' dir='ltr'>πάντα</span> <span class='ocrx_word' id='word_1_122' title='bbox 185 753 343 788; x_wconf 79' lang='grc' dir='ltr'>δυνάμενος,</span> <span class='ocrx_word' id='word_1_123' title='bbox 360 754 398 785; x_wconf 82' lang='grc' dir='ltr'><strong>ὡς</strong></span> <span class='ocrx_word' id='word_1_124' title='bbox 416 755 463 780; x_wconf 80' lang='grc' dir='ltr'><strong>καὶ</strong></span> <span class='ocrx_word' id='word_1_125' title='bbox 485 755 549 789; x_wconf 81' lang='grc' dir='ltr'>παρ’</span> <span class='ocrx_word' id='word_1_126' title='bbox 563 754 691 790; x_wconf 86' lang='grc' dir='ltr'><strong>Ἕλλησιν</strong></span> <span class='ocrx_word' id='word_1_127' title='bbox 706 755 812 790; x_wconf 74' lang='grc' dir='ltr'>εἴρηται</span> <span class='ocrx_word' id='word_1_128' title='bbox 825 763 833 770; x_wconf 81' lang='lat'><strong><em>&#39;</em></strong></span> 
     </span>
    </p>
   </div>
   <div class='ocr_carea' id='block_1_19' title="bbox 919 206 1706 244">
    <p class='ocr_par' dir='ltr' id='par_1_19' title="bbox 919 206 1706 244">
     <span class='ocr_line' id='line_1_19' title="bbox 919 206 1706 244; baseline 0.005 -12"><span class='ocrx_word' id='word_1_129' title='bbox 919 206 1002 233; x_wconf 89' lang='lat' dir='ltr'><strong>etiam</strong></span> <span class='ocrx_word' id='word_1_130' title='bbox 1024 207 1190 240; x_wconf 84' lang='lat' dir='ltr'><strong>perpendere</strong></span> <span class='ocrx_word' id='word_1_131' title='bbox 1205 207 1324 239; x_wconf 87' lang='lat' dir='ltr'><strong>omittas,</strong></span> <span class='ocrx_word' id='word_1_132' title='bbox 1348 207 1419 242; x_wconf 89' lang='lat' dir='ltr'><strong>quod</strong></span> <span class='ocrx_word' id='word_1_133' title='bbox 1437 216 1446 233; x_wconf 86' lang='grc'><em>‹</em></span> <span class='ocrx_word' id='word_1_134' title='bbox 1465 207 1522 235; x_wconf 67' lang='lat' dir='ltr'><strong>haec</strong></span> <span class='ocrx_word' id='word_1_135' title='bbox 1534 209 1624 236; x_wconf 83' lang='lat' dir='ltr'><strong>omnia</strong></span> <span class='ocrx_word' id='word_1_136' title='bbox 1641 217 1706 244; x_wconf 87' lang='lat' dir='ltr'><strong>ope-</strong></span> 
     </span>
    </p>
   </div>
   <div class='ocr_carea' id='block_1_20' title="bbox 920 252 1706 286">
    <p class='ocr_par' dir='ltr' id='par_1_20' title="bbox 920 252 1706 286">
     <span class='ocr_line' id='line_1_20' title="bbox 920 252 1706 286; baseline 0.006 -9"><span class='ocrx_word' id='word_1_137' title='bbox 920 256 994 278; x_wconf 92' lang='lat' dir='ltr'><strong>ratur</strong></span> <span class='ocrx_word' id='word_1_138' title='bbox 1006 259 1074 278; x_wconf 88' lang='lat' dir='ltr'><strong>unus</strong></span> <span class='ocrx_word' id='word_1_139' title='bbox 1088 257 1114 278; x_wconf 88' lang='lat' dir='ltr'><strong>et</strong></span> <span class='ocrx_word' id='word_1_140' title='bbox 1134 252 1203 279; x_wconf 89' lang='lat' dir='ltr'><strong>idem</strong></span> <span class='ocrx_word' id='word_1_141' title='bbox 1219 252 1344 286; x_wconf 77' lang='lat' dir='ltr'><strong>Spiritus,</strong></span> <span class='ocrx_word' id='word_1_142' title='bbox 1364 263 1374 278; x_wconf 74' lang='grc' dir='ltr'>ι</span> <span class='ocrx_word' id='word_1_143' title='bbox 1392 253 1416 280; x_wconf 94' lang='lat' dir='ltr'><strong>id</strong></span> <span class='ocrx_word' id='word_1_144' title='bbox 1441 259 1493 286; x_wconf 79' lang='grc' dir='ltr'>εει,</span> <span class='ocrx_word' id='word_1_145' title='bbox 1514 261 1546 280; x_wconf 87' lang='lat' dir='ltr'><strong>ea</strong></span> <span class='ocrx_word' id='word_1_146' title='bbox 1561 258 1588 281; x_wconf 82' lang='lat' dir='ltr'><strong>et</strong></span> <span class='ocrx_word' id='word_1_147' title='bbox 1604 254 1668 282; x_wconf 80' lang='lat' dir='ltr'><strong>facit</strong></span> <span class='ocrx_word' id='word_1_148' title='bbox 1679 259 1706 282; x_wconf 88' lang='lat' dir='ltr'><strong>et</strong></span> 
     </span>
    </p>
   </div>
   <div class='ocr_carea' id='block_1_21' title="bbox 920 297 1707 334">
    <p class='ocr_par' dir='ltr' id='par_1_21' title="bbox 920 297 1707 334">
     <span class='ocr_line' id='line_1_21' title="bbox 920 297 1707 334; baseline 0.004 -10"><span class='ocrx_word' id='word_1_149' title='bbox 920 297 1044 332; x_wconf 69' lang='lat' dir='ltr'><strong>prmbet;</strong></span> <span class='ocrx_word' id='word_1_150' title='bbox 1064 298 1109 331; x_wconf 88' lang='lat' dir='ltr'><strong>qui</strong></span> <span class='ocrx_word' id='word_1_151' title='bbox 1127 303 1216 325; x_wconf 85' lang='lat' dir='ltr'><strong>autem</strong></span> <span class='ocrx_word' id='word_1_152' title='bbox 1243 299 1269 324; x_wconf 90' lang='lat' dir='ltr'><strong>in</strong></span> <span class='ocrx_word' id='word_1_153' title='bbox 1299 299 1394 326; x_wconf 87' lang='lat' dir='ltr'><strong>horum</strong></span> <span class='ocrx_word' id='word_1_154' title='bbox 1420 299 1562 334; x_wconf 56' lang='lat' dir='ltr'><strong>largitione</strong></span> <span class='ocrx_word' id='word_1_155' title='bbox 1579 305 1707 334; x_wconf 88' lang='lat' dir='ltr'><strong>operator</strong></span> 
     </span>
    </p>
   </div>
   <div class='ocr_carea' id='block_1_22' title="bbox 920 343 1707 379">
    <p class='ocr_par' dir='ltr' id='par_1_22' title="bbox 920 343 1707 379">
     <span class='ocr_line' id='line_1_22' title="bbox 920 343 1707 379; baseline 0.004 -9"><span class='ocrx_word' id='word_1_156' title='bbox 920 347 971 376; x_wconf 89' lang='lat' dir='ltr'><strong>est,</strong></span> <span class='ocrx_word' id='word_1_157' title='bbox 989 343 1015 370; x_wconf 90' lang='lat' dir='ltr'><strong>in</strong></span> <span class='ocrx_word' id='word_1_158' title='bbox 1032 343 1157 371; x_wconf 88' lang='lat' dir='ltr'><strong>omnibus</strong></span> <span class='ocrx_word' id='word_1_159' title='bbox 1174 351 1282 379; x_wconf 85' lang='lat' dir='ltr'><strong>quoque</strong></span> <span class='ocrx_word' id='word_1_160' title='bbox 1297 346 1465 378; x_wconf 89' lang='lat' dir='ltr'><strong>operabitur,</strong></span> <span class='ocrx_word' id='word_1_161' title='bbox 1478 350 1505 372; x_wconf 89' lang='lat' dir='ltr'><strong>et</strong></span> <span class='ocrx_word' id='word_1_162' title='bbox 1529 345 1600 372; x_wconf 89' lang='lat' dir='ltr'><strong>nulla</strong></span> <span class='ocrx_word' id='word_1_163' title='bbox 1627 353 1655 372; x_wconf 88' lang='lat' dir='ltr'><strong>re</strong></span> <span class='ocrx_word' id='word_1_164' title='bbox 1668 346 1707 373; x_wconf 90' lang='lat' dir='ltr'><strong>in-</strong></span> 
     </span>
    </p>
   </div>
   <div class='ocr_carea' id='block_1_23' title="bbox 920 389 1706 425">
    <p class='ocr_par' dir='ltr' id='par_1_23' title="bbox 920 389 1706 425">
     <span class='ocr_line' id='line_1_23' title="bbox 920 389 1706 425; baseline 0.004 -10"><span class='ocrx_word' id='word_1_165' title='bbox 920 389 1005 423; x_wconf 75' lang='lat' dir='ltr'><strong>diget;</strong></span> <span class='ocrx_word' id='word_1_166' title='bbox 1019 389 1064 422; x_wconf 89' lang='lat' dir='ltr'><strong>qui</strong></span> <span class='ocrx_word' id='word_1_167' title='bbox 1078 396 1141 416; x_wconf 89' lang='lat' dir='ltr'><strong>vero</strong></span> <span class='ocrx_word' id='word_1_168' title='bbox 1164 389 1235 416; x_wconf 89' lang='lat' dir='ltr'><strong>nulla</strong></span> <span class='ocrx_word' id='word_1_169' title='bbox 1256 397 1285 416; x_wconf 78' lang='lat' dir='ltr'><strong>ne</strong></span> <span class='ocrx_word' id='word_1_170' title='bbox 1308 390 1419 424; x_wconf 80' lang='lat' dir='ltr'><strong>indiget,</strong></span> <span class='ocrx_word' id='word_1_171' title='bbox 1443 390 1580 424; x_wconf 87' lang='lat' dir='ltr'><strong>passionis</strong></span> <span class='ocrx_word' id='word_1_172' title='bbox 1593 390 1706 425; x_wconf 86' lang='lat' dir='ltr'><strong>incapax</strong></span> 
     </span>
    </p>
   </div>
   <div class='ocr_carea' id='block_1_24' title="bbox 919 434 1705 469">
    <p class='ocr_par' dir='ltr' id='par_1_24' title="bbox 919 434 1705 469">
     <span class='ocr_line' id='line_1_24' title="bbox 919 434 1705 469; baseline 0.004 -9"><span class='ocrx_word' id='word_1_173' title='bbox 919 438 980 467; x_wconf 86' lang='lat' dir='ltr'><strong>est;</strong></span> <span class='ocrx_word' id='word_1_174' title='bbox 993 434 1038 468; x_wconf 88' lang='lat' dir='ltr'><strong>qui</strong></span> <span class='ocrx_word' id='word_1_175' title='bbox 1052 442 1117 462; x_wconf 87' lang='lat' dir='ltr'><strong>vero</strong></span> <span class='ocrx_word' id='word_1_176' title='bbox 1133 435 1266 469; x_wconf 82' lang='lat' dir='ltr'><strong>passiOnis</strong></span> <span class='ocrx_word' id='word_1_177' title='bbox 1281 440 1322 462; x_wconf 86' lang='lat' dir='ltr'><strong>est</strong></span> <span class='ocrx_word' id='word_1_178' title='bbox 1340 435 1465 469; x_wconf 85' lang='lat' dir='ltr'><strong>incapax.</strong></span> <span class='ocrx_word' id='word_1_179' title='bbox 1476 435 1546 463; x_wconf 83' lang='lat' dir='ltr'><strong>Deus</strong></span> <span class='ocrx_word' id='word_1_180' title='bbox 1564 440 1614 463; x_wconf 88' lang='lat' dir='ltr'><strong>est.</strong></span> <span class='ocrx_word' id='word_1_181' title='bbox 1629 436 1705 469; x_wconf 87' lang='lat' dir='ltr'><strong>Quod</strong></span> 
     </span>
    </p>
   </div>
   <div class='ocr_carea' id='block_1_25' title="bbox 919 479 1707 517">
    <p class='ocr_par' dir='ltr' id='par_1_25' title="bbox 919 479 1707 517">
     <span class='ocr_line' id='line_1_25' title="bbox 919 479 1707 517; baseline 0.004 -11"><span class='ocrx_word' id='word_1_182' title='bbox 919 479 941 506; x_wconf 78' lang='lat' dir='ltr'><strong>si</strong></span> <span class='ocrx_word' id='word_1_183' title='bbox 969 480 1002 507; x_wconf 82' lang='lat' dir='ltr'><strong>tle</strong></span> <span class='ocrx_word' id='word_1_184' title='bbox 1024 479 1079 507; x_wconf 90' lang='lat' dir='ltr'><strong>Deo</strong></span> <span class='ocrx_word' id='word_1_185' title='bbox 1093 479 1174 507; x_wconf 81' lang='lat' dir='ltr'><strong>Patre</strong></span> <span class='ocrx_word' id='word_1_186' title='bbox 1207 480 1324 508; x_wconf 86' lang='lat' dir='ltr'><strong>dicitur:</strong></span> <span class='ocrx_word' id='word_1_187' title='bbox 1344 489 1353 506; x_wconf 87' lang='grc' dir='ltr'><strong>ι</strong></span> <span class='ocrx_word' id='word_1_188' title='bbox 1385 480 1514 508; x_wconf 89' lang='lat' dir='ltr'><strong>Dominus</strong></span> <span class='ocrx_word' id='word_1_189' title='bbox 1532 481 1588 517; x_wconf 83' lang='lat'><strong>(55)</strong></span> <span class='ocrx_word' id='word_1_190' title='bbox 1611 487 1707 516; x_wconf 86' lang='lat' dir='ltr'><strong>potens</strong></span> 
     </span>
    </p>
   </div>
   <div class='ocr_carea' id='block_1_26' title="bbox 919 519 1706 561">
    <p class='ocr_par' dir='ltr' id='par_1_26' title="bbox 919 519 1706 561">
     <span class='ocr_line' id='line_1_26' title="bbox 919 519 1706 561; baseline 0.003 -9"><span class='ocrx_word' id='word_1_191' title='bbox 919 519 1031 552; x_wconf 40' lang='lat' dir='ltr'><strong>in&#39;bello</strong></span> <span class='ocrx_word' id='word_1_192' title='bbox 1050 535 1057 552; x_wconf 72' lang='grc' dir='ltr'>ι</span> <span class='ocrx_word' id='word_1_193' title='bbox 1075 535 1083 551; x_wconf 73' lang='grc' dir='ltr'><strong>ι</strong></span> <span class='ocrx_word' id='word_1_194' title='bbox 1104 531 1131 553; x_wconf 86' lang='grc' dir='ltr'><strong>ει</strong></span> <span class='ocrx_word' id='word_1_195' title='bbox 1148 535 1154 553; x_wconf 91' lang='lat'>:</span> <span class='ocrx_word' id='word_1_196' title='bbox 1175 535 1184 552; x_wconf 79' lang='grc' dir='ltr'>ι</span> <span class='ocrx_word' id='word_1_197' title='bbox 1211 526 1295 554; x_wconf 79' lang='lat' dir='ltr'><strong>Notus</strong></span> <span class='ocrx_word' id='word_1_198' title='bbox 1316 526 1372 561; x_wconf 83' lang='grc'><strong>(56)</strong></span> <span class='ocrx_word' id='word_1_199' title='bbox 1388 527 1416 554; x_wconf 88' lang='lat' dir='ltr'><strong>in</strong></span> <span class='ocrx_word' id='word_1_200' title='bbox 1438 526 1529 554; x_wconf 75' lang='lat' dir='ltr'><strong>Judzra</strong></span> <span class='ocrx_word' id='word_1_201' title='bbox 1552 528 1630 560; x_wconf 88' lang='lat' dir='ltr'><strong>Deus,</strong></span> <span class='ocrx_word' id='word_1_202' title='bbox 1647 537 1656 553; x_wconf 77' lang='grc' dir='ltr'><strong>ι</strong></span> <span class='ocrx_word' id='word_1_203' title='bbox 1681 532 1706 555; x_wconf 85' lang='grc' dir='ltr'>ει</span> 
     </span>
    </p>
   </div>
   <div class='ocr_carea' id='block_1_27' title="bbox 921 572 1709 609">
    <p class='ocr_par' dir='ltr' id='par_1_27' title="bbox 921 572 1709 609">
     <span class='ocr_line' id='line_1_27' title="bbox 921 572 1709 609; baseline 0.003 -11"><span class='ocrx_word' id='word_1_204' title='bbox 921 572 971 598; x_wconf 86' lang='lat' dir='ltr'><strong>alia</strong></span> <span class='ocrx_word' id='word_1_205' title='bbox 1003 572 1170 606; x_wconf 73' lang='lat' dir='ltr'><strong>huiusmodi,</strong></span> <span class='ocrx_word' id='word_1_206' title='bbox 1196 574 1315 607; x_wconf 82' lang='lat' dir='ltr'><strong>nunquid</strong></span> <span class='ocrx_word' id='word_1_207' title='bbox 1333 573 1390 601; x_wconf 66' lang='lat' dir='ltr'><strong>haec</strong></span> <span class='ocrx_word' id='word_1_208' title='bbox 1416 574 1453 600; x_wconf 86' lang='lat' dir='ltr'><strong>ita</strong></span> <span class='ocrx_word' id='word_1_209' title='bbox 1479 574 1652 609; x_wconf 84' lang='lat' dir='ltr'><strong>accipiemus,</strong></span> <span class='ocrx_word' id='word_1_210' title='bbox 1679 579 1709 601; x_wconf 90' lang='lat' dir='ltr'><strong>ut</strong></span> 
     </span>
    </p>
   </div>
   <div class='ocr_carea' id='block_1_28' title="bbox 923 619 1707 654">
    <p class='ocr_par' dir='ltr' id='par_1_28' title="bbox 923 619 1707 654">
     <span class='ocr_line' id='line_1_28' title="bbox 923 619 1707 654; baseline 0.003 -9"><span class='ocrx_word' id='word_1_211' title='bbox 923 626 984 645; x_wconf 87' lang='lat' dir='ltr'><strong>eum</strong></span> <span class='ocrx_word' id='word_1_212' title='bbox 999 619 1024 645; x_wconf 93' lang='lat' dir='ltr'><strong>in</strong></span> <span class='ocrx_word' id='word_1_213' title='bbox 1040 619 1101 646; x_wconf 89' lang='lat' dir='ltr'><strong>aliis</strong></span> <span class='ocrx_word' id='word_1_214' title='bbox 1116 619 1195 646; x_wconf 80' lang='lat' dir='ltr'>rebus</span> <span class='ocrx_word' id='word_1_215' title='bbox 1210 624 1357 654; x_wconf 86' lang='lat' dir='ltr'><strong>potentem,</strong></span> <span class='ocrx_word' id='word_1_216' title='bbox 1377 625 1404 647; x_wconf 90' lang='lat' dir='ltr'><strong>et</strong></span> <span class='ocrx_word' id='word_1_217' title='bbox 1418 624 1599 654; x_wconf 88' lang='lat' dir='ltr'><strong>operatorem,</strong></span> <span class='ocrx_word' id='word_1_218' title='bbox 1627 623 1655 647; x_wconf 84' lang='lat' dir='ltr'><strong>et</strong></span> <span class='ocrx_word' id='word_1_219' title='bbox 1673 620 1707 647; x_wconf 54' lang='lat' dir='ltr'><strong>il-</strong></span> 
     </span>
    </p>
   </div>
   <div class='ocr_carea' id='block_1_29' title="bbox 925 662 1710 699">
    <p class='ocr_par' dir='ltr' id='par_1_29' title="bbox 925 662 1710 699">
     <span class='ocr_line' id='line_1_29' title="bbox 925 662 1710 699; baseline 0.004 -10"><span class='ocrx_word' id='word_1_220' title='bbox 925 662 1036 690; x_wconf 87' lang='lat' dir='ltr'><strong>lnstrent</strong></span> <span class='ocrx_word' id='word_1_221' title='bbox 1049 664 1233 699; x_wconf 85' lang='lat' dir='ltr'><strong>inclytumque</strong></span> <span class='ocrx_word' id='word_1_222' title='bbox 1248 671 1300 692; x_wconf 90' lang='lat' dir='ltr'><strong>nou</strong></span> <span class='ocrx_word' id='word_1_223' title='bbox 1317 672 1376 692; x_wconf 88' lang='lat' dir='ltr'><strong>esse</strong></span> <span class='ocrx_word' id='word_1_224' title='bbox 1389 665 1572 692; x_wconf 77' lang='lat' dir='ltr'><strong>arbitremur?</strong></span> <span class='ocrx_word' id='word_1_225' title='bbox 1584 664 1648 691; x_wconf 92' lang='lat' dir='ltr'><strong>Illud</strong></span> <span class='ocrx_word' id='word_1_226' title='bbox 1663 672 1710 692; x_wconf 87' lang='lat' dir='ltr'><strong>ve-</strong></span> 
     </span>
    </p>
   </div>
   <div class='ocr_carea' id='block_1_30' title="bbox 923 709 1709 745">
    <p class='ocr_par' dir='ltr' id='par_1_30' title="bbox 923 709 1709 745">
     <span class='ocr_line' id='line_1_30' title="bbox 923 709 1709 745; baseline 0 -9"><span class='ocrx_word' id='word_1_227' title='bbox 923 716 954 736; x_wconf 87' lang='lat' dir='ltr'><strong>ro</strong></span> <span class='ocrx_word' id='word_1_228' title='bbox 966 709 1067 743; x_wconf 89' lang='lat' dir='ltr'><strong>pariter</strong></span> <span class='ocrx_word' id='word_1_229' title='bbox 1078 715 1182 744; x_wconf 86' lang='lat' dir='ltr'><strong>reputa,</strong></span> <span class='ocrx_word' id='word_1_230' title='bbox 1210 710 1415 745; x_wconf 87' lang='lat' dir='ltr'><strong>Scripturarum</strong></span> <span class='ocrx_word' id='word_1_231' title='bbox 1442 711 1532 738; x_wconf 85' lang='lat' dir='ltr'><strong>verbis</strong></span> <span class='ocrx_word' id='word_1_232' title='bbox 1558 718 1620 738; x_wconf 82' lang='lat' dir='ltr'><strong>mox</strong></span> <span class='ocrx_word' id='word_1_233' title='bbox 1644 709 1709 737; x_wconf 71' lang='lat' dir='ltr'><strong>atie-</strong></span> 
     </span>
    </p>
   </div>
   <div class='ocr_carea' id='block_1_31' title="bbox 925 754 1706 791">
    <p class='ocr_par' dir='ltr' id='par_1_31' title="bbox 925 754 1706 791">
     <span class='ocr_line' id='line_1_31' title="bbox 925 754 1706 791; baseline 0.004 -11"><span class='ocrx_word' id='word_1_234' title='bbox 925 754 1016 781; x_wconf 89' lang='lat' dir='ltr'><strong>rendis</strong></span> <span class='ocrx_word' id='word_1_235' title='bbox 1027 755 1170 782; x_wconf 88' lang='lat' dir='ltr'><strong>artiticinm</strong></span> <span class='ocrx_word' id='word_1_236' title='bbox 1185 763 1274 789; x_wconf 88' lang='lat' dir='ltr'><strong>omtte,</strong></span> <span class='ocrx_word' id='word_1_237' title='bbox 1291 764 1345 790; x_wconf 88' lang='lat' dir='ltr'><strong>quo</strong></span> <span class='ocrx_word' id='word_1_238' title='bbox 1368 757 1461 783; x_wconf 67' lang='lat' dir='ltr'><strong>hmresi</strong></span> <span class='ocrx_word' id='word_1_239' title='bbox 1478 761 1573 784; x_wconf 74' lang='lat' dir='ltr'><strong>vestra:</strong></span> <span class='ocrx_word' id='word_1_240' title='bbox 1589 757 1706 791; x_wconf 75' lang='lat' dir='ltr'><strong>aliquam</strong></span> 
     </span>
    </p>
   </div>
   <div class='ocr_carea' id='block_1_32' title="bbox 81 799 1707 837">
    <p class='ocr_par' dir='ltr' id='par_1_32' title="bbox 81 799 1707 837">
     <span class='ocr_line' id='line_1_32' title="bbox 81 799 1707 837; baseline 0.002 -12"><span class='ocrx_word' id='word_1_241' title='bbox 81 800 135 825; x_wconf 84' lang='lat' dir='ltr'><strong>veri</strong></span> <span class='ocrx_word' id='word_1_242' title='bbox 151 800 266 833; x_wconf 86' lang='lat' dir='ltr'><strong>speciem</strong></span> <span class='ocrx_word' id='word_1_243' title='bbox 281 801 453 834; x_wconf 76' lang='lat' dir='ltr'><strong>comparatis,</strong></span> <span class='ocrx_word' id='word_1_244' title='bbox 483 801 590 828; x_wconf 91' lang='lat' dir='ltr'><strong>irritum</strong></span> <span class='ocrx_word' id='word_1_245' title='bbox 620 800 730 828; x_wconf 89' lang='lat' dir='ltr'><strong>omnino</strong></span> <span class='ocrx_word' id='word_1_246' title='bbox 742 800 814 827; x_wconf 84' lang='lat' dir='ltr'><strong>reddi</strong></span> <span class='ocrx_word' id='word_1_247' title='bbox 829 799 898 835; x_wconf 83' lang='lat'><strong>(57),</strong></span> <span class='ocrx_word' id='word_1_248' title='bbox 922 807 1023 834; x_wconf 87' lang='lat' dir='ltr'><strong>nosque</strong></span> <span class='ocrx_word' id='word_1_249' title='bbox 1040 801 1073 827; x_wconf 89' lang='lat' dir='ltr'><strong>de</strong></span> <span class='ocrx_word' id='word_1_250' title='bbox 1096 801 1201 834; x_wconf 88' lang='lat' dir='ltr'><strong>divina,</strong></span> <span class='ocrx_word' id='word_1_251' title='bbox 1220 809 1300 836; x_wconf 89' lang='lat' dir='ltr'><strong>quam</strong></span> <span class='ocrx_word' id='word_1_252' title='bbox 1315 809 1346 829; x_wconf 84' lang='lat' dir='ltr'><strong>ex</strong></span> <span class='ocrx_word' id='word_1_253' title='bbox 1364 803 1508 836; x_wconf 80' lang='lat' dir='ltr'><strong>semetipso</strong></span> <span class='ocrx_word' id='word_1_254' title='bbox 1529 803 1610 829; x_wconf 88' lang='lat' dir='ltr'><strong>habet</strong></span> <span class='ocrx_word' id='word_1_255' title='bbox 1626 802 1707 837; x_wconf 74' lang='grc'>212</span> 
     </span>
    </p>
   </div>
   <div class='ocr_carea' id='block_1_33' title="bbox 83 845 1708 881">
    <p class='ocr_par' dir='ltr' id='par_1_33' title="bbox 83 845 1708 881">
     <span class='ocr_line' id='line_1_33' title="bbox 83 845 1708 881; baseline 0.002 -10"><span class='ocrx_word' id='word_1_256' title='bbox 83 845 208 879; x_wconf 83' lang='lat' dir='ltr'><strong>Spiritus,</strong></span> <span class='ocrx_word' id='word_1_257' title='bbox 236 845 395 872; x_wconf 80' lang='lat' dir='ltr'><strong>auctoritate</strong></span> <span class='ocrx_word' id='word_1_258' title='bbox 426 853 458 873; x_wconf 89' lang='lat' dir='ltr'><strong>ac</strong></span> <span class='ocrx_word' id='word_1_259' title='bbox 483 851 616 881; x_wconf 76' lang='lat' dir='ltr'><strong>potestate</strong></span> <span class='ocrx_word' id='word_1_260' title='bbox 646 846 734 873; x_wconf 83' lang='lat' dir='ltr'><strong>Patris</strong></span> <span class='ocrx_word' id='word_1_261' title='bbox 750 846 865 880; x_wconf 85' lang='lat' dir='ltr'><strong>Filiique</strong></span> <span class='ocrx_word' id='word_1_262' title='bbox 903 845 1029 879; x_wconf 86' lang='lat' dir='ltr'><strong>potestati</strong></span> <span class='ocrx_word' id='word_1_263' title='bbox 1058 847 1244 874; x_wconf 85' lang='lat' dir='ltr'><strong>consentiente</strong></span> <span class='ocrx_word' id='word_1_264' title='bbox 1282 851 1361 881; x_wconf 86' lang='lat' dir='ltr'><strong>atque</strong></span> <span class='ocrx_word' id='word_1_265' title='bbox 1396 848 1546 880; x_wconf 81' lang='lat' dir='ltr'><strong>concordi,</strong></span> <span class='ocrx_word' id='word_1_266' title='bbox 1579 848 1708 874; x_wconf 74' lang='lat' dir='ltr'><strong>certiores</strong></span> 
     </span>
    </p>
   </div>
   <div class='ocr_carea' id='block_1_34' title="bbox 83 891 1710 928">
    <p class='ocr_par' dir='ltr' id='par_1_34' title="bbox 83 891 1710 928">
     <span class='ocr_line' id='line_1_34' title="bbox 83 891 1710 928; baseline 0.001 -10"><span class='ocrx_word' id='word_1_267' title='bbox 83 891 150 918; x_wconf 73' lang='lat' dir='ltr'><strong>ﬁeri.</strong></span> <span class='ocrx_word' id='word_1_268' title='bbox 191 891 230 917; x_wconf 90' lang='lat' dir='ltr'><strong>lta</strong></span> <span class='ocrx_word' id='word_1_269' title='bbox 260 891 331 918; x_wconf 89' lang='lat' dir='ltr'><strong>enim</strong></span> <span class='ocrx_word' id='word_1_270' title='bbox 362 891 529 926; x_wconf 82' lang='lat' dir='ltr'><strong>loquuntur:</strong></span> <span class='ocrx_word' id='word_1_271' title='bbox 551 901 560 918; x_wconf 75' lang='grc' dir='ltr'><strong>ι</strong></span> <span class='ocrx_word' id='word_1_272' title='bbox 596 892 675 919; x_wconf 83' lang='lat' dir='ltr'><strong>Juxta</strong></span> <span class='ocrx_word' id='word_1_273' title='bbox 695 892 779 927; x_wconf 86' lang='lat' dir='ltr'><strong>ipsius</strong></span> <span class='ocrx_word' id='word_1_274' title='bbox 812 892 996 924; x_wconf 90' lang='lat' dir='ltr'><strong>voluntatem;</strong></span> <span class='ocrx_word' id='word_1_275' title='bbox 1018 901 1026 917; x_wconf 82' lang='grc'>›</span> <span class='ocrx_word' id='word_1_276' title='bbox 1041 895 1091 918; x_wconf 84' lang='lat' dir='ltr'><strong>et:</strong></span> <span class='ocrx_word' id='word_1_277' title='bbox 1114 900 1124 917; x_wconf 88' lang='grc'><strong>‹</strong></span> <span class='ocrx_word' id='word_1_278' title='bbox 1140 892 1239 919; x_wconf 84' lang='lat' dir='ltr'><strong>Dividit</strong></span> <span class='ocrx_word' id='word_1_279' title='bbox 1260 892 1316 928; x_wconf 84' lang='lat'><strong>(58)</strong></span> <span class='ocrx_word' id='word_1_280' title='bbox 1333 900 1453 920; x_wconf 81' lang='lat' dir='ltr'><strong>seorsum</strong></span> <span class='ocrx_word' id='word_1_281' title='bbox 1470 893 1614 928; x_wconf 86' lang='lat' dir='ltr'><strong>unicuique</strong></span> <span class='ocrx_word' id='word_1_282' title='bbox 1629 897 1710 927; x_wconf 90' lang='lat' dir='ltr'><strong>prout</strong></span> 
     </span>
    </p>
   </div>
   <div class='ocr_carea' id='block_1_35' title="bbox 82 937 1710 974">
    <p class='ocr_par' dir='ltr' id='par_1_35' title="bbox 82 937 1710 974">
     <span class='ocr_line' id='line_1_35' title="bbox 82 937 1710 974; baseline 0 -10"><span class='ocrx_word' id='word_1_283' title='bbox 82 938 138 964; x_wconf 82' lang='lat' dir='ltr'><strong>vult</strong></span> <span class='ocrx_word' id='word_1_284' title='bbox 155 946 161 964; x_wconf 94' lang='lat'>:</span> <span class='ocrx_word' id='word_1_285' title='bbox 181 947 190 963; x_wconf 73' lang='grc' dir='ltr'><strong>ι</strong></span> <span class='ocrx_word' id='word_1_286' title='bbox 212 937 254 965; x_wconf 86' lang='lat' dir='ltr'><strong>his</strong></span> <span class='ocrx_word' id='word_1_287' title='bbox 269 943 358 965; x_wconf 83' lang='lat' dir='ltr'><strong>autent</strong></span> <span class='ocrx_word' id='word_1_288' title='bbox 378 939 561 966; x_wconf 89' lang='lat' dir='ltr'><strong>testimonium</strong></span> <span class='ocrx_word' id='word_1_289' title='bbox 583 938 663 966; x_wconf 89' lang='lat' dir='ltr'><strong>simul</strong></span> <span class='ocrx_word' id='word_1_290' title='bbox 683 939 794 965; x_wconf 89' lang='lat' dir='ltr'><strong>reddere</strong></span> <span class='ocrx_word' id='word_1_291' title='bbox 807 946 868 965; x_wconf 92' lang='lat' dir='ltr'><strong>cutn</strong></span> <span class='ocrx_word' id='word_1_292' title='bbox 889 938 972 965; x_wconf 87' lang='lat' dir='ltr'><strong>Deum</strong></span> <span class='ocrx_word' id='word_1_293' title='bbox 1005 937 1112 965; x_wconf 87' lang='lat' dir='ltr'><strong>Patrem</strong></span> <span class='ocrx_word' id='word_1_294' title='bbox 1131 938 1215 973; x_wconf 80' lang='lat' dir='ltr'><strong>signis</strong></span> <span class='ocrx_word' id='word_1_295' title='bbox 1244 943 1271 966; x_wconf 90' lang='lat' dir='ltr'><strong>et</strong></span> <span class='ocrx_word' id='word_1_296' title='bbox 1287 939 1415 973; x_wconf 81' lang='lat' dir='ltr'><strong>prodigiis</strong></span> <span class='ocrx_word' id='word_1_297' title='bbox 1439 939 1514 974; x_wconf 82' lang='lat'><strong>(59),</strong></span> <span class='ocrx_word' id='word_1_298' title='bbox 1538 943 1593 965; x_wconf 89' lang='lat' dir='ltr'><strong>ttnn</strong></span> <span class='ocrx_word' id='word_1_299' title='bbox 1613 938 1710 965; x_wconf 89' lang='lat' dir='ltr'><strong>Salva-</strong></span> 
     </span>
    </p>
   </div>
   <div class='ocr_carea' id='block_1_36' title="bbox 82 983 1703 1019">
    <p class='ocr_par' dir='ltr' id='par_1_36' title="bbox 82 983 1703 1019">
     <span class='ocr_line' id='line_1_36' title="bbox 82 983 1703 1019; baseline -0.001 -9"><span class='ocrx_word' id='word_1_300' title='bbox 82 987 168 1010; x_wconf 89' lang='lat' dir='ltr'><strong>torem</strong></span> <span class='ocrx_word' id='word_1_301' title='bbox 192 983 382 1018; x_wconf 82' lang='lat' dir='ltr'><strong>iuquientem:</strong></span> <span class='ocrx_word' id='word_1_302' title='bbox 405 993 414 1009; x_wconf 83' lang='lat'><strong>(</strong></span> <span class='ocrx_word' id='word_1_303' title='bbox 435 984 553 1018; x_wconf 90' lang='lat' dir='ltr'><strong>Spiritus</strong></span> <span class='ocrx_word' id='word_1_304' title='bbox 567 984 707 1016; x_wconf 82' lang='lat' dir='ltr'><strong>Veritatis,</strong></span> <span class='ocrx_word' id='word_1_305' title='bbox 731 984 776 1018; x_wconf 91' lang='lat' dir='ltr'><strong>qui</strong></span> <span class='ocrx_word' id='word_1_306' title='bbox 810 991 825 1011; x_wconf 92' lang='lat' dir='ltr'><strong>a</strong></span> <span class='ocrx_word' id='word_1_307' title='bbox 858 983 939 1011; x_wconf 89' lang='lat' dir='ltr'><strong>Patre</strong></span> <span class='ocrx_word' id='word_1_308' title='bbox 973 984 1113 1018; x_wconf 84' lang='lat' dir='ltr'><strong>procedit;</strong></span> <span class='ocrx_word' id='word_1_309' title='bbox 1136 993 1145 1010; x_wconf 76' lang='grc' dir='ltr'><strong>ι</strong></span> <span class='ocrx_word' id='word_1_310' title='bbox 1165 988 1214 1011; x_wconf 89' lang='lat' dir='ltr'><strong>et:</strong></span> <span class='ocrx_word' id='word_1_311' title='bbox 1232 993 1242 1009; x_wconf 79' lang='grc' dir='ltr'><strong>ι</strong></span> <span class='ocrx_word' id='word_1_312' title='bbox 1269 983 1386 1019; x_wconf 86' lang='lat' dir='ltr'><strong>Spiritus</strong></span> <span class='ocrx_word' id='word_1_313' title='bbox 1403 984 1460 1019; x_wconf 83' lang='lat'><strong>(60)</strong></span> <span class='ocrx_word' id='word_1_314' title='bbox 1484 989 1524 1011; x_wconf 82' lang='lat' dir='ltr'><strong>est</strong></span> <span class='ocrx_word' id='word_1_315' title='bbox 1545 984 1669 1016; x_wconf 79' lang='lat' dir='ltr'><strong>Veritas;</strong></span> <span class='ocrx_word' id='word_1_316' title='bbox 1693 993 1703 1009; x_wconf 76' lang='grc' dir='ltr'><strong>ι</strong></span> 
     </span>
    </p>
   </div>
   <div class='ocr_carea' id='block_1_37' title="bbox 83 1029 1709 1065">
    <p class='ocr_par' dir='ltr' id='par_1_37' title="bbox 83 1029 1709 1065">
     <span class='ocr_line' id='line_1_37' title="bbox 83 1029 1709 1065; baseline -0.001 -9"><span class='ocrx_word' id='word_1_317' title='bbox 83 1034 139 1056; x_wconf 89' lang='grc' dir='ltr'>ιιιιιι</span> <span class='ocrx_word' id='word_1_318' title='bbox 164 1030 246 1056; x_wconf 86' lang='lat' dir='ltr'><strong>etiam</strong></span> <span class='ocrx_word' id='word_1_319' title='bbox 270 1030 390 1064; x_wconf 77' lang='lat' dir='ltr'><strong>Petrum,</strong></span> <span class='ocrx_word' id='word_1_320' title='bbox 407 1031 452 1064; x_wconf 91' lang='lat' dir='ltr'><strong>qtti</strong></span> <span class='ocrx_word' id='word_1_321' title='bbox 470 1031 554 1058; x_wconf 83' lang='lat' dir='ltr'><strong>Deum</strong></span> <span class='ocrx_word' id='word_1_322' title='bbox 575 1037 702 1065; x_wconf 73' lang='lat' dir='ltr'><strong>expresse</strong></span> <span class='ocrx_word' id='word_1_323' title='bbox 736 1030 803 1057; x_wconf 85' lang='lat' dir='ltr'><strong>dixit</strong></span> <span class='ocrx_word' id='word_1_324' title='bbox 837 1030 968 1064; x_wconf 90' lang='lat' dir='ltr'><strong>Spiritum</strong></span> <span class='ocrx_word' id='word_1_325' title='bbox 1001 1034 1136 1062; x_wconf 86' lang='lat' dir='ltr'><strong>sanctum,</strong></span> <span class='ocrx_word' id='word_1_326' title='bbox 1156 1030 1236 1064; x_wconf 86' lang='lat' dir='ltr'><strong>idque</strong></span> <span class='ocrx_word' id='word_1_327' title='bbox 1256 1030 1367 1058; x_wconf 60' lang='lat' dir='ltr'><strong>Ananiae</strong></span> <span class='ocrx_word' id='word_1_328' title='bbox 1399 1030 1568 1057; x_wconf 87' lang='lat' dir='ltr'><strong>annuutiavit</strong></span> <span class='ocrx_word' id='word_1_329' title='bbox 1589 1030 1616 1056; x_wconf 94' lang='lat' dir='ltr'><strong>in</strong></span> <span class='ocrx_word' id='word_1_330' title='bbox 1637 1029 1709 1056; x_wconf 87' lang='lat' dir='ltr'><strong>lutnc</strong></span> 
     </span>
    </p>
   </div>
   <div class='ocr_carea' id='block_1_38' title="bbox 83 1074 1708 1112">
    <p class='ocr_par' dir='ltr' id='par_1_38' title="bbox 83 1074 1708 1112">
     <span class='ocr_line' id='line_1_38' title="bbox 83 1074 1708 1112; baseline 0 -11"><span class='ocrx_word' id='word_1_331' title='bbox 83 1076 213 1103; x_wconf 84' lang='lat' dir='ltr'><strong>modum:</strong></span> <span class='ocrx_word' id='word_1_332' title='bbox 230 1085 239 1101; x_wconf 87' lang='grc' dir='ltr'>ι</span> <span class='ocrx_word' id='word_1_333' title='bbox 261 1076 351 1108; x_wconf 83' lang='lat' dir='ltr'><strong>Quare</strong></span> <span class='ocrx_word' id='word_1_334' title='bbox 376 1077 432 1112; x_wconf 87' lang='grc'><strong>(61)</strong></span> <span class='ocrx_word' id='word_1_335' title='bbox 450 1077 529 1104; x_wconf 85' lang='lat' dir='ltr'><strong>simul</strong></span> <span class='ocrx_word' id='word_1_336' title='bbox 550 1078 727 1112; x_wconf 89' lang='lat' dir='ltr'><strong>conspirastis</strong></span> <span class='ocrx_word' id='word_1_337' title='bbox 748 1081 777 1103; x_wconf 92' lang='lat' dir='ltr'><strong>ut</strong></span> <span class='ocrx_word' id='word_1_338' title='bbox 793 1075 974 1103; x_wconf 90' lang='lat' dir='ltr'><strong>mentiremini</strong></span> <span class='ocrx_word' id='word_1_339' title='bbox 997 1075 1109 1110; x_wconf 86' lang='lat' dir='ltr'><strong>Spiritui</strong></span> <span class='ocrx_word' id='word_1_340' title='bbox 1142 1076 1255 1103; x_wconf 84' lang='lat' dir='ltr'><strong>sancto?</strong></span> <span class='ocrx_word' id='word_1_341' title='bbox 1289 1076 1347 1104; x_wconf 78' lang='lat' dir='ltr'><strong>Non</strong></span> <span class='ocrx_word' id='word_1_342' title='bbox 1380 1084 1409 1103; x_wconf 90' lang='lat' dir='ltr'><strong>es</strong></span> <span class='ocrx_word' id='word_1_343' title='bbox 1433 1076 1562 1103; x_wconf 85' lang='lat' dir='ltr'><strong>mentitus</strong></span> <span class='ocrx_word' id='word_1_344' title='bbox 1594 1074 1708 1107; x_wconf 86' lang='lat' dir='ltr'><strong>homini,</strong></span> 
     </span>
    </p>
   </div>
   <div class='ocr_carea' id='block_1_39' title="bbox 83 1120 1710 1158">
    <p class='ocr_par' dir='ltr' id='par_1_39' title="bbox 83 1120 1710 1158">
     <span class='ocr_line' id='line_1_39' title="bbox 83 1120 1710 1158; baseline 0 -11"><span class='ocrx_word' id='word_1_345' title='bbox 83 1121 129 1148; x_wconf 84' lang='lat' dir='ltr'><strong>sed</strong></span> <span class='ocrx_word' id='word_1_346' title='bbox 151 1120 214 1147; x_wconf 86' lang='lat' dir='ltr'><strong>Deo.</strong></span> <span class='ocrx_word' id='word_1_347' title='bbox 238 1131 248 1147; x_wconf 77' lang='grc' dir='ltr'><strong>ι</strong></span> <span class='ocrx_word' id='word_1_348' title='bbox 265 1122 352 1156; x_wconf 86' lang='lat' dir='ltr'><strong>Atque</strong></span> <span class='ocrx_word' id='word_1_349' title='bbox 365 1122 427 1149; x_wconf 91' lang='lat' dir='ltr'><strong>illud</strong></span> <span class='ocrx_word' id='word_1_350' title='bbox 442 1123 523 1150; x_wconf 86' lang='lat' dir='ltr'><strong>etiam</strong></span> <span class='ocrx_word' id='word_1_351' title='bbox 539 1123 617 1155; x_wconf 82' lang='lat' dir='ltr'><strong>scito,</strong></span> <span class='ocrx_word' id='word_1_352' title='bbox 634 1123 706 1158; x_wconf 91' lang='lat' dir='ltr'><strong>quod</strong></span> <span class='ocrx_word' id='word_1_353' title='bbox 723 1131 776 1150; x_wconf 94' lang='lat' dir='ltr'><strong>non</strong></span> <span class='ocrx_word' id='word_1_354' title='bbox 791 1123 866 1155; x_wconf 85' lang='lat' dir='ltr'><strong>latet,</strong></span> <span class='ocrx_word' id='word_1_355' title='bbox 888 1122 1073 1149; x_wconf 81' lang='lat' dir='ltr'><strong>fraudulenter</strong></span> <span class='ocrx_word' id='word_1_356' title='bbox 1088 1129 1102 1148; x_wconf 89' lang='lat' dir='ltr'><strong>a</strong></span> <span class='ocrx_word' id='word_1_357' title='bbox 1120 1127 1145 1149; x_wconf 91' lang='lat' dir='ltr'><strong>te</strong></span> <span class='ocrx_word' id='word_1_358' title='bbox 1158 1122 1288 1150; x_wconf 87' lang='lat' dir='ltr'><strong>omissttm</strong></span> <span class='ocrx_word' id='word_1_359' title='bbox 1308 1129 1367 1149; x_wconf 86' lang='lat' dir='ltr'><strong>esse</strong></span> <span class='ocrx_word' id='word_1_360' title='bbox 1386 1122 1412 1149; x_wconf 93' lang='lat' dir='ltr'><strong>in</strong></span> <span class='ocrx_word' id='word_1_361' title='bbox 1439 1122 1528 1156; x_wconf 90' lang='lat' dir='ltr'><strong>inepto</strong></span> <span class='ocrx_word' id='word_1_362' title='bbox 1562 1125 1590 1149; x_wconf 89' lang='lat' dir='ltr'><strong>et</strong></span> <span class='ocrx_word' id='word_1_363' title='bbox 1619 1121 1710 1156; x_wconf 85' lang='lat' dir='ltr'><strong>perul-</strong></span> 
     </span>
    </p>
   </div>
   <div class='ocr_carea' id='block_1_40' title="bbox 82 1167 1708 1205">
    <p class='ocr_par' dir='ltr' id='par_1_40' title="bbox 82 1167 1708 1205">
     <span class='ocr_line' id='line_1_40' title="bbox 82 1167 1708 1205; baseline 0 -11"><span class='ocrx_word' id='word_1_364' title='bbox 82 1167 156 1195; x_wconf 79' lang='lat' dir='ltr'><strong>cioso</strong></span> <span class='ocrx_word' id='word_1_365' title='bbox 170 1172 214 1194; x_wconf 89' lang='lat' dir='ltr'><strong>tuo</strong></span> <span class='ocrx_word' id='word_1_366' title='bbox 230 1168 358 1202; x_wconf 70' lang='lat' dir='ltr'><strong>opns‘cnlo</strong></span> <span class='ocrx_word' id='word_1_367' title='bbox 383 1169 450 1205; x_wconf 76' lang='lat'><strong>(62),</strong></span> <span class='ocrx_word' id='word_1_368' title='bbox 474 1169 515 1196; x_wconf 87' lang='lat' dir='ltr'><strong>vel</strong></span> <span class='ocrx_word' id='word_1_369' title='bbox 531 1169 619 1203; x_wconf 89' lang='lat' dir='ltr'><strong>potius</strong></span> <span class='ocrx_word' id='word_1_370' title='bbox 641 1170 666 1196; x_wconf 93' lang='lat' dir='ltr'><strong>in</strong></span> <span class='ocrx_word' id='word_1_371' title='bbox 684 1175 730 1196; x_wconf 90' lang='lat' dir='ltr'><strong>tuo</strong></span> <span class='ocrx_word' id='word_1_372' title='bbox 742 1168 982 1203; x_wconf 87' lang='lat' dir='ltr'><strong>blasphematorio,</strong></span> <span class='ocrx_word' id='word_1_373' title='bbox 996 1167 1021 1194; x_wconf 91' lang='lat' dir='ltr'><strong>id</strong></span> <span class='ocrx_word' id='word_1_374' title='bbox 1036 1169 1106 1202; x_wconf 90' lang='lat' dir='ltr'><strong>quod</strong></span> <span class='ocrx_word' id='word_1_375' title='bbox 1125 1168 1259 1196; x_wconf 90' lang='lat' dir='ltr'><strong>antecedit</strong></span> <span class='ocrx_word' id='word_1_376' title='bbox 1289 1168 1315 1195; x_wconf 89' lang='lat' dir='ltr'><strong>in</strong></span> <span class='ocrx_word' id='word_1_377' title='bbox 1346 1168 1438 1195; x_wconf 89' lang='lat' dir='ltr'><strong>divino</strong></span> <span class='ocrx_word' id='word_1_378' title='bbox 1471 1172 1556 1196; x_wconf 80' lang='lat' dir='ltr'><strong>textu.</strong></span> <span class='ocrx_word' id='word_1_379' title='bbox 1578 1168 1624 1195; x_wconf 88' lang='lat' dir='ltr'><strong>Sic</strong></span> <span class='ocrx_word' id='word_1_380' title='bbox 1637 1168 1708 1195; x_wconf 88' lang='lat' dir='ltr'><strong>enim</strong></span> 
     </span>
    </p>
   </div>
   <div class='ocr_carea' id='block_1_41' title="bbox 84 1213 1709 1249">
    <p class='ocr_par' dir='ltr' id='par_1_41' title="bbox 84 1213 1709 1249">
     <span class='ocr_line' id='line_1_41' title="bbox 84 1213 1709 1249; baseline 0.001 -11"><span class='ocrx_word' id='word_1_381' title='bbox 84 1213 183 1240; x_wconf 87' lang='lat' dir='ltr'><strong>habet:</strong></span> <span class='ocrx_word' id='word_1_382' title='bbox 199 1223 208 1238; x_wconf 83' lang='grc' dir='ltr'>ι</span> <span class='ocrx_word' id='word_1_383' title='bbox 227 1213 300 1241; x_wconf 82' lang='lat' dir='ltr'><strong>Unus</strong></span> <span class='ocrx_word' id='word_1_384' title='bbox 328 1220 356 1241; x_wconf 82' lang='lat' dir='ltr'><strong>et</strong></span> <span class='ocrx_word' id='word_1_385' title='bbox 381 1215 452 1242; x_wconf 89' lang='lat' dir='ltr'><strong>idem</strong></span> <span class='ocrx_word' id='word_1_386' title='bbox 476 1215 610 1249; x_wconf 87' lang='lat' dir='ltr'><strong>Spiritus:</strong></span> <span class='ocrx_word' id='word_1_387' title='bbox 630 1225 640 1241; x_wconf 75' lang='grc' dir='ltr'>ι</span> <span class='ocrx_word' id='word_1_388' title='bbox 669 1222 701 1243; x_wconf 86' lang='lat' dir='ltr'><strong>ac</strong></span> <span class='ocrx_word' id='word_1_389' title='bbox 727 1215 824 1242; x_wconf 86' lang='lat' dir='ltr'><strong>deinde</strong></span> <span class='ocrx_word' id='word_1_390' title='bbox 861 1214 887 1241; x_wconf 92' lang='lat' dir='ltr'><strong>id</strong></span> <span class='ocrx_word' id='word_1_391' title='bbox 906 1213 1007 1245; x_wconf 79' lang='lat' dir='ltr'><strong>subdit,</strong></span> <span class='ocrx_word' id='word_1_392' title='bbox 1041 1213 1111 1248; x_wconf 85' lang='lat' dir='ltr'><strong>quod</strong></span> <span class='ocrx_word' id='word_1_393' title='bbox 1129 1218 1166 1246; x_wconf 92' lang='lat' dir='ltr'><strong>tn,</strong></span> <span class='ocrx_word' id='word_1_394' title='bbox 1184 1214 1259 1241; x_wconf 85' lang='lat' dir='ltr'><strong>hisce</strong></span> <span class='ocrx_word' id='word_1_395' title='bbox 1275 1214 1383 1241; x_wconf 86' lang='lat' dir='ltr'><strong>omissis</strong></span> <span class='ocrx_word' id='word_1_396' title='bbox 1398 1214 1498 1246; x_wconf 85' lang='lat' dir='ltr'><strong>verbis,</strong></span> <span class='ocrx_word' id='word_1_397' title='bbox 1519 1221 1646 1248; x_wconf 85' lang='lat' dir='ltr'><strong>perverse</strong></span> <span class='ocrx_word' id='word_1_398' title='bbox 1661 1214 1709 1240; x_wconf 87' lang='lat' dir='ltr'><strong>ad-</strong></span> 
     </span>
    </p>
   </div>
   <div class='ocr_carea' id='block_1_42' title="bbox 86 1258 1710 1295">
    <p class='ocr_par' dir='ltr' id='par_1_42' title="bbox 86 1258 1710 1295">
     <span class='ocr_line' id='line_1_42' title="bbox 86 1258 1710 1295; baseline 0.001 -11"><span class='ocrx_word' id='word_1_399' title='bbox 86 1258 206 1285; x_wconf 88' lang='lat' dir='ltr'><strong>duxisti:</strong></span> <span class='ocrx_word' id='word_1_400' title='bbox 223 1267 232 1284; x_wconf 86' lang='grc'><em>‹</em></span> <span class='ocrx_word' id='word_1_401' title='bbox 250 1259 378 1287; x_wconf 86' lang='lat' dir='ltr'><strong>Dividens</strong></span> <span class='ocrx_word' id='word_1_402' title='bbox 391 1267 511 1287; x_wconf 87' lang='lat' dir='ltr'><strong>seorsum</strong></span> <span class='ocrx_word' id='word_1_403' title='bbox 525 1260 670 1294; x_wconf 75' lang='lat' dir='ltr'><strong>unicuique</strong></span> <span class='ocrx_word' id='word_1_404' title='bbox 703 1264 783 1295; x_wconf 90' lang='lat' dir='ltr'><strong>prout</strong></span> <span class='ocrx_word' id='word_1_405' title='bbox 813 1259 887 1286; x_wconf 89' lang='lat' dir='ltr'><strong>vult:</strong></span> <span class='ocrx_word' id='word_1_406' title='bbox 906 1269 915 1285; x_wconf 74' lang='grc' dir='ltr'><strong>ι</strong></span> <span class='ocrx_word' id='word_1_407' title='bbox 939 1267 1050 1293; x_wconf 88' lang='lat' dir='ltr'><strong>nempe,</strong></span> <span class='ocrx_word' id='word_1_408' title='bbox 1076 1259 1203 1294; x_wconf 76' lang='lat' dir='ltr'><strong>largiens,</strong></span> <span class='ocrx_word' id='word_1_409' title='bbox 1219 1264 1246 1286; x_wconf 89' lang='lat' dir='ltr'><strong>et</strong></span> <span class='ocrx_word' id='word_1_410' title='bbox 1272 1259 1445 1292; x_wconf 86' lang='lat' dir='ltr'><strong>distribuens,</strong></span> <span class='ocrx_word' id='word_1_411' title='bbox 1471 1263 1498 1286; x_wconf 91' lang='lat' dir='ltr'><strong>et</strong></span> <span class='ocrx_word' id='word_1_412' title='bbox 1521 1259 1643 1287; x_wconf 88' lang='lat' dir='ltr'><strong>revelans</strong></span> <span class='ocrx_word' id='word_1_413' title='bbox 1664 1266 1710 1294; x_wconf 88' lang='lat' dir='ltr'><strong>per</strong></span> 
     </span>
    </p>
   </div>
   <div class='ocr_carea' id='block_1_43' title="bbox 82 1303 1710 1340">
    <p class='ocr_par' dir='ltr' id='par_1_43' title="bbox 82 1303 1710 1340">
     <span class='ocr_line' id='line_1_43' title="bbox 82 1303 1710 1340; baseline 0.001 -10"><span class='ocrx_word' id='word_1_414' title='bbox 82 1304 267 1338; x_wconf 79' lang='lat' dir='ltr'><strong>semetipsum,</strong></span> <span class='ocrx_word' id='word_1_415' title='bbox 295 1312 327 1331; x_wconf 82' lang='lat' dir='ltr'><strong>ac</strong></span> <span class='ocrx_word' id='word_1_416' title='bbox 349 1305 457 1339; x_wconf 87' lang='lat' dir='ltr'><strong>propria</strong></span> <span class='ocrx_word' id='word_1_417' title='bbox 481 1309 615 1340; x_wconf 85' lang='lat' dir='ltr'><strong>potestate</strong></span> <span class='ocrx_word' id='word_1_418' title='bbox 642 1305 762 1333; x_wconf 67' lang='lat' dir='ltr'><strong>cmlestia</strong></span> <span class='ocrx_word' id='word_1_419' title='bbox 791 1306 871 1332; x_wconf 89' lang='lat' dir='ltr'><strong>bona.</strong></span> <span class='ocrx_word' id='word_1_420' title='bbox 889 1303 947 1331; x_wconf 82' lang='lat' dir='ltr'><strong>Non</strong></span> <span class='ocrx_word' id='word_1_421' title='bbox 978 1310 1018 1332; x_wconf 90' lang='lat' dir='ltr'><strong>est</strong></span> <span class='ocrx_word' id='word_1_422' title='bbox 1049 1309 1138 1332; x_wconf 60' lang='lat' dir='ltr'><strong>autem</strong></span> <span class='ocrx_word' id='word_1_423' title='bbox 1151 1305 1209 1339; x_wconf 87' lang='lat' dir='ltr'><strong>ejus</strong></span> <span class='ocrx_word' id='word_1_424' title='bbox 1228 1304 1272 1338; x_wconf 90' lang='lat' dir='ltr'><strong>qui</strong></span> <span class='ocrx_word' id='word_1_425' title='bbox 1293 1309 1367 1331; x_wconf 88' lang='lat' dir='ltr'><strong>recte</strong></span> <span class='ocrx_word' id='word_1_426' title='bbox 1381 1304 1491 1336; x_wconf 87' lang='lat' dir='ltr'><strong>sentiat,</strong></span> <span class='ocrx_word' id='word_1_427' title='bbox 1508 1308 1535 1330; x_wconf 91' lang='lat' dir='ltr'><strong>et</strong></span> <span class='ocrx_word' id='word_1_428' title='bbox 1550 1305 1653 1337; x_wconf 85' lang='lat' dir='ltr'><strong>credat,</strong></span> <span class='ocrx_word' id='word_1_429' title='bbox 1669 1305 1710 1332; x_wconf 88' lang='lat' dir='ltr'><strong>di-</strong></span> 
     </span>
    </p>
   </div>
   <div class='ocr_carea' id='block_1_44' title="bbox 84 1349 1710 1386">
    <p class='ocr_par' dir='ltr' id='par_1_44' title="bbox 84 1349 1710 1386">
     <span class='ocr_line' id='line_1_44' title="bbox 84 1349 1710 1386; baseline 0.002 -11"><span class='ocrx_word' id='word_1_430' title='bbox 84 1350 145 1376; x_wconf 85' lang='lat' dir='ltr'><strong>vina</strong></span> <span class='ocrx_word' id='word_1_431' title='bbox 163 1350 270 1377; x_wconf 86' lang='lat' dir='ltr'><strong>oracula</strong></span> <span class='ocrx_word' id='word_1_432' title='bbox 295 1358 346 1377; x_wconf 88' lang='lat' dir='ltr'><strong>non</strong></span> <span class='ocrx_word' id='word_1_433' title='bbox 368 1351 447 1378; x_wconf 89' lang='lat' dir='ltr'><strong>tnodo</strong></span> <span class='ocrx_word' id='word_1_434' title='bbox 480 1358 621 1386; x_wconf 87' lang='lat' dir='ltr'><strong>perperam</strong></span> <span class='ocrx_word' id='word_1_435' title='bbox 657 1351 839 1386; x_wconf 86' lang='lat' dir='ltr'><strong>interpretari,</strong></span> <span class='ocrx_word' id='word_1_436' title='bbox 861 1350 906 1377; x_wconf 87' lang='lat' dir='ltr'><strong>sed</strong></span> <span class='ocrx_word' id='word_1_437' title='bbox 927 1351 1035 1384; x_wconf 91' lang='lat' dir='ltr'><strong>insuper</strong></span> <span class='ocrx_word' id='word_1_438' title='bbox 1047 1351 1128 1377; x_wconf 86' lang='lat' dir='ltr'><strong>etiam</strong></span> <span class='ocrx_word' id='word_1_439' title='bbox 1147 1350 1282 1377; x_wconf 83' lang='lat' dir='ltr'><strong>mutitare.</strong></span> <span class='ocrx_word' id='word_1_440' title='bbox 1303 1349 1378 1382; x_wconf 82' lang='lat' dir='ltr'><strong>Quod</strong></span> <span class='ocrx_word' id='word_1_441' title='bbox 1391 1350 1462 1377; x_wconf 83' lang='lat' dir='ltr'><strong>enini</strong></span> <span class='ocrx_word' id='word_1_442' title='bbox 1478 1350 1602 1383; x_wconf 86' lang='lat' dir='ltr'><strong>habeant,</strong></span> <span class='ocrx_word' id='word_1_443' title='bbox 1616 1359 1625 1376; x_wconf 81' lang='grc' dir='ltr'><strong>ι</strong></span> <span class='ocrx_word' id='word_1_444' title='bbox 1640 1359 1710 1378; x_wconf 87' lang='grc' dir='ltr'>ιιιιιιε</span> 
     </span>
    </p>
   </div>
   <div class='ocr_carea' id='block_1_45' title="bbox 83 1396 1708 1432">
    <p class='ocr_par' dir='ltr' id='par_1_45' title="bbox 83 1396 1708 1432">
     <span class='ocr_line' id='line_1_45' title="bbox 83 1396 1708 1432; baseline 0 -8"><span class='ocrx_word' id='word_1_445' title='bbox 83 1400 109 1424; x_wconf 88' lang='lat' dir='ltr'><strong>et</strong></span> <span class='ocrx_word' id='word_1_446' title='bbox 124 1396 194 1423; x_wconf 86' lang='lat' dir='ltr'><strong>idem</strong></span> <span class='ocrx_word' id='word_1_447' title='bbox 209 1396 335 1431; x_wconf 87' lang='lat' dir='ltr'><strong>Spiritus,</strong></span> <span class='ocrx_word' id='word_1_448' title='bbox 354 1405 363 1422; x_wconf 78' lang='grc' dir='ltr'><strong>ι</strong></span> <span class='ocrx_word' id='word_1_449' title='bbox 386 1397 411 1424; x_wconf 92' lang='lat' dir='ltr'><strong>id</strong></span> <span class='ocrx_word' id='word_1_450' title='bbox 428 1397 514 1431; x_wconf 90' lang='lat' dir='ltr'><strong>primo</strong></span> <span class='ocrx_word' id='word_1_451' title='bbox 531 1401 556 1424; x_wconf 91' lang='lat' dir='ltr'><strong>te</strong></span> <span class='ocrx_word' id='word_1_452' title='bbox 576 1402 649 1426; x_wconf 86' lang='lat' dir='ltr'><strong>vetat</strong></span> <span class='ocrx_word' id='word_1_453' title='bbox 669 1397 724 1432; x_wconf 80' lang='grc'><strong>(65)</strong></span> <span class='ocrx_word' id='word_1_454' title='bbox 740 1404 868 1431; x_wconf 85' lang='lat' dir='ltr'><strong>separare</strong></span> <span class='ocrx_word' id='word_1_455' title='bbox 887 1396 960 1423; x_wconf 89' lang='lat' dir='ltr'><strong>illum</strong></span> <span class='ocrx_word' id='word_1_456' title='bbox 983 1396 1017 1422; x_wconf 90' lang='lat' dir='ltr'><strong>ab</strong></span> <span class='ocrx_word' id='word_1_457' title='bbox 1032 1403 1061 1421; x_wconf 89' lang='lat' dir='ltr'><strong>ea</strong></span> <span class='ocrx_word' id='word_1_458' title='bbox 1078 1396 1228 1428; x_wconf 86' lang='lat' dir='ltr'><strong>idcnlitate,</strong></span> <span class='ocrx_word' id='word_1_459' title='bbox 1263 1403 1316 1429; x_wconf 90' lang='lat' dir='ltr'><strong>qua</strong></span> <span class='ocrx_word' id='word_1_460' title='bbox 1351 1396 1421 1422; x_wconf 85' lang='lat' dir='ltr'><strong>idem</strong></span> <span class='ocrx_word' id='word_1_461' title='bbox 1448 1403 1509 1422; x_wconf 87' lang='lat' dir='ltr'><strong>cnttt</strong></span> <span class='ocrx_word' id='word_1_462' title='bbox 1531 1403 1563 1423; x_wconf 89' lang='lat' dir='ltr'><strong>eo</strong></span> <span class='ocrx_word' id='word_1_463' title='bbox 1589 1401 1639 1429; x_wconf 89' lang='lat' dir='ltr'><strong>est,</strong></span> <span class='ocrx_word' id='word_1_464' title='bbox 1661 1398 1708 1432; x_wconf 93' lang='lat' dir='ltr'><strong>qui</strong></span> 
     </span>
    </p>
   </div>
   <div class='ocr_carea' id='block_1_46' title="bbox 85 1441 1706 1478">
    <p class='ocr_par' dir='ltr' id='par_1_46' title="bbox 85 1441 1706 1478">
     <span class='ocr_line' id='line_1_46' title="bbox 85 1441 1706 1478; baseline 0.002 -11"><span class='ocrx_word' id='word_1_465' title='bbox 85 1449 154 1468; x_wconf 91' lang='lat' dir='ltr'><strong>unus</strong></span> <span class='ocrx_word' id='word_1_466' title='bbox 177 1446 205 1469; x_wconf 88' lang='lat' dir='ltr'><strong>et</strong></span> <span class='ocrx_word' id='word_1_467' title='bbox 239 1450 380 1476; x_wconf 89' lang='lat' dir='ltr'><strong>supremus</strong></span> <span class='ocrx_word' id='word_1_468' title='bbox 405 1443 527 1476; x_wconf 82' lang='lat' dir='ltr'><strong>exsistit,</strong></span> <span class='ocrx_word' id='word_1_469' title='bbox 555 1451 586 1470; x_wconf 92' lang='lat' dir='ltr'><strong>ac</strong></span> <span class='ocrx_word' id='word_1_470' title='bbox 611 1443 701 1470; x_wconf 89' lang='lat' dir='ltr'><strong>omnia</strong></span> <span class='ocrx_word' id='word_1_471' title='bbox 731 1443 887 1477; x_wconf 73' lang='lat' dir='ltr'><strong>gubernat:</strong></span> <span class='ocrx_word' id='word_1_472' title='bbox 909 1450 970 1469; x_wconf 94' lang='lat' dir='ltr'><strong>nam</strong></span> <span class='ocrx_word' id='word_1_473' title='bbox 1000 1443 1043 1469; x_wconf 88' lang='lat' dir='ltr'><strong>hic</strong></span> <span class='ocrx_word' id='word_1_474' title='bbox 1067 1449 1171 1469; x_wconf 86' lang='lat' dir='ltr'><strong>summe</strong></span> <span class='ocrx_word' id='word_1_475' title='bbox 1197 1441 1348 1473; x_wconf 86' lang='lat' dir='ltr'><strong>invisibilis,</strong></span> <span class='ocrx_word' id='word_1_476' title='bbox 1384 1446 1411 1469; x_wconf 87' lang='lat' dir='ltr'><strong>et</strong></span> <span class='ocrx_word' id='word_1_477' title='bbox 1435 1449 1538 1469; x_wconf 90' lang='lat' dir='ltr'><strong>summe</strong></span> <span class='ocrx_word' id='word_1_478' title='bbox 1558 1442 1706 1478; x_wconf 89' lang='lat' dir='ltr'><strong>incompre-</strong></span> 
     </span>
    </p>
   </div>
   <div class='ocr_carea' id='block_1_47' title="bbox 85 1486 1709 1523">
    <p class='ocr_par' dir='ltr' id='par_1_47' title="bbox 85 1486 1709 1523">
     <span class='ocr_line' id='line_1_47' title="bbox 85 1486 1709 1523; baseline 0.002 -9"><span class='ocrx_word' id='word_1_479' title='bbox 85 1487 223 1514; x_wconf 85' lang='lat' dir='ltr'><strong>hensibilis</strong></span> <span class='ocrx_word' id='word_1_480' title='bbox 239 1486 308 1514; x_wconf 87' lang='lat' dir='ltr'><strong>Deus</strong></span> <span class='ocrx_word' id='word_1_481' title='bbox 324 1495 357 1513; x_wconf 91' lang='lat' dir='ltr'><strong>ne</strong></span> <span class='ocrx_word' id='word_1_482' title='bbox 371 1487 510 1515; x_wconf 89' lang='lat' dir='ltr'><strong>tninimum</strong></span> <span class='ocrx_word' id='word_1_483' title='bbox 531 1488 638 1522; x_wconf 89' lang='lat' dir='ltr'><strong>quidem</strong></span> <span class='ocrx_word' id='word_1_484' title='bbox 658 1488 758 1514; x_wconf 89' lang='lat' dir='ltr'><strong>deitate</strong></span> <span class='ocrx_word' id='word_1_485' title='bbox 777 1487 867 1514; x_wconf 73' lang='lat' dir='ltr'><strong>dill’ert</strong></span> <span class='ocrx_word' id='word_1_486' title='bbox 886 1495 901 1514; x_wconf 88' lang='lat' dir='ltr'><strong>a</strong></span> <span class='ocrx_word' id='word_1_487' title='bbox 922 1488 1036 1522; x_wconf 90' lang='lat' dir='ltr'><strong>Spiritu,</strong></span> <span class='ocrx_word' id='word_1_488' title='bbox 1072 1489 1118 1515; x_wconf 90' lang='lat' dir='ltr'><strong>sed</strong></span> <span class='ocrx_word' id='word_1_489' title='bbox 1151 1487 1208 1514; x_wconf 90' lang='lat' dir='ltr'><strong>sola</strong></span> <span class='ocrx_word' id='word_1_490' title='bbox 1232 1487 1406 1514; x_wconf 84' lang='lat' dir='ltr'><strong>Paternitatis</strong></span> <span class='ocrx_word' id='word_1_491' title='bbox 1430 1487 1555 1515; x_wconf 87' lang='lat' dir='ltr'><strong>ratione:</strong></span> <span class='ocrx_word' id='word_1_492' title='bbox 1577 1489 1638 1523; x_wconf 86' lang='lat' dir='ltr'><strong>quia</strong></span> <span class='ocrx_word' id='word_1_493' title='bbox 1664 1489 1709 1517; x_wconf 91' lang='lat' dir='ltr'><strong>hic</strong></span> 
     </span>
    </p>
   </div>
   <div class='ocr_carea' id='block_1_48' title="bbox 84 1525 1708 1569">
    <p class='ocr_par' dir='ltr' id='par_1_48' title="bbox 84 1525 1708 1569">
     <span class='ocr_line' id='line_1_48' title="bbox 84 1525 1708 1569; baseline 0.002 -9"><span class='ocrx_word' id='word_1_494' title='bbox 84 1532 215 1569; x_wconf 84' lang='lat' dir='ltr'><strong>processit</strong></span> <span class='ocrx_word' id='word_1_495' title='bbox 243 1537 337 1560; x_wconf 84' lang='lat' dir='ltr'><strong>natura</strong></span> <span class='ocrx_word' id='word_1_496' title='bbox 364 1533 420 1568; x_wconf 76' lang='grc'><strong>(64)</strong></span> <span class='ocrx_word' id='word_1_497' title='bbox 448 1541 481 1560; x_wconf 77' lang='lat' dir='ltr'><strong>ex</strong></span> <span class='ocrx_word' id='word_1_498' title='bbox 517 1533 573 1565; x_wconf 83' lang='lat' dir='ltr'><strong>illo,</strong></span> <span class='ocrx_word' id='word_1_499' title='bbox 601 1541 652 1560; x_wconf 92' lang='lat' dir='ltr'><strong>non</strong></span> <span class='ocrx_word' id='word_1_500' title='bbox 685 1525 750 1560; x_wconf 81' lang='lat' dir='ltr'><strong>vero</strong></span> <span class='ocrx_word' id='word_1_501' title='bbox 774 1540 822 1567; x_wconf 86' lang='lat' dir='ltr'><strong>per</strong></span> <span class='ocrx_word' id='word_1_502' title='bbox 851 1532 1009 1561; x_wconf 80' lang='lat' dir='ltr'><strong>Conditoris</strong></span> <span class='ocrx_word' id='word_1_503' title='bbox 1041 1533 1236 1568; x_wconf 81' lang='lat' dir='ltr'><strong>operationem.</strong></span> <span class='ocrx_word' id='word_1_504' title='bbox 1259 1532 1338 1560; x_wconf 87' lang='lat' dir='ltr'><strong>Vetat</strong></span> <span class='ocrx_word' id='word_1_505' title='bbox 1359 1534 1476 1560; x_wconf 87' lang='lat' dir='ltr'><strong>secundo</strong></span> <span class='ocrx_word' id='word_1_506' title='bbox 1498 1538 1523 1561; x_wconf 90' lang='grc' dir='ltr'>ιε</span> <span class='ocrx_word' id='word_1_507' title='bbox 1545 1534 1656 1562; x_wconf 88' lang='lat' dir='ltr'><strong>dicere:</strong></span> <span class='ocrx_word' id='word_1_508' title='bbox 1681 1535 1708 1565; x_wconf 88' lang='lat' dir='ltr'><strong>Si</strong></span> 
     </span>
    </p>
   </div>
   <div class='ocr_carea' id='block_1_49' title="bbox 86 1579 1709 1616">
    <p class='ocr_par' dir='ltr' id='par_1_49' title="bbox 86 1579 1709 1616">
     <span class='ocr_line' id='line_1_49' title="bbox 86 1579 1709 1616; baseline 0.003 -11"><span class='ocrx_word' id='word_1_509' title='bbox 86 1588 97 1606; x_wconf 73' lang='grc' dir='ltr'><strong>ε</strong></span> <span class='ocrx_word' id='word_1_510' title='bbox 113 1579 230 1614; x_wconf 88' lang='lat' dir='ltr'><strong>Spiritus</strong></span> <span class='ocrx_word' id='word_1_511' title='bbox 248 1579 305 1612; x_wconf 88' lang='lat' dir='ltr'><strong>Dei,</strong></span> <span class='ocrx_word' id='word_1_512' title='bbox 325 1590 334 1606; x_wconf 76' lang='grc' dir='ltr'><strong>ι</strong></span> <span class='ocrx_word' id='word_1_513' title='bbox 357 1585 392 1611; x_wconf 86' lang='grc' dir='ltr'>ει,</span> <span class='ocrx_word' id='word_1_514' title='bbox 410 1589 419 1605; x_wconf 80' lang='grc' dir='ltr'><strong>ι</strong></span> <span class='ocrx_word' id='word_1_515' title='bbox 439 1580 560 1614; x_wconf 87' lang='lat' dir='ltr'><strong>Spiritus</strong></span> <span class='ocrx_word' id='word_1_516' title='bbox 579 1579 677 1607; x_wconf 84' lang='lat' dir='ltr'><strong>Christi</strong></span> <span class='ocrx_word' id='word_1_517' title='bbox 696 1589 705 1605; x_wconf 82' lang='grc'><strong>›</strong></span> <span class='ocrx_word' id='word_1_518' title='bbox 719 1581 874 1608; x_wconf 89' lang='lat' dir='ltr'><strong>nominatus</strong></span> <span class='ocrx_word' id='word_1_519' title='bbox 893 1582 972 1608; x_wconf 82' lang='lat' dir='ltr'><strong>estin</strong></span> <span class='ocrx_word' id='word_1_520' title='bbox 990 1581 1147 1616; x_wconf 84' lang='lat' dir='ltr'><strong>Scripturis,</strong></span> <span class='ocrx_word' id='word_1_521' title='bbox 1161 1581 1213 1607; x_wconf 91' lang='lat' dir='ltr'><strong>duo</strong></span> <span class='ocrx_word' id='word_1_522' title='bbox 1229 1580 1412 1616; x_wconf 83' lang='lat' dir='ltr'><strong>intelligentur</strong></span> <span class='ocrx_word' id='word_1_523' title='bbox 1446 1581 1572 1615; x_wconf 90' lang='lat' dir='ltr'><strong>Spiritus.</strong></span> <span class='ocrx_word' id='word_1_524' title='bbox 1603 1582 1709 1610; x_wconf 89' lang='lat' dir='ltr'><strong>Dictum</strong></span> 
     </span>
    </p>
   </div>
   <div class='ocr_carea' id='block_1_50' title="bbox 85 1625 1713 1663">
    <p class='ocr_par' dir='ltr' id='par_1_50' title="bbox 85 1625 1713 1663">
     <span class='ocr_line' id='line_1_50' title="bbox 85 1625 1713 1663; baseline 0.002 -10"><span class='ocrx_word' id='word_1_525' title='bbox 85 1631 126 1653; x_wconf 85' lang='lat' dir='ltr'><strong>est</strong></span> <span class='ocrx_word' id='word_1_526' title='bbox 141 1631 231 1653; x_wconf 86' lang='lat' dir='ltr'><strong>autem</strong></span> <span class='ocrx_word' id='word_1_527' title='bbox 258 1633 309 1652; x_wconf 90' lang='lat' dir='ltr'><strong>non</strong></span> <span class='ocrx_word' id='word_1_528' title='bbox 335 1627 418 1653; x_wconf 83' lang='lat' dir='ltr'><strong>multo</strong></span> <span class='ocrx_word' id='word_1_529' title='bbox 444 1632 518 1657; x_wconf 90' lang='lat' dir='ltr'><strong>ante,</strong></span> <span class='ocrx_word' id='word_1_530' title='bbox 543 1633 622 1660; x_wconf 89' lang='lat' dir='ltr'><strong>quam</strong></span> <span class='ocrx_word' id='word_1_531' title='bbox 641 1626 675 1653; x_wconf 89' lang='lat' dir='ltr'><strong>ob</strong></span> <span class='ocrx_word' id='word_1_532' title='bbox 700 1634 809 1653; x_wconf 86' lang='lat' dir='ltr'><strong>causam</strong></span> <span class='ocrx_word' id='word_1_533' title='bbox 833 1627 872 1654; x_wconf 89' lang='lat' dir='ltr'><strong>sic</strong></span> <span class='ocrx_word' id='word_1_534' title='bbox 891 1627 1020 1661; x_wconf 84' lang='lat' dir='ltr'><strong>scriptum</strong></span> <span class='ocrx_word' id='word_1_535' title='bbox 1035 1628 1079 1654; x_wconf 90' lang='lat' dir='ltr'><strong>sit.</strong></span> <span class='ocrx_word' id='word_1_536' title='bbox 1105 1625 1159 1653; x_wconf 85' lang='lat' dir='ltr'><strong>Sed</strong></span> <span class='ocrx_word' id='word_1_537' title='bbox 1176 1634 1208 1653; x_wconf 92' lang='lat' dir='ltr'><strong>ne</strong></span> <span class='ocrx_word' id='word_1_538' title='bbox 1223 1626 1287 1654; x_wconf 92' lang='lat' dir='ltr'><strong>illud</strong></span> <span class='ocrx_word' id='word_1_539' title='bbox 1299 1627 1407 1661; x_wconf 89' lang='lat' dir='ltr'><strong>quidem</strong></span> <span class='ocrx_word' id='word_1_540' title='bbox 1427 1627 1544 1660; x_wconf 76' lang='lat' dir='ltr'><strong>ignores,</strong></span> <span class='ocrx_word' id='word_1_541' title='bbox 1576 1628 1648 1663; x_wconf 84' lang='lat' dir='ltr'><strong>quod</strong></span> <span class='ocrx_word' id='word_1_542' title='bbox 1672 1629 1713 1657; x_wconf 87' lang='lat' dir='ltr'><strong>al-</strong></span> 
     </span>
    </p>
   </div>
   <div class='ocr_carea' id='block_1_51' title="bbox 86 1672 1709 1708">
    <p class='ocr_par' dir='ltr' id='par_1_51' title="bbox 86 1672 1709 1708">
     <span class='ocr_line' id='line_1_51' title="bbox 86 1672 1709 1708; baseline 0.001 -9"><span class='ocrx_word' id='word_1_543' title='bbox 86 1673 138 1700; x_wconf 86' lang='lat' dir='ltr'><strong>lata</strong></span> <span class='ocrx_word' id='word_1_544' title='bbox 153 1672 300 1707; x_wconf 69' lang='lat' dir='ltr'><strong>Scriptura:</strong></span> <span class='ocrx_word' id='word_1_545' title='bbox 310 1674 420 1700; x_wconf 86' lang='lat' dir='ltr'><strong>oracula</strong></span> <span class='ocrx_word' id='word_1_546' title='bbox 432 1680 483 1700; x_wconf 92' lang='lat' dir='ltr'><strong>non</strong></span> <span class='ocrx_word' id='word_1_547' title='bbox 493 1673 573 1699; x_wconf 85' lang='lat' dir='ltr'><strong>aliain</strong></span> <span class='ocrx_word' id='word_1_548' title='bbox 582 1679 644 1700; x_wconf 83' lang='lat' dir='ltr'><strong>esse</strong></span> <span class='ocrx_word' id='word_1_549' title='bbox 655 1673 972 1708; x_wconf 79' lang='lat' dir='ltr'><strong>signiticantpersmtam,</strong></span> <span class='ocrx_word' id='word_1_550' title='bbox 988 1682 1048 1708; x_wconf 67' lang='lat' dir='ltr'><strong>quae</strong></span> <span class='ocrx_word' id='word_1_551' title='bbox 1077 1673 1169 1706; x_wconf 90' lang='lat' dir='ltr'><strong>donat,</strong></span> <span class='ocrx_word' id='word_1_552' title='bbox 1187 1673 1268 1700; x_wconf 88' lang='lat' dir='ltr'><strong>aliatn</strong></span> <span class='ocrx_word' id='word_1_553' title='bbox 1299 1680 1362 1700; x_wconf 79' lang='lat' dir='ltr'><strong>Vero</strong></span> <span class='ocrx_word' id='word_1_554' title='bbox 1382 1681 1442 1708; x_wconf 73' lang='lat' dir='ltr'><strong>qua:</strong></span> <span class='ocrx_word' id='word_1_555' title='bbox 1473 1673 1622 1706; x_wconf 89' lang='lat' dir='ltr'><strong>distribuit,</strong></span> <span class='ocrx_word' id='word_1_556' title='bbox 1642 1674 1709 1701; x_wconf 85' lang='lat' dir='ltr'><strong>sicut</strong></span> 
     </span>
    </p>
   </div>
   <div class='ocr_carea' id='block_1_52' title="bbox 85 1719 1706 1756">
    <p class='ocr_par' dir='ltr' id='par_1_52' title="bbox 85 1719 1706 1756">
     <span class='ocr_line' id='line_1_52' title="bbox 85 1719 1706 1756; baseline 0.002 -10"><span class='ocrx_word' id='word_1_557' title='bbox 85 1719 216 1753; x_wconf 79' lang='lat' dir='ltr'><strong>contingit</strong></span> <span class='ocrx_word' id='word_1_558' title='bbox 252 1719 279 1746; x_wconf 93' lang='lat' dir='ltr'><strong>in</strong></span> <span class='ocrx_word' id='word_1_559' title='bbox 308 1719 484 1752; x_wconf 84' lang='lat' dir='ltr'><strong>hominibus,</strong></span> <span class='ocrx_word' id='word_1_560' title='bbox 518 1719 563 1753; x_wconf 89' lang='lat' dir='ltr'><strong>qui</strong></span> <span class='ocrx_word' id='word_1_561' title='bbox 591 1720 680 1746; x_wconf 87' lang='lat' dir='ltr'><strong>omnia</strong></span> <span class='ocrx_word' id='word_1_562' title='bbox 716 1727 765 1747; x_wconf 88' lang='lat' dir='ltr'><strong>nec</strong></span> <span class='ocrx_word' id='word_1_563' title='bbox 796 1720 868 1747; x_wconf 87' lang='lat' dir='ltr'><strong>scire</strong></span> <span class='ocrx_word' id='word_1_564' title='bbox 887 1720 969 1756; x_wconf 79' lang='lat'><strong>213</strong></span> <span class='ocrx_word' id='word_1_565' title='bbox 984 1725 1115 1756; x_wconf 84' lang='lat' dir='ltr'><strong>possunt,</strong></span> <span class='ocrx_word' id='word_1_566' title='bbox 1134 1728 1184 1748; x_wconf 90' lang='lat' dir='ltr'><strong>nec</strong></span> <span class='ocrx_word' id='word_1_567' title='bbox 1217 1720 1277 1748; x_wconf 88' lang='lat' dir='ltr'><strong>sine</strong></span> <span class='ocrx_word' id='word_1_568' title='bbox 1311 1719 1404 1748; x_wconf 89' lang='lat' dir='ltr'><strong>labore</strong></span> <span class='ocrx_word' id='word_1_569' title='bbox 1419 1720 1637 1756; x_wconf 81' lang='lat' dir='ltr'><strong>faciunt,atque</strong></span> <span class='ocrx_word' id='word_1_570' title='bbox 1654 1721 1706 1749; x_wconf 84' lang='lat' dir='ltr'><strong>hac</strong></span> 
     </span>
    </p>
   </div>
   <div class='ocr_carea' id='block_1_53' title="bbox 86 1765 1727 1804">
    <p class='ocr_par' dir='ltr' id='par_1_53' title="bbox 86 1765 1727 1804">
     <span class='ocr_line' id='line_1_53' title="bbox 86 1765 1727 1804; baseline 0.001 -11"><span class='ocrx_word' id='word_1_571' title='bbox 86 1766 120 1804; x_wconf 72' lang='lat' dir='ltr'><strong>de</strong></span> <span class='ocrx_word' id='word_1_572' title='bbox 138 1773 219 1793; x_wconf 86' lang='lat' dir='ltr'><strong>causa</strong></span> <span class='ocrx_word' id='word_1_573' title='bbox 236 1765 281 1792; x_wconf 86' lang='lat' dir='ltr'><strong>alii</strong></span> <span class='ocrx_word' id='word_1_574' title='bbox 298 1766 406 1799; x_wconf 88' lang='lat' dir='ltr'><strong>quidem</strong></span> <span class='ocrx_word' id='word_1_575' title='bbox 427 1774 478 1792; x_wconf 86' lang='lat' dir='ltr'><strong>non</strong></span> <span class='ocrx_word' id='word_1_576' title='bbox 494 1766 553 1793; x_wconf 80' lang='lat' dir='ltr'><strong>sine</strong></span> <span class='ocrx_word' id='word_1_577' title='bbox 579 1766 683 1793; x_wconf 77' lang='lat' dir='ltr'><strong>delectu</strong></span> <span class='ocrx_word' id='word_1_578' title='bbox 709 1766 871 1800; x_wconf 77' lang='lat' dir='ltr'><strong>largiuntur,</strong></span> <span class='ocrx_word' id='word_1_579' title='bbox 893 1767 937 1792; x_wconf 88' lang='lat' dir='ltr'><strong>alli</strong></span> <span class='ocrx_word' id='word_1_580' title='bbox 955 1774 1022 1793; x_wconf 83' lang='lat' dir='ltr'><strong>vero</strong></span> <span class='ocrx_word' id='word_1_581' title='bbox 1040 1775 1093 1794; x_wconf 92' lang='lat' dir='ltr'><strong>non</strong></span> <span class='ocrx_word' id='word_1_582' title='bbox 1109 1767 1167 1793; x_wconf 79' lang='lat' dir='ltr'><strong>sine</strong></span> <span class='ocrx_word' id='word_1_583' title='bbox 1181 1770 1309 1793; x_wconf 87' lang='lat' dir='ltr'><strong>accurato</strong></span> <span class='ocrx_word' id='word_1_584' title='bbox 1324 1766 1449 1794; x_wconf 88' lang='lat' dir='ltr'><strong>exatnine</strong></span> <span class='ocrx_word' id='word_1_585' title='bbox 1484 1775 1516 1794; x_wconf 90' lang='lat' dir='ltr'><strong>ac</strong></span> <span class='ocrx_word' id='word_1_586' title='bbox 1548 1767 1708 1801; x_wconf 81' lang='lat' dir='ltr'><strong>probatione</strong></span> <span class='ocrx_word' id='word_1_587' title='bbox 1724 1784 1727 1789; x_wconf 70' lang='grc' dir='ltr'><strong>ι</strong></span> 
     </span>
    </p>
   </div>
   <div class='ocr_carea' id='block_1_54' title="bbox 87 1812 1708 1849">
    <p class='ocr_par' dir='ltr' id='par_1_54' title="bbox 87 1812 1708 1849">
     <span class='ocr_line' id='line_1_54' title="bbox 87 1812 1708 1849; baseline 0.001 -9"><span class='ocrx_word' id='word_1_588' title='bbox 87 1812 270 1840; x_wconf 84' lang='lat' dir='ltr'><strong>distribuunt:</strong></span> <span class='ocrx_word' id='word_1_589' title='bbox 298 1819 330 1839; x_wconf 90' lang='lat' dir='ltr'><strong>ne</strong></span> <span class='ocrx_word' id='word_1_590' title='bbox 358 1812 428 1839; x_wconf 79' lang='lat' dir='ltr'><strong>forte</strong></span> <span class='ocrx_word' id='word_1_591' title='bbox 443 1817 489 1840; x_wconf 88' lang='lat' dir='ltr'><strong>aut</strong></span> <span class='ocrx_word' id='word_1_592' title='bbox 512 1813 557 1847; x_wconf 88' lang='lat' dir='ltr'><strong>qui</strong></span> <span class='ocrx_word' id='word_1_593' title='bbox 587 1813 749 1847; x_wconf 71' lang='lat' dir='ltr'><strong>largiuntur,</strong></span> <span class='ocrx_word' id='word_1_594' title='bbox 775 1812 860 1847; x_wconf 68' lang='lat' dir='ltr'><strong>I&#39;cipsa</strong></span> <span class='ocrx_word' id='word_1_595' title='bbox 880 1820 960 1849; x_wconf 89' lang='lat' dir='ltr'><strong>opem</strong></span> <span class='ocrx_word' id='word_1_596' title='bbox 976 1821 1027 1840; x_wconf 91' lang='lat' dir='ltr'><strong>nou</strong></span> <span class='ocrx_word' id='word_1_597' title='bbox 1042 1812 1125 1840; x_wconf 71' lang='lat' dir='ltr'><strong>{erant</strong></span> <span class='ocrx_word' id='word_1_598' title='bbox 1139 1812 1214 1848; x_wconf 75' lang='lat'><strong>(63),</strong></span> <span class='ocrx_word' id='word_1_599' title='bbox 1228 1817 1275 1840; x_wconf 89' lang='lat' dir='ltr'><strong>aut</strong></span> <span class='ocrx_word' id='word_1_600' title='bbox 1305 1812 1421 1839; x_wconf 87' lang='lat' dir='ltr'><strong>ministri</strong></span> <span class='ocrx_word' id='word_1_601' title='bbox 1439 1813 1488 1847; x_wconf 86' lang='lat' dir='ltr'><strong>ipsi</strong></span> <span class='ocrx_word' id='word_1_602' title='bbox 1523 1813 1629 1840; x_wconf 89' lang='lat' dir='ltr'><strong>lucrum</strong></span> <span class='ocrx_word' id='word_1_603' title='bbox 1657 1821 1708 1841; x_wconf 84' lang='lat' dir='ltr'><strong>non</strong></span> 
     </span>
    </p>
   </div>
   <div class='ocr_carea' id='block_1_55' title="bbox 124 1909 1708 1949">
    <p class='ocr_par' dir='ltr' id='par_1_55' title="bbox 124 1909 1708 1949">
     <span class='ocr_line' id='line_1_55' title="bbox 124 1909 1708 1949; baseline 0.003 -12"><span class='ocrx_word' id='word_1_604' title='bbox 204 1911 339 1949; x_wconf 58' lang='lat' dir='ltr'><strong>Dominus.</strong></span> <span class='ocrx_word' id='word_1_605' title='bbox 353 1911 424 1939; x_wconf 83' lang='lat' dir='ltr'><strong>Psal.</strong></span> <span class='ocrx_word' id='word_1_606' title='bbox 440 1919 521 1944; x_wconf 78' lang='lat' dir='ltr'><strong>xxttt,</strong></span> <span class='ocrx_word' id='word_1_607' title='bbox 539 1919 610 1949; x_wconf 82' lang='lat' dir='ltr'><strong>vers.</strong></span> <span class='ocrx_word' id='word_1_608' title='bbox 626 1911 679 1949; x_wconf 25' lang='lat'><strong>8.“</strong></span> <span class='ocrx_word' id='word_1_609' title='bbox 893 1922 913 1948; x_wconf 72' lang='grc' dir='ltr'><strong>Β</strong></span> <span class='ocrx_word' id='word_1_610' title='bbox 926 1914 983 1941; x_wconf 67' lang='lat' dir='ltr'><strong>haec</strong></span> <span class='ocrx_word' id='word_1_611' title='bbox 997 1914 1028 1941; x_wconf 84' lang='lat' dir='ltr'><strong>de</strong></span> <span class='ocrx_word' id='word_1_612' title='bbox 1044 1914 1132 1940; x_wconf 87' lang='lat' dir='ltr'><strong>divina</strong></span> <span class='ocrx_word' id='word_1_613' title='bbox 1148 1913 1322 1949; x_wconf 70' lang='lat' dir='ltr'><strong>generatione</strong></span> <span class='ocrx_word' id='word_1_614' title='bbox 1336 1912 1431 1949; x_wconf 80' lang='lat' dir='ltr'><strong>scribit</strong></span> <span class='ocrx_word' id='word_1_615' title='bbox 1447 1921 1475 1949; x_wconf 69' lang='grc' dir='ltr'><strong>ει</strong></span> <span class='ocrx_word' id='word_1_616' title='bbox 1496 1912 1651 1949; x_wconf 82' lang='lat' dir='ltr'><strong>Generatio.</strong></span> <span class='ocrx_word' id='word_1_617' title='bbox 1673 1933 1681 1941; x_wconf 91' lang='lat'><strong>.</strong></span> <span class='ocrx_word' id='word_1_618' title='bbox 1700 1933 1708 1942; x_wconf 83' lang='lat'><strong>.</strong></span> 
     </span>
    </p>
   </div>
   <div class='ocr_carea' id='block_1_56' title="bbox 124 1945 696 1983">
    <p class='ocr_par' dir='ltr' id='par_1_56' title="bbox 124 1945 696 1983">
     <span class='ocr_line' id='line_1_56' title="bbox 124 1945 696 1983; baseline 0.003 -11"><span class='ocrx_word' id='word_1_619' title='bbox 124 1946 181 1983; x_wconf 57' lang='grc' dir='ltr'><strong>(ξιξ)</strong></span> <span class='ocrx_word' id='word_1_620' title='bbox 199 1945 295 1983; x_wconf 49' lang='lat' dir='ltr'><strong>(Vetus.</strong></span> <span class='ocrx_word' id='word_1_621' title='bbox 312 1946 355 1974; x_wconf 85' lang='lat' dir='ltr'><strong>Ps.</strong></span> <span class='ocrx_word' id='word_1_622' title='bbox 371 1955 451 1978; x_wconf 75' lang='lat' dir='ltr'><strong>Lxsv,</strong></span> <span class='ocrx_word' id='word_1_623' title='bbox 466 1948 563 1983; x_wconf 38' lang='lat' dir='ltr'><strong>versit</strong></span> <span class='ocrx_word' id='word_1_624' title='bbox 584 1949 642 1983; x_wconf 88' lang='lat' dir='ltr'><strong>(seu</strong></span> <span class='ocrx_word' id='word_1_625' title='bbox 657 1946 696 1983; x_wconf 77' lang='grc' dir='ltr'><strong>Ξ).</strong></span> 
     </span>
    </p>
   </div>
   <div class='ocr_carea' id='block_1_57' title="bbox 123 1979 872 2022">
    <p class='ocr_par' dir='ltr' id='par_1_57' title="bbox 123 1979 872 2022">
     <span class='ocr_line' id='line_1_57' title="bbox 123 1979 872 2022; baseline 0.003 -14"><span class='ocrx_word' id='word_1_626' title='bbox 123 1979 309 2022; x_wconf 18' lang='grc' dir='ltr'><strong>(57)-1ηἱινιιηι</strong></span> <span class='ocrx_word' id='word_1_627' title='bbox 325 2002 332 2008; x_wconf 90' lang='grc'>.</span> <span class='ocrx_word' id='word_1_628' title='bbox 351 2001 360 2010; x_wconf 92' lang='grc'><strong>.</strong></span> <span class='ocrx_word' id='word_1_629' title='bbox 383 1983 469 2022; x_wconf 63' lang='grc' dir='ltr'><strong>νιξιιιμἶ</strong></span> <span class='ocrx_word' id='word_1_630' title='bbox 484 1981 511 2022; x_wconf 82' lang='lat' dir='ltr'><strong>lu</strong></span> <span class='ocrx_word' id='word_1_631' title='bbox 525 1979 628 2022; x_wconf 53' lang='lat' dir='ltr'><strong>Gnaeo,</strong></span> <span class='ocrx_word' id='word_1_632' title='bbox 642 1979 872 2022; x_wconf 56' lang='lat' dir='ltr'><strong>dtréapgtéwugtv.</strong></span> 
     </span>
    </p>
   </div>
   <div class='ocr_carea' id='block_1_58' title="bbox 86 2016 875 2052">
    <p class='ocr_par' dir='ltr' id='par_1_58' title="bbox 86 2016 875 2052">
     <span class='ocr_line' id='line_1_58' title="bbox 86 2016 875 2052; baseline 0.003 -9"><span class='ocrx_word' id='word_1_633' title='bbox 86 2016 243 2051; x_wconf 80' lang='lat' dir='ltr'><strong>Legendutn</strong></span> <span class='ocrx_word' id='word_1_634' title='bbox 262 2021 351 2052; x_wconf 85' lang='lat' dir='ltr'><strong>tamen</strong></span> <span class='ocrx_word' id='word_1_635' title='bbox 378 2017 539 2044; x_wconf 84' lang='lat' dir='ltr'><strong>crediderim</strong></span> <span class='ocrx_word' id='word_1_636' title='bbox 565 2016 794 2052; x_wconf 63' lang='grc' dir='ltr'>ἀπαμφιεννῦσιν.</span> <span class='ocrx_word' id='word_1_637' title='bbox 810 2018 875 2045; x_wconf 81' lang='lat' dir='ltr'><strong>Ver—</strong></span> 
     </span>
    </p>
   </div>
   <div class='ocr_carea' id='block_1_59' title="bbox 86 2051 875 2087">
    <p class='ocr_par' dir='ltr' id='par_1_59' title="bbox 86 2051 875 2087">
     <span class='ocr_line' id='line_1_59' title="bbox 86 2051 875 2087; baseline 0.004 -10"><span class='ocrx_word' id='word_1_638' title='bbox 86 2053 152 2079; x_wconf 83' lang='lat' dir='ltr'><strong>bum</strong></span> <span class='ocrx_word' id='word_1_639' title='bbox 167 2051 317 2087; x_wconf 21' lang='lat' dir='ltr'><strong>porrorltoc</strong></span> <span class='ocrx_word' id='word_1_640' title='bbox 333 2060 342 2076; x_wconf 79' lang='grc' dir='ltr'>ι</span> <span class='ocrx_word' id='word_1_641' title='bbox 360 2051 487 2082; x_wconf 86' lang='lat' dir='ltr'><strong>nndandi.</strong></span> <span class='ocrx_word' id='word_1_642' title='bbox 511 2062 519 2077; x_wconf 78' lang='grc' dir='ltr'><strong>ι</strong></span> <span class='ocrx_word' id='word_1_643' title='bbox 539 2058 584 2079; x_wconf 87' lang='lat' dir='ltr'><strong>aut</strong></span> <span class='ocrx_word' id='word_1_644' title='bbox 600 2061 609 2077; x_wconf 79' lang='grc' dir='ltr'>ι</span> <span class='ocrx_word' id='word_1_645' title='bbox 628 2051 743 2080; x_wconf 80' lang='lat' dir='ltr'><strong>exuendi</strong></span> <span class='ocrx_word' id='word_1_646' title='bbox 763 2063 771 2079; x_wconf 76' lang='grc' dir='ltr'><strong>ι</strong></span> <span class='ocrx_word' id='word_1_647' title='bbox 794 2054 875 2087; x_wconf 64' lang='lat' dir='ltr'><strong>signi-</strong></span> 
     </span>
    </p>
   </div>
   <div class='ocr_carea' id='block_1_60' title="bbox 89 2086 876 2122">
    <p class='ocr_par' dir='ltr' id='par_1_60' title="bbox 89 2086 876 2122">
     <span class='ocr_line' id='line_1_60' title="bbox 89 2086 876 2122; baseline 0.001 -8"><span class='ocrx_word' id='word_1_648' title='bbox 89 2087 243 2114; x_wconf 79' lang='lat' dir='ltr'><strong>ﬁcationem</strong></span> <span class='ocrx_word' id='word_1_649' title='bbox 257 2086 290 2113; x_wconf 85' lang='lat' dir='ltr'><strong>ba</strong></span> <span class='ocrx_word' id='word_1_650' title='bbox 296 2087 337 2114; x_wconf 87' lang='lat' dir='ltr'><strong>bet</strong></span> <span class='ocrx_word' id='word_1_651' title='bbox 348 2087 373 2114; x_wconf 89' lang='lat' dir='ltr'><strong>in</strong></span> <span class='ocrx_word' id='word_1_652' title='bbox 382 2087 500 2114; x_wconf 78' lang='lat' dir='ltr'><strong>Lexicis.</strong></span> <span class='ocrx_word' id='word_1_653' title='bbox 512 2088 538 2114; x_wconf 96' lang='lat' dir='ltr'><strong>In</strong></span> <span class='ocrx_word' id='word_1_654' title='bbox 548 2088 582 2122; x_wconf 78' lang='lat' dir='ltr'><strong>Cy</strong></span> <span class='ocrx_word' id='word_1_655' title='bbox 588 2088 654 2114; x_wconf 64' lang='lat' dir='ltr'><strong>rillia</strong></span> <span class='ocrx_word' id='word_1_656' title='bbox 662 2096 694 2114; x_wconf 83' lang='lat' dir='ltr'><strong>no</strong></span> <span class='ocrx_word' id='word_1_657' title='bbox 704 2087 801 2115; x_wconf 69' lang='grc' dir='ltr'><strong>[ιεχὶεο</strong></span> <span class='ocrx_word' id='word_1_658' title='bbox 810 2090 876 2116; x_wconf 82' lang='lat' dir='ltr'><strong>alias</strong></span> 
     </span>
    </p>
   </div>
   <div class='ocr_carea' id='block_1_61' title="bbox 87 2121 876 2158">
    <p class='ocr_par' dir='ltr' id='par_1_61' title="bbox 87 2121 876 2158">
     <span class='ocr_line' id='line_1_61' title="bbox 87 2121 876 2158; baseline 0.001 -9"><span class='ocrx_word' id='word_1_659' title='bbox 87 2130 102 2149; x_wconf 91' lang='lat' dir='ltr'><strong>a</strong></span> <span class='ocrx_word' id='word_1_660' title='bbox 125 2128 177 2158; x_wconf 80' lang='lat' dir='ltr'><strong>me</strong></span> <span class='ocrx_word' id='word_1_661' title='bbox 192 2121 274 2148; x_wconf 81' lang='lat' dir='ltr'><strong>citato</strong></span> <span class='ocrx_word' id='word_1_662' title='bbox 295 2122 344 2158; x_wconf 6' lang='lat' dir='ltr'><strong>sic,</strong></span> <span class='ocrx_word' id='word_1_663' title='bbox 360 2123 503 2156; x_wconf 65' lang='lat' dir='ltr'><strong>exponitur</strong></span> <span class='ocrx_word' id='word_1_664' title='bbox 524 2132 531 2148; x_wconf 86' lang='lat'><strong>:</strong></span> <span class='ocrx_word' id='word_1_665' title='bbox 555 2121 876 2158; x_wconf 47' lang='grc' dir='ltr'>ὡταμφιάσαντεςβπο-</span> 
     </span>
    </p>
   </div>
   <div class='ocr_carea' id='block_1_62' title="bbox 106 2155 876 2191">
    <p class='ocr_par' dir='ltr' id='par_1_62' title="bbox 106 2155 876 2191">
     <span class='ocr_line' id='line_1_62' title="bbox 106 2155 876 2191; baseline 0.005 -9"><span class='ocrx_word' id='word_1_666' title='bbox 106 2155 295 2191; x_wconf 76' lang='grc' dir='ltr'><strong>υμνώσαντες·</strong></span> <span class='ocrx_word' id='word_1_667' title='bbox 325 2155 458 2190; x_wconf 87' lang='lat' dir='ltr'><strong>similique</strong></span> <span class='ocrx_word' id='word_1_668' title='bbox 484 2158 586 2184; x_wconf 86' lang='lat' dir='ltr'><strong>ratione</strong></span> <span class='ocrx_word' id='word_1_669' title='bbox 610 2155 761 2185; x_wconf 50' lang='lat' dir='ltr'><strong>i&#39;n&#39;Patt&#39;icii</strong></span> <span class='ocrx_word' id='word_1_670' title='bbox 778 2159 876 2186; x_wconf 78' lang='lat' dir='ltr'><strong>Lexico</strong></span> 
     </span>
    </p>
   </div>
   <div class='ocr_carea' id='block_1_63' title="bbox 84 2166 877 2227">
    <p class='ocr_par' dir='ltr' id='par_1_63' title="bbox 84 2166 877 2227">
     <span class='ocr_line' id='line_1_63' title="bbox 106 2166 876 2191; baseline 0.005 -9"><span class='ocrx_word' id='word_1_671' title='bbox 106 2166 295 2191; x_wconf 73' lang='grc' dir='ltr'><strong>υμνωσαντες·</strong></span> <span class='ocrx_word' id='word_1_672' title='bbox 325 2166 458 2190; x_wconf 86' lang='lat' dir='ltr'><strong>suntuque</strong></span> <span class='ocrx_word' id='word_1_673' title='bbox 484 2166 586 2184; x_wconf 85' lang='lat' dir='ltr'><strong>ratione</strong></span> <span class='ocrx_word' id='word_1_674' title='bbox 610 2167 635 2184; x_wconf 94' lang='grc' dir='ltr'><strong>ιιι</strong></span> <span class='ocrx_word' id='word_1_675' title='bbox 654 2166 761 2185; x_wconf 81' lang='lat' dir='ltr'><strong>t&#39;atrtctt</strong></span> <span class='ocrx_word' id='word_1_676' title='bbox 778 2166 876 2186; x_wconf 75' lang='lat' dir='ltr'><strong>LCXICO</strong></span> 
     </span>
     <span class='ocr_line' id='line_1_64' title="bbox 84 2166 877 2227; baseline 0.001 -8"><span class='ocrx_word' id='word_1_677' title='bbox 84 2166 185 2219; x_wconf 65' lang='lat' dir='ltr'><strong>Latine</strong></span> <span class='ocrx_word' id='word_1_678' title='bbox 201 2191 324 2227; x_wconf 69' lang='lat' dir='ltr'><strong>vertitur.</strong></span> <span class='ocrx_word' id='word_1_679' title='bbox 346 2191 438 2226; x_wconf 86' lang='lat' dir='ltr'><strong>Itaque</strong></span> <span class='ocrx_word' id='word_1_680' title='bbox 463 2194 532 2219; x_wconf 88' lang='lat' dir='ltr'><strong>sicut</strong></span> <span class='ocrx_word' id='word_1_681' title='bbox 560 2193 707 2227; x_wconf 71' lang='lat' dir='ltr'><strong>Sophocles</strong></span> <span class='ocrx_word' id='word_1_682' title='bbox 736 2194 812 2224; x_wconf 67' lang='lat' dir='ltr'><strong>dixit,</strong></span> <span class='ocrx_word' id='word_1_683' title='bbox 830 2195 877 2220; x_wconf 77' lang='grc' dir='ltr'><strong>ἐπ-</strong></span> 
     </span>
    </p>
   </div>
   <div class='ocr_carea' id='block_1_64' title="bbox 83 2226 876 2263">
    <p class='ocr_par' dir='ltr' id='par_1_64' title="bbox 83 2226 876 2263">
     <span class='ocr_line' id='line_1_65' title="bbox 83 2226 876 2263; baseline 0.004 -12"><span class='ocrx_word' id='word_1_684' title='bbox 83 2226 284 2263; x_wconf 67' lang='grc' dir='ltr'>ημιριεσμένος,</span> <span class='ocrx_word' id='word_1_685' title='bbox 302 2227 336 2253; x_wconf 87' lang='lat' dir='ltr'><strong>ita</strong></span> <span class='ocrx_word' id='word_1_686' title='bbox 351 2235 365 2263; x_wconf 86' lang='lat' dir='ltr'><strong>e</strong></span> <span class='ocrx_word' id='word_1_687' title='bbox 380 2229 518 2254; x_wconf 85' lang='lat' dir='ltr'><strong>contrario</strong></span> <span class='ocrx_word' id='word_1_688' title='bbox 535 2226 660 2263; x_wconf 77' lang='lat' dir='ltr'><strong>Didyinus</strong></span> <span class='ocrx_word' id='word_1_689' title='bbox 676 2236 726 2255; x_wconf 86' lang='lat' dir='ltr'><strong>non</strong></span> <span class='ocrx_word' id='word_1_690' title='bbox 740 2229 876 2263; x_wconf 73' lang='lat' dir='ltr'><strong>inelegan-</strong></span> 
     </span>
    </p>
   </div>
   <div class='ocr_carea' id='block_1_65' title="bbox 85 2261 875 2299">
    <p class='ocr_par' dir='ltr' id='par_1_65' title="bbox 85 2261 875 2299">
     <span class='ocr_line' id='line_1_66' title="bbox 85 2261 875 2299; baseline 0.001 -10"><span class='ocrx_word' id='word_1_691' title='bbox 85 2261 131 2289; x_wconf 72' lang='lat' dir='ltr'><strong>ter</strong></span> <span class='ocrx_word' id='word_1_692' title='bbox 147 2261 465 2299; x_wconf 61' lang='lat' dir='ltr'><strong>dixit,_&lt;_&#39;1.aatp.t§tévvuotv,</strong></span> <span class='ocrx_word' id='word_1_693' title='bbox 480 2263 520 2290; x_wconf 76' lang='lat' dir='ltr'><strong>vel</strong></span> <span class='ocrx_word' id='word_1_694' title='bbox 533 2261 633 2298; x_wconf 72' lang='lat' dir='ltr'><strong>potius,</strong></span> <span class='ocrx_word' id='word_1_695' title='bbox 644 2261 875 2299; x_wconf 71' lang='grc' dir='ltr'>ἁπαμφιεννῑῖσιν,</span> 
     </span>
    </p>
   </div>
   <div class='ocr_carea' id='block_1_66' title="bbox 88 2297 446 2324">
    <p class='ocr_par' dir='ltr' id='par_1_66' title="bbox 88 2297 446 2324">
     <span class='ocr_line' id='line_1_67' title="bbox 88 2297 446 2324; baseline -0.003 0"><span class='ocrx_word' id='word_1_696' title='bbox 88 2304 173 2324; x_wconf 85' lang='lat' dir='ltr'><strong>sensu</strong></span> <span class='ocrx_word' id='word_1_697' title='bbox 189 2297 292 2324; x_wconf 77' lang='lat' dir='ltr'><strong>scilicet</strong></span> <span class='ocrx_word' id='word_1_698' title='bbox 307 2297 446 2324; x_wconf 75' lang='lat' dir='ltr'><strong>translato.</strong></span> 
     </span>
    </p>
   </div>
   <div class='ocr_carea' id='block_1_67' title="bbox 125 2331 873 2366">
    <p class='ocr_par' dir='ltr' id='par_1_67' title="bbox 125 2331 873 2366">
     <span class='ocr_line' id='line_1_68' title="bbox 125 2331 873 2366; baseline 0.004 -9"><span class='ocrx_word' id='word_1_699' title='bbox 125 2331 181 2366; x_wconf 83' lang='grc'><strong>(58)</strong></span> <span class='ocrx_word' id='word_1_700' title='bbox 202 2331 310 2359; x_wconf 66' lang='lat' dir='ltr'><strong>Dividit.</strong></span> <span class='ocrx_word' id='word_1_701' title='bbox 329 2333 383 2359; x_wconf 83' lang='lat' dir='ltr'><strong>Cur</strong></span> <span class='ocrx_word' id='word_1_702' title='bbox 404 2333 447 2359; x_wconf 85' lang='lat' dir='ltr'><strong>hic</strong></span> <span class='ocrx_word' id='word_1_703' title='bbox 465 2340 516 2359; x_wconf 87' lang='lat' dir='ltr'><strong>non</strong></span> <span class='ocrx_word' id='word_1_704' title='bbox 541 2332 628 2366; x_wconf 79' lang='lat' dir='ltr'><strong>legit:</strong></span> <span class='ocrx_word' id='word_1_705' title='bbox 657 2342 666 2359; x_wconf 86' lang='grc' dir='ltr'><strong>ι</strong></span> <span class='ocrx_word' id='word_1_706' title='bbox 695 2334 837 2362; x_wconf 85' lang='lat' dir='ltr'><strong>Dividens?</strong></span> <span class='ocrx_word' id='word_1_707' title='bbox 864 2344 873 2360; x_wconf 71' lang='grc' dir='ltr'><strong>ι</strong></span> 
     </span>
    </p>
   </div>
   <div class='ocr_carea' id='block_1_68' title="bbox 85 2367 627 2401">
    <p class='ocr_par' dir='ltr' id='par_1_68' title="bbox 85 2367 627 2401">
     <span class='ocr_line' id='line_1_69' title="bbox 85 2367 627 2401; baseline 0 -7"><span class='ocrx_word' id='word_1_708' title='bbox 85 2367 129 2394; x_wconf 82' lang='lat' dir='ltr'><strong>An</strong></span> <span class='ocrx_word' id='word_1_709' title='bbox 143 2368 216 2401; x_wconf 76' lang='lat' dir='ltr'><strong>deest</strong></span> <span class='ocrx_word' id='word_1_710' title='bbox 230 2367 330 2400; x_wconf 84' lang='lat' dir='ltr'><strong>aliquid</strong></span> <span class='ocrx_word' id='word_1_711' title='bbox 343 2372 402 2401; x_wconf 83' lang='lat' dir='ltr'><strong>post</strong></span> <span class='ocrx_word' id='word_1_712' title='bbox 413 2375 504 2394; x_wconf 62' lang='lat' dir='ltr'><strong>vocrnt</strong></span> <span class='ocrx_word' id='word_1_713' title='bbox 519 2367 627 2399; x_wconf 66' lang='grc' dir='ltr'>λέξειςῗ</span> 
     </span>
    </p>
   </div>
   <div class='ocr_carea' id='block_1_69' title="bbox 124 2400 685 2437">
    <p class='ocr_par' dir='ltr' id='par_1_69' title="bbox 124 2400 685 2437">
     <span class='ocr_line' id='line_1_70' title="bbox 124 2400 685 2437; baseline 0.005 -10"><span class='ocrx_word' id='word_1_714' title='bbox 124 2400 183 2437; x_wconf 75' lang='grc'><strong>(59)</strong></span> <span class='ocrx_word' id='word_1_715' title='bbox 205 2400 348 2437; x_wconf 60' lang='lat' dir='ltr'><strong>Prodigiis.</strong></span> <span class='ocrx_word' id='word_1_716' title='bbox 359 2402 401 2437; x_wconf 17' lang='lat' dir='ltr'><strong>Vlix</strong></span> <span class='ocrx_word' id='word_1_717' title='bbox 415 2410 458 2437; x_wconf 80' lang='lat' dir='ltr'><strong>ep.</strong></span> <span class='ocrx_word' id='word_1_718' title='bbox 472 2404 504 2430; x_wconf 87' lang='lat' dir='ltr'><strong>ad</strong></span> <span class='ocrx_word' id='word_1_719' title='bbox 517 2404 599 2430; x_wconf 88' lang='lat' dir='ltr'><strong>llebr.</strong></span> <span class='ocrx_word' id='word_1_720' title='bbox 615 2412 644 2436; x_wconf 90' lang='lat' dir='ltr'><strong>tt,</strong></span> <span class='ocrx_word' id='word_1_721' title='bbox 658 2404 685 2430; x_wconf 76' lang='grc' dir='ltr'><strong>ιί.</strong></span> 
     </span>
    </p>
   </div>
   <div class='ocr_carea' id='block_1_70' title="bbox 123 2436 729 2472">
    <p class='ocr_par' dir='ltr' id='par_1_70' title="bbox 123 2436 729 2472">
     <span class='ocr_line' id='line_1_71' title="bbox 123 2436 729 2472; baseline 0.007 -10"><span class='ocrx_word' id='word_1_722' title='bbox 123 2436 180 2471; x_wconf 81' lang='lat' dir='ltr'><strong>(GU)</strong></span> <span class='ocrx_word' id='word_1_723' title='bbox 201 2436 326 2471; x_wconf 76' lang='lat' dir='ltr'><strong>Spiritus.</strong></span> <span class='ocrx_word' id='word_1_724' title='bbox 345 2436 410 2464; x_wconf 79' lang='lat' dir='ltr'><strong>Vide</strong></span> <span class='ocrx_word' id='word_1_725' title='bbox 428 2436 485 2464; x_wconf 81' lang='lat' dir='ltr'><strong>not.</strong></span> <span class='ocrx_word' id='word_1_726' title='bbox 504 2440 537 2465; x_wconf 90' lang='lat' dir='ltr'><strong>ad</strong></span> <span class='ocrx_word' id='word_1_727' title='bbox 551 2446 635 2472; x_wconf 76' lang='lat' dir='ltr'><strong>segni.</strong></span> <span class='ocrx_word' id='word_1_728' title='bbox 658 2440 691 2465; x_wconf 75' lang='grc'><strong>60</strong></span> <span class='ocrx_word' id='word_1_729' title='bbox 705 2440 729 2467; x_wconf 72' lang='lat' dir='ltr'><strong>lt.</strong></span> 
     </span>
    </p>
   </div>
   <div class='ocr_carea' id='block_1_71' title="bbox 125 2472 876 2521">
    <p class='ocr_par' dir='ltr' id='par_1_71' title="bbox 125 2472 876 2521">
     <span class='ocr_line' id='line_1_72' title="bbox 125 2472 876 2521; baseline 0.005 -24"><span class='ocrx_word' id='word_1_730' title='bbox 125 2472 182 2521; x_wconf 60' lang='lat'><strong>(9|)</strong></span> <span class='ocrx_word' id='word_1_731' title='bbox 205 2472 402 2521; x_wconf 44' lang='grc' dir='ltr'><strong>μιαν-ατί.ᾇὶωᾶ</strong></span> <span class='ocrx_word' id='word_1_732' title='bbox 412 2480 520 2500; x_wconf 80' lang='lat' dir='ltr'><strong>sensum</strong></span> <span class='ocrx_word' id='word_1_733' title='bbox 540 2482 547 2500; x_wconf 82' lang='lat'><strong>:</strong></span> <span class='ocrx_word' id='word_1_734' title='bbox 573 2481 669 2508; x_wconf 85' lang='lat' dir='ltr'><strong>nempe</strong></span> <span class='ocrx_word' id='word_1_735' title='bbox 685 2482 718 2501; x_wconf 85' lang='lat' dir='ltr'><strong>ex</strong></span> <span class='ocrx_word' id='word_1_736' title='bbox 737 2474 876 2502; x_wconf 74' lang='lat' dir='ltr'><strong>versiculis</strong></span> 
     </span>
     <span class='ocr_line' id='line_1_73' title="bbox 143 2508 514 2521; baseline 0 0"><span class='ocrx_word' id='word_1_737' title='bbox 143 2518 149 2521; x_wconf 45' lang='grc' dir='ltr'>μ</span> <span class='ocrx_word' id='word_1_738' title='bbox 163 2512 186 2521; x_wconf 83' lang='grc' dir='ltr'><strong>..ι</strong></span> <span class='ocrx_word' id='word_1_739' title='bbox 249 2508 342 2521; x_wconf 55' lang='lat' dir='ltr'><strong>nux-\nl:.~</strong></span> <span class='ocrx_word' id='word_1_740' title='bbox 358 2515 371 2521; x_wconf 79' lang='lat' dir='ltr'><strong>u</strong></span> <span class='ocrx_word' id='word_1_741' title='bbox 411 2512 514 2521; x_wconf 59' lang='grc' dir='ltr'><strong>ηιμ-...ι-</strong></span> 
     </span>
    </p>
   </div>
   <div class='ocr_carea' id='block_1_72' title="bbox 84 2507 526 2542">
    <p class='ocr_par' dir='ltr' id='par_1_72' title="bbox 84 2507 526 2542">
     <span class='ocr_line' id='line_1_74' title="bbox 84 2507 526 2542; baseline 0 -7"><span class='ocrx_word' id='word_1_742' title='bbox 84 2507 116 2540; x_wconf 81' lang='lat'><strong>9.</strong></span> <span class='ocrx_word' id='word_1_743' title='bbox 133 2507 150 2533; x_wconf 79' lang='lat'><strong>5</strong></span> <span class='ocrx_word' id='word_1_744' title='bbox 163 2512 189 2533; x_wconf 78' lang='lat' dir='ltr'><strong>et</strong></span> <span class='ocrx_word' id='word_1_745' title='bbox 203 2507 227 2537; x_wconf 68' lang='grc'><strong>4.</strong></span> <span class='ocrx_word' id='word_1_746' title='bbox 248 2508 344 2542; x_wconf 83' lang='lat' dir='ltr'><strong>capitis</strong></span> <span class='ocrx_word' id='word_1_747' title='bbox 358 2515 375 2542; x_wconf 14' lang='lat' dir='ltr'><strong>vi</strong></span> <span class='ocrx_word' id='word_1_748' title='bbox 386 2507 526 2535; x_wconf 80' lang='lat' dir='ltr'><strong>Actorum.</strong></span> 
     </span>
    </p>
   </div>
   <div class='ocr_carea' id='block_1_73' title="bbox 125 2541 876 2579">
    <p class='ocr_par' dir='ltr' id='par_1_73' title="bbox 125 2541 876 2579">
     <span class='ocr_line' id='line_1_75' title="bbox 125 2541 876 2579; baseline 0.003 -11"><span class='ocrx_word' id='word_1_749' title='bbox 125 2541 183 2576; x_wconf 69' lang='grc' dir='ltr'><strong>(ϋῖ)</strong></span> <span class='ocrx_word' id='word_1_750' title='bbox 205 2541 346 2579; x_wconf 61' lang='lat' dir='ltr'><strong>Opuséulo,</strong></span> <span class='ocrx_word' id='word_1_751' title='bbox 362 2541 472 2574; x_wconf 62' lang='lat' dir='ltr'><strong>Graece,</strong></span> <span class='ocrx_word' id='word_1_752' title='bbox 490 2543 667 2579; x_wconf 82' lang='grc' dir='ltr'>πονηματίῳ·</span> <span class='ocrx_word' id='word_1_753' title='bbox 686 2551 745 2578; x_wconf 74' lang='lat' dir='ltr'><strong>qua:</strong></span> <span class='ocrx_word' id='word_1_754' title='bbox 763 2552 813 2570; x_wconf 77' lang='lat' dir='ltr'><strong>vox</strong></span> <span class='ocrx_word' id='word_1_755' title='bbox 830 2552 876 2571; x_wconf 87' lang='lat' dir='ltr'><strong>eo-</strong></span> 
     </span>
    </p>
   </div>
   <div class='ocr_carea' id='block_1_74' title="bbox 84 2577 875 2638">
    <p class='ocr_par' dir='ltr' id='par_1_74' title="bbox 84 2577 875 2638">
     <span class='ocr_line' id='line_1_76' title="bbox 84 2577 875 2638; baseline 0.004 -35"><span class='ocrx_word' id='word_1_756' title='bbox 84 2577 266 2638; x_wconf 53' lang='grc' dir='ltr'><strong>4ῇὲιειι</strong></span> <span class='ocrx_word' id='word_1_757' title='bbox 295 2577 392 2613; x_wconf 71' lang='lat' dir='ltr'><strong>legitur</strong></span> <span class='ocrx_word' id='word_1_758' title='bbox 425 2580 494 2612; x_wconf 83' lang='lat' dir='ltr'><strong>apud</strong></span> <span class='ocrx_word' id='word_1_759' title='bbox 529 2577 718 2611; x_wconf 71' lang='lat' dir='ltr'><strong>Athanasium,</strong></span> <span class='ocrx_word' id='word_1_760' title='bbox 744 2585 809 2606; x_wconf 87' lang='lat' dir='ltr'><strong>tom.</strong></span> <span class='ocrx_word' id='word_1_761' title='bbox 843 2580 875 2610; x_wconf 85' lang='lat' dir='ltr'><strong>ll,</strong></span> 
     </span>
    </p>
   </div>
   <div class='ocr_carea' id='block_1_75' title="bbox 96 2620 229 2645">
    <p class='ocr_par' dir='ltr' id='par_1_75' title="bbox 96 2620 229 2645">
     <span class='ocr_line' id='line_1_77' title="bbox 96 2620 229 2645; baseline 0.008 -8"><span class='ocrx_word' id='word_1_762' title='bbox 96 2620 152 2645; x_wconf 74' lang='lat' dir='ltr'><strong>mg.</strong></span> <span class='ocrx_word' id='word_1_763' title='bbox 167 2620 229 2638; x_wconf 60' lang='grc' dir='ltr'><strong>απυδ.</strong></span> 
     </span>
    </p>
   </div>
   <div class='ocr_carea' id='block_1_76' title="bbox 86 2621 790 2687">
    <p class='ocr_par' dir='ltr' id='par_1_76' title="bbox 86 2621 790 2687">
     <span class='ocr_line' id='line_1_78' title="bbox 86 2621 790 2687; baseline 0.004 -14"><span class='ocrx_word' id='word_1_764' title='bbox 86 2621 239 2687; x_wconf 44' lang='grc' dir='ltr'><strong>νῑιῖέὸῗύἣ</strong></span> <span class='ocrx_word' id='word_1_765' title='bbox 263 2651 340 2674; x_wconf 75' lang='lat' dir='ltr'><strong>velut.</strong></span> <span class='ocrx_word' id='word_1_766' title='bbox 355 2647 423 2675; x_wconf 89' lang='lat' dir='ltr'><strong>Cod.</strong></span> <span class='ocrx_word' id='word_1_767' title='bbox 445 2648 584 2675; x_wconf 76' lang='grc' dir='ltr'>ἀποκλείει</span> <span class='ocrx_word' id='word_1_768' title='bbox 597 2657 647 2675; x_wconf 87' lang='grc' dir='ltr'>σοι.</span> <span class='ocrx_word' id='word_1_769' title='bbox 671 2648 760 2676; x_wconf 83' lang='lat' dir='ltr'><strong>Malim</strong></span> <span class='ocrx_word' id='word_1_770' title='bbox 782 2658 790 2676; x_wconf 91' lang='lat'><strong>:</strong></span> 
     </span>
    </p>
   </div>
   <div class='ocr_carea' id='block_1_77' title="bbox 85 2687 232 2709">
    <p class='ocr_par' dir='ltr' id='par_1_77' title="bbox 85 2687 232 2709">
     <span class='ocr_line' id='line_1_79' title="bbox 85 2687 232 2709; baseline -0.007 0"><span class='ocrx_word' id='word_1_771' title='bbox 85 2687 176 2709; x_wconf 81' lang='grc' dir='ltr'>κ).ειει</span> <span class='ocrx_word' id='word_1_772' title='bbox 192 2691 232 2708; x_wconf 85' lang='grc' dir='ltr'><strong>σε.</strong></span> 
     </span>
    </p>
   </div>
   <div class='ocr_carea' id='block_1_78' title="bbox 127 2716 873 2753">
    <p class='ocr_par' dir='ltr' id='par_1_78' title="bbox 127 2716 873 2753">
     <span class='ocr_line' id='line_1_80' title="bbox 127 2716 873 2753; baseline 0.004 -11"><span class='ocrx_word' id='word_1_773' title='bbox 127 2717 185 2752; x_wconf 72' lang='grc'><strong>(64)</strong></span> <span class='ocrx_word' id='word_1_774' title='bbox 203 2716 334 2753; x_wconf 68' lang='lat' dir='ltr'><strong>Processit</strong></span> <span class='ocrx_word' id='word_1_775' title='bbox 352 2721 457 2744; x_wconf 82' lang='lat' dir='ltr'><strong>natura.</strong></span> <span class='ocrx_word' id='word_1_776' title='bbox 475 2718 501 2744; x_wconf 84' lang='grc' dir='ltr'><strong>ΙιΙ</strong></span> <span class='ocrx_word' id='word_1_777' title='bbox 522 2719 655 2752; x_wconf 85' lang='lat' dir='ltr'><strong>quomodo</strong></span> <span class='ocrx_word' id='word_1_778' title='bbox 671 2717 873 2753; x_wconf 76' lang='lat' dir='ltr'><strong>intelligendum</strong></span> 
     </span>
    </p>
   </div>
   <div class='ocr_carea' id='block_1_79' title="bbox 86 2752 876 2786">
    <p class='ocr_par' dir='ltr' id='par_1_79' title="bbox 86 2752 876 2786">
     <span class='ocr_line' id='line_1_81' title="bbox 86 2752 876 2786; baseline -0.001 -6"><span class='ocrx_word' id='word_1_779' title='bbox 86 2752 137 2782; x_wconf 84' lang='lat' dir='ltr'><strong>sit,</strong></span> <span class='ocrx_word' id='word_1_780' title='bbox 156 2752 243 2778; x_wconf 81' lang='lat' dir='ltr'><strong>nullus</strong></span> <span class='ocrx_word' id='word_1_781' title='bbox 263 2753 369 2786; x_wconf 76' lang='lat' dir='ltr'><strong>ignorat</strong></span> <span class='ocrx_word' id='word_1_782' title='bbox 388 2753 537 2786; x_wconf 82' lang='lat' dir='ltr'><strong>theologus.</strong></span> <span class='ocrx_word' id='word_1_783' title='bbox 564 2753 649 2779; x_wconf 85' lang='lat' dir='ltr'><strong>Simili</strong></span> <span class='ocrx_word' id='word_1_784' title='bbox 668 2753 747 2780; x_wconf 84' lang='lat' dir='ltr'><strong>modo</strong></span> <span class='ocrx_word' id='word_1_785' title='bbox 761 2752 876 2781; x_wconf 66' lang='lat' dir='ltr'><strong>Ambro-</strong></span> 
     </span>
    </p>
   </div>
   <div class='ocr_carea' id='block_1_80' title="bbox 87 2787 878 2821">
    <p class='ocr_par' dir='ltr' id='par_1_80' title="bbox 87 2787 878 2821">
     <span class='ocr_line' id='line_1_82' title="bbox 87 2787 878 2821; baseline 0.001 -7"><span class='ocrx_word' id='word_1_786' title='bbox 87 2788 150 2814; x_wconf 77' lang='lat' dir='ltr'><strong>sius</strong></span> <span class='ocrx_word' id='word_1_787' title='bbox 165 2788 209 2814; x_wconf 90' lang='lat' dir='ltr'><strong>lib.</strong></span> <span class='ocrx_word' id='word_1_788' title='bbox 228 2795 252 2813; x_wconf 90' lang='lat' dir='ltr'><strong>tv</strong></span> <span class='ocrx_word' id='word_1_789' title='bbox 272 2789 307 2813; x_wconf 87' lang='lat' dir='ltr'><strong>Ue</strong></span> <span class='ocrx_word' id='word_1_790' title='bbox 326 2787 389 2820; x_wconf 76' lang='lat' dir='ltr'><strong>ﬁde,</strong></span> <span class='ocrx_word' id='word_1_791' title='bbox 404 2795 464 2821; x_wconf 86' lang='lat' dir='ltr'><strong>cap.</strong></span> <span class='ocrx_word' id='word_1_792' title='bbox 482 2789 508 2819; x_wconf 84' lang='lat'><strong>8,</strong></span> <span class='ocrx_word' id='word_1_793' title='bbox 528 2788 645 2814; x_wconf 82' lang='lat' dir='ltr'><strong>divinant</strong></span> <span class='ocrx_word' id='word_1_794' title='bbox 662 2793 785 2815; x_wconf 87' lang='lat' dir='ltr'><strong>naturam</strong></span> <span class='ocrx_word' id='word_1_795' title='bbox 804 2790 878 2815; x_wconf 84' lang='lat' dir='ltr'><strong>rela--</strong></span> 
     </span>
    </p>
   </div>
   <div class='ocr_carea' id='block_1_81' title="bbox 88 2822 871 2858">
    <p class='ocr_par' dir='ltr' id='par_1_81' title="bbox 88 2822 871 2858">
     <span class='ocr_line' id='line_1_83' title="bbox 88 2822 871 2858; baseline 0 -8"><span class='ocrx_word' id='word_1_796' title='bbox 88 2822 146 2850; x_wconf 86' lang='lat' dir='ltr'><strong>tive</strong></span> <span class='ocrx_word' id='word_1_797' title='bbox 163 2829 306 2857; x_wconf 53' lang='lat' dir='ltr'><strong>spectans,</strong></span> <span class='ocrx_word' id='word_1_798' title='bbox 325 2827 460 2857; x_wconf 74' lang='lat' dir='ltr'><strong>quatenus</strong></span> <span class='ocrx_word' id='word_1_799' title='bbox 481 2823 586 2851; x_wconf 76' lang='lat' dir='ltr'><strong>scilicet</strong></span> <span class='ocrx_word' id='word_1_800' title='bbox 602 2824 626 2850; x_wconf 92' lang='lat' dir='ltr'><strong>iu</strong></span> <span class='ocrx_word' id='word_1_801' title='bbox 651 2822 730 2851; x_wconf 76' lang='lat' dir='ltr'><strong>Patre</strong></span> <span class='ocrx_word' id='word_1_802' title='bbox 754 2823 871 2858; x_wconf 71' lang='lat' dir='ltr'><strong>exsistit,</strong></span> 
     </span>
    </p>
   </div>
   <div class='ocr_carea' id='block_1_82' title="bbox 812 2649 879 2676">
    <p class='ocr_par' dir='ltr' id='par_1_82' title="bbox 812 2649 879 2676">
     <span class='ocr_line' id='line_1_84' title="bbox 812 2649 879 2676; baseline 0 0"><span class='ocrx_word' id='word_1_803' title='bbox 812 2649 879 2676; x_wconf 85' lang='grc' dir='ltr'>ἀπο-</span> 
     </span>
    </p>
   </div>
   <div class='ocr_carea' id='block_1_83' title="bbox 928 1947 1710 1982">
    <p class='ocr_par' dir='ltr' id='par_1_83' title="bbox 928 1947 1710 1982">
     <span class='ocr_line' id='line_1_85' title="bbox 928 1947 1710 1982; baseline -0.001 -6"><span class='ocrx_word' id='word_1_804' title='bbox 928 1957 980 1976; x_wconf 89' lang='lat' dir='ltr'><strong>non</strong></span> <span class='ocrx_word' id='word_1_805' title='bbox 996 1949 1028 1976; x_wconf 93' lang='lat' dir='ltr'><strong>ad</strong></span> <span class='ocrx_word' id='word_1_806' title='bbox 1048 1947 1239 1976; x_wconf 79' lang='lat' dir='ltr'><strong>sublimitatem</strong></span> <span class='ocrx_word' id='word_1_807' title='bbox 1257 1948 1394 1982; x_wconf 70' lang='lat' dir='ltr'><strong>potentiae,</strong></span> <span class='ocrx_word' id='word_1_808' title='bbox 1409 1947 1455 1975; x_wconf 88' lang='lat' dir='ltr'><strong>sed</strong></span> <span class='ocrx_word' id='word_1_809' title='bbox 1474 1949 1506 1974; x_wconf 87' lang='lat' dir='ltr'><strong>ad</strong></span> <span class='ocrx_word' id='word_1_810' title='bbox 1519 1948 1710 1982; x_wconf 86' lang='lat' dir='ltr'><strong>proprietatem</strong></span> 
     </span>
    </p>
   </div>
   <div class='ocr_carea' id='block_1_84' title="bbox 927 1982 1710 2018">
    <p class='ocr_par' dir='ltr' id='par_1_84' title="bbox 927 1982 1710 2018">
     <span class='ocr_line' id='line_1_86' title="bbox 927 1982 1710 2018; baseline 0 -8"><span class='ocrx_word' id='word_1_811' title='bbox 927 1985 1043 2011; x_wconf 78' lang='lat' dir='ltr'><strong>refertur</strong></span> <span class='ocrx_word' id='word_1_812' title='bbox 1066 1989 1178 2010; x_wconf 58' lang='lat' dir='ltr'><strong>naturae.</strong></span> <span class='ocrx_word' id='word_1_813' title='bbox 1204 1992 1214 2008; x_wconf 82' lang='grc'><strong>›</strong></span> <span class='ocrx_word' id='word_1_814' title='bbox 1232 1982 1391 2017; x_wconf 85' lang='lat' dir='ltr'><strong>Quanquam</strong></span> <span class='ocrx_word' id='word_1_815' title='bbox 1424 1991 1520 2018; x_wconf 84' lang='lat' dir='ltr'><strong>nomen</strong></span> <span class='ocrx_word' id='word_1_816' title='bbox 1539 1982 1619 2016; x_wconf 76' lang='grc' dir='ltr'><strong>φύσις</strong></span> <span class='ocrx_word' id='word_1_817' title='bbox 1641 1984 1710 2018; x_wconf 86' lang='lat' dir='ltr'><strong>apud</strong></span> 
     </span>
    </p>
   </div>
   <div class='ocr_carea' id='block_1_85' title="bbox 926 2017 1709 2050">
    <p class='ocr_par' dir='ltr' id='par_1_85' title="bbox 926 2017 1709 2050">
     <span class='ocr_line' id='line_1_87' title="bbox 926 2017 1709 2050; baseline -0.003 -4"><span class='ocrx_word' id='word_1_818' title='bbox 926 2019 1035 2046; x_wconf 81' lang='lat' dir='ltr'><strong>Graecos</strong></span> <span class='ocrx_word' id='word_1_819' title='bbox 1053 2018 1146 2045; x_wconf 82' lang='lat' dir='ltr'><strong>Patres</strong></span> <span class='ocrx_word' id='word_1_820' title='bbox 1162 2026 1212 2045; x_wconf 92' lang='lat' dir='ltr'><strong>non</strong></span> <span class='ocrx_word' id='word_1_821' title='bbox 1233 2027 1242 2044; x_wconf 78' lang='grc' dir='ltr'><strong>ι</strong></span> <span class='ocrx_word' id='word_1_822' title='bbox 1261 2022 1384 2044; x_wconf 81' lang='lat' dir='ltr'><strong>naturam</strong></span> <span class='ocrx_word' id='word_1_823' title='bbox 1402 2026 1411 2043; x_wconf 80' lang='grc' dir='ltr'><strong>ι</strong></span> <span class='ocrx_word' id='word_1_824' title='bbox 1430 2017 1576 2050; x_wconf 73' lang='lat' dir='ltr'><strong>aliquando</strong></span> <span class='ocrx_word' id='word_1_825' title='bbox 1591 2017 1709 2050; x_wconf 83' lang='lat' dir='ltr'><strong>denotat,</strong></span> 
     </span>
    </p>
   </div>
   <div class='ocr_carea' id='block_1_86' title="bbox 926 2052 1712 2087">
    <p class='ocr_par' dir='ltr' id='par_1_86' title="bbox 926 2052 1712 2087">
     <span class='ocr_line' id='line_1_88' title="bbox 926 2052 1712 2087; baseline -0.001 -6"><span class='ocrx_word' id='word_1_826' title='bbox 926 2054 973 2081; x_wconf 86' lang='lat' dir='ltr'><strong>sed</strong></span> <span class='ocrx_word' id='word_1_827' title='bbox 1004 2062 1013 2079; x_wconf 83' lang='grc' dir='ltr'>ι</span> <span class='ocrx_word' id='word_1_828' title='bbox 1041 2061 1183 2087; x_wconf 84' lang='lat' dir='ltr'><strong>personant</strong></span> <span class='ocrx_word' id='word_1_829' title='bbox 1213 2062 1220 2079; x_wconf 92' lang='lat'><strong>:</strong></span> <span class='ocrx_word' id='word_1_830' title='bbox 1251 2062 1260 2079; x_wconf 89' lang='grc'><strong>›</strong></span> <span class='ocrx_word' id='word_1_831' title='bbox 1283 2057 1311 2079; x_wconf 84' lang='grc' dir='ltr'>ιιι</span> <span class='ocrx_word' id='word_1_832' title='bbox 1334 2060 1394 2080; x_wconf 91' lang='lat' dir='ltr'><strong>cum</strong></span> <span class='ocrx_word' id='word_1_833' title='bbox 1417 2052 1446 2079; x_wconf 89' lang='lat' dir='ltr'><strong>S.</strong></span> <span class='ocrx_word' id='word_1_834' title='bbox 1466 2053 1662 2080; x_wconf 84' lang='lat' dir='ltr'><strong>Alexandrinus</strong></span> <span class='ocrx_word' id='word_1_835' title='bbox 1686 2054 1712 2080; x_wconf 92' lang='lat' dir='ltr'><strong>in</strong></span> 
     </span>
    </p>
   </div>
   <div class='ocr_carea' id='block_1_87' title="bbox 928 2087 1713 2123">
    <p class='ocr_par' dir='ltr' id='par_1_87' title="bbox 928 2087 1713 2123">
     <span class='ocr_line' id='line_1_89' title="bbox 928 2087 1713 2123; baseline -0.001 -8"><span class='ocrx_word' id='word_1_836' title='bbox 928 2088 1048 2123; x_wconf 76' lang='lat' dir='ltr'><strong>Epistula</strong></span> <span class='ocrx_word' id='word_1_837' title='bbox 1062 2089 1096 2114; x_wconf 84' lang='lat' dir='ltr'><strong>ad</strong></span> <span class='ocrx_word' id='word_1_838' title='bbox 1113 2089 1291 2115; x_wconf 70' lang='lat' dir='ltr'><strong>Alexandrum</strong></span> <span class='ocrx_word' id='word_1_839' title='bbox 1311 2087 1628 2123; x_wconf 71' lang='lat' dir='ltr'><strong>CoItstantinopolitunum</strong></span> <span class='ocrx_word' id='word_1_840' title='bbox 1640 2108 1647 2120; x_wconf 94' lang='lat'><strong>,</strong></span> <span class='ocrx_word' id='word_1_841' title='bbox 1662 2087 1713 2114; x_wconf 84' lang='lat' dir='ltr'><strong>Pa-</strong></span> 
     </span>
    </p>
   </div>
   <div class='ocr_carea' id='block_1_88' title="bbox 928 2122 1711 2157">
    <p class='ocr_par' dir='ltr' id='par_1_88' title="bbox 928 2122 1711 2157">
     <span class='ocr_line' id='line_1_90' title="bbox 928 2122 1711 2157; baseline -0.001 -8"><span class='ocrx_word' id='word_1_842' title='bbox 928 2122 995 2151; x_wconf 79' lang='lat' dir='ltr'><strong>trem</strong></span> <span class='ocrx_word' id='word_1_843' title='bbox 1012 2131 1042 2151; x_wconf 90' lang='lat' dir='ltr'><strong>ac</strong></span> <span class='ocrx_word' id='word_1_844' title='bbox 1057 2124 1153 2150; x_wconf 86' lang='lat' dir='ltr'><strong>Filium</strong></span> <span class='ocrx_word' id='word_1_845' title='bbox 1166 2128 1251 2156; x_wconf 91' lang='lat' dir='ltr'><strong>vocat,</strong></span> <span class='ocrx_word' id='word_1_846' title='bbox 1268 2122 1317 2154; x_wconf 79' lang='grc' dir='ltr'><strong>τὰς</strong></span> <span class='ocrx_word' id='word_1_847' title='bbox 1332 2123 1365 2157; x_wconf 80' lang='grc' dir='ltr'>τῇ</span> <span class='ocrx_word' id='word_1_848' title='bbox 1384 2123 1529 2149; x_wconf 80' lang='grc' dir='ltr'>ὑποστάσει</span> <span class='ocrx_word' id='word_1_849' title='bbox 1545 2122 1591 2149; x_wconf 85' lang='grc' dir='ltr'><strong>δύο</strong></span> <span class='ocrx_word' id='word_1_850' title='bbox 1607 2123 1711 2156; x_wconf 83' lang='grc' dir='ltr'><strong>φύσεις,</strong></span> 
     </span>
    </p>
   </div>
   <div class='ocr_carea' id='block_1_89' title="bbox 931 2157 1709 2193">
    <p class='ocr_par' dir='ltr' id='par_1_89' title="bbox 931 2157 1709 2193">
     <span class='ocr_line' id='line_1_91' title="bbox 931 2157 1709 2193; baseline -0.003 -8"><span class='ocrx_word' id='word_1_851' title='bbox 931 2158 1102 2193; x_wconf 77' lang='lat' dir='ltr'><strong>Unigenitum</strong></span> <span class='ocrx_word' id='word_1_852' title='bbox 1118 2165 1182 2184; x_wconf 90' lang='lat' dir='ltr'><strong>vero</strong></span> <span class='ocrx_word' id='word_1_853' title='bbox 1200 2158 1314 2192; x_wconf 86' lang='lat' dir='ltr'><strong>appellat</strong></span> <span class='ocrx_word' id='word_1_854' title='bbox 1339 2157 1418 2193; x_wconf 57' lang='grc' dir='ltr'>φύσιν</span> <span class='ocrx_word' id='word_1_855' title='bbox 1439 2158 1579 2193; x_wconf 84' lang='grc' dir='ltr'>μονογενῆ.</span> <span class='ocrx_word' id='word_1_856' title='bbox 1599 2157 1709 2185; x_wconf 84' lang='lat' dir='ltr'><strong>Denutnt</strong></span> 
     </span>
    </p>
   </div>
   <div class='ocr_carea' id='block_1_90' title="bbox 927 2192 1708 2228">
    <p class='ocr_par' dir='ltr' id='par_1_90' title="bbox 927 2192 1708 2228">
     <span class='ocr_line' id='line_1_92' title="bbox 927 2192 1708 2228; baseline -0.001 -8"><span class='ocrx_word' id='word_1_857' title='bbox 927 2192 997 2228; x_wconf 84' lang='lat' dir='ltr'><strong>apud</strong></span> <span class='ocrx_word' id='word_1_858' title='bbox 1010 2192 1105 2220; x_wconf 86' lang='lat' dir='ltr'><strong>Patres</strong></span> <span class='ocrx_word' id='word_1_859' title='bbox 1121 2193 1264 2228; x_wconf 85' lang='lat' dir='ltr'><strong>aliquando</strong></span> <span class='ocrx_word' id='word_1_860' title='bbox 1272 2200 1329 2228; x_wconf 25' lang='lat' dir='ltr'><strong>ivox</strong></span> <span class='ocrx_word' id='word_1_861' title='bbox 1343 2192 1433 2227; x_wconf 84' lang='grc' dir='ltr'><strong>φύσει,</strong></span> <span class='ocrx_word' id='word_1_862' title='bbox 1449 2193 1474 2219; x_wconf 87' lang='lat' dir='ltr'><strong>id</strong></span> <span class='ocrx_word' id='word_1_863' title='bbox 1491 2197 1531 2219; x_wconf 83' lang='lat' dir='ltr'><strong>est</strong></span> <span class='ocrx_word' id='word_1_864' title='bbox 1548 2192 1680 2224; x_wconf 59' lang='lat' dir='ltr'><strong>(natura,</strong></span> <span class='ocrx_word' id='word_1_865' title='bbox 1699 2202 1708 2218; x_wconf 86' lang='lat' dir='ltr'><strong>I</strong></span> 
     </span>
    </p>
   </div>
   <div class='ocr_carea' id='block_1_91' title="bbox 928 2227 1712 2263">
    <p class='ocr_par' dir='ltr' id='par_1_91' title="bbox 928 2227 1712 2263">
     <span class='ocr_line' id='line_1_93' title="bbox 928 2227 1712 2263; baseline 0 -9"><span class='ocrx_word' id='word_1_866' title='bbox 928 2229 997 2256; x_wconf 87' lang='lat' dir='ltr'><strong>idem</strong></span> <span class='ocrx_word' id='word_1_867' title='bbox 1012 2229 1084 2256; x_wconf 86' lang='lat' dir='ltr'><strong>valet</strong></span> <span class='ocrx_word' id='word_1_868' title='bbox 1101 2234 1180 2263; x_wconf 81' lang='lat' dir='ltr'><strong>atque</strong></span> <span class='ocrx_word' id='word_1_869' title='bbox 1196 2227 1304 2263; x_wconf 75' lang='grc' dir='ltr'>ἀληθῶς</span> <span class='ocrx_word' id='word_1_870' title='bbox 1315 2247 1322 2258; x_wconf 93' lang='lat'><strong>,</strong></span> <span class='ocrx_word' id='word_1_871' title='bbox 1352 2229 1377 2254; x_wconf 88' lang='lat' dir='ltr'><strong>id</strong></span> <span class='ocrx_word' id='word_1_872' title='bbox 1394 2232 1435 2254; x_wconf 75' lang='lat' dir='ltr'><strong>est</strong></span> <span class='ocrx_word' id='word_1_873' title='bbox 1462 2237 1471 2253; x_wconf 76' lang='grc' dir='ltr'><strong>ι</strong></span> <span class='ocrx_word' id='word_1_874' title='bbox 1490 2235 1566 2263; x_wconf 68' lang='lat' dir='ltr'><strong>vere,</strong></span> <span class='ocrx_word' id='word_1_875' title='bbox 1593 2238 1602 2253; x_wconf 68' lang='grc' dir='ltr'><strong>ρ</strong></span> <span class='ocrx_word' id='word_1_876' title='bbox 1623 2233 1651 2254; x_wconf 85' lang='grc' dir='ltr'>ιιι</span> <span class='ocrx_word' id='word_1_877' title='bbox 1668 2228 1712 2254; x_wconf 86' lang='lat' dir='ltr'><strong>Di-</strong></span> 
     </span>
    </p>
   </div>
   <div class='ocr_carea' id='block_1_92' title="bbox 927 2262 1658 2299">
    <p class='ocr_par' dir='ltr' id='par_1_92' title="bbox 927 2262 1658 2299">
     <span class='ocr_line' id='line_1_94' title="bbox 927 2262 1658 2299; baseline -0.001 -10"><span class='ocrx_word' id='word_1_878' title='bbox 927 2265 1024 2299; x_wconf 80' lang='lat' dir='ltr'><strong>dymus</strong></span> <span class='ocrx_word' id='word_1_879' title='bbox 1043 2262 1265 2299; x_wconf 30' lang='lat' dir='ltr'><strong>noster’explicat</strong></span> <span class='ocrx_word' id='word_1_880' title='bbox 1281 2263 1306 2289; x_wconf 92' lang='lat' dir='ltr'><strong>in</strong></span> <span class='ocrx_word' id='word_1_881' title='bbox 1331 2262 1398 2299; x_wconf 84' lang='lat' dir='ltr'><strong>libro</strong></span> <span class='ocrx_word' id='word_1_882' title='bbox 1409 2265 1469 2289; x_wconf 77' lang='lat' dir='ltr'><strong>adv.</strong></span> <span class='ocrx_word' id='word_1_883' title='bbox 1485 2262 1658 2299; x_wconf 62' lang='lat' dir='ltr'><strong>Manio/ton.</strong></span> 
     </span>
    </p>
   </div>
   <div class='ocr_carea' id='block_1_93' title="bbox 963 2297 1712 2334">
    <p class='ocr_par' dir='ltr' id='par_1_93' title="bbox 963 2297 1712 2334">
     <span class='ocr_line' id='line_1_95' title="bbox 963 2297 1712 2334; baseline -0.001 -9"><span class='ocrx_word' id='word_1_884' title='bbox 963 2298 1019 2334; x_wconf 77' lang='grc'><strong>(65)</strong></span> <span class='ocrx_word' id='word_1_885' title='bbox 1042 2300 1102 2326; x_wconf 79' lang='lat' dir='ltr'><strong>Non</strong></span> <span class='ocrx_word' id='word_1_886' title='bbox 1123 2300 1218 2332; x_wconf 73' lang='lat' dir='ltr'><strong>(erant.</strong></span> <span class='ocrx_word' id='word_1_887' title='bbox 1241 2297 1340 2324; x_wconf 90' lang='lat' dir='ltr'><strong>Locum</strong></span> <span class='ocrx_word' id='word_1_888' title='bbox 1359 2298 1433 2334; x_wconf 77' lang='lat' dir='ltr'><strong>hunc</strong></span> <span class='ocrx_word' id='word_1_889' title='bbox 1447 2305 1506 2334; x_wconf 86' lang='lat' dir='ltr'><strong>non</strong></span> <span class='ocrx_word' id='word_1_890' title='bbox 1528 2298 1593 2334; x_wconf 73' lang='lat' dir='ltr'><strong>satis</strong></span> <span class='ocrx_word' id='word_1_891' title='bbox 1608 2297 1712 2324; x_wconf 90' lang='lat' dir='ltr'><strong>clarum</strong></span> 
     </span>
    </p>
   </div>
   <div class='ocr_carea' id='block_1_94' title="bbox 928 2332 1712 2366">
    <p class='ocr_par' dir='ltr' id='par_1_94' title="bbox 928 2332 1712 2366">
     <span class='ocr_line' id='line_1_96' title="bbox 928 2332 1712 2366; baseline -0.003 -6"><span class='ocrx_word' id='word_1_892' title='bbox 928 2334 965 2360; x_wconf 87' lang='lat' dir='ltr'><strong>ita</strong></span> <span class='ocrx_word' id='word_1_893' title='bbox 985 2332 1091 2361; x_wconf 83' lang='lat' dir='ltr'><strong>tandem</strong></span> <span class='ocrx_word' id='word_1_894' title='bbox 1107 2333 1265 2360; x_wconf 82' lang='lat' dir='ltr'><strong>vertendum</strong></span> <span class='ocrx_word' id='word_1_895' title='bbox 1284 2332 1384 2365; x_wconf 85' lang='lat' dir='ltr'><strong>statui;</strong></span> <span class='ocrx_word' id='word_1_896' title='bbox 1407 2333 1452 2359; x_wconf 83' lang='lat' dir='ltr'><strong>sed</strong></span> <span class='ocrx_word' id='word_1_897' title='bbox 1470 2332 1521 2359; x_wconf 89' lang='lat' dir='ltr'><strong>erit</strong></span> <span class='ocrx_word' id='word_1_898' title='bbox 1534 2332 1647 2359; x_wconf 77' lang='lat' dir='ltr'><strong>fortasse</strong></span> <span class='ocrx_word' id='word_1_899' title='bbox 1665 2333 1712 2366; x_wconf 88' lang='lat' dir='ltr'><strong>qui</strong></span> 
     </span>
    </p>
   </div>
   <div class='ocr_carea' id='block_1_95' title="bbox 927 2367 1711 2407">
    <p class='ocr_par' dir='ltr' id='par_1_95' title="bbox 927 2367 1711 2407">
     <span class='ocr_line' id='line_1_97' title="bbox 927 2367 1711 2407; baseline -0.004 -12"><span class='ocrx_word' id='word_1_900' title='bbox 927 2369 1080 2407; x_wconf 55' lang='lat' dir='ltr'><strong>ambiguas</strong></span> <span class='ocrx_word' id='word_1_901' title='bbox 1103 2375 1182 2407; x_wconf 74' lang='lat' dir='ltr'><strong>voces</strong></span> <span class='ocrx_word' id='word_1_902' title='bbox 1215 2367 1436 2407; x_wconf 43' lang='grc' dir='ltr'>διακονούμενοι,</span> <span class='ocrx_word' id='word_1_903' title='bbox 1460 2372 1486 2393; x_wconf 86' lang='lat' dir='ltr'><strong>et</strong></span> <span class='ocrx_word' id='word_1_904' title='bbox 1512 2367 1711 2407; x_wconf 55' lang='grc' dir='ltr'><strong>ὲτιςςιρκὲινωιτινξ</strong></span> 
     </span>
    </p>
   </div>
   <div class='ocr_carea' id='block_1_96' title="bbox 928 2402 1711 2437">
    <p class='ocr_par' dir='ltr' id='par_1_96' title="bbox 928 2402 1711 2437">
     <span class='ocr_line' id='line_1_98' title="bbox 928 2402 1711 2437; baseline -0.001 -7"><span class='ocrx_word' id='word_1_905' title='bbox 928 2402 1010 2431; x_wconf 77' lang='lat' dir='ltr'><strong>aliter</strong></span> <span class='ocrx_word' id='word_1_906' title='bbox 1025 2404 1196 2437; x_wconf 86' lang='lat' dir='ltr'><strong>accipiendas</strong></span> <span class='ocrx_word' id='word_1_907' title='bbox 1220 2407 1305 2437; x_wconf 91' lang='lat' dir='ltr'><strong>putet.</strong></span> <span class='ocrx_word' id='word_1_908' title='bbox 1335 2402 1391 2430; x_wconf 84' lang='lat' dir='ltr'><strong>Hoc.</strong></span> <span class='ocrx_word' id='word_1_909' title='bbox 1414 2410 1495 2437; x_wconf 88' lang='lat' dir='ltr'><strong>porro</strong></span> <span class='ocrx_word' id='word_1_910' title='bbox 1524 2402 1574 2429; x_wconf 88' lang='lat' dir='ltr'><strong>sibi</strong></span> <span class='ocrx_word' id='word_1_911' title='bbox 1594 2403 1659 2434; x_wconf 85' lang='lat' dir='ltr'><strong>vult,</strong></span> <span class='ocrx_word' id='word_1_912' title='bbox 1685 2404 1711 2429; x_wconf 95' lang='lat' dir='ltr'><strong>ni</strong></span> 
     </span>
    </p>
   </div>
   <div class='ocr_carea' id='block_1_97' title="bbox 928 2437 1713 2473">
    <p class='ocr_par' dir='ltr' id='par_1_97' title="bbox 928 2437 1713 2473">
     <span class='ocr_line' id='line_1_99' title="bbox 928 2437 1713 2473; baseline -0.003 -7"><span class='ocrx_word' id='word_1_913' title='bbox 928 2439 1017 2471; x_wconf 81' lang='lat' dir='ltr'><strong>fallor,</strong></span> <span class='ocrx_word' id='word_1_914' title='bbox 1035 2440 1163 2473; x_wconf 81' lang='lat' dir='ltr'><strong>Didymus</strong></span> <span class='ocrx_word' id='word_1_915' title='bbox 1179 2448 1184 2465; x_wconf 91' lang='lat'><em>:</em></span> <span class='ocrx_word' id='word_1_916' title='bbox 1198 2438 1225 2465; x_wconf 95' lang='lat' dir='ltr'><strong>in</strong></span> <span class='ocrx_word' id='word_1_917' title='bbox 1241 2437 1297 2464; x_wconf 89' lang='lat' dir='ltr'><strong>Deo</strong></span> <span class='ocrx_word' id='word_1_918' title='bbox 1319 2438 1426 2473; x_wconf 86' lang='lat' dir='ltr'><strong>quidem</strong></span> <span class='ocrx_word' id='word_1_919' title='bbox 1451 2445 1517 2473; x_wconf 88' lang='lat' dir='ltr'><strong>eum</strong></span> <span class='ocrx_word' id='word_1_920' title='bbox 1532 2438 1579 2471; x_wconf 86' lang='lat' dir='ltr'><strong>qui</strong></span> <span class='ocrx_word' id='word_1_921' title='bbox 1598 2439 1713 2472; x_wconf 67' lang='lat' dir='ltr'><strong>largitur</strong></span> 
     </span>
    </p>
   </div>
   <div class='ocr_carea' id='block_1_98' title="bbox 928 2471 1712 2507">
    <p class='ocr_par' dir='ltr' id='par_1_98' title="bbox 928 2471 1712 2507">
     <span class='ocr_line' id='line_1_100' title="bbox 928 2471 1712 2507; baseline -0.003 -6"><span class='ocrx_word' id='word_1_922' title='bbox 928 2475 1010 2501; x_wconf 91' lang='lat' dir='ltr'><strong>alium</strong></span> <span class='ocrx_word' id='word_1_923' title='bbox 1026 2471 1156 2501; x_wconf 58' lang='lat' dir='ltr'><strong>non&#39;esse</strong></span> <span class='ocrx_word' id='word_1_924' title='bbox 1170 2474 1203 2500; x_wconf 90' lang='lat' dir='ltr'><strong>ab</strong></span> <span class='ocrx_word' id='word_1_925' title='bbox 1218 2480 1250 2500; x_wconf 92' lang='lat' dir='ltr'><strong>eo</strong></span> <span class='ocrx_word' id='word_1_926' title='bbox 1269 2472 1313 2507; x_wconf 91' lang='lat' dir='ltr'><strong>qui</strong></span> <span class='ocrx_word' id='word_1_927' title='bbox 1330 2471 1486 2504; x_wconf 85' lang='lat' dir='ltr'><strong>distribuit,</strong></span> <span class='ocrx_word' id='word_1_928' title='bbox 1512 2472 1538 2499; x_wconf 92' lang='lat' dir='ltr'><strong>in</strong></span> <span class='ocrx_word' id='word_1_929' title='bbox 1558 2471 1712 2500; x_wconf 73' lang='lat' dir='ltr'><strong>hominibus</strong></span> 
     </span>
    </p>
   </div>
   <div class='ocr_carea' id='block_1_99' title="bbox 930 2507 1712 2542">
    <p class='ocr_par' dir='ltr' id='par_1_99' title="bbox 930 2507 1712 2542">
     <span class='ocr_line' id='line_1_101' title="bbox 930 2507 1712 2542; baseline -0.004 -7"><span class='ocrx_word' id='word_1_930' title='bbox 930 2517 993 2536; x_wconf 89' lang='lat' dir='ltr'><strong>vero</strong></span> <span class='ocrx_word' id='word_1_931' title='bbox 1021 2516 1069 2537; x_wconf 89' lang='lat' dir='ltr'><strong>eos</strong></span> <span class='ocrx_word' id='word_1_932' title='bbox 1096 2508 1141 2542; x_wconf 93' lang='lat' dir='ltr'><strong>qui</strong></span> <span class='ocrx_word' id='word_1_933' title='bbox 1181 2508 1342 2542; x_wconf 76' lang='lat' dir='ltr'><strong>largiuntur,</strong></span> <span class='ocrx_word' id='word_1_934' title='bbox 1371 2507 1439 2534; x_wconf 88' lang='lat' dir='ltr'><strong>alios</strong></span> <span class='ocrx_word' id='word_1_935' title='bbox 1463 2514 1524 2534; x_wconf 79' lang='lat' dir='ltr'><strong>esse</strong></span> <span class='ocrx_word' id='word_1_936' title='bbox 1546 2508 1580 2534; x_wconf 88' lang='lat' dir='ltr'><strong>ab</strong></span> <span class='ocrx_word' id='word_1_937' title='bbox 1608 2508 1640 2534; x_wconf 90' lang='lat' dir='ltr'><strong>iis</strong></span> <span class='ocrx_word' id='word_1_938' title='bbox 1667 2507 1712 2541; x_wconf 89' lang='lat' dir='ltr'><strong>qui</strong></span> 
     </span>
    </p>
   </div>
   <div class='ocr_carea' id='block_1_100' title="bbox 929 2542 1710 2577">
    <p class='ocr_par' dir='ltr' id='par_1_100' title="bbox 929 2542 1710 2577">
     <span class='ocr_line' id='line_1_102' title="bbox 929 2542 1710 2577; baseline -0.004 -7"><span class='ocrx_word' id='word_1_939' title='bbox 929 2544 1104 2574; x_wconf 88' lang='lat' dir='ltr'><strong>distribuunt,</strong></span> <span class='ocrx_word' id='word_1_940' title='bbox 1132 2550 1253 2577; x_wconf 87' lang='lat' dir='ltr'><strong>quosque</strong></span> <span class='ocrx_word' id='word_1_941' title='bbox 1279 2551 1339 2569; x_wconf 78' lang='lat' dir='ltr'><strong>mox</strong></span> <span class='ocrx_word' id='word_1_942' title='bbox 1366 2547 1444 2569; x_wconf 87' lang='lat' dir='ltr'><strong>vocat</strong></span> <span class='ocrx_word' id='word_1_943' title='bbox 1466 2542 1710 2577; x_wconf 78' lang='grc' dir='ltr'><strong>διακονουμένους·</strong></span> 
     </span>
    </p>
   </div>
   <div class='ocr_carea' id='block_1_101' title="bbox 930 2577 1709 2613">
    <p class='ocr_par' dir='ltr' id='par_1_101' title="bbox 930 2577 1709 2613">
     <span class='ocr_line' id='line_1_103' title="bbox 930 2577 1709 2613; baseline -0.006 -8"><span class='ocrx_word' id='word_1_944' title='bbox 930 2586 962 2605; x_wconf 88' lang='lat' dir='ltr'><strong>ac</strong></span> <span class='ocrx_word' id='word_1_945' title='bbox 976 2579 993 2605; x_wconf 92' lang='lat' dir='ltr'><strong>ii</strong></span> <span class='ocrx_word' id='word_1_946' title='bbox 1006 2578 1115 2613; x_wconf 83' lang='lat' dir='ltr'><strong>quidem</strong></span> <span class='ocrx_word' id='word_1_947' title='bbox 1129 2579 1175 2612; x_wconf 95' lang='lat' dir='ltr'><strong>qui</strong></span> <span class='ocrx_word' id='word_1_948' title='bbox 1193 2578 1368 2610; x_wconf 82' lang='lat' dir='ltr'><strong>distribuunt,</strong></span> <span class='ocrx_word' id='word_1_949' title='bbox 1382 2577 1406 2604; x_wconf 89' lang='lat' dir='ltr'><strong>id</strong></span> <span class='ocrx_word' id='word_1_950' title='bbox 1422 2578 1589 2613; x_wconf 83' lang='lat' dir='ltr'><strong>potissitnmn</strong></span> <span class='ocrx_word' id='word_1_951' title='bbox 1604 2581 1709 2613; x_wconf 73' lang='lat' dir='ltr'><strong>curant,</strong></span> 
     </span>
    </p>
   </div>
   <div class='ocr_carea' id='block_1_102' title="bbox 891 2601 1709 2651">
    <p class='ocr_par' dir='ltr' id='par_1_102' title="bbox 891 2601 1709 2651">
     <span class='ocr_line' id='line_1_104' title="bbox 891 2601 1709 2651; baseline -0.004 -11"><span class='ocrx_word' id='word_1_952' title='bbox 891 2601 912 2629; x_wconf 63' lang='grc' dir='ltr'><em>ε</em></span> <span class='ocrx_word' id='word_1_953' title='bbox 1259 2601 1646 2651; x_wconf 59' lang='grc' dir='ltr'><strong>ι’ἶιεὶό</strong></span> <span class='ocrx_word' id='word_1_954' title='bbox 1652 2601 1709 2651; x_wconf 67' lang='grc' dir='ltr'><strong>ι-Σ</strong></span> 
     </span>
    </p>
   </div>
   <div class='ocr_carea' id='block_1_103' title="bbox 932 2646 1713 2683">
    <p class='ocr_par' dir='ltr' id='par_1_103' title="bbox 932 2646 1713 2683">
     <span class='ocr_line' id='line_1_105' title="bbox 932 2646 1713 2683; baseline -0.004 -8"><span class='ocrx_word' id='word_1_955' title='bbox 932 2649 1050 2683; x_wconf 80' lang='lat' dir='ltr'><strong>giuntur,</strong></span> <span class='ocrx_word' id='word_1_956' title='bbox 1076 2646 1148 2683; x_wconf 14' lang='lat' dir='ltr'><strong>illud?</strong></span> <span class='ocrx_word' id='word_1_957' title='bbox 1164 2646 1302 2682; x_wconf 79' lang='lat' dir='ltr'><strong>spectant.</strong></span> <span class='ocrx_word' id='word_1_958' title='bbox 1330 2646 1358 2674; x_wconf 73' lang='grc' dir='ltr'>ιιι</span> <span class='ocrx_word' id='word_1_959' title='bbox 1379 2647 1588 2683; x_wconf 19' lang='lat' dir='ltr'><strong>iisrlargiantur,</strong></span> <span class='ocrx_word' id='word_1_960' title='bbox 1614 2646 1713 2679; x_wconf 81' lang='lat' dir='ltr'><strong>quibus</strong></span> 
     </span>
    </p>
   </div>
   <div class='ocr_carea' id='block_1_104' title="bbox 933 2680 1713 2717">
    <p class='ocr_par' dir='ltr' id='par_1_104' title="bbox 933 2680 1713 2717">
     <span class='ocr_line' id='line_1_106' title="bbox 933 2680 1713 2717; baseline -0.005 -7"><span class='ocrx_word' id='word_1_961' title='bbox 933 2680 1020 2717; x_wconf 66' lang='lat' dir='ltr'><strong>Feipsa</strong></span> <span class='ocrx_word' id='word_1_962' title='bbox 1035 2691 1111 2717; x_wconf 90' lang='lat' dir='ltr'><strong>opem</strong></span> <span class='ocrx_word' id='word_1_963' title='bbox 1137 2680 1280 2717; x_wconf 59' lang='lat' dir='ltr'><strong>largitione</strong></span> <span class='ocrx_word' id='word_1_964' title='bbox 1299 2683 1378 2709; x_wconf 89' lang='lat' dir='ltr'><strong>laturi</strong></span> <span class='ocrx_word' id='word_1_965' title='bbox 1399 2682 1462 2708; x_wconf 86' lang='lat' dir='ltr'><strong>sint.</strong></span> <span class='ocrx_word' id='word_1_966' title='bbox 1475 2680 1539 2707; x_wconf 17' lang='lat' dir='ltr'><strong>illoc</strong></span> <span class='ocrx_word' id='word_1_967' title='bbox 1562 2688 1663 2717; x_wconf 75' lang='lat' dir='ltr'><strong>sensu,</strong></span> <span class='ocrx_word' id='word_1_968' title='bbox 1675 2685 1713 2717; x_wconf 89' lang='lat' dir='ltr'><strong>_ut</strong></span> 
     </span>
    </p>
   </div>
   <div class='ocr_carea' id='block_1_105' title="bbox 929 2715 1711 2752">
    <p class='ocr_par' dir='ltr' id='par_1_105' title="bbox 929 2715 1711 2752">
     <span class='ocr_line' id='line_1_107' title="bbox 929 2715 1711 2752; baseline -0.003 -7"><span class='ocrx_word' id='word_1_969' title='bbox 929 2715 1061 2752; x_wconf 62' lang='lat' dir='ltr'><strong>cquideuf</strong></span> <span class='ocrx_word' id='word_1_970' title='bbox 1073 2721 1146 2751; x_wconf 88' lang='lat' dir='ltr'><strong>puto,</strong></span> <span class='ocrx_word' id='word_1_971' title='bbox 1169 2715 1277 2751; x_wconf 73' lang='lat' dir='ltr'><strong>scripsit</strong></span> <span class='ocrx_word' id='word_1_972' title='bbox 1302 2717 1395 2743; x_wconf 77' lang='lat' dir='ltr'><strong>Pollux</strong></span> <span class='ocrx_word' id='word_1_973' title='bbox 1410 2717 1455 2742; x_wconf 92' lang='lat' dir='ltr'><strong>lib.</strong></span> <span class='ocrx_word' id='word_1_974' title='bbox 1478 2723 1518 2752; x_wconf 73' lang='lat' dir='ltr'><strong>ut,</strong></span> <span class='ocrx_word' id='word_1_975' title='bbox 1533 2723 1618 2752; x_wconf 72' lang='lat' dir='ltr'><strong>segni.</strong></span> <span class='ocrx_word' id='word_1_976' title='bbox 1637 2715 1688 2752; x_wconf 71' lang='lat' dir='ltr'><strong>MS</strong></span> <span class='ocrx_word' id='word_1_977' title='bbox 1704 2724 1711 2743; x_wconf 92' lang='lat'>:</span> 
     </span>
    </p>
   </div>
   <div class='ocr_carea' id='block_1_106' title="bbox 929 2750 1712 2788">
    <p class='ocr_par' dir='ltr' id='par_1_106' title="bbox 929 2750 1712 2788">
     <span class='ocr_line' id='line_1_108' title="bbox 929 2750 1712 2788; baseline -0.004 -9"><span class='ocrx_word' id='word_1_978' title='bbox 929 2750 1097 2788; x_wconf 63' lang='grc' dir='ltr'><strong>πολύδωρος,</strong></span> <span class='ocrx_word' id='word_1_979' title='bbox 1133 2753 1189 2784; x_wconf 87' lang='grc' dir='ltr'>τοῖς</span> <span class='ocrx_word' id='word_1_980' title='bbox 1217 2750 1354 2787; x_wconf 81' lang='grc' dir='ltr'>δεομένοις</span> <span class='ocrx_word' id='word_1_981' title='bbox 1383 2750 1531 2786; x_wconf 76' lang='grc' dir='ltr'><strong>ἐπαρκῶν·</strong></span> <span class='ocrx_word' id='word_1_982' title='bbox 1562 2751 1611 2777; x_wconf 87' lang='lat' dir='ltr'><strong>etsi</strong></span> <span class='ocrx_word' id='word_1_983' title='bbox 1641 2750 1712 2777; x_wconf 84' lang='lat' dir='ltr'><strong>enim</strong></span> 
     </span>
    </p>
   </div>
   <div class='ocr_carea' id='block_1_107' title="bbox 929 2788 1714 2822">
    <p class='ocr_par' dir='ltr' id='par_1_107' title="bbox 929 2788 1714 2822">
     <span class='ocr_line' id='line_1_109' title="bbox 929 2788 1714 2822; baseline -0.004 -8"><span class='ocrx_word' id='word_1_984' title='bbox 929 2790 1062 2822; x_wconf 82' lang='lat' dir='ltr'><strong>interpres</strong></span> <span class='ocrx_word' id='word_1_985' title='bbox 1074 2793 1170 2820; x_wconf 81' lang='lat' dir='ltr'><strong>vertat,</strong></span> <span class='ocrx_word' id='word_1_986' title='bbox 1191 2789 1296 2814; x_wconf 72' lang='lat' dir='ltr'><strong>«multa</strong></span> <span class='ocrx_word' id='word_1_987' title='bbox 1315 2788 1418 2814; x_wconf 85' lang='lat' dir='ltr'><strong>donans</strong></span> <span class='ocrx_word' id='word_1_988' title='bbox 1440 2793 1569 2816; x_wconf 87' lang='lat' dir='ltr'><strong>munera,</strong></span> <span class='ocrx_word' id='word_1_989' title='bbox 1589 2792 1714 2822; x_wconf 75' lang='lat' dir='ltr'><strong>necessa-</strong></span> 
     </span>
    </p>
   </div>
   <div class='ocr_carea' id='block_1_108' title="bbox 930 2821 1713 2860">
    <p class='ocr_par' dir='ltr' id='par_1_108' title="bbox 930 2821 1713 2860">
     <span class='ocr_line' id='line_1_110' title="bbox 930 2821 1713 2860; baseline -0.005 -9"><span class='ocrx_word' id='word_1_990' title='bbox 930 2823 986 2860; x_wconf 84' lang='lat' dir='ltr'><strong>tiis_</strong></span> <span class='ocrx_word' id='word_1_991' title='bbox 1003 2821 1158 2856; x_wconf 78' lang='lat' dir='ltr'><strong>contentus,</strong></span> <span class='ocrx_word' id='word_1_992' title='bbox 1181 2832 1189 2849; x_wconf 84' lang='lat' dir='ltr'><strong>I</strong></span> <span class='ocrx_word' id='word_1_993' title='bbox 1216 2827 1320 2856; x_wconf 81' lang='lat' dir='ltr'><strong>tamen,</strong></span> <span class='ocrx_word' id='word_1_994' title='bbox 1356 2830 1404 2857; x_wconf 86' lang='lat' dir='ltr'><strong>pro</strong></span> <span class='ocrx_word' id='word_1_995' title='bbox 1438 2821 1621 2848; x_wconf 71' lang='lat' dir='ltr'><strong>«necessariis</strong></span> <span class='ocrx_word' id='word_1_996' title='bbox 1648 2829 1713 2848; x_wconf 87' lang='lat' dir='ltr'><strong>con-</strong></span> 
     </span>
    </p>
   </div>
  </div>
