1933 3064
106 113 162 141 δικ

622 112 666 139 DE
685 111 872 140 TRINITATE
892 113 992 140 LIBER
1016 114 1207 143 SECUNDUS.

1687 119 1739 146 6M

105 170 184 206 αὐτῷ
202 170 386 205 προσήκουσιν
413 170 437 206 (ὃ
464 171 525 206 μηδ’
551 171 638 198 εἰπεῖν
673 172 780 205 εὐαγὲς,
809 173 833 199 εξ
865 173 902 208 μὴ

959 180 1119 209 ?gestatcm,
1136 176 1177 202 vel
1193 175 1255 210 quia
1270 175 1376 202 abunde
1401 183 1454 202 non
1476 176 1536 207 det,
1559 177 1657 204 bellum
1685 178 1739 212 ipsi

106 216 265 243 ὑποθέσεων
279 216 327 242 καὶ
341 216 516 243 ὑποστάσεων
535 217 705 253 μοχθηρῶν)·
724 218 784 244 οὐδὲ
800 219 901 254 ἀνῆκεν

105 257 130 296 ᾧ
145 262 339 298 ὀργισθήσεται
353 270 359 277 ”
380 271 390 287 ι
405 262 484 298 Φείδῃ
499 272 507 288 ι
525 263 589 298 γὰρ,
604 263 680 298 φησὶ,
701 273 710 290 r
728 264 846 296 πάντων,
863 265 903 291 ὅτι

106 306 200 334 πάντα
211 307 246 334 σά
266 309 334 340 ἐστι,
350 308 474 335 Δέσποτα
498 308 643 344 φιλόψυχε·
663 310 710 336 καὶ
723 309 753 336 τὸ
765 309 903 346 ἄφθαρτον

107 361 158 379 σου
175 352 287 388 Πνεῦμα
306 353 379 381 ἐστὶν
401 355 429 380 ὲν
452 354 544 381 πᾶσιν.
563 363 573 380 ι
593 354 700 381 Τούτων
712 355 740 381 δὲ
757 355 793 390 μὴ
809 355 902 389 ὄντων,

106 398 134 425 τί
152 407 192 426 σοι
217 399 391 426 ὑπολείπεται
408 400 583 435 σοφίζεσθαι;
601 401 646 432 Ὠς
669 401 749 428 πάλιν
773 402 837 428 ὅταν
860 402 904 429 λέ-

107 453 193 481 γηται
209 445 224 471 ὸ
248 444 320 477 Υἱὸς.
339 445 356 481 ἢ
378 446 409 472 τὸ
426 446 503 480 ἆγιον
527 446 649 482 Πνεῦμα,
671 448 801 483 παρέχειν
824 447 903 475 θεῖκὰ

107 491 270 527 δωρήματα,
287 491 406 528 εὔδηλον,
422 493 459 523 ὡς
482 493 592 519 εὐδοκία
616 494 736 530 πατρική
750 503 756 509 ·
775 494 834 526 πῶς
848 494 903 531 γὰρ

107 538 159 572 οὐχ
174 537 279 570 οὖτωςι
301 538 450 574 Τοιγαροῦν
471 540 606 574 ἀκρόασαί.
628 540 736 567 Παύλου
751 541 904 576 Ῥωμαίους

108 583 282 616 διδάξαντος’
306 594 315 610 ι
330 585 390 611 ’Ὁτι
408 585 424 621 ἡ
442 585 537 620 ἀγάπη
557 585 603 611 τοῦ
626 585 692 612 Θεοῦ
709 587 857 622 ἐκκέχυται
874 588 903 614 ἐν

108 631 169 661 ταῖς
187 630 311 665 καρδίαις
328 629 405 666 ήμῶν
421 630 464 657 διὰ
486 630 642 665 Πνεύματος
657 631 735 666 ἁγίου
754 632 800 659 τοῦ
812 632 903 660 δοθέν-

109 683 157 706 τος
181 675 283 710 ἡμῖν’»
308 675 365 707 καὶ,
387 685 396 701 ι
414 676 490 702 Ὅσοι
520 676 658 711 Πνεύματι
684 676 751 703 Θεοῦ
780 678 902 712 ἄγονται,

110 717 184 748 οὗτοι
199 721 252 747 υἱοὶ
264 720 331 747 Θεοῦ
348 721 431 748 εἰσιν·
447 730 456 746 t
483 721 530 748 καὶ
549 721 647 750 πάλιν’
672 733 680 748 ι
706 722 735 749 Ὀ
750 721 796 750 οὖν
810 724 903 759 ἐπιχο-

110 767 206 803 ρηγῶν
231 767 294 802 ὑμῖν
313 767 343 793 τὺ
368 766 493 802 Πνεῦμα,
514 768 560 795 καὶ
587 769 704 804 ὲνερνγῶν
723 770 854 805 δυνάμεις
875 771 904 798 ἐν

65 808 72 815 “
113 814 195 847 ὑμῖν·
215 823 224 839 ›
243 814 288 840 καὶ
299 814 453 849 Κορινθίοις
466 814 495 840 τὸ
513 814 620 850 πρῶτον
631 823 638 829 ·
655 825 663 841 t
676 816 706 842 Εἰ
722 816 750 842 δὲ
765 817 904 852 Πνεύματι

955 220 1080 248 illaturus
1095 221 1150 248 sit:
1171 227 1258 254 neque
1274 220 1344 247 alius
1359 220 1415 255 (70)
1437 222 1579 255 quisquam
1592 243 1600 256 ,
1616 222 1661 257 qui
1678 230 1739 250 cum

954 274 987 294 eo
1005 266 1038 294 de
1054 266 1168 302 imperio
1191 267 1353 297 contendat,
1377 267 1522 301 invenitur,
1538 272 1568 294 ut
1590 268 1654 295 huic
1668 268 1738 296 invi-

956 313 1034 345 deat,
1049 321 1080 340 ac
1092 318 1230 345 vereatur,
1246 319 1280 339 ne
1295 312 1347 339 sibi
1362 317 1517 347 exatquetut
1533 320 1565 340 ea
1578 315 1737 349 occupando

954 365 1014 393 qua:
1038 359 1071 385 ad
1094 366 1123 386 se
1146 359 1304 392 pertinent:
1327 358 1353 385 id
1371 358 1443 393 quod
1457 366 1491 386 ne
1515 359 1738 395 dteere'quidem

955 405 996 433 ras
1021 410 1079 436 est,
1106 405 1156 432 nisi
1183 404 1227 432 ubi
1251 404 1285 431 de
1311 403 1436 439 malignis
1465 404 1623 432 substantiis
1650 412 1740 433 sermo

956 451 990 478 sit
1016 450 1083 486 (71).
1108 449 1200 484 Neque
1226 450 1261 477 ob
1281 449 1326 481 id,
1347 449 1418 484 quod
1432 449 1515 477 semel
1536 450 1656 484 remisit,
1677 458 1741 477 rur-

954 504 1000 523 sus
1016 496 1152 523 irascitur.
1168 505 1177 521 ι
1190 495 1282 523 Parcis
1289 495 1345 531 (72)
1359 505 1368 520 ι
1382 495 1453 522 enim
1465 504 1475 521 ι
1488 495 1623 529 omnibus,
1636 505 1646 521 ι
1656 495 1742 531 inquit

955 541 1105 575 Scriptura,
1121 550 1130 567 ι
1149 541 1309 576 quiaomnia
1335 546 1379 568 ttta
1401 545 1481 575 sunt,
1506 541 1617 568 Domine
1638 546 1741 569 amator

955 587 1111 613 animarum
1127 595 1134 613 ι
1152 591 1179 614 et
1194 586 1407 621 incorruptibilis
1423 590 1483 613 tttus
1501 585 1618 621 Spiritus
1645 591 1686 614 est
1711 586 1738 613 in

954 632 1091 659 omnibus.
1108 642 1118 658 ι
1134 633 1200 660 Cum
1228 639 1291 659 vero
1318 632 1374 659 haec
1401 631 1491 659 dicere
1513 639 1647 666 nequeas,
1675 632 1740 666 quid

957 677 1002 704 tibi
1016 677 1177 712 relinquitur
1188 677 1221 704 ad
1236 677 1355 711 captiose
1368 677 1569 704 cavillandum?
1585 675 1648 704 Vice
1661 684 1741 704 versa

955 729 1015 749 eum
1042 721 1125 749 Filius
1151 726 1197 748 aut
1220 722 1340 757 Spiritus
1371 725 1481 749 sanctus
1503 722 1623 757 prtebere
1643 722 1741 750 dicitur

955 767 1044 794 divina
1062 767 1149 800 dona,
1164 767 1279 795 Paterna
1296 767 1492 801 complacenlia
1520 767 1546 794 id
1571 768 1628 795 ﬁeri
1652 769 1738 796 matti-

954 813 1053 840 festum
1077 818 1140 841 est:
1168 814 1215 848 qui
1242 814 1314 840 enim
1341 814 1421 841 aliter
1448 813 1505 841 tieri
1524 814 1631 849 potest?
1648 813 1741 854 Itaque

111 858 223 893 ἄγεσθε,
235 859 283 885 οὐκ
294 859 334 885 ἔτι
347 860 408 886 ἐστὲ
423 859 475 886 ὑπὸ
485 860 565 896 νόμον
576 869 582 876 ·
597 870 606 886 ι
623 862 668 888 καὶ
684 862 831 894 Γαλάταις·
847 872 855 888 ι
874 863 902 890 '0

959 858 1067 885 Paulum
1093 859 1155 886 audi
1184 858 1322 886 Romanos
1350 860 1408 886 lucc
1435 859 1598 887 docentem:
1616 868 1624 885 t
1643 860 1741 887 Chari-

109 904 166 940 γὰρ
181 905 287 941 καρπὸς
310 905 357 932 τοῦ
376 905 535 941 Πνεύματός
550 907 624 933 ἐστιν
647 908 751 943 ἀγάπη,
772 909 852 944 χαρὰ,
865 910 904 936 εἰ-

113 953 192 988 ρήνη,
212 952 395 988 μακροθυμία,
416 952 577 987 χρηστότης,
604 953 777 989 ἀγαθωσύνή,
800 955 901 987 πίστις,

68 1015 71 1017 -
111 992 244 1031 πραότης,
267 997 423 1032 ἐγκράτεια.
451 996 528 1023 Κατὰ
550 997 604 1023 τῶν
627 998 755 1025 τοιούτων
771 1000 821 1027 οὐκ
844 1000 903 1027 ἐστι

111 1042 203 1076 νόμος.
226 1051 235 1066 ι
266 1042 310 1068 Διὸ
346 1041 483 1069 κάνταῦοα
512 1043 642 1078 προεῖπε·
664 1053 673 1068 ι
701 1045 852 1080 Διαιρέσεις
874 1045 902 1072 δὲ

111 1088 290 1123 χαρισμάτων
318 1088 382 1119 εἰσὶ,
398 1087 428 1114 τὸ
446 1088 473 1114 δὲ
491 1088 556 1114 αὐτὸ
582 1088 708 1124 Πνεῦμα·
728 1099 738 1114 ι
759 1090 830 1117 τοῦτ’
845 1091 902 1118 ἐστι

112 1133 195 1167 (κατὰ
209 1132 324 1168 ἔλλειψιν
338 1134 416 1168 λόγου
440 1134 487 1160 καὶ
508 1134 670 1170 συγκοπὴν),
685 1135 714 1161 τὸ
728 1136 902 1171 χαριζόμενον

111 1178 242 1214 Πνεῦμα·
261 1179 307 1205 κα)¹
324 1178 410 1211 οὕτως
431 1180 584 1214 ἐπήγαγεν·
609 1190 618 1206 ι
635 1180 670 1206 Τὸ
689 1180 718 1207 ἒν
732 1181 778 1207 καὶ
790 1182 819 1208 τὸ
838 1182 903 1208 αὐτὸ

112 1225 241 1260 Πνεῦμα,
262 1225 381 1261 διαιροῦν
408 1225 460 1261 ἰδίᾳ
485 1226 592 1261 ἑκάστῳ
615 1226 706 1258 καθὼς
733 1227 873 1264 βούλεται·
891 1237 899 1253 ι

108 1270 184 1297 ὥστε
201 1270 349 1304 ἀποδεῖξαι,
367 1272 407 1297 ὅτι
420 1271 495 1303 αὐτὸ,
515 1272 562 1298 καὶ
578 1273 731 1308 χαρίζεται,
751 1273 797 1300 καὶ
820 1273 864 1309 [98
877 1273 902 1309 b]

111 1316 220 1352 διαιρεῖ,
245 1316 403 1354 ὀμοφρόνως
426 1317 505 1352 δῆλον
530 1318 571 1344 ὅτι
596 1317 634 1353 τῷ
661 1318 716 1351 ἐν),
742 1315 772 1344 οὗ
791 1318 903 1353 Πνεῦμα

114 1363 188 1393 ἐστι,
215 1362 262 1388 καὶ
290 1363 330 1393 εἰς
355 1361 383 1388 ὃν
410 1361 500 1389 πάντα
527 1363 674 1397 ἀνάγεται,
705 1363 743 1395 ὡς
760 1364 904 1398 Ῥωμαίοις

112 1408 222 1443 ἐγράφη
235 1416 242 1422 ⁸
263 1417 271 1433 ι
286 1407 344 1434 Ὅτι
362 1407 391 1440 ἐξ
407 1408 498 1440 αὑτοῦ,
518 1409 565 1435 καὶ
581 1409 615 1435 δι’
630 1408 722 1440 αὑτοῦ,
739 1409 786 1435 καὶ
799 1410 839 1440 εἰς
855 1409 903 1435 αὺ-

113 1454 159 1480 τὸν
176 1453 211 1480 τὰ
228 1454 325 1480 πάντα.
342 1463 351 1478 ι
373 1453 493 1489 Πρόσεχε
511 1455 540 1481 δὲ
560 1455 605 1481 καὶ
629 1456 685 1486 τοῖς
705 1454 794 1486 ἄλλοις
811 1456 902 1486 πᾶσιν,

113 1500 132 1527 ἃ
147 1500 310 1535 προσείρηκε
325 1500 358 1526 τὰ
370 1500 447 1534 λόγια
460 1501 523 1534 περὶ
541 1499 631 1526 αὑτοῦ.
643 1501 678 1529 Εἰ
690 1500 712 1527 δ’
725 1500 758 1527 ἂν
772 1500 826 1535 γὰρ
837 1501 903 1527 πᾶσι

116 1548 268 1582 προσεῖχες,
286 1547 332 1573 καὶ
344 1548 367 1572 εί
379 1547 519 1576 ἐπίστευες
533 1545 607 1580 αὑτῷ
621 1545 659 1580 τῷ
676 1545 736 1581 Θεῴ
746 1546 845 1582 Πατρὶ,
857 1546 904 1572 καὶ

114 1592 153 1627 τῷ
175 1592 313 1626 μονογενεί
327 1591 408 1617 αὑτοῦ
431 1591 497 1625 Υἱῷ,
521 1591 561 1616 ἔτι
586 1591 614 1617 δὲ
637 1591 684 1617 καὶ
699 1592 754 1623 τοῖς
769 1591 905 1623 τοσούτοις

115 1637 212 1671 ἁγίοις,
233 1633 270 1662 ὧν
285 1637 309 1662 οἱ
329 1635 462 1670 ὀφθαλμοὶ
483 1636 532 1670 τῆς
555 1635 673 1667 διανοίας
689 1635 775 1667 οὕτως
789 1636 905 1672 ἐγρηγό-

116 1692 190 1718 ρουν,
203 1682 239 1713 ὡς
252 1682 276 1707 οἱ
290 1681 460 1716 Χερουεῖικοὶ,
481 1680 526 1712 οὓς
541 1681 630 1716 ἡμεῖς.
646 1682 700 1716 ὅσῳ
716 1681 796 1708 πλέον
812 1683 906 1717 αἰσχυ-

115 1726 217 1762 νόμεθα
233 1727 279 1752 καὶ
293 1726 427 1761 τιμῶμεν,
448 1726 568 1761 τοσούτῳ
579 1720 688 1761 μᾶλλον
707 1727 756 1762 τὴν
770 1726 843 1762 ἔργῳ
860 1735 906 1761 γε-

116 1773 231 1808 νομένην
252 1781 280 1798 τε
303 1773 368 1807 παρ’
394 1772 482 1799 αὐτῶν
508 1772 643 1808 συμϐολὴν
668 1773 715 1799 καὶ
732 1773 841 1808 διδαχὴν
860 1774 906 1800 καὶ

115 1819 165 1853 τὴν
192 1817 377 1853 ἐπιδεχθεῐσαν
393 1817 484 1844 πίστιν
509 1817 595 1852 ὀρθῶς
618 1817 751 1852 δεχόμεθα
765 1825 772 1833 ·
789 1818 813 1844 εί
828 1818 850 1844 δ’
873 1818 905 1845 ἂν

115 1864 144 1890 δὲ
154 1863 201 1890 καὶ
211 1863 248 1899 μὴ
258 1863 306 1898 τὴν
317 1863 402 1898 ἀρχὴν
411 1862 593 1897 ὴκολούθησας
606 1863 633 1888 ὲν
646 1862 721 1898 μέρει
734 1864 790 1893 τοῖς
804 1863 905 1898 ’Λρείου

117 1911 309 1941 ὑπασπισταῖς,
327 1909 373 1940 οὓς
390 1909 457 1943 μηδὲ
478 1908 569 1942 λέγειν
587 1909 660 1943 ἡμᾶς
677 1908 730 1942 εἴη,
757 1909 822 1943 μηδὲ
841 1902 909 1943 μανέ

118 1954 218 1986 θάενειν,
235 1953 367 1989 ἐρυθριῶν
386 1952 493 1984 αὐτοὺς,
510 1952 547 1984 ὼς
562 1951 782 1987 περιτεθεικότας
797 1961 837 1979 σοι
849 1953 908 1979 δνο-

120 2010 157 2037 μα
173 2001 333 2031 ἐπισκόπου,
362 1999 477 2034 διακόνῳ
501 1998 554 2034 πρὸ
578 1998 672 2025 τούτου
695 1999 744 2034 τῆς
767 1998 906 2034 ὀρθοδόξου

118 2047 165 2073 καὶ
190 2045 370 2079 ἀποπολικῆς
405 2043 569 2079 Ἑκκλησίας
593 2043 772 2078 τυγχάνοντι*
799 2043 848 2069 οὐκ
874 2043 907 2070 ἂν

120 2093 168 2128 μὲν
182 2091 231 2126 τὴν
251 2090 429 2126 παρεξέτασιν
445 2089 499 2116 τῶν
514 2089 578 2124 περὶ
592 2088 639 2115 τοῦ
655 2089 732 2123 ἁγίου
747 2088 907 2123 Πνεὺματος

119 2137 271 2174 εἰρημένων
286 2137 354 2172 πρὸς
375 2136 409 2162 τὰ
435 2135 499 2171 περὶ
523 2135 577 2161 τῶν
602 2135 757 2170 κτισμάτων
779 2134 908 2169 λεχθέντα

119 2183 259 2218 ἐποιήσω,
287 2182 333 2208 καὶ
357 2181 406 2216 τὴν
433 2181 559 2208 ὑπόνοιαν
583 2181 638 2211 τοῖς
665 2179 842 2206 συνασεὸοὖσί
866 2188 908 2206 σοι

119 2228 229 2254 πλείονα
247 2227 360 2259 ἔδωκας,
384 2226 444 2253 οὐδὲ
469 2227 578 2261 ἐχρήσω
601 2225 633 2252 ἂν
659 2224 790 2262 λοιδορίᾳ,
808 2225 850 2251 ἵνα
868 2223 904 2260 μὴ

119 2273 191 2299 εἴπω
215 2272 383 2307 βλασφημίᾳ,
413 2271 515 2307 νικώσῃ
544 2270 575 2297 τὸ
603 2271 731 2306 μέτριον·
757 2270 855 2297 εἰδέναι
877 2270 905 2296 δὲ

119 2316 191 2353 εἶχες
208 2318 251 2350 ἂν,
266 2319 306 2344 ὅτι
325 2318 470 2353 συμπαρῆν
485 2318 531 2343 καὶ
548 2318 676 2352 συνήργει
698 2317 823 2352 ἀρρήτως
836 2317 904 2343 πάν.

155 2408 211 2443 (70)
239 2409 320 2435 Alius.
341 2407 442 2443 (Index,
467 2406 618 2443 suam.
647 2405 718 2443 Lego
746 2406 825 2438 ἄλλος
850 2415 901 2443 τις.

120 2441 210 2471 Malim
230 2443 309 2470 etiam
333 2442 493 2477 πολεμήσοι,
512 2441 553 2468 vel
577 2441 730 2477 πολεμήσῃ,
756 2449 804 2476 pro
826 2441 904 2468 πολε.

143 2479 213 2504 ήσει.

122 2488 213 2547 μηδειῖ
234 2512 294 2540 Nisi
315 2513 378 2539 ubi.
395 2532 401 2539 .
415 2531 422 2539 .
448 2519 532 2539 sermo
558 2511 608 2547 sit.
627 2509 656 2538 in
683 2510 788 2547 Graeco,
815 2511 840 2537 ει
867 2510 903 2546 μὴ

122 2547 284 2574 ὑποθέσεων.
305 2547 415 2575 Videtur
433 2547 562 2574 omissum
576 2546 676 2580 aliquid
696 2554 710 2573 a
733 2546 855 2577 librario,
872 2551 902 2573 ut

119 2583 261 2617 legendum
275 2583 320 2616 sit,
334 2582 447 2617 exempli
461 2582 557 2616 gratia,
574 2582 599 2607 ει
618 2580 655 2616 μὴ
670 2581 716 2607 ἐπὶ
738 2581 900 2609 ὗποθέσεων.

156 2617 212 2652 (7:2)
233 2617 335 2652 Parcis.
356 2617 421 2649 Sap.
436 2624 473 2648 λι,
493 2617 568 2652 27νοι
581 2623 639 2650 seq.

157 2650 212 2687 (73)
230 2650 364 2680 Charitas.
383 2652 459 2687 Item.
477 2659 504 2684 v,
521 2651 547 2678 5.

157 2686 213 2721 (7i)
234 2687 396 2721 Quicunque.
416 2686 496 2714 Rom.
513 2693 572 2717 vui,
589 2686 633 2713 Η.

157 2722 212 2757 (75)
233 2722 284 2754 Qui
297 2730 368 2756 ergo.
384 2721 473 2757 Galat.
487 2729 525 2754 ιιι,
546 2721 573 2748 5.

169 2755 212 2788 76)
233 2757 263 2783 Si
276 2755 374 2783 autem.
394 2755 451 2782 Non
466 2757 490 2783 in
505 2757 513 2783 l
526 2757 558 2782 ad
573 2756 635 2783 Cor.
650 2755 706 2782 hrec
719 2759 838 2788 exstant,
856 2755 902 2782 sed

174 2765 212 2792 10)
233 2765 262 2783 οι
276 2765 374 2783 autem.
394 2765 451 2782 “Oli
466 2765 490 2783 ιη
505 2765 558 2783 tau
573 2765 635 2783 hor.
651 2765 706 2782 1ΙὶΕο
719 2765 838 2788 exstant,
856 2765 902 2782 seu

121 2793 148 2821 in
157 2765 210 2826 λῖν.
221 2790 349 2818 adGnlat.
361 2798 385 2822 ν,
400 2790 442 2817 18.
457 2790 547 2818 Grzcca
556 2791 638 2818 editio
649 2797 701 2817 non
715 2789 795 2817 habet
810 2798 903 2818 vorent

121 2828 172 2861 ἔτι,
187 2827 212 2854 id
226 2831 267 2854 est
285 2835 293 2851 ι
309 2826 432 2860 amplius.
447 2835 456 2850 ι

957 909 998 932 tas
1017 905 1073 940 (75)
1097 904 1145 932 Dei
1172 904 1268 932 diffusa
1294 909 1336 932 est
1361 906 1388 932 in
1413 905 1541 932 cordibus
1566 905 1667 932 nostris
1691 912 1739 940 per

957 950 1087 985 Spiritum
1101 955 1225 978 sanctum
1236 970 1243 983 ,
1258 951 1302 985 qni
1315 951 1393 978 datus
1405 955 1446 979 est
1459 951 1557 983 nobis;
1575 961 1585 977 ι
1596 956 1623 979 et
1635 960 1643 979 ι
1654 961 1663 977 ι
1675 952 1740 985 Qni-

957 1003 1063 1029 cunque
1076 995 1131 1031 (74)
1147 995 1249 1030 Spiritu
1266 995 1313 1022 Dei
1328 1001 1454 1030 aguntur,
1469 996 1495 1023 hi
1510 996 1556 1024 [iiii
1574 996 1619 1023 Dei
1634 1002 1706 1024 sunt.
1726 1007 1735 1023 ι

957 1041 989 1068 Et
1005 1044 1118 1069 rursus:
1135 1050 1144 1067 ι
1160 1042 1212 1075 Qui
1229 1049 1293 1076 ergo
1309 1042 1365 1077 (75)
1383 1042 1477 1069 tribuit
1491 1042 1567 1069 vobis
1588 1042 1718 1077 Spiritum
1730 1063 1737 1075 ,

956 1092 983 1115 et
999 1092 1130 1122 operatur
1147 1087 1264 1115 virtutes
1280 1087 1305 1114 in
1320 1088 1396 1115 vobis
1410 1097 1416 1121 ;
1432 1097 1442 1114 ι
1458 1092 1485 1115 et
1499 1088 1525 1114 in
1539 1088 1622 1122 prima
1642 1089 1674 1115 ad
1688 1087 1741 1115 Co-

958 1133 1093 1160 rinthios:
1110 1142 1119 1158 ι
1136 1133 1164 1160 Si
1181 1139 1270 1160 autent
1285 1132 1339 1168 (76)
1353 1134 1455 1168 Spiritu
1469 1133 1580 1168 agimini
1591 1153 1598 1166 ,
1619 1141 1670 1160 non
1682 1141 1738 1160 am-

958 1178 1027 1212 plius
1039 1179 1108 1205 estis
1122 1179 1172 1205 sub
1184 1178 1253 1214 lege.
1271 1187 1280 1204 ι
1294 1178 1323 1205 Ει
1338 1179 1370 1205 ad
1381 1178 1509 1206 Galatas:
1526 1187 1534 1204 ι
1549 1178 1664 1206 Fructus
1681 1179 1738 1214 (77)

957 1223 1028 1250 enim
1048 1223 1170 1257 Spiritus
1188 1229 1230 1251 est
1245 1224 1384 1256 Charitas,
1401 1225 1546 1259 gaudium,
1564 1232 1629 1259 pax,
1647 1224 1739 1259 longa-

957 1268 1086 1301 nimitas,
1117 1268 1255 1304 probitas,
1284 1269 1410 1302 bonitas,
1435 1269 1519 1301 ﬁdes,
1544 1270 1739 1301 mansuetudo,

957 1315 1132 1342 continentia.
1147 1315 1228 1350 215
1243 1315 1345 1343 Contra
1362 1315 1427 1342 tales
1450 1323 1501 1342 non
1518 1320 1559 1343 est
1574 1316 1627 1343 lex.
1647 1326 1656 1342 ι
1670 1315 1741 1349 Qua-

957 1364 1066 1393 propter
1088 1359 1131 1386 ltic
1152 1367 1258 1394 quoque
1279 1359 1352 1394 prius
1375 1359 1444 1387 dixit
1457 1368 1464 1386 :
1478 1369 1487 1385 ι
1505 1360 1655 1388 Divisionrs
1675 1368 1739 1388 vero

958 1403 1106 1436 gratiarum
1133 1409 1217 1435 sunt;
1244 1403 1315 1431 idem
1341 1408 1432 1431 autem
1461 1404 1599 1439 Spiritus:
1620 1414 1629 1430 ι
1651 1405 1676 1431 id
1699 1411 1740 1432 est

959 1447 1030 1482 (per
1052 1448 1167 1482 ellipsim
1194 1449 1345 1480 sermonis,
1373 1454 1399 1476 et
1418 1450 1573 1485 syncopen)
1592 1459 1600 1476 ι
1619 1450 1739 1484 Spiritus

959 1492 1004 1526 qui
1018 1492 1100 1519 donat
1117 1502 1124 1520 :
1142 1503 1151 1519 ι
1169 1497 1195 1520 ct
1210 1498 1301 1528 postea
1315 1493 1473 1528 subiunxit:
1491 1503 1501 1520 ι
1521 1494 1592 1522 Unus
1617 1501 1643 1522 et
1669 1496 1738 1522 idem

917 1529 938 1558 (δ
957 1539 1072 1573 Spiritus
1083 1558 1090 1571 ,
1106 1539 1228 1566 dividens
1242 1547 1362 1567 seorsum
1376 1539 1522 1574 utticuiqne
1535 1545 1615 1574 prout
1630 1541 1703 1575 vult;
1724 1551 1733 1568 ι

956 1589 984 1611 ιιι
1000 1584 1123 1611 eumdem
1144 1585 1228 1619 ipsum
1245 1591 1272 1612 et
1289 1585 1408 1619 donare,
1426 1589 1454 1612 et
1471 1586 1590 1614 dividere
1606 1586 1734 1614 ostende—

957 1635 1017 1662 ret,
1036 1630 1072 1656 ita
1090 1630 1212 1663 scilicet,
1229 1635 1258 1658 ut
1279 1631 1348 1658 idem
1368 1632 1479 1658 omnino
1498 1632 1577 1664 velit,
1597 1636 1678 1666 atque
1696 1633 1741 1660 ille

957 1683 1036 1708 unus,
1049 1676 1125 1711 cujus
1136 1683 1177 1703 est
1191 1677 1320 1711 Spiritus,
1334 1677 1404 1704 etad
1417 1684 1496 1711 quem
1510 1678 1599 1704 omnia
1616 1678 1741 1706 referun-

957 1727 1019 1756 tur,
1036 1723 1108 1750 sicut
1129 1722 1260 1750 iiomanis
1281 1723 1411 1757 scriptutn
1434 1728 1475 1750 est
1490 1732 1497 1750 :
1512 1733 1521 1748 (
1536 1723 1667 1757 Quoniam
1684 1725 1740 1760 (78)

957 1777 989 1795 ex
1007 1769 1081 1803 ipso,
1094 1773 1121 1795 et
1134 1777 1182 1802 per
1196 1769 1282 1803 ipstttn
1293 1789 1300 1801 ,
1314 1774 1340 1796 et
1357 1769 1382 1796 itt
1400 1769 1487 1804 ipstttn
1502 1769 1603 1796 omnia.
1618 1779 1626 1795 ι
1642 1769 1738 1797 Verum

957 1815 990 1841 ad
1005 1814 1057 1842 alia
1073 1819 1169 1841 cuncta
1188 1815 1268 1841 etiam
1292 1815 1400 1841 oracula
1418 1816 1546 1846 attende,
1563 1822 1622 1849 qua:
1637 1815 1669 1842 de
1684 1816 1742 1850 ipso

958 1858 1106 1894 Scriptura).
1127 1859 1247 1886 habent:
1266 1858 1294 1885 Si
1312 1858 1385 1885 enim
1402 1858 1434 1885 ad
1451 1858 1542 1885 omnia
1563 1859 1738 1892 attendisses,

957 1913 989 1932 ac
1004 1906 1027 1932 si
1046 1905 1095 1939 ipsi
1112 1904 1167 1931 Deo
1182 1904 1254 1931 Patri
1266 1924 1273 1935 ,
1292 1909 1319 1931 et
1334 1903 1478 1939 Unigenito
1495 1904 1578 1939 ipsius
1594 1904 1663 1932 Filio
1679 1912 1738 1932 cre-

957 1952 1053 1985 deres,
1071 1958 1101 1978 ac
1117 1950 1228 1985 insuper
1247 1955 1286 1977 tot
1299 1950 1416 1981 sanctis,
1430 1957 1545 1984 quorum
1560 1950 1657 1978 mentis
1672 1958 1737 1979 ocu-

959 1997 992 2030 li,
1008 1997 1214 2024 cherubicorum
1241 1996 1335 2027 instar,
1360 1995 1454 2030 vigiles
1480 1996 1536 2030 (79)
1551 2003 1647 2030 erant,
1669 2003 1738 2031 quos

958 2043 1007 2076 ipsi
1024 2046 1126 2076 qttanto
1151 2041 1246 2076 majori
1272 2040 1421 2067 reverentia
1443 2044 1470 2067 et
1486 2041 1587 2068 honore
1600 2042 1741 2075 prosequi-

959 2097 1030 2122 mur,
1046 2093 1122 2114 tanto
1136 2087 1222 2122 magis
1236 2086 1384 2122 symbolam
1400 2093 1481 2120 opere
1495 2085 1529 2113 ab
1543 2085 1609 2120 ipsis
1624 2086 1721 2114 factam
1733 2108 1741 2119 ,

957 2140 984 2161 et
1005 2133 1166 2164 doctrinam,
1183 2137 1211 2159 et
1227 2132 1307 2159 ﬁdem
1324 2132 1357 2159 ab
1378 2132 1410 2158 iis
1428 2131 1568 2166 probatam
1588 2136 1660 2158 recte
1678 2138 1739 2158 sus-

959 2180 1073 2216 cipimus
1093 2189 1099 2206 :
1126 2187 1158 2206 ac
1181 2179 1202 2206 si
1226 2183 1356 2213 praeterea
1385 2177 1462 2204 initio
1484 2182 1594 2204 secutus
1613 2185 1645 2204 ex
1665 2183 1740 2211 parte

960 2235 1012 2254 non
1031 2226 1114 2252 fuisse
1128 2225 1184 2252 Arii
1202 2223 1320 2251 asseclas
1332 2243 1340 2256 ,
1357 2231 1425 2258 quos
1443 2230 1491 2250 nec
1509 2223 1649 2250 nominare
1664 2223 1742 2250 nobis

960 2272 1039 2302 licet,
1057 2279 1106 2298 nec
1130 2277 1260 2301 noscere,
1283 2268 1417 2296 reveritus
1438 2275 1485 2295 eos
1510 2273 1602 2302 utpote
1624 2267 1668 2300 qui
1691 2268 1739 2295 tibi

960 2324 1056 2344 nomen
1072 2315 1190 2350 episcopi
1213 2314 1268 2349 (80)
1287 2314 1473 2347 imposuerunt
1486 2332 1493 2345 ,
1517 2319 1577 2339 cum
1593 2315 1671 2339 antea
1696 2319 1741 2340 or-

995 2405 1049 2440 (77)
1070 2405 1193 2434 Fructus.
1217 2404 1303 2432 Galat.
1325 2412 1350 2435 ν.
1367 2404 1402 2431 2‘2
1413 2407 1439 2440 et
1453 2401 1599 2440 25.7713i7blia
1618 2409 1667 2436 pro
1686 2401 1740 2437 γάρ

932 2444 935 2447 ‘
959 2437 1058 2468 habent
1069 2441 1117 2466 δέ·
1142 2448 1194 2475 quo
1211 2440 1290 2467 modo
1309 2439 1372 2475 legit
1394 2438 1475 2466 etiam
1501 2437 1629 2473 Didymus
1655 2444 1739 2471 segni.

957 2476 993 2502 55
1006 2475 1030 2503 b.
1050 2475 1116 2510 Vide
1130 2474 1272 2510 vulgatam
1297 2474 1510 2510 translationem.

1005 2510 1049 2542 78)
1070 2509 1210 2542 Quoniam.
1233 2509 1309 2536 Rom.
1326 2517 1363 2540 xt.
1381 2509 1424 2536 36.

1005 2510 1038 2537 78
1070 2510 1210 2542 Quoniam.
1233 2510 1309 2536 Rom.
1326 2517 1363 2540 xt.
1381 2510 1424 2536 36.

1005 2510 1049 2580 79)
1065 2544 1172 2581 iiigiler;
1184 2545 1235 2571 Pro
1243 2545 1437 2581 ὲγγρηγρρουν,
1444 2543 1557 2581 emendo
1564 2541 1740 2581 Eyp'qfépouv.

1009 2553 1048 2580 ιιι)
1066 2553 1079 2571 γ
1087 2553 1172 2580 ignes;
1184 2553 1235 2584 ιιι-ο
1243 2553 1437 2605 εγγρηγορουν,
1444 2553 1557 2583 emenuu
1564 2553 1594 2576 εγ
1599 2553 1739 2591 ρηγυρουχ.

1004 2581 1048 2615 80)
1069 2579 1313 2616 Nomenicptscopt.
1328 2579 1388 2616 _iac
1412 2579 1548 2616 locultpne
1570 2581 1616 2603 aut
1640 2578 1739 2616 t_t_t_dtc.tt

958 2610 1018 2643 enin
1037 2610 1117 2650 quem
1141 2610 1401 2650 refeiljlt'cxoitaiov
1425 2614 1472 2650 (ut
1491 2611 1617 2639 Socrates
1643 2610 1690 2637 lib.
1714 2618 1741 2637 tv

960 2651 1029 2678 Hist.
1047 2647 1113 2677 'cccl.
1136 2657 1197 2686 cap.
1218 2649 1234 2675 7
1262 2647 1408 2686 loquitur),
1430 2647 1461 2674 id
1487 2651 1527 2674 est
1545 2654 1564 2686 Vr
1576 2649 1738 2686 vacantem.»

958 2686 1117 2720 episcopum,
1133 2684 1231 2715 fuisse;
1251 2689 1297 2710 aut
1312 2685 1408 2720 potius
1416 2685 1585 2720 contemptus
1605 2687 1686 2720 causa
1702 2684 1741 2707 sic

958 2715 1077 2756 loquitur
1091 2719 1226 2756 Didymus,
1237 2723 1264 2745 ut
1277 2715 1337 2756 enin
1354 2715 1740 2756 indicetpseudtyepiscop'um

959 2765 972 2781 ιι
991 2748 1021 2782 se
1037 2748 1224 2790 haberiiqua'
1237 2755 1341 2790 ratione
1366 2748 1475 2790 concilii
1498 2748 1740 2790 sardi-cettsisl'i’a-

961 2795 1016 2816 tres
1030 2790 1055 2816 itt
1073 2783 1183 2823 epistola
1204 2788 1347 2825 synodica,
1363 2788 1395 2814 de
1411 2785 1542 2825 episcopis
1559 2784 1644 2825 Magni
1659 2783 1742 2825 Atha-

961 2825 1028 2852 nasii
1063 2820 1227 2852 adversariis
1255 2828 1282 2851 et
1308 2821 1547 2851 calumniatoribus
1586 2820 1742 2855 loquentes.
