1933 3064
198 103 250 131 615

816 99 931 127 DIDYMI
951 98 1186 127 ALEXANDRIM

1769 98 1828 127 616

197 162 322 190 tltotloxaa
343 165 371 188 et
389 157 544 194 apostolicae
565 156 691 185 Ecclesiae
721 157 852 185 diaconus
881 165 978 190 esses;

1032 166 1084 184 των
1113 158 1381 193 δημιουργουμὲνων,
1410 158 1457 185 ἅτε
1482 156 1593 192 Πνεῦμα
1616 156 1662 184 τοῦ
1687 156 1756 184 θεοῦ
1779 158 1830 186 ὲν-

197 214 333 241 nunquant
359 213 409 237 ea,
427 212 486 239 qua:
507 204 540 230 de
562 202 664 237 Spiritu
687 207 781 230 sancto
800 203 871 230 dicta
898 208 980 235 sunt.

199 260 261 278 l'lllll
278 252 310 278 iis
325 242 528 286 compa'rasses.
545 257 605 284 qua:
622 249 655 276 de
668 249 801 277 creaturis
824 249 894 276 dicta
920 248 979 277 fue-

197 301 277 327 runt.
294 304 344 323 nec
358 297 406 329 iis,
422 296 466 330 qui
485 295 533 322 tibi
551 295 577 321 in
594 295 732 329 impietate
747 295 813 322 socii
830 299 908 328 suttt,
924 302 982 322 rna-

195 343 282 376 jorem
303 342 485 377 suspicionem
502 343 689 377 ingenerasses
700 361 707 372 ,
725 348 812 375 neque
835 342 958 368 convicio
972 361 980 374 ,

196 396 232 415 ne
247 389 333 415 dicam
350 387 518 422 blasphemia
529 407 537 419 ,
556 387 664 414 modum
688 395 796 414 ontttent
815 387 979 419 excedente,

196 442 262 462 usus
277 442 352 462 esses
369 445 375 461 :
391 434 437 461 sed
459 434 522 460 illud
537 434 609 460 scire
631 433 763 467 potuisses
775 453 783 465 ,
802 434 873 468 quod
900 432 982 460 simul

196 481 290 508 aderat
307 480 427 514 Spirittts
441 485 572 512 sanctus,
590 483 620 506 et
634 479 714 506 simul
730 479 893 514 operabatur
909 478 980 506 inef-

196 525 327 557 fabiliter,
344 533 406 552 cttm
423 525 514 551 omnia
533 525 641 551 condita
657 530 735 556 sunt,
755 529 847 559 tttpole
863 524 981 559 Spiritus

196 572 243 598 Dei
262 572 288 597 in
305 571 399 597 eodetu
414 571 587 601 subsistens;
604 571 650 597 Dei
667 578 732 597 vero
750 574 778 596 et
798 570 886 596 Patris
905 577 978 596 com-

196 617 329 651 placentia
345 617 455 643 omnino
472 617 540 648 fuit,
557 617 627 644 sicut
648 617 773 651 superius
797 616 898 643 dictum
921 620 980 648 est,

195 670 244 697 per
267 662 365 689 Filium
392 662 509 689 Verbum
530 663 619 689 omnia
644 670 676 689 ex
694 662 779 688 nihilo
798 661 925 696 produci,
945 662 980 689 ita

195 712 224 734 ιιι
244 707 323 734 simul
337 715 398 733 cum
415 707 473 742 ipso
491 708 656 742 intelligatur
670 706 737 742 (qui
751 707 824 734 enim
841 707 921 733 aliter
938 714 981 734 res

195 760 254 780 esse
271 752 397 788 potest?)
411 761 471 780 cutn
489 753 546 787 ipse
557 752 648 784 Pater,
664 757 720 778 tttm
735 752 909 780 sattctilicans
923 752 981 786 ejus

196 798 313 832 Spiritus
325 819 332 830 ,
360 798 387 825 in
416 799 576 825 creatione:
602 798 757 825 hominibus
774 805 840 825 vero
855 802 958 824 tantum
971 819 977 830 ,

195 847 241 869 aut
259 844 340 870 etiam
362 843 464 878 angelis
484 844 662 879 contingere,
683 849 712 870 ιιι
729 844 820 871 multis
839 844 978 878 personis,

195 892 222 914 et
241 889 366 916 manibus
381 889 520 922 indigeant
536 890 568 916 ad
586 889 718 924 quidlibet
739 889 858 923 perfecte
872 910 879 921 ,
900 894 927 916 et
942 888 980 916 fe-

196 932 239 959 lici
254 940 314 960 ctttn
333 933 405 960 exitu
421 934 504 968 216
518 933 681 961 faciendum.
705 934 742 961 De
761 935 803 961 his
820 940 910 961 autem
931 941 980 961 nos

195 978 239 1004 ille
255 983 346 1006 certos
362 979 467 1011 reddit,
484 979 530 1014 qui
554 979 580 1006 in
601 977 650 1011 ea,
673 987 732 1014 qua:
747 987 795 1014 per
816 980 979 1014 baptismum

195 1025 234 1054 lit.
251 1028 342 1050 nostra
357 1024 495 1050 hominum
513 1025 732 1060 regeneratione,
750 1024 883 1059 Spiritum
899 1025 979 1052 simul

193 1077 254 1096 cum
271 1070 330 1096 aliis
346 1070 469 1104 personis
489 1071 695 1098 commemorari
719 1071 821 1105 jussit;
844 1079 905 1098 nam
923 1072 979 1106 ipse

193 1123 300 1150 quoqtte
317 1121 547 1143 commemoratur
563 1120 593 1142 ut
609 1117 689 1143 simul
705 1124 844 1151 presens.
860 1122 887 1145 et
900 1118 980 1144 simul

193 1168 308 1195 operans
318 1181 325 1192 ,
338 1166 362 1187 ct
378 1161 505 1188 ineffabili
523 1167 618 1188 natura
633 1169 686 1189 non
700 1162 821 1189 inferior.
838 1162 884 1190 Sic
899 1170 974 1198 ergo,

193 1212 287 1233 etnon
305 1207 384 1233 aliter
404 1207 460 1234 haec
475 1215 504 1234 se
522 1208 636 1240 habent.
661 1213 689 1236 et
711 1208 786 1243 plura
811 1212 901 1236 tamen
921 1210 976 1244 (8|)

193 1252 284 1279 dicere
300 1253 433 1279 omittam.
456 1253 490 1279 At
507 1253 577 1280 enim
602 1261 650 1288 per
676 1254 806 1288 Spiritum
822 1254 903 1282 etiam
921 1254 978 1282 dis~

195 1297 287 1324 tribuit
302 1298 370 1324 Deus
380 1318 386 1329 .
401 1298 472 1325 sicut
490 1306 537 1332 per
545 1298 663 1326 Verbum
675 1307 752 1326 sutttn
762 1304 846 1327 creat.
862 1299 915 1327 Sed
930 1300 980 1327 hoc

193 1351 254 1369 ettm
278 1351 293 1369 a
314 1344 413 1370 deitate
439 1352 492 1371 non
515 1345 653 1378 excludit,
670 1346 739 1372 sicut
757 1354 790 1372 tte
806 1345 902 1372 Filium
918 1347 979 1380 qni-

193 1390 254 1416 dcttt
270 1399 277 1417 :
295 1391 359 1424 qttitt
377 1391 430 1417 imo
450 1393 505 1418 haec
519 1392 601 1419 etiam
616 1392 782 1425 ostendunt,
808 1392 895 1426 ipsutn
918 1399 980 1419 esse

195 1435 277 1462 Deum
294 1446 299 1462 ε
317 1436 442 1470 quoniam
461 1437 493 1463 iis
507 1457 514 1469 ,
534 1438 578 1472 qui
597 1445 645 1472 per
665 1437 762 1464 Filium
784 1439 870 1465 creati
896 1443 978 1471 sunt,

1032 203 1182 230 υπόστατον
1195 211 1202 218 '
1221 203 1349 239 εὑδόκησε
1373 203 1402 229 δὲ
1429 203 1502 236 ἅπαξ
1523 203 1537 229 ὁ
1557 203 1624 234 Θεὸς
1643 203 1689 229 καὶ
1713 204 1828 239 Πατὴρ,

1032 248 1102 275 καθὰ
1118 249 1246 284 ἀνωτέρω
1267 249 1383 284 εἴρηται,
1408 249 1451 276 διὰ
1472 249 1518 275 τοῦ
1537 249 1601 275 Υἱοῦ
1626 249 1711 283 Λόγου
1732 249 1828 276 πάντα

1032 295 1064 321 ὲκ
1087 295 1123 330 μὴ
1144 295 1227 321 ὅντων
1257 295 1458 331 παροισθῆναι,
1485 295 1725 330 συνεπινοουμένου
1747 295 1829 330 (πῶς

1031 340 1085 376 γὰρ
1107 340 1168 376 05;)
1184 341 1266 367 αὐτοῦ
1282 350 1311 367 τε
1333 340 1380 367 τοῦ
1402 341 1507 376 Πατρὺς
1525 341 1571 367 καὶ
1592 341 1638 366 τοῦ
1659 340 1827 375 ἁγιαστικοῦ

1032 386 1189 422 Πνεύματος
1205 386 1287 413 αὑτοῦ
1305 387 1345 418 είς
1363 386 1394 413 τδ
1417 386 1615 422 δημιουργῆσαι
1627 395 1633 401 ·
1653 387 1698 412 ἐπὶ
1717 386 1829 422 ἀνθρὼ-

1033 441 1091 458 πων
1101 432 1139 464 δὲ,
1153 432 1169 467 ἢ
1185 433 1230 459 καὶ
1244 433 1377 467 ἀγγέλων,
1394 432 1473 468 χρεία
1486 432 1590 459 πολλῶν
1607 432 1760 468 προσώπων
1775 433 1828 459 καὶ

1031 478 1131 513 χειρῶν
1145 480 1185 510 είς
1203 478 1232 504 τὺ
1245 478 1354 509 τελείως
1365 478 1411 504 καὶ
1425 478 1638 514 περιγεγονότως
1649 479 1736 505 ὁτιοῦν
1749 479 1829 514 πρᾶ-

1032 522 1086 555 ξαι.
1114 524 1279 558 Διεγγυᾶται
1301 523 1329 550 δὲ
1351 523 1395 558 [99
1411 523 1437 559 a]
1455 523 1540 550 ταῦτα
1564 525 1579 551 ὁ
1600 524 1731 555 θεσπίσας
1750 533 1827 559 συμ-

1033 569 1250 606 μνημονεύεσθαι
1264 569 1329 596 αὐτὸ
1344 571 1372 596 ὲν
1386 571 1418 606 τῇ
1434 569 1481 596 τοῦ
1506 570 1692 605 βαπτίσματος
1707 571 1828 604 ἀναγεν-

1031 616 1063 650 vi]
1068 624 1107 642 σει
1129 616 1145 650 ἡ
1149 615 1206 650 μῶν
1215 624 1223 632 ·
1243 615 1281 647 ὡς
1307 624 1338 642 συ
1342 624 1400 650 μπα
1404 615 1450 651 ρδν
1464 616 1518 651 γὰρ
1527 637 1534 647 ,
1557 617 1604 643 καὶ
1626 625 1658 642 συ
1662 617 1806 652 μπρςῖττον
1816 637 1825 648 ,

1031 661 1079 687 καὶ
1101 661 1150 696 τῆς
1171 661 1290 696 ἀρῤήτου
1310 661 1417 695 φύσεως
1433 661 1481 696 οὺχ
1507 661 1735 697 ὐποὸιϐαζόμενον
1754 671 1827 698 μνη-

1033 704 1175 738 μονεύεται
1191 705 1237 731 καὶ
1253 705 1328 731 αὑτό.
1346 705 1438 736 Οὕτως
1460 705 1510 740 μὲν
1525 704 1571 732 οὗν
1589 706 1684 739 ταῦτα,
1699 706 1747 733 καὶ
1771 707 1826 734 οὐκ

1031 749 1128 781 ἄλλως.
1151 746 1197 776 καὶ
1222 750 1306 776 πλείω
1325 752 1441 786 παρήσω
1464 751 1553 785 λέγειν
1572 752 1656 786 ὅμως.
1676 752 1756 778 Ἀλλὰ
1773 753 1826 778 καὶ

1031 793 1076 820 διὰ
1089 794 1134 820 τοῦ
1151 794 1308 829 Πνεύματος
1323 794 1443 830 διανέμει
1459 795 1474 821 ὁ
1493 795 1568 826 Θεὸς,
1583 795 1620 826 ὡς
1643 794 1686 820 διὰ
1703 794 1750 821 τοῦ
1769 795 1826 821 Λό-

1030 846 1079 872 γου
1090 838 1172 864 αὑτοῦ
1189 838 1286 870 κτίζει.
1305 839 1388 866 Τοῦτο
1404 839 1454 865 οὑκ
1473 839 1597 866 ἐκϐάλλει
1614 839 1678 866 αὐτὸ
1693 839 1743 874 τῆς
1759 839 1824 866 θεό-

1030 893 1119 920 τητος,
1133 884 1170 917 ὡς
1190 885 1249 911 οὐδὲ
1276 885 1321 911 τὸν
1338 885 1417 911 Υίόν·
1442 885 1537 920 μενοῦν
1562 894 1593 919 γε
1614 886 1660 912 καὶ
1675 885 1825 919 ἀποφαίνει

1030 932 1076 957 καὶ
1089 931 1133 957 διὰ
1142 930 1243 957 τούτων
1257 930 1323 957 αὐτὸ
1339 930 1414 957 Θεόν.
1436 931 1545 966 Ἐπειδὴ
1562 933 1618 962 τοῖς
1636 931 1679 957 διὰ
1693 931 1740 957 τοῦ
1754 931 1822 957 Tia-3

1031 977 1174 1010 κτισθεῖσι,
1196 977 1240 1003 διὰ
1265 977 1312 1003 τοῦ
1333 977 1411 1011 ἁγίου
1426 978 1582 1012 Πνεῦματος
1596 977 1631 1003 τὰ
1649 977 1717 1013 πρὸς
1732 986 1824 1013 σωτη-

1032 1023 1092 1059 ρίαν
1109 1023 1156 1050 καὶ
1171 1023 1307 1058 πανταχοῦ
1322 1023 1474 1058 λαλούμενα
1491 1023 1640 1058 παρέχεται
1651 1023 1749 1057 ἀγαθά..
1765 1023 1824 1049 Θά-

1029 1077 1108 1104 τερον
1122 1068 1176 1104 γὰρ
1193 1068 1306 1104 θατέρου
1326 1068 1454 1104 ἢρτηται,
1475 1069 1520 1094 καὶ
1535 1068 1574 1103 τῷ
1590 1068 1822 1104 δημιουργηθέντι

1032 1113 1242 1150 συμφορώτερον
1260 1113 1307 1140 τοῦ
1328 1114 1560 1150 δημιουργηθῆναι
1581 1114 1611 1141 τὸ
1634 1115 1819 1150 προνοεῖσθαι,

1031 1160 1078 1187 καὶ
1088 1159 1136 1186 τοῦ
1152 1160 1258 1195 ῥέοντος
1272 1159 1390 1195 πλήθους
1403 1160 1457 1186 τῶν
1472 1160 1500 1193 ἐξ
1514 1160 1628 1196 οὐρανοῦ
1652 1161 1731 1187 θείων
1750 1170 1821 1188 κατ-

1030 1204 1171 1237 αξιοῦσοαι
1190 1204 1297 1240 δώρων·
1311 1205 1358 1232 καὶ
1373 1205 1567 1241 προτετίμηται
1580 1206 1717 1241 πανταχοῦ
1734 1206 1764 1232 τὸ
1781 1206 1821 1242 μὴ

1030 1250 1165 1284 γενέσθαι,
1181 1250 1227 1276 τοῦ
1251 1251 1395 1286 γενόμενον
1419 1250 1543 1284 ἀτευξίαν
1559 1251 1630 1286 ἔχειν
1643 1252 1697 1278 τῶν
1715 1251 1821 1278 ἄνωθεν

1030 1296 1208 1331 ἀδαπανήτιον
1224 1295 1334 1330 ἀγαθῶν
1343 1305 1349 1311 ·
1368 1296 1386 1323 ἃ.
1400 1297 1446 1323 καὶ
1459 1297 1584 1332 διδόμενα
1597 1298 1645 1332 οὐχ
1658 1298 1764 1332 ὁρᾶται,
1780 1299 1821 1330 ὡς

1030 1343 1077 1369 καὶ
1094 1343 1108 1369 ὁ
1131 1342 1219 1374 διδοὺς
1235 1342 1282 1368 καὶ
1300 1342 1333 1368 δι’
1350 1341 1454 1370 αἰώνων
1473 1343 1599 1378 ἐπαρκεῖ,
1621 1344 1667 1370 καὶ
1682 1344 1820 1378 ἀγνοεῖταί

1030 1397 1097 1420 πως.
1119 1389 1156 1415 Οὐ
1178 1387 1232 1424 γὰρ
1250 1388 1303 1414 ῑδεν
1322 1387 1393 1414 αὐτὰ
1408 1388 1494 1424 ὄμμα,
1514 1389 1576 1416 οὔτε
1597 1390 1710 1425 ἤκουσεν
1727 1387 1782 1421 οὖς,
1799 1390 1818 1426 ἢ

1030 1435 1070 1467 εἰς
1085 1434 1233 1469 ἐνθύμησιν
1253 1432 1318 1470 ἦλθέ
1336 1443 1399 1461 πω’
1423 1435 1470 1461 καὶ
1494 1435 1637 1470 πρόκειται
1660 1437 1693 1471 τῇ
1718 1435 1819 1470 γνώσει

164 1506 172 1511 ,
193 1488 241 1515 per
255 1480 384 1516 Spiritum
401 1487 522 1509 sanctum
542 1485 609 1510 bona
625 1484 794 1517 praebentur,
811 1491 870 1518 qnze
882 1484 915 1510 ad
933 1491 978 1510 sa-

1032 1479 1108 1516 ήμῶν
1123 1480 1177 1506 πᾶν
1191 1479 1254 1516 περὶ
1268 1480 1359 1508 αὐτῶν
1378 1480 1444 1516 ὕψος
1463 1480 1703 1516 συλλογιζομένων,
1723 1482 1777 1508 πᾶν
1787 1490 1819 1507 τε

194 1526 273 1552 Iutem
296 1527 456 1560 couferunt,
480 1534 594 1562 qumque
611 1529 711 1562 ubique
726 1528 919 1555 celebrantur:
937 1529 978 1555 al-

194 1577 280 1598 terunt
297 1573 367 1599 enim
382 1573 415 1599 ab
429 1573 514 1600 altero
537 1574 656 1607 pendet.
682 1579 708 1600 et
732 1579 863 1601 creatura:
889 1574 980 1601 utilior

192 1623 234 1644 est
252 1618 428 1652 providentia,
442 1619 609 1652 copiosaque
624 1619 773 1646 divinorum
786 1627 817 1646 ac
829 1619 978 1646 caelestium

193 1661 325 1687 donorum
341 1662 519 1689 multitudinis
531 1664 704 1696 consecutio,
719 1672 800 1698 quam
816 1665 918 1691 creatio
931 1674 938 1697 ;
953 1670 979 1692 et

193 1705 277 1740 pluris
293 1707 326 1731 ab
343 1707 467 1734 omnibus
485 1708 635 1735 testinttttur
653 1716 706 1735 non
722 1710 873 1742 exsistere,
898 1717 978 1744 quatit

193 1759 254 1778 cuttt
271 1752 400 1785 cxsistas,
415 1760 531 1787 superna
549 1753 710 1781 inexhausta
728 1756 796 1782 bona
813 1763 864 1782 non
882 1763 977 1783 conse-

193 1797 260 1831 qui;
279 1805 338 1832 qutn
357 1798 437 1824 etiarn
460 1806 520 1826 cum
548 1800 656 1832 dantur,
680 1809 732 1828 non
755 1802 973 1835 conspiciuntur,

193 1843 264 1870 sicut
279 1851 373 1870 eorum
392 1845 471 1871 etiam
499 1846 613 1873 donator
630 1852 656 1873 et
676 1847 703 1873 in
721 1847 820 1874 stecula
836 1847 977 1883 elargitur,

192 1892 221 1915 et
245 1889 443 1923 quodammoth
467 1889 632 1924 ignoratur:
659 1899 708 1918 ncc
723 1892 794 1918 enim
821 1900 851 1919 ea
883 1893 978 1920 oeultts

192 1933 276 1966 vidit,
305 1942 391 1969 neque
416 1936 490 1962 aut-is
520 1937 639 1970 audivit,
668 1945 755 1972 neque
772 1938 797 1965 in
816 1944 934 1966 mentem
951 1945 979 1967 et

191 1979 381 2014 cogitationem
413 1985 532 2008 nostram
563 1987 718 2014 venerunt,
751 1990 799 2010 nec
829 1985 977 2018 cognitioni

193 2028 291 2051 nostra:
318 2026 437 2058 exposita
458 2031 536 2059 sunt;
555 2027 601 2054 sed
621 2028 752 2061 quidquid
776 2029 917 2056 excelsum
946 2037 977 2057 ac

192 2070 307 2097 sublime
318 2090 326 2103 ,
343 2071 473 2106 quidquid
491 2073 633 2106 pulchrum
652 2082 764 2108 usquam
779 2080 841 2109 est,
858 2076 883 2102 id
900 2083 979 2103 omne

192 2116 272 2142 simul
302 2122 392 2152 mente
420 2117 588 2152 colligimus,
616 2124 646 2146 ut
671 2120 727 2155 (82)
754 2121 843 2155 aliquo
870 2122 977 2148 tandem

1030 1527 1126 1559 κάλλος
1143 1526 1335 1562 συλλεγόντων,
1351 1528 1425 1560 ὅπως
1439 1527 1498 1554 ποτ’
1520 1525 1565 1554 οὗν
1581 1527 1684 1563 πελάζῃ
1699 1527 1738 1562 τῷ
1752 1526 1821 1563 ττρέ-

1029 1582 1106 1600 ποντι
1125 1575 1142 1609 ἡ
1156 1574 1262 1606 πίστις·
1278 1573 1341 1600 ἔνθα
1355 1573 1408 1608 γὰρ
1424 1573 1490 1600 αὐτὸ
1509 1573 1633 1608 τάληθὲς,
1645 1574 1662 1608 ἢ
1677 1573 1819 1608 τάκριϐὲς,

1029 1619 1096 1650 τέως
1110 1619 1159 1654 οὐχ
1171 1619 1317 1655 ἁλώσιμον,
1331 1620 1360 1650 ἐς
1371 1619 1402 1645 τὸ
1413 1619 1523 1645 δυνατὸν
1535 1619 1574 1645 δεῖ
1586 1618 1703 1654 βλέπειν.
1724 1619 1822 1645 Ἀπλα-

1029 1663 1077 1699 vi];
1102 1662 1147 1690 οὖν
1169 1664 1242 1698 ἔλεξε
1270 1663 1345 1700 φωνὴ
1371 1664 1434 1700 περὶ
1457 1664 1503 1691 τοῦ
1520 1664 1666 1700 γενομένου
1684 1665 1820 1700 ἀμετὸχου

1029 1709 1147 1736 τούτων·
1172 1719 1181 1735 ‹
1199 1710 1288 1736 Καλὸν
1310 1707 1344 1745 ἦν
1365 1710 1404 1745 τῷ
1430 1709 1565 1746 ἀνθρώπῳ
1588 1711 1695 1745 ἐκείνῳ,
1717 1711 1741 1737 εί
1768 1711 1819 1737 οίικ

1029 1754 1170 1790 ἐγεννήθη.
1189 1763 1198 1779 ι
1223 1755 1309 1786 Αὐτὸς
1335 1753 1381 1781 οὖν
1410 1756 1520 1782 σεαυτὸν
1545 1755 1578 1782 δι’
1601 1756 1691 1788 αἰτίας
1716 1756 1819 1792 ἢγαγες

1029 1800 1091 1836 ἤδη,
1106 1800 1153 1826 καὶ
1166 1801 1203 1832 εἰς
1219 1801 1315 1827 ἑαυτὸν
1337 1800 1526 1836 περιέτρεψας,
1543 1801 1576 1837 ἧν
1591 1801 1654 1828 arma
1668 1802 1727 1828 καθ’
1741 1803 1819 1837 ἡμῶν

1029 1845 1214 1881 κατηγορίαν·
1237 1845 1284 1872 καὶ
1304 1845 1396 1877 ἁπλῶς
1411 1846 1465 1872 τῶν
1487 1846 1555 1880 ἀέρα
1574 1846 1727 1873 τυπτόντων
1743 1846 1819 1873 οὐδὲν

1029 1891 1166 1927 διαφέρειν
1195 1891 1302 1925 ἔδοξας,
1329 1892 1476 1928 προαχθεὶς
1507 1893 1546 1924 είς
1576 1892 1606 1918 τὸ
1633 1893 1748 1929 ἀπορίας
1779 1902 1819 1919 τι-

1029 1937 1088 1969 νὰς,
1111 1937 1142 1963 τὸ
1170 1937 1201 1972 δὴ
1231 1937 1385 1973 λεγόμενον,
1408 1937 1551 1969 καττύσαι,
1584 1939 1630 1965 καὶ
1647 1938 1690 1974 [99
1715 1938 1739 1975 ἡ]
1769 1948 1817 1975 με-

1028 1981 1095 2014 ταξὺ
1115 1982 1193 2009 θείων
1216 1983 1386 2018 πραγμάτων
1412 1983 1458 2009 καὶ
1480 1983 1655 2018 διηγημάτων
1679 1985 1718 2015 είς
1737 1985 1818 2019 μέσον

1030 2028 1137 2063 ἀσόφως
1147 2028 1250 2064 φέρειν,
1266 2029 1315 2063 τῆς
1332 2029 1426 2064 χρείας
1444 2029 1494 2055 οὐκ
1513 2029 1689 2065 ἀπαιτούσης,
1706 2030 1773 2057 ἄλλα
1787 2031 1817 2066 τέ

1029 2083 1089 2101 τινα
1104 2074 1194 2107 ὑλικὰ,
1210 2075 1257 2101 καὶ
1272 2075 1362 2110 μέντοι
1389 2075 1434 2101 τὸν
1462 2075 1647 2110 ἀντικείμενον
1657 2096 1663 2107 ,
1681 2076 1728 2102 καὶ
1750 2078 1818 2103 ἀπο-

1031 2120 1206 2156 ϐεὗλημὲνον,
1227 2121 1273 2147 καὶ
1292 2119 1390 2157 οἷάπερ
1412 2121 1505 2154 ἔλεξας
1527 2123 1720 2149 ὐποὸάλλοντα.
1746 2122 1816 2150 Πολύ

193 2167 273 2194 tnodo
300 2168 332 2194 ad
359 2168 499 2195 veritatem
528 2171 639 2198 accedat
663 2172 730 2200 fides
750 2177 862 2207 nostra;
887 2173 914 2200 in
939 2173 978 2201 al-

1032 2174 1060 2192 τε
1079 2166 1191 2201 ἀπέχεις
1205 2166 1259 2192 τῶν
1273 2166 1393 2198 ἐπιεικές
1414 2176 1438 2194 τι
1463 2168 1508 2194 καὶ
1525 2168 1641 2203 χρηστὸν
1669 2169 1817 2204 πεποιηκό-

191 2223 249 2247 tera
267 2221 337 2248 enim
365 2221 419 2248 vita
447 2222 576 2250 duntaxat
598 2223 689 2251 divina
717 2224 760 2252 illa
789 2225 877 2258 bona,
897 2231 979 2261 prout

193 2260 343 2301 revera\in
373 2275 473 2310 seipsis
504 2281 591 2310 sunt,
624 2281 651 2304 et
681 2278 740 2305 sine
776 2278 857 2312 velo,
892 2287 976 2314 quan-

193 2329 249 2350 tuttt
274 2332 387 2358 capaces
402 2327 504 2354 erimus
516 2346 524 2358 ,
540 2327 715 2361 intuebimur,
733 2337 793 2356 cum
814 2330 840 2357 in
854 2330 904 2357 hac
921 2331 977 2358 vita

193 2379 332 2411 percipere
344 2379 436 2405 eadem
467 2387 518 2407 non
544 2385 692 2408 valeamus.
709 2380 803 2417 Itaque
819 2383 841 2410 is
855 2383 900 2418 qui
922 2383 977 2410 falli

192 2437 244 2456 non
263 2434 369 2464 potest,
395 2431 428 2458 de
444 2439 476 2458 eo
490 2433 534 2467 qui
552 2433 683 2461 bonorum
710 2434 823 2462 istorum
841 2435 978 2470 particeps

192 2481 279 2508 factus
303 2488 355 2508 non
371 2487 421 2514 est,
433 2483 518 2511 dixit:
534 2493 543 2510 ι
558 2484 660 2512 Bonum
677 2485 782 2520 (85-75)
799 2491 859 2513 erat
873 2486 974 2513 homini

265 2549 543 2592 cuxocpqvtiaglabtﬁs
555 2551 649 2586 μισθὸν
664 2551 809 2592 (inquiunt)
820 2552 858 2587 τῷ
875 2553 984 2592 Ἰσχιόρᾳ

190 2583 338 2624 δεδώκασιν
355 2585 505 2624 ἐπισκόπου
522 2583 627 2624 etiope,
640 2583 688 2624 frt‘p
713 2583 780 2623 μηδὲ
801 2583 982 2624 ἦτρὲσόυέἑρᾠ

191 2619 363 2657 τυγχάνοντι,
377 2620 402 2657 id
414 2626 462 2657 est
483 2629 489 2648 :
508 2630 517 2646 ι
534 2619 583 2655 Ipsi
599 2619 720 2657 Ischy'rae'
737 2619 878 2650 c'alunt'nim
905 2619 982 2651 istius

192 2654 345 2692 mercedem
368 2654 501 2682 dederunt
525 2654 620 2683 numen
646 2654 775 2692 episcopi,
799 2666 860 2684 cunt
891 2663 980 2685 tamen

192 2694 226 2726 rte
258 2688 401 2726 presbyter
427 2691 534 2724 quidem
564 2688 671 2718 esset.i
700 2688 889 2720 Theoloretus
914 2701 980 2720 vero

252 2720 271 2761 ιι
288 2720 358 2750 Hist.
372 2720 447 2756 ecclf,
464 2733 522 2760 cap.
538 2726 585 2758 Ἡ,
600 2726 738 2753 Leontium
765 2737 778 2754 a
795 2727 922 2754 Flaviano
944 2735 977 2754 ac.

194 2755 314 2796 pjodorq
336 2755 527 2796 repreltettstt'tu
558 2755 671 2793 narrat,
699 2763 768 2795 quod
798 2763 903 2789 Aetium
928 2763 974 2789 ἐπὶ

192 2788 266 2832 ﬁth
284 2791 332 2826 τῆς
352 2788 521 2832 ’Ἐκκλησίας
547 2796 593 2832 τοῦ
618 2788 833 2832 τῆςίδίακονίαξ
847 2797 977 2832 ὀνόματος

193 2823 336 2859 ἠξιώσατο,
352 2827 377 2854 id
394 2823 473 2862 est,'t
486 2823 555 2864 quod
576 2831 601 2857 itt
620 2823 744 2859 Eeilcsia:
760 2823 903 2868 pernicie-nit
917 2823 978 2860 dia:

1030 2221 1094 2245 των,
1115 2213 1161 2239 καὶ
1182 2213 1268 2244 οὐδείς
1299 2222 1329 2239 σε
1354 2213 1524 2249 Χριστιανῶν
1549 2214 1603 2240 τῶν
1628 2215 1678 2246 τὰς
1707 2216 1818 2251 Γραφὰς

1029 2258 1118 2294 ὀρθῶς
1137 2255 1185 2285 καὶ
1214 2258 1399 2294 ἀπροσπαθῶς
1426 2259 1683 2295 ἐκμελετησάντων,
1709 2262 1756 2288 καὶ
1777 2260 1817 2294 οἷς

1029 2303 1111 2334 εὐθὺς
1124 2303 1154 2329 τὸ
1168 2303 1328 2339 διαπρέπειν
1349 2304 1395 2330 ἐπὶ
1413 2305 1446 2339 τῇ
1470 2303 1576 2339 δοθείσῃ
1593 2304 1668 2340 παρὰ
1685 2305 1731 2332 τοῦ
1745 2305 1816 2333 θείου

1029 2348 1186 2384 Evadite-.0;
1209 2349 1299 2384 χάριτι
1324 2349 1453 2384 ὑπῆρξεν,
1481 2349 1640 2381 ἀποδέξαιτο
1663 2350 1696 2377 ἂν
1721 2352 1761 2383 εἰς
1784 2353 1818 2379 τὰ

1030 2394 1207 2429 ψυχοϐλαόὦς
1233 2403 1272 2420 σοι
1298 2394 1491 2430 ὲκπονηθέντα.
1518 2395 1597 2421 Κατὰ
1619 2396 1673 2431 γὰρ
1695 2397 1744 2431 τὴν
1769 2398 1817 2433 σὴν

1030 2440 1196 2477 ἐγχείρησιν,
1215 2440 1413 2476 ἐκϐληθήσεται
1432 2440 1502 2476 τάχα
1517 2441 1591 2467 πᾶσα
1604 2441 1708 2476 Γραφὴ,
1727 2442 1817 2469 θεολο-

1030 2487 1092 2521 γίας
1108 2487 1219 2521 ἔνδειξιν
1235 2488 1342 2522 ἔχουσα.
1358 2488 1414 2514 Καὶ
1430 2487 1507 2523 φέρε,
1523 2489 1547 2514 εί
1563 2487 1600 2523 μὴ
1617 2488 1702 2515 ταῦτα
1717 2489 1814 2525 ἀληθῆ,

1033 2560 1146 2582 conatus
1163 2555 1271 2582 nomine
1286 2555 1390 2582 Aetium
1408 2554 1532 2589 dignatus
1545 2560 1625 2583 esset.
1643 2565 1654 2581 ι

1067 2589 1124 2625 (Si)
1154 2590 1261 2617 Tamen.
1298 2590 1354 2617 Vox
1377 2590 1451 2625 ὅμως
1474 2590 1532 2617 loco
1556 2591 1670 2618 fortasse
1693 2599 1745 2619 tton
1767 2600 1815 2619 suo

1032 2625 1117 2658 posita
1133 2630 1173 2652 est
1189 2633 1203 2651 a
1226 2625 1335 2652 librario
1351 2634 1357 2652 :
1372 2633 1403 2651 ac
1420 2625 1560 2659 legendum
1580 2626 1707 2658 conjiciat
1726 2628 1787 2659 quis
1804 2638 1810 2655 :

1037 2659 1104 2696 ’Λλλξ
1115 2661 1142 2696 εἰ
1157 2661 1203 2686 καὶ
1216 2660 1260 2687 διὰ
1272 2659 1320 2686 τοῦ
1335 2659 1495 2696 Πνεύματος
1508 2681 1515 2688 .
1531 2681 1537 2687 .
1552 2680 1559 2686 .
1573 2661 1648 2696 ὅμως
1667 2661 1745 2688 τοῦτο
1767 2662 1817 2689 οὐκ

1030 2694 1165 2734 ἐκϐάλλει,
1187 2696 1277 2722 addita
1302 2703 1398 2730 nempe
1413 2694 1513 2722 'vocula
1531 2696 1566 2726 ei.
1589 2694 1642 2730 quo
1655 2697 1814 2725 concinnior

1030 2730 1064 2756 sit
1078 2730 1175 2758 oratio.

1065 2764 1121 2797 (8'2)
1143 2764 1186 2792 Ut.
1206 2765 1358 2799 Legendum
1383 2765 1507 2797 fortasse,
1527 2765 1561 2791 't'v‘
1581 2765 1654 2798 ὅπως
1675 2767 1735 2794 ποτ’
1756 2765 1812 2795 οὖν.

1067 2800 1174 2836 (85έ75)
1195 2801 1308 2827 Bonum.
1324 2800 1417 2827 Matth.
1439 2801 1598 2836 xxvr,‘25,ret
1611 2801 1694 2828 Marc.
1706 2803 1812 2836 xrv_‘2|.

1032 2830 1181 2870 Uti-obiquc
1194 2841 1283 2862 autent
1300 2835 1393 2863 Graeca
1407 2837 1490 2863 editio
1505 2830 1585 2870 paulo
1600 2837 1690 2865 aliter.
1753 2830 1761 2842 ⁷
