1933 3064
232 104 285 130 619

847 105 962 132 ιιιιιινιιι
983 105 1217 133 ΑιΕΧΑΝοΒΙΝΙ

1797 108 1845 135 6‘20

230 160 330 194 Spiritu
359 163 452 186 sam-to
481 159 573 186 eadem
599 160 700 188 sentire
725 161 862 190 debemus.
879 163 961 198 218
980 163 1010 190 Et

1064 164 1223 196 Καθολικοῖς
1239 163 1404 198 ἐκπέφανται
1421 163 1604 199 χαράγμασιν)
1623 163 1698 196 Θείας
1725 163 1845 196 κοινωνὸς

229 206 361 239 quomodo
378 213 436 240 quae
452 205 497 232 Dei
516 205 594 233 Verbi
609 213 682 239 sunt,
703 207 856 235 referuntur
876 211 908 236 ad
929 209 1010 236 Deutn

230 251 347 284 Patrem,
367 251 461 278 eodem
483 257 511 278 et
531 259 583 279 non
604 253 657 279 alio
680 254 758 280 modo
777 255 810 280 ad
832 254 918 289 ipsum
942 255 1011 283 refe-

229 302 399 331 ranturqum
422 302 484 325 sunt
499 298 618 332 Spiritus
634 299 730 326 sancti.
754 299 789 326 Ea
809 300 892 335 igitur
909 302 1010 334 omnia,

227 343 261 369 ob
277 351 335 377 quae
350 350 410 370 sese
432 345 562 371 audacter
576 345 723 372 extulerint
740 346 870 378 ltmrctici,
893 347 1009 381 ipsorum

229 389 430 416 accusationem
447 389 474 416 in
500 389 626 423 ipsosmet
649 397 702 417 non
727 389 822 424 injuria
848 393 1009 426 retorqueri,

230 442 262 465 ac
278 442 324 461 eos
343 435 504 469 arrogantite
527 443 587 462 reos
602 443 671 467 esse,
689 441 715 463 et
740 444 880 471 perperam
900 438 1010 469 sentire,

227 481 424 508 demonstrant.
453 481 507 508 Sed
526 481 569 508 ltic
584 489 635 508 non
660 483 731 509 sistit
750 483 854 510 illorum
876 484 967 518 impia.
984 488 1010 510 et

227 526 355 554 indecens
382 526 526 554 calumnia.
557 526 757 554 ltnntaculatam
795 529 865 555 enim
894 528 1011 563 Spiritus

227 573 313 598 sancti
330 573 443 607 gloriam
461 573 487 599 in
510 573 568 606 ejus
588 573 728 600 divinitate
748 574 837 605 sitam,
851 575 927 608 quasi
950 575 1010 601 nul-

228 618 281 644 lum
305 618 362 652 (80)
378 618 412 645 ab
435 626 468 646 eo
487 619 646 646 beneﬁcium
676 620 840 653 acceperint,
869 620 1010 654 inquinare

227 669 368 697 Conantes,
389 673 420 692 ac
435 665 513 692 simul
529 673 577 692 nos
598 665 683 700 culpa:
701 673 761 692 reos
777 666 879 696 facere.
899 666 942 693 isti
959 666 1008 701 ipsi

227 710 389 743 quibusdam
413 711 567 738 hominibus
593 716 618 737 ιιι
644 711 780 746 magistris
803 715 919 745 utentes,
939 712 1010 739 ltauc

227 757 309 784 etiam
329 757 477 784 doctrinam
500 756 578 791 plane
601 763 695 783 novatn
711 756 807 784 aﬁerre
822 757 878 792 (81)
896 765 948 785 non
965 765 1010 784 ve-

227 808 333 832 rentur.
351 806 377 829 et
395 802 470 829 hisce
491 802 582 830 verbis
600 810 744 837 exponere.
766 802 899 830 Nimirum
925 802 1010 836 Spiri-

228 853 283 875 tum
298 852 420 876 sanetum
439 856 453 876 a
469 849 555 879 nobis.
574 849 636 875 dum
654 849 741 876 locum
759 849 834 876 illum
850 849 1007 882 Scripturze,
1027 843 1045 870 Β

228 895 272 922 ubi
293 895 403 927 dicitur,
419 904 427 920 ι
445 895 564 930 Spiritus
578 895 645 930 (89.),
669 895 713 922 ubi
741 895 808 927 vult,
836 895 932 929 spirat,
951 905 959 921 ι
978 896 1011 922 de

227 940 316 966 divina
353 940 482 975 dignitate
521 940 749 974 interpretamur.
790 940 822 966 ad
866 940 1010 967 humanam

227 987 408 1013 conditionem
439 986 555 1020 deprimi
580 986 720 1020 inquiunt;
743 986 839 1013 ibidem
863 987 935 1014 enim
952 991 1012 1021 post

228 1033 279 1059 alia
293 1033 375 1059 verba
394 1032 499 1059 additur
513 1041 519 1059 :
538 1040 547 1057 ι
565 1032 609 1058 Sic
624 1032 676 1059 erit
692 1032 748 1066 (83)
763 1031 851 1058 omnis
871 1031 916 1066 qui
933 1037 1012 1059 natus

227 1084 316 1105 estex
337 1078 449 1112 Spiritu.
467 1086 476 1102 ι
497 1077 546 1112 Ipsi
574 1084 638 1103 vero
665 1083 752 1110 neque
775 1076 808 1102 ad
831 1076 949 1103 divinam
969 1077 1011 1103 di-

227 1124 368 1158 gnitatem,
384 1124 520 1158 inquiunt,
537 1123 666 1157 Spiritum
688 1123 853 1156 extollimus,
878 1130 965 1157 neque
979 1123 1012 1149 ad

227 1168 392 1202 reliquarum
406 1172 593 1194 creaturarum
608 1171 730 1193 naturam
744 1173 804 1193 eum
816 1166 992 1200 deprimimus
1004 1175 1010 1193 :

229 1221 290 1240 nam
315 1213 433 1240 medium
456 1213 543 1240 locutu
569 1217 651 1242 tenet,
676 1220 737 1238 cum
764 1219 850 1246 neque
872 1211 942 1239 Deus
965 1212 1011 1244 sit,

229 1265 316 1292 neque
331 1265 412 1284 unum
429 1257 535 1292 aliquod
548 1265 581 1284 ex
594 1257 715 1290 reliquis.
733 1256 798 1288 Quis
813 1261 902 1283 autem
920 1264 1012 1284 revera

229 1309 330 1330 tantam
342 1303 446 1330 illorum
455 1303 594 1330 audaciam
607 1310 659 1328 non
670 1302 888 1329 condetunaverit
896 1303 907 1329 ?
915 1303 1014 1330 Adeste

228 1356 294 1382 ergo
306 1349 368 1380 huc,
388 1353 415 1375 et
429 1349 546 1375 animum
563 1348 694 1375 attendite
712 1357 718 1374 :
736 1355 797 1374 nant
813 1349 907 1382 paucis
924 1349 1014 1376 verbis

230 1394 336 1429 loquar.
354 1393 422 1420 Illud
438 1401 502 1421 vero
521 1394 690 1429 potissimum
710 1393 928 1426 animadvertite,
943 1395 1013 1428 quod

228 1448 281 1467 non
294 1440 362 1467 dixit
384 1439 522 1474 Scriptura
540 1449 546 1467 :
570 1449 578 1465 ι
594 1440 638 1467 Sic
653 1447 694 1467 est
711 1441 802 1472 bomo,
825 1442 870 1475 qui
888 1445 928 1468 est
950 1441 1014 1468 sim-

229 1486 335 1519 pliciter
360 1486 457 1515 bomo;
474 1496 482 1512 ι
503 1487 549 1513 sed
573 1486 640 1512 dixit
657 1495 664 1512 ι
684 1495 692 1512 ι
709 1486 753 1513 Sic
777 1486 828 1513 erit
850 1487 949 1519 omnis,
966 1487 1011 1520 qtti

228 1537 307 1559 natus
329 1537 369 1559 est
390 1539 422 1559 ex
447 1531 570 1566 Spiritu'
591 1541 599 1557 ι
623 1531 649 1558 iul
665 1537 716 1562 est,
742 1531 792 1564 Qui
810 1531 905 1566 dignus
923 1531 1010 1559 factus

226 1583 267 1605 est
291 1583 319 1604 ut
345 1582 552 1612 regeneraretur
582 1577 607 1602 itt
634 1577 722 1603 divina
745 1577 858 1611 piscina,
883 1581 910 1603 et
936 1576 1011 1605 fieret

226 1623 309 1658 (sicut
325 1623 352 1650 in
365 1623 513 1650 Catbolicis
524 1622 591 1657 (84),
606 1623 656 1649 ltoc
668 1627 719 1654 est,
740 1622 938 1650 universalibus
954 1630 1011 1649 tua-

227 1668 379 1695 nifestatum
406 1672 448 1695 est
473 1667 595 1703 Litteris)
628 1668 726 1695 divina:
752 1675 866 1695 consors
896 1673 1008 1695 naturae.

226 1714 291 1747 Quae
320 1714 400 1741 verba
427 1713 524 1741 similia
552 1719 613 1741 sunt
640 1715 713 1741 Itiscc
738 1714 930 1742 :tFaeiamus
953 1714 1008 1749 (85)

226 1759 363 1786 hominem
389 1760 536 1786 scentulum
567 1760 720 1794 imaginem,
751 1765 778 1787 et
807 1760 1008 1788 similitudinem

226 1811 364 1839 nostram;
382 1816 392 1832 ι
415 1812 441 1833 et
465 1806 506 1834 bis
530 1806 610 1833 aliis:
629 1816 638 1832 ι
657 1806 691 1833 Ut
710 1806 769 1833 silis
789 1806 844 1842 (86)
860 1806 1008 1834 secundum

225 1852 369 1887 imaginem
396 1852 454 1886 ejus
477 1852 522 1887 qui
549 1852 652 1879 creavit
671 1860 729 1879 nos.
750 1862 759 1878 ι
781 1852 814 1879 Ει
836 1851 1009 1886 quemadmo-

225 1897 288 1924 dum
310 1898 464 1926 Altissimus
493 1898 591 1930 l‘ater,
622 1905 653 1924 ac
684 1898 767 1925 Filius
791 1897 849 1932 ejus
878 1905 926 1932 per
949 1904 1010 1924 san-

1065 209 1180 244 φύσεως.
1197 210 1251 236 Καὶ
1266 209 1444 245 παραπλήσιά
1458 211 1514 236 ἐστι
1528 209 1612 236 ταῦτα
1630 209 1679 244 τῷ,
1699 219 1708 234 t
1727 210 1844 244 Ποιήσω-

1067 264 1114 290 μεν
1125 256 1267 291 ἄνθρωπον
1282 257 1342 282 κατ’
1357 255 1446 282 εἰκόνα
1457 255 1503 281 καὶ
1517 255 1645 290 ὁμοίωσιν
1665 255 1816 290 ἡμετέραν·
1835 266 1841 280 ι

1065 301 1112 327 καὶ
1127 301 1176 335 τῷ,
1196 311 1205 326 ι
1226 298 1283 328 Ἵνα
1305 301 1419 336 γένησθε
1442 301 1500 327 κατ’
1519 301 1610 327 εἰκόνα
1631 300 1679 327 τοῦ
1710 301 1845 332 κτίσαντος

1064 347 1148 380 ἡμᾶς.
1168 356 1176 371 ι
1192 347 1246 373 Καὶ
1260 347 1298 378 ὡς
1312 347 1342 373 οὐ
1361 346 1521 373 καθέλκεται
1536 347 1549 373 ὁ
1562 346 1673 381 ὕψιστος
1688 346 1792 382 Πατὴρ,
1803 348 1845 373 καὶ

1063 392 1078 417 ὁ
1090 391 1152 422 Υἱὸς
1163 391 1255 423 αὑτοῦ,
1268 392 1299 418 ὲκ
1314 392 1395 418 τῶνδε
1407 392 1460 419 τῶν
1473 392 1556 426 ἁγίων
1571 392 1617 418 καὶ
1633 392 1704 427 ὑπὲρ
1714 393 1786 427 ἡμᾶς
1797 400 1846 425 φω-

1064 436 1116 462 νῶν
1127 438 1167 468 st;
1175 437 1345 472 ἀνθρωπείαν
1355 438 1434 472 φύσιν
1448 446 1454 452 '
1466 437 1560 473 [1001)]
1571 436 1656 469 οὕτως
1667 437 1766 463 οὐδὲτὸ
1776 437 1844 471 ἅγιον

1064 482 1185 517 Πνεῦμα,
1200 484 1232 509 ὲκ
1249 483 1301 509 τῶν
1323 483 1523 519 προλεχοέντων
1539 483 1638 519 ῥητῶν,
1655 484 1703 510 καὶ
1721 483 1775 510 τῶν
1789 484 1845 518 περὶ

1063 528 1136 562 ἡμᾶς
1155 528 1236 554 αὑτοῦ
1260 528 1556 564 φιλανθρωπευμὰτων,
1573 530 1689 556 Ἔπειτα
1713 529 1786 556 δοκεί
1803 529 1844 555 αὑι

1063 574 1127 604 τοῖς,
1153 574 1183 599 τό
1206 582 1237 607 γε
1263 574 1303 600 ἔτι
1326 575 1426 610 χεῖρον,
1449 575 1517 610 μήτε
1542 575 1608 601 Θεὸν
1633 573 1704 601 εἶναι
1725 575 1756 600 τὸ
1776 574 1845 608 ἅγιον

1064 619 1187 654 Πνεῦμα,
1203 621 1270 655 μήτε
1297 620 1326 646 ἓν
1353 620 1450 646 τιτῶν
1474 620 1583 647 λοιπῶν.
1604 620 1794 646 Ὑπολείπεται
1819 619 1844 645 τὸ

1062 665 1234 702 ἀνύπαρκτον
1246 666 1312 692 αὐτὸ
1322 668 1402 693 νοεῖν.
1418 666 1471 692 Καὶ
1488 666 1573 697 ἄλλως
1586 674 1591 680 ·
1606 666 1638 692 El
1659 666 1696 701 μὴ
1714 665 1792 696 ἔστιν,
1811 665 1844 695 ὡς

1063 711 1205 746 φάσκουσι,
1225 711 1300 743 θεὸς,
1315 711 1352 746 τῷ
1373 711 1454 746 κοινῷ
1468 711 1538 746 λόγῳ
1553 711 1606 737 τῶν
1628 711 1783 746 κτισμάτων
1800 711 1844 736 ὑπ-

1062 757 1166 791 άγεται.
1181 757 1263 784 Οὐδὲν
1275 757 1303 783 δὲ
1319 756 1436 783 τοιοῦτον
1447 758 1593 792 τεκμήριον
1604 757 1632 783 ὲν
1646 756 1766 792 Γραφαῖς
1777 756 1843 790 εὑρί-

1063 811 1166 835 σκεται,
1193 802 1252 829 οὐδὲ
1277 803 1363 837 μέσης
1385 802 1492 836 φύσεως
1515 800 1583 829 εἶναι
1605 802 1842 837 κεχρησμῴδηται·

1061 850 1115 875 πᾶν
1130 849 1158 875 δὲ
1170 848 1335 878 τούναντίον.
1347 849 1388 874 ὅτι
1401 847 1514 883 Πνεῦμα
1531 848 1577 874 τοῦ
1595 849 1674 880 Θεοῦ,
1694 849 1742 875 καὶ
1753 848 1766 874 ὃ
1775 850 1842 883 rapit

1060 894 1107 921 τοῦ
1122 894 1227 930 Πατρὺς
1240 894 1427 929 ἐκπορεύεται,
1442 894 1488 920 καὶ
1501 893 1612 929 Πνεῦμα
1629 895 1711 920 θεῖον.
1725 895 1843 921 Λείπεται

1061 940 1091 966 τὺ
1105 940 1170 966 Θεὸν
1197 938 1276 971 εἶναι,
1293 939 1347 966 ἀπό
1371 947 1401 965 τε
1414 939 1468 965 τῶν
1490 939 1592 974 Πέτρου
1614 940 1660 966 καὶ
1674 940 1779 966 Παύλου
1794 949 1843 974 φω-

1062 985 1125 1018 νῶν,
1154 986 1207 1012 ἀπό
1223 993 1252 1011 τε
1274 985 1363 1020 πάσης
1389 984 1492 1016 ἑννοίας
1521 985 1574 1011 τῶν
1603 985 1720 1021 Γραφῶν
1744 987 1788 1012 καὶ
1800 985 1843 1019 τῆς

1065 1041 1074 1057 ι
1087 1031 1263 1067 ἐκπορεύεται
1277 1041 1285 1056 ι
1305 1031 1413 1064 λέξεως.
1437 1031 1571 1066 Ἀόριστος
1598 1032 1653 1068 γὰρ
1669 1031 1745 1065 οὖσα,
1762 1033 1791 1058 τὸ
1806 1033 1842 1058 ἀΐ-

1062 1076 1117 1102 διον
1130 1076 1175 1102 καὶ
1195 1075 1344 1111 ἀχώριστον
1360 1076 1409 1111 τῆς
1426 1076 1533 1110 φύσεως
1547 1077 1627 1104 αὐτοῦ
1643 1079 1693 1112 τῆς
1705 1077 1770 1112 πρὸς
1784 1078 1844 1103 ἐκεῖ·

1063 1130 1117 1153 νον,
1137 1121 1166 1154 ἐξ
1183 1119 1213 1148 οὗ
1240 1122 1366 1157 ἀρρήτως
1383 1121 1557 1157 προέρχεται,
1580 1122 1706 1149 θειότατα
1720 1123 1842 1150 ἐνδείκνυ-

1062 1175 1116 1193 ται.
1131 1167 1185 1193 Καὶ
1198 1167 1246 1202 μὲν
1257 1167 1288 1202 δὴ
1302 1167 1347 1194 καὶ
1361 1166 1455 1193 τοῦτο·
1468 1167 1500 1194 Εἰ
1513 1168 1595 1203 μηδὲν
1605 1168 1660 1194 τῶν
1668 1168 1754 1195 ἄλλων
1768 1168 1843 1203 ὑπάρ-

1063 1220 1115 1246 χει,
1125 1211 1217 1248 ὥσπερ
1231 1210 1277 1238 οὖν
1293 1212 1371 1238 τοῦτο
1382 1212 1470 1239 αὐτῶν
1485 1212 1593 1248 ἀληθὲς,
1605 1213 1672 1245 Θεός
1685 1214 1764 1239 ἐστιν.
1779 1212 1842 1248 Πρὸς

1063 1256 1182 1288 τούτοις·
1199 1257 1230 1283 Εἰ
1241 1257 1315 1283 οὐδὲν
1332 1257 1440 1284 κτιστὺν
1454 1258 1482 1283 ἐν
1500 1258 1548 1292 μιᾷ
1564 1258 1712 1285 ὑποστάσει
1727 1257 1841 1292 εὑρίσκε-

1064 1311 1117 1335 ται,
1133 1303 1170 1334 ὼς
1185 1303 1214 1328 ὲν
1228 1302 1267 1338 τῷ
1281 1302 1380 1338 πρώτῳ
1399 1303 1544 1338 ἀπεδείχθη
1561 1303 1665 1338 βιῦὶλῳ,
1680 1303 1711 1329 τὸ
1731 1303 1758 1329 δὲ
1774 1303 1842 1336 ἅγιον

1064 1348 1176 1383 Πνεῦμα
1189 1348 1217 1374 ἒν
1231 1348 1276 1375 καὶ
1294 1348 1372 1383 μόνον
1394 1348 1444 1383 τῆς
1459 1348 1560 1380 ἐνάδος,
1585 1349 1643 1384 ἦτοι
1672 1348 1789 1384 μονάδος.
1806 1348 1843 1374 οὒ-

1065 1394 1124 1426 σίας
1143 1394 1233 1420 ἐστίν’
1246 1395 1284 1425 ὡς
1302 1395 1335 1420 ἂν
1351 1394 1438 1420 τοίνυν
1457 1394 1645 1429 φενακίζοντες
1661 1394 1690 1427 ἐξ
1705 1394 1799 1425 αὐτῶν,
1810 1389 1841 1418 ὧν

1065 1439 1196 1475 ἔγραψαν,
1214 1440 1344 1475 νοηθεῖεν,
1358 1440 1409 1466 κᾶν
1420 1440 1541 1466 δοκοῦσιν
1553 1439 1622 1467 εἷναι
1633 1440 1716 1467 δεινοὶ
1729 1442 1817 1470 εἰπεῖν,
1829 1440 1841 1464 ὃ

1066 1487 1209 1523 βούλοιντο,
1221 1487 1268 1514 καὶ
1283 1487 1351 1522 μηδὲ
1369 1486 1397 1512 ἓν
1410 1486 1499 1518 αὐτοῖς
1524 1487 1572 1521 τῆς
1589 1486 1649 1513 καθ’
1664 1487 1740 1522 ἡμῶν
1753 1485 1841 1520 ὀφρύος

1063 1532 1237 1568 ὲκπορισθείη
1250 1542 1256 1547 -
1273 1532 1437 1566 καυχήματα
1464 1531 1517 1566 γὰρ
1533 1531 1692 1567 ἀνθρώπινα
1713 1532 1777 1566 ταχὺ
1803 1529 1840 1561 ἐξ·

1063 1579 1213 1614 ελέγχεται.
1230 1579 1312 1612 Σοφὺς
1336 1578 1399 1613 περὶ
1414 1577 1529 1604 ἑκάστου
1549 1578 1637 1605 αὐτῶν
1650 1575 1702 1605 ὦδε
1719 1577 1840 1611 διείληφεν

1064 1624 1148 1660 ἀνήρ·
1167 1634 1176 1650 ι
1193 1625 1238 1659 Μὴ
1255 1624 1338 1651 πολλὰ
1356 1623 1475 1658 σοφιζου,
1491 1625 1533 1652 ἵνα
1552 1624 1588 1660 μὴ
1603 1624 1752 1659 ὲκπλαγῇς,
1767 1629 1775 1648 ι
1793 1622 1839 1649 Καὶ

1063 1667 1223 1705 όΣτέφανος
1231 1670 1258 1697 δὲ
1270 1671 1298 1696 ὲν
1310 1671 1370 1702 ταῖς
1381 1670 1516 1706 Πράξεσιν
1534 1670 1580 1696 ὡδί
1595 1679 1654 1702 πως
1666 1669 1786 1701 ὀνειδίζει
1801 1668 1840 1694 αὖ·

1061 1716 1132 1746 τοῖς¹
1153 1725 1162 1740 ‹
1175 1715 1422 1750 Σκληροτράχηλοι,
1441 1716 1487 1741 καὶ
1512 1715 1694 1750 ἀπερίτμητοι
1707 1715 1737 1749 τῇ
1754 1711 1839 1747 καρδίᾳ

1062 1761 1176 1792 καὶτοῖς
1189 1760 1264 1793 ὡςὶν,
1280 1761 1358 1795 ὑμεῖς
1375 1761 1417 1787 ἀεὶ
1433 1760 1471 1795 τῷ
1484 1760 1622 1795 Πνεύματι
1638 1759 1678 1794 τῷ
1694 1759 1761 1793 ἁγιῳ
1775 1759 1839 1784 ἀντι-

1063 1807 1192 1833 πίπτετε·
1211 1806 1248 1838 ti);
1263 1807 1287 1832 oi
1299 1807 1416 1842 πατέρες
1435 1806 1521 1840 ὑμῶν,
1536 1805 1582 1832 καὶ
1597 1806 1687 1840 ὑμεῖς.
1700 1814 1709 1830 ι
1727 1802 1839 1837 Πατέρας

1061 1852 1090 1879 δὲ
1105 1852 1194 1879 αὐτῶν
1208 1852 1258 1887 ἔφη
1274 1853 1390 1887 Ἀρειον,
1416 1851 1475 1887 [101
1494 1850 1522 1886 o]
1539 1851 1714 1883 Μακεδόνων,
1731 1850 1777 1884 τὴν
1791 1847 1839 1873 ὀλέ-

1063 1896 1137 1933 θριον
1149 1897 1242 1923 δυάδα.
1256 1897 1390 1932 Ἔρχομαι
1399 1895 1445 1923 οὖν
1457 1896 1499 1931 ἐφ’
1510 1896 1602 1932 ἓτερον
1616 1895 1771 1930 κεφάλαιον.

225 1948 285 1971 etas
316 1943 397 1972 hasce
419 1944 579 1975 locutiones,
616 1951 675 1978 qua:
713 1948 821 1978 captum
846 1948 968 1970 nostrum
1003 1943 1152 1975 excedunt,
1177 1943 1208 1970 ad
1237 1944 1359 1970 btnnana:
1387 1948 1490 1970 natura!
1515 1943 1697 1969 conditionem
1725 1948 1773 1966 non
1796 1937 1838 1964 de-

225 1989 371 2022 primitur;
404 1989 440 2016 ita
474 1997 507 2017 ne
536 1989 652 2024 Spiritus
681 1996 792 2016 sanctus
840 1989 948 2023 quidem
980 1995 1029 2024 per
1065 1989 1199 2016 antedicta
1233 1990 1401 2020 testimonia,
1436 1993 1480 2016 aut
1512 1996 1560 2023 per
1593 1996 1671 2015 suam
1706 1995 1766 2021 erga
1796 1991 1837 2012 nos

225 2035 438 2069 benignitatem,
464 2035 496 2061 ad
540 2043 599 2061 eam
631 2035 770 2069 redigitur.
802 2034 904 2062 Deinde
943 2034 1032 2069 (quod
1064 2035 1139 2068 pejus
1169 2034 1258 2060 adhuc
1284 2034 1345 2067 est)
1378 2034 1506 2068 Spiritum
1540 2038 1664 2061 sanctum
1695 2041 1743 2060 nec
1765 2030 1837 2066 219

226 2083 309 2110 Deum
337 2089 396 2109 esse
418 2087 522 2116 putant,
549 2090 634 2116 neque
656 2090 738 2108 unum
762 2082 869 2116 aliquod
890 2090 922 2108 ex
941 2082 1062 2116 reliquis.
1085 2081 1255 2116 licstatergo
1272 2084 1301 2108 ut
1331 2081 1416 2116 ipsqu
1448 2081 1606 2108 essisteutia
1636 2087 1768 2108 carentem
1796 2085 1837 2112 pn-

227 2133 293 2154 teatl.
310 2127 343 2155 Et
357 2127 454 2155 aliter:
472 2127 499 2154 Si
531 2127 599 2154 Deus
615 2135 667 2154 non
696 2133 747 2158 est,
763 2132 791 2154 ut
806 2128 856 2162 ipsi
877 2127 1010 2162 inquiunt.
1032 2127 1167 2154 communi
1185 2132 1371 2154 creaturarum
1391 2127 1497 2158 rationi,
1532 2134 1564 2154 ac
1599 2127 1746 2154 deﬁnitioni
1762 2124 1836 2158 subji-

226 2174 305 2201 citur.
334 2175 370 2201 At
387 2181 450 2201 vero
471 2174 570 2201 tutllunt
599 2174 679 2209 illljtls
707 2175 744 2201 rei
774 2180 960 2209 argumentum
986 2175 1013 2201 in
1033 2173 1179 2209 Seripturis
1213 2175 1357 2201 invenitur.
1385 2174 1476 2209 Neque
1495 2182 1559 2202 vero
1590 2175 1685 2202 media:
1709 2172 1835 2206 cujusdam

226 2227 330 2248 natura:
353 2229 413 2249 esse
439 2221 538 2249 dicitur
573 2229 587 2249 ιι
618 2222 715 2249 divinis
744 2221 795 2249 illis
820 2223 953 2255 oraculis;
979 2223 1027 2249 sed
1047 2223 1314 2257 ipsutnecontrario
1345 2230 1406 2250 esse
1440 2223 1514 2249 aiunt
1539 2227 1566 2250 et
1591 2222 1719 2257 Spiritum
1743 2221 1795 2250 Dei,
1813 2223 1835 2244 cl

225 2274 285 2294 eum
300 2267 343 2301 qui
362 2274 376 2294 a
401 2266 479 2294 Patre
510 2267 641 2305 procedit,
662 2271 690 2293 et
718 2267 837 2294 divinum
864 2266 1004 2301 Spiritum.
1027 2257 1121 2294 Restat
1152 2275 1216 2302 ergo
1233 2272 1262 2294 ut
1294 2268 1328 2295 sit
1345 2267 1414 2294 Deus
1431 2273 1486 2294 tutu
1502 2275 1535 2294 ex
1565 2267 1649 2300 Petri,
1666 2275 1698 2294 ac
1716 2266 1784 2293 Pauli
1802 2264 1835 2290 lo—

226 2314 387 2346 cutiouibus,
421 2319 476 2340 tum
502 2321 535 2341 ex
575 2315 646 2341 omni
679 2314 878 2349 Scripturarum
900 2322 991 2346 sensu,
1016 2319 1043 2342 et
1062 2314 1401 2350 verbi,«proceditn.Cutn
1428 2315 1500 2342 enim
1522 2315 1574 2342 hoc
1603 2314 1765 2342 indeﬁnitum
1793 2311 1833 2340 sit.

225 2364 354 2386 aeternam
371 2367 429 2387 esse
443 2359 513 2387 illius
532 2364 664 2393 naturam,
688 2365 767 2394 atque
781 2360 814 2386 ab
834 2359 889 2392 illo,
904 2367 936 2387 ex
953 2367 1007 2394 quo
1027 2358 1224 2388 ineﬁ'abilitetﬂt
1244 2360 1375 2395 procedit,
1396 2370 1405 2386 ι
1427 2359 1652 2394 inseparabilem,
1680 2355 1834 2385 divinissitue

225 2406 353 2433 ostendit.
371 2408 404 2432 At
423 2406 472 2433 hoc
483 2407 565 2433 etiam
579 2406 658 2433 addo.
678 2405 705 2432 Si
720 2406 789 2432 nulla
803 2406 826 2433 is
841 2411 930 2433 estex
944 2406 1004 2433 aliis
1024 2406 1114 2438 rebus,
1137 2412 1165 2433 ut
1183 2414 1246 2434 vere
1263 2406 1386 2442 profecto
1415 2407 1465 2441 ipsi
1497 2407 1621 2441 inquiunt
1642 2415 1648 2433 :
1670 2406 1736 2432 Detts
1762 2402 1834 2436 igitur

223 2458 277 2480 est.
293 2452 333 2479 Ad
349 2452 407 2480 haec
423 2459 430 2478 :
450 2450 478 2478 Si
495 2452 560 2479 ttibil
578 2452 647 2486 quod
661 2456 780 2479 creatum
798 2452 841 2485 sit,
860 2452 886 2479 in
916 2460 968 2478 una
982 2451 1131 2487 bypmtasi,
1147 2452 1204 2479 sive
1218 2452 1367 2480 substantia
1399 2460 1459 2480 esse
1493 2453 1639 2484 invenitur,
1657 2453 1724 2480 sicut
1740 2451 1764 2477 in
1789 2446 1835 2482 pri-

226 2508 270 2528 mo
290 2501 358 2528 libro
372 2500 428 2536 (87)
443 2501 655 2528 demonstratum
670 2504 721 2531 est,
739 2498 855 2534 Spiritus
872 2507 935 2527 vero
948 2504 1068 2531 sanctus,
1089 2504 1180 2535 utpote
1206 2508 1275 2527 unus
1307 2504 1334 2527 et
1359 2499 1445 2532 solus,
1473 2499 1507 2527 ad
1541 2500 1681 2531 unitatem,
1712 2501 1755 2525 aut
1782 2501 1832 2521 tuo-

227 2547 323 2575 nedem
351 2546 476 2574 essentiam
518 2545 654 2581 pertinet:
676 2545 816 2573 hasreticos
845 2552 909 2580 ergo
937 2552 970 2572 ex
995 2545 1027 2573 iis
1064 2545 1139 2580 ipsis,
1164 2553 1223 2580 qua:
1252 2546 1428 2581 scripserunt,
1453 2545 1612 2579 impostores
1640 2552 1699 2572 esse
1719 2539 1831 2574 intelligi-

1024 2615 1046 2642 D
1095 2613 1150 2646 (8t)
1169 2612 1322 2640 Cutholicis.
1341 2613 1457 2640 Primam
1478 2613 1549 2641 Petri
1564 2612 1713 2648 Epistolam
1731 2608 1828 2636 indicat.

1168 2647 1405 2686 Iinct'ntttmLGen.
1420 2655 1439 2679 ι.
1454 2648 1501 2686 Ξβ.

1096 2681 1152 2720 (se)
1173 2682 1205 2720 tit
1219 2684 1287 2720 sitis.
1310 2683 1374 2710 Vide
1392 2689 1447 2720 not.
1463 2683 1491 2715 ιί,
1507 2691 1567 2718 pag.
1588 2681 1647 2720 isti.
1702 2715 1717 2720 η
1733 2714 1738 2719 ι
1782 2710 1813 2720 ΠΤ

1097 2715 1153 2752 (87)
1169 2718 1200 2745 In
1216 2719 1301 2753 primo
1315 2719 1389 2745 libro.
1418 2718 1446 2744 lu
1462 2715 1594 2751 capitibus
1613 2715 1763 2753 deperdit}.
1776 2718 1827 2753 0P'7'

1063 2748 1123 2815 ῗρὲ.
1140 2748 1298 2789 [θείεἸιιιῙιιε
1324 2761 1341 2780 ιι
1370 2754 1430 2781 libri
1453 2748 1513 2788 cap.
1541 2753 1568 2785 6,
1595 2748 1698 2787 paragr.
1719 2748 1761 2781 91,
1776 2752 1827 2781 1³³11·

1086 2796 1094 2813 1
1119 2808 1124 2814 .

1086 2796 1124 2814 Ιυ.

335 2613 456 2653 Iy'ullum.
478 2613 504 2653 il_t
522 2613 723 2653 Grmfouoboév.
741 2613 821 2653 Lego,
836 2612 952 2653 ορδενός.

260 2647 318 2684 (Si)
341 2648 443 2675 Novam
461 2648 565 2684 oﬂ'ert'e.
582 2647 608 2674 In
625 2648 729 2679 Graeco,
742 2648 888 2684 νεαλογεϊν.
901 2647 1007 2684 Legen-

225 2683 288 2711 dttm
303 2689 377 2718 putet
393 2683 631 2718 (ιιιιεηνεολογεῖψ
649 2689 677 2710 at
690 2691 774 2716 segm.
793 2683 844 2710 156
864 2692 880 2710 a
911 2683 1007 2710 iterum

225 2717 343 2746 occurrit
359 2717 409 2745 vox
417 2717 617 2753 νεαλογοῦντες,

260 2753 317 2787 (89)
336 2752 459 2787 Spiritus.
475 2753 551 2780 Joan.
570 2761 610 2785 ιιι,
623 2754 649 2780 8.

226 2822 239 2848 ι
261 2787 318 2833 (s3)
337 2786 384 2816 Sic
403 2789 464 2816 erit.
487 2788 554 2816 Ibid.
589 2788 674 2817 Biblia
703 2794 752 2822 pro
782 2786 868 2820 ἔσται,
887 2787 1008 2822 habent,

243 2830 291 2848 στι.

243 2823 291 2851 στί.
