  <div class='ocr_page' id='page_1' title='image "/cluster/home/n/w/nwhite01/storage/ocr_20150623/39/njp.32101010943528/323.png"; bbox 0 0 1933 3064; ppageno 0'>
   <div class='ocr_carea' id='block_1_1' title="bbox 206 147 257 177">
    <p class='ocr_par' dir='ltr' id='par_1_1' title="bbox 206 147 257 177">
     <span class='ocr_line' id='line_1_1' title="bbox 206 147 257 177; baseline 0 -1"><span class='ocrx_word' id='word_1_1' title='bbox 206 147 257 177; x_wconf 71' lang='lat'><strong>63!</strong></span> 
     </span>
    </p>
   </div>
   <div class='ocr_carea' id='block_1_2' title="bbox 825 143 1199 174">
    <p class='ocr_par' dir='ltr' id='par_1_2' title="bbox 825 143 1199 174">
     <span class='ocr_line' id='line_1_2' title="bbox 825 143 1199 174; baseline 0 -2"><span class='ocrx_word' id='word_1_2' title='bbox 825 144 946 174; x_wconf 62' lang='lat' dir='ltr'><strong>DlD‘ﬂil</strong></span> <span class='ocrx_word' id='word_1_3' title='bbox 966 143 1199 173; x_wconf 81' lang='lat' dir='ltr'><strong>ALEXANDRlNl</strong></span> 
     </span>
    </p>
   </div>
   <div class='ocr_carea' id='block_1_3' title="bbox 1785 141 1842 168">
    <p class='ocr_par' dir='ltr' id='par_1_3' title="bbox 1785 141 1842 168">
     <span class='ocr_line' id='line_1_3' title="bbox 1785 141 1842 168; baseline 0 0"><span class='ocrx_word' id='word_1_4' title='bbox 1785 141 1842 168; x_wconf 69' lang='lat'><strong>632</strong></span> 
     </span>
    </p>
   </div>
   <div class='ocr_carea' id='block_1_4' title="bbox 208 198 991 239">
    <p class='ocr_par' dir='ltr' id='par_1_4' title="bbox 208 202 991 239">
     <span class='ocr_line' id='line_1_4' title="bbox 208 202 991 239; baseline -0.003 -6"><span class='ocrx_word' id='word_1_5' title='bbox 208 213 262 233; x_wconf 85' lang='lat' dir='ltr'><strong>sem</strong></span> <span class='ocrx_word' id='word_1_6' title='bbox 279 205 378 239; x_wconf 85' lang='lat' dir='ltr'><strong>sacpius</strong></span> <span class='ocrx_word' id='word_1_7' title='bbox 392 203 562 232; x_wconf 75' lang='lat' dir='ltr'><strong>exclamasse</strong></span> <span class='ocrx_word' id='word_1_8' title='bbox 575 202 750 229; x_wconf 79' lang='lat' dir='ltr'><strong>invenimus:</strong></span> <span class='ocrx_word' id='word_1_9' title='bbox 767 211 775 228; x_wconf 79' lang='grc' dir='ltr'>ι</span> <span class='ocrx_word' id='word_1_10' title='bbox 790 202 921 230; x_wconf 88' lang='lat' dir='ltr'><strong>Dominus</strong></span> <span class='ocrx_word' id='word_1_11' title='bbox 938 202 991 238; x_wconf 71' lang='grc'><strong>(45)</strong></span> 
     </span>
    </p>
   </div>
   <div class='ocr_carea' id='block_1_5' title="bbox 1048 198 1840 239">
    <p class='ocr_par' dir='ltr' id='par_1_5' title="bbox 1048 198 1840 235">
     <span class='ocr_line' id='line_1_5' title="bbox 1048 198 1840 235; baseline -0.006 -6"><span class='ocrx_word' id='word_1_12' title='bbox 1048 203 1121 234; x_wconf 68' lang='grc' dir='ltr'>ἕλεος</span> <span class='ocrx_word' id='word_1_13' title='bbox 1144 201 1238 229; x_wconf 75' lang='grc' dir='ltr'>αὑτοῦ.</span> <span class='ocrx_word' id='word_1_14' title='bbox 1259 210 1268 227; x_wconf 76' lang='grc' dir='ltr'><strong>ι</strong></span> <span class='ocrx_word' id='word_1_15' title='bbox 1293 200 1372 228; x_wconf 78' lang='grc' dir='ltr'><strong>Ἀλλὰ</strong></span> <span class='ocrx_word' id='word_1_16' title='bbox 1389 199 1437 227; x_wconf 73' lang='grc' dir='ltr'>καὶ</span> <span class='ocrx_word' id='word_1_17' title='bbox 1460 200 1474 226; x_wconf 86' lang='grc' dir='ltr'>ὁ</span> <span class='ocrx_word' id='word_1_18' title='bbox 1492 199 1558 231; x_wconf 81' lang='grc' dir='ltr'>Θεὸς</span> <span class='ocrx_word' id='word_1_19' title='bbox 1573 198 1683 235; x_wconf 79' lang='grc' dir='ltr'>Πατὴρ,</span> <span class='ocrx_word' id='word_1_20' title='bbox 1705 199 1789 234; x_wconf 74' lang='grc' dir='ltr'>μηδέν</span> <span class='ocrx_word' id='word_1_21' title='bbox 1809 208 1840 225; x_wconf 86' lang='grc' dir='ltr'><strong>τι</strong></span> 
     </span>
    </p>
   </div>
   <div class='ocr_carea' id='block_1_6' title="bbox 206 247 993 285">
    <p class='ocr_par' dir='ltr' id='par_1_6' title="bbox 206 247 993 285">
     <span class='ocr_line' id='line_1_6' title="bbox 206 247 993 285; baseline -0.003 -7"><span class='ocrx_word' id='word_1_22' title='bbox 206 252 278 278; x_wconf 83' lang='lat' dir='ltr'><strong>Deus</strong></span> <span class='ocrx_word' id='word_1_23' title='bbox 294 250 339 285; x_wconf 91' lang='lat' dir='ltr'><strong>qui</strong></span> <span class='ocrx_word' id='word_1_24' title='bbox 359 248 486 284; x_wconf 70' lang='lat' dir='ltr'><strong>praecedit</strong></span> <span class='ocrx_word' id='word_1_25' title='bbox 501 253 565 275; x_wconf 87' lang='lat' dir='ltr'><strong>ante</strong></span> <span class='ocrx_word' id='word_1_26' title='bbox 580 247 676 276; x_wconf 81' lang='lat' dir='ltr'><strong>faciem</strong></span> <span class='ocrx_word' id='word_1_27' title='bbox 693 253 823 277; x_wconf 86' lang='lat' dir='ltr'><strong>vestram.</strong></span> <span class='ocrx_word' id='word_1_28' title='bbox 839 258 849 275; x_wconf 82' lang='grc'><strong>›</strong></span> <span class='ocrx_word' id='word_1_29' title='bbox 864 248 993 276; x_wconf 81' lang='lat' dir='ltr'><strong>lsraclitae</strong></span> 
     </span>
    </p>
   </div>
   <div class='ocr_carea' id='block_1_7' title="bbox 203 294 993 330">
    <p class='ocr_par' dir='ltr' id='par_1_7' title="bbox 203 294 993 330">
     <span class='ocr_line' id='line_1_7' title="bbox 203 294 993 330; baseline -0.003 -8"><span class='ocrx_word' id='word_1_30' title='bbox 203 304 267 324; x_wconf 86' lang='lat' dir='ltr'><strong>vero</strong></span> <span class='ocrx_word' id='word_1_31' title='bbox 285 297 347 323; x_wconf 92' lang='lat' dir='ltr'><strong>dum</strong></span> <span class='ocrx_word' id='word_1_32' title='bbox 362 295 464 330; x_wconf 81' lang='lat' dir='ltr'><strong>gratias</strong></span> <span class='ocrx_word' id='word_1_33' title='bbox 476 295 529 322; x_wconf 91' lang='lat' dir='ltr'><strong>Deo</strong></span> <span class='ocrx_word' id='word_1_34' title='bbox 544 299 666 329; x_wconf 74' lang='lat' dir='ltr'><strong>agerent,</strong></span> <span class='ocrx_word' id='word_1_35' title='bbox 679 294 769 321; x_wconf 84' lang='lat' dir='ltr'><strong>laudes</strong></span> <span class='ocrx_word' id='word_1_36' title='bbox 781 294 805 321; x_wconf 92' lang='lat' dir='ltr'><strong>ei</strong></span> <span class='ocrx_word' id='word_1_37' title='bbox 822 295 956 322; x_wconf 81' lang='lat' dir='ltr'><strong>canebant</strong></span> <span class='ocrx_word' id='word_1_38' title='bbox 966 294 993 321; x_wconf 90' lang='lat' dir='ltr'><strong>in</strong></span> 
     </span>
    </p>
   </div>
   <div class='ocr_carea' id='block_1_8' title="bbox 203 340 993 376">
    <p class='ocr_par' dir='ltr' id='par_1_8' title="bbox 203 340 993 376">
     <span class='ocr_line' id='line_1_8' title="bbox 203 340 993 376; baseline -0.003 -7"><span class='ocrx_word' id='word_1_39' title='bbox 203 343 274 370; x_wconf 87' lang='lat' dir='ltr'><strong>hunc</strong></span> <span class='ocrx_word' id='word_1_40' title='bbox 289 342 396 368; x_wconf 91' lang='lat' dir='ltr'><strong>modum</strong></span> <span class='ocrx_word' id='word_1_41' title='bbox 411 351 418 368; x_wconf 87' lang='lat'><strong>:</strong></span> <span class='ocrx_word' id='word_1_42' title='bbox 435 350 445 367; x_wconf 81' lang='grc' dir='ltr'>ι</span> <span class='ocrx_word' id='word_1_43' title='bbox 464 341 493 368; x_wconf 89' lang='lat' dir='ltr'><strong>Ei</strong></span> <span class='ocrx_word' id='word_1_44' title='bbox 509 341 553 375; x_wconf 91' lang='lat' dir='ltr'><strong>qui</strong></span> <span class='ocrx_word' id='word_1_45' title='bbox 570 341 625 376; x_wconf 76' lang='lat' dir='ltr'><strong>(M)</strong></span> <span class='ocrx_word' id='word_1_46' title='bbox 644 341 761 368; x_wconf 88' lang='lat' dir='ltr'><strong>traduxit</strong></span> <span class='ocrx_word' id='word_1_47' title='bbox 776 340 901 376; x_wconf 87' lang='lat' dir='ltr'><strong>populum</strong></span> <span class='ocrx_word' id='word_1_48' title='bbox 915 348 993 368; x_wconf 88' lang='lat' dir='ltr'><strong>suum</strong></span> 
     </span>
    </p>
   </div>
   <div class='ocr_carea' id='block_1_9' title="bbox 202 386 992 422">
    <p class='ocr_par' dir='ltr' id='par_1_9' title="bbox 202 386 992 422">
     <span class='ocr_line' id='line_1_9' title="bbox 202 386 992 422; baseline -0.001 -8"><span class='ocrx_word' id='word_1_49' title='bbox 202 395 228 414; x_wconf 81' lang='lat' dir='ltr'><strong>in</strong></span> <span class='ocrx_word' id='word_1_50' title='bbox 242 387 350 414; x_wconf 85' lang='lat' dir='ltr'><strong>deserto</strong></span> <span class='ocrx_word' id='word_1_51' title='bbox 365 398 370 414; x_wconf 89' lang='lat'>:</span> <span class='ocrx_word' id='word_1_52' title='bbox 386 387 513 422; x_wconf 85' lang='lat' dir='ltr'><strong>quoniam</strong></span> <span class='ocrx_word' id='word_1_53' title='bbox 528 387 553 413; x_wconf 92' lang='lat' dir='ltr'><strong>iu</strong></span> <span class='ocrx_word' id='word_1_54' title='bbox 566 386 693 414; x_wconf 70' lang='lat' dir='ltr'><strong>saeculum</strong></span> <span class='ocrx_word' id='word_1_55' title='bbox 705 387 889 414; x_wconf 76' lang='lat' dir='ltr'><strong>misericordia</strong></span> <span class='ocrx_word' id='word_1_56' title='bbox 903 387 971 421; x_wconf 84' lang='lat' dir='ltr'><strong>ejus.</strong></span> <span class='ocrx_word' id='word_1_57' title='bbox 983 395 992 412; x_wconf 72' lang='grc' dir='ltr'><strong>ι</strong></span> 
     </span>
    </p>
   </div>
   <div class='ocr_carea' id='block_1_10' title="bbox 202 432 992 467">
    <p class='ocr_par' dir='ltr' id='par_1_10' title="bbox 202 432 992 467">
     <span class='ocr_line' id='line_1_10' title="bbox 202 432 992 467; baseline 0.003 -9"><span class='ocrx_word' id='word_1_58' title='bbox 202 433 271 466; x_wconf 89' lang='lat' dir='ltr'><strong>Quin</strong></span> <span class='ocrx_word' id='word_1_59' title='bbox 281 433 362 460; x_wconf 86' lang='lat' dir='ltr'><strong>etiam</strong></span> <span class='ocrx_word' id='word_1_60' title='bbox 377 433 448 460; x_wconf 84' lang='lat' dir='ltr'><strong>Deus</strong></span> <span class='ocrx_word' id='word_1_61' title='bbox 473 432 562 465; x_wconf 86' lang='lat' dir='ltr'><strong>Pater,</strong></span> <span class='ocrx_word' id='word_1_62' title='bbox 585 437 614 459; x_wconf 85' lang='lat' dir='ltr'><strong>ut</strong></span> <span class='ocrx_word' id='word_1_63' title='bbox 630 432 732 460; x_wconf 89' lang='lat' dir='ltr'><strong>nullum</strong></span> <span class='ocrx_word' id='word_1_64' title='bbox 750 433 831 467; x_wconf 91' lang='lat' dir='ltr'><strong>plane</strong></span> <span class='ocrx_word' id='word_1_65' title='bbox 846 432 992 460; x_wconf 88' lang='lat' dir='ltr'><strong>discrimen</strong></span> 
     </span>
    </p>
   </div>
   <div class='ocr_carea' id='block_1_11' title="bbox 203 477 993 513">
    <p class='ocr_par' dir='ltr' id='par_1_11' title="bbox 203 477 993 513">
     <span class='ocr_line' id='line_1_11' title="bbox 203 477 993 513; baseline -0.001 -8"><span class='ocrx_word' id='word_1_66' title='bbox 203 479 228 505; x_wconf 93' lang='lat' dir='ltr'><strong>in</strong></span> <span class='ocrx_word' id='word_1_67' title='bbox 245 479 362 506; x_wconf 84' lang='lat' dir='ltr'><strong>essentia</strong></span> <span class='ocrx_word' id='word_1_68' title='bbox 374 498 381 510; x_wconf 92' lang='lat'><strong>,</strong></span> <span class='ocrx_word' id='word_1_69' title='bbox 396 483 425 505; x_wconf 92' lang='lat' dir='ltr'><strong>ct</strong></span> <span class='ocrx_word' id='word_1_70' title='bbox 444 478 579 512; x_wconf 89' lang='lat' dir='ltr'><strong>polentia,</strong></span> <span class='ocrx_word' id='word_1_71' title='bbox 593 483 619 505; x_wconf 89' lang='lat' dir='ltr'><strong>et</strong></span> <span class='ocrx_word' id='word_1_72' title='bbox 634 477 772 505; x_wconf 88' lang='lat' dir='ltr'><strong>voluntate</strong></span> <span class='ocrx_word' id='word_1_73' title='bbox 783 498 790 510; x_wconf 85' lang='lat'><strong>,</strong></span> <span class='ocrx_word' id='word_1_74' title='bbox 806 483 831 505; x_wconf 90' lang='lat' dir='ltr'><strong>et</strong></span> <span class='ocrx_word' id='word_1_75' title='bbox 846 478 930 513; x_wconf 81' lang='lat' dir='ltr'><strong>gloria</strong></span> <span class='ocrx_word' id='word_1_76' title='bbox 949 478 993 504; x_wconf 92' lang='lat' dir='ltr'><strong>in—</strong></span> 
     </span>
    </p>
   </div>
   <div class='ocr_carea' id='block_1_12' title="bbox 202 522 990 558">
    <p class='ocr_par' dir='ltr' id='par_1_12' title="bbox 202 522 990 558">
     <span class='ocr_line' id='line_1_12' title="bbox 202 522 990 558; baseline 0.001 -9"><span class='ocrx_word' id='word_1_77' title='bbox 202 527 243 549; x_wconf 90' lang='lat' dir='ltr'><strong>ter</strong></span> <span class='ocrx_word' id='word_1_78' title='bbox 258 523 375 556; x_wconf 84' lang='lat' dir='ltr'><strong>seipsum</strong></span> <span class='ocrx_word' id='word_1_79' title='bbox 387 542 394 554; x_wconf 92' lang='lat'><strong>,</strong></span> <span class='ocrx_word' id='word_1_80' title='bbox 411 527 438 549; x_wconf 91' lang='lat' dir='ltr'><strong>et</strong></span> <span class='ocrx_word' id='word_1_81' title='bbox 455 522 622 556; x_wconf 73' lang='lat' dir='ltr'><strong>unigenitum</strong></span> <span class='ocrx_word' id='word_1_82' title='bbox 639 522 772 555; x_wconf 86' lang='lat' dir='ltr'><strong>Verbum,</strong></span> <span class='ocrx_word' id='word_1_83' title='bbox 790 528 817 551; x_wconf 92' lang='lat' dir='ltr'><strong>et</strong></span> <span class='ocrx_word' id='word_1_84' title='bbox 832 531 914 550; x_wconf 91' lang='lat' dir='ltr'><strong>unum</strong></span> <span class='ocrx_word' id='word_1_85' title='bbox 932 523 990 558; x_wconf 85' lang='lat' dir='ltr'><strong>ejus</strong></span> 
     </span>
    </p>
   </div>
   <div class='ocr_carea' id='block_1_13' title="bbox 203 568 993 603">
    <p class='ocr_par' dir='ltr' id='par_1_13' title="bbox 203 568 993 603">
     <span class='ocr_line' id='line_1_13' title="bbox 203 568 993 603; baseline 0.001 -8"><span class='ocrx_word' id='word_1_86' title='bbox 203 568 336 603; x_wconf 87' lang='lat' dir='ltr'><strong>Spiritum</strong></span> <span class='ocrx_word' id='word_1_87' title='bbox 349 573 473 596; x_wconf 90' lang='lat' dir='ltr'><strong>sanctum</strong></span> <span class='ocrx_word' id='word_1_88' title='bbox 486 568 656 597; x_wconf 79' lang='lat' dir='ltr'><strong>intercedere</strong></span> <span class='ocrx_word' id='word_1_89' title='bbox 670 569 814 603; x_wconf 87' lang='lat' dir='ltr'><strong>ostendat,</strong></span> <span class='ocrx_word' id='word_1_90' title='bbox 831 569 856 596; x_wconf 92' lang='lat' dir='ltr'><strong>lu</strong></span> <span class='ocrx_word' id='word_1_91' title='bbox 870 573 923 596; x_wconf 89' lang='lat' dir='ltr'><strong>tota</strong></span> <span class='ocrx_word' id='word_1_92' title='bbox 937 569 993 596; x_wconf 74' lang='lat' dir='ltr'><strong>fere</strong></span> 
     </span>
    </p>
   </div>
   <div class='ocr_carea' id='block_1_14' title="bbox 1045 245 1842 284">
    <p class='ocr_par' dir='ltr' id='par_1_14' title="bbox 1045 245 1842 284">
     <span class='ocr_line' id='line_1_14' title="bbox 1045 245 1842 284; baseline -0.008 -8"><span class='ocrx_word' id='word_1_93' title='bbox 1045 249 1174 284; x_wconf 82' lang='grc' dir='ltr'>διάφορον</span> <span class='ocrx_word' id='word_1_94' title='bbox 1189 249 1218 275; x_wconf 83' lang='grc' dir='ltr'>ὲν</span> <span class='ocrx_word' id='word_1_95' title='bbox 1232 249 1265 283; x_wconf 80' lang='grc' dir='ltr'>τῇ</span> <span class='ocrx_word' id='word_1_96' title='bbox 1281 247 1370 283; x_wconf 76' lang='grc' dir='ltr'>οὐσίᾳ,</span> <span class='ocrx_word' id='word_1_97' title='bbox 1387 246 1435 273; x_wconf 75' lang='grc' dir='ltr'>καὶ</span> <span class='ocrx_word' id='word_1_98' title='bbox 1450 246 1574 281; x_wconf 79' lang='grc' dir='ltr'><strong>δυνάμει,</strong></span> <span class='ocrx_word' id='word_1_99' title='bbox 1589 246 1636 272; x_wconf 76' lang='grc' dir='ltr'>καὶ</span> <span class='ocrx_word' id='word_1_100' title='bbox 1655 245 1774 280; x_wconf 78' lang='grc' dir='ltr'>Θελήσει,</span> <span class='ocrx_word' id='word_1_101' title='bbox 1791 245 1842 271; x_wconf 79' lang='grc' dir='ltr'>καὶ</span> 
     </span>
    </p>
   </div>
   <div class='ocr_carea' id='block_1_15' title="bbox 1046 291 1841 330">
    <p class='ocr_par' dir='ltr' id='par_1_15' title="bbox 1046 291 1841 330">
     <span class='ocr_line' id='line_1_15' title="bbox 1046 291 1841 330; baseline -0.008 -8"><span class='ocrx_word' id='word_1_102' title='bbox 1046 295 1109 330; x_wconf 80' lang='grc' dir='ltr'><strong>δόξῃ</strong></span> <span class='ocrx_word' id='word_1_103' title='bbox 1126 292 1197 321; x_wconf 74' lang='grc' dir='ltr'>εἶναι</span> <span class='ocrx_word' id='word_1_104' title='bbox 1212 293 1320 325; x_wconf 81' lang='grc' dir='ltr'>δεικνὺς</span> <span class='ocrx_word' id='word_1_105' title='bbox 1337 292 1438 329; x_wconf 67' lang='grc' dir='ltr'>μεταξὺ</span> <span class='ocrx_word' id='word_1_106' title='bbox 1455 292 1538 319; x_wconf 82' lang='grc' dir='ltr'>αὑτοῦ</span> <span class='ocrx_word' id='word_1_107' title='bbox 1554 301 1583 318; x_wconf 89' lang='grc' dir='ltr'><strong>τε</strong></span> <span class='ocrx_word' id='word_1_108' title='bbox 1598 292 1644 318; x_wconf 72' lang='grc' dir='ltr'>καὶ</span> <span class='ocrx_word' id='word_1_109' title='bbox 1661 291 1708 318; x_wconf 74' lang='grc' dir='ltr'>τοῦ</span> <span class='ocrx_word' id='word_1_110' title='bbox 1725 299 1841 326; x_wconf 84' lang='grc' dir='ltr'>μονογε-</span> 
     </span>
    </p>
   </div>
   <div class='ocr_carea' id='block_1_16' title="bbox 1047 337 1839 375">
    <p class='ocr_par' dir='ltr' id='par_1_16' title="bbox 1047 337 1839 375">
     <span class='ocr_line' id='line_1_16' title="bbox 1047 337 1839 375; baseline -0.004 -8"><span class='ocrx_word' id='word_1_111' title='bbox 1047 340 1110 374; x_wconf 80' lang='grc' dir='ltr'>νοῦς</span> <span class='ocrx_word' id='word_1_112' title='bbox 1126 340 1224 375; x_wconf 85' lang='grc' dir='ltr'><strong>Λόγου,</strong></span> <span class='ocrx_word' id='word_1_113' title='bbox 1247 340 1294 366; x_wconf 70' lang='grc' dir='ltr'><strong>κα)¹</strong></span> <span class='ocrx_word' id='word_1_114' title='bbox 1316 340 1364 366; x_wconf 79' lang='grc' dir='ltr'><strong>τοῦ</strong></span> <span class='ocrx_word' id='word_1_115' title='bbox 1380 339 1439 371; x_wconf 80' lang='grc' dir='ltr'>ἑνὸς</span> <span class='ocrx_word' id='word_1_116' title='bbox 1460 339 1539 373; x_wconf 74' lang='grc' dir='ltr'>ἁγίου</span> <span class='ocrx_word' id='word_1_117' title='bbox 1563 338 1719 374; x_wconf 83' lang='grc' dir='ltr'>Πνεύματος</span> <span class='ocrx_word' id='word_1_118' title='bbox 1741 337 1839 369; x_wconf 82' lang='grc' dir='ltr'>αὑτοῦ,</span> 
     </span>
    </p>
   </div>
   <div class='ocr_carea' id='block_1_17' title="bbox 1048 383 1841 422">
    <p class='ocr_par' dir='ltr' id='par_1_17' title="bbox 1048 383 1841 422">
     <span class='ocr_line' id='line_1_17' title="bbox 1048 383 1841 422; baseline -0.004 -9"><span class='ocrx_word' id='word_1_119' title='bbox 1048 386 1092 413; x_wconf 74' lang='grc' dir='ltr'><strong>διὰ</strong></span> <span class='ocrx_word' id='word_1_120' title='bbox 1107 387 1197 422; x_wconf 80' lang='grc' dir='ltr'>πάσης</span> <span class='ocrx_word' id='word_1_121' title='bbox 1213 386 1306 422; x_wconf 82' lang='grc' dir='ltr'>σχεδὸν</span> <span class='ocrx_word' id='word_1_122' title='bbox 1320 385 1371 420; x_wconf 76' lang='grc' dir='ltr'>τῆς</span> <span class='ocrx_word' id='word_1_123' title='bbox 1386 385 1498 421; x_wconf 82' lang='grc' dir='ltr'>Γραφῆς</span> <span class='ocrx_word' id='word_1_124' title='bbox 1510 386 1583 420; x_wconf 81' lang='grc' dir='ltr'>λέγει</span> <span class='ocrx_word' id='word_1_125' title='bbox 1593 393 1599 399; x_wconf 94' lang='grc'><strong>·</strong></span> <span class='ocrx_word' id='word_1_126' title='bbox 1618 394 1627 410; x_wconf 82' lang='grc' dir='ltr'>ι</span> <span class='ocrx_word' id='word_1_127' title='bbox 1651 383 1721 418; x_wconf 79' lang='grc' dir='ltr'><strong>Ἐγὼ</strong></span> <span class='ocrx_word' id='word_1_128' title='bbox 1735 384 1841 419; x_wconf 80' lang='grc' dir='ltr'><strong>ἀνήγα-</strong></span> 
     </span>
    </p>
   </div>
   <div class='ocr_carea' id='block_1_18' title="bbox 1048 430 1838 468">
    <p class='ocr_par' dir='ltr' id='par_1_18' title="bbox 1048 430 1838 468">
     <span class='ocr_line' id='line_1_18' title="bbox 1048 430 1838 468; baseline -0.006 -8"><span class='ocrx_word' id='word_1_129' title='bbox 1048 441 1096 467; x_wconf 91' lang='grc' dir='ltr'>γον</span> <span class='ocrx_word' id='word_1_130' title='bbox 1117 432 1189 468; x_wconf 81' lang='grc' dir='ltr'>ὑμᾶς</span> <span class='ocrx_word' id='word_1_131' title='bbox 1206 433 1238 459; x_wconf 84' lang='grc' dir='ltr'>ὲκ</span> <span class='ocrx_word' id='word_1_132' title='bbox 1260 432 1312 467; x_wconf 84' lang='grc' dir='ltr'>γῆς</span> <span class='ocrx_word' id='word_1_133' title='bbox 1331 431 1482 466; x_wconf 85' lang='grc' dir='ltr'>Αἰγύπτου.</span> <span class='ocrx_word' id='word_1_134' title='bbox 1503 431 1649 467; x_wconf 83' lang='grc' dir='ltr'><strong>Μάρτυρες</strong></span> <span class='ocrx_word' id='word_1_135' title='bbox 1668 430 1746 466; x_wconf 81' lang='grc' dir='ltr'><strong>ὑμεῖς</strong></span> <span class='ocrx_word' id='word_1_136' title='bbox 1763 430 1838 461; x_wconf 81' lang='grc' dir='ltr'>ἐστε,</span> 
     </span>
    </p>
   </div>
   <div class='ocr_carea' id='block_1_19' title="bbox 1047 475 1841 514">
    <p class='ocr_par' dir='ltr' id='par_1_19' title="bbox 1047 475 1841 514">
     <span class='ocr_line' id='line_1_19' title="bbox 1047 475 1841 514; baseline -0.006 -9"><span class='ocrx_word' id='word_1_137' title='bbox 1047 479 1072 505; x_wconf 84' lang='grc' dir='ltr'><strong>εί</strong></span> <span class='ocrx_word' id='word_1_138' title='bbox 1088 478 1154 510; x_wconf 78' lang='grc' dir='ltr'>Θεὸς</span> <span class='ocrx_word' id='word_1_139' title='bbox 1174 475 1208 514; x_wconf 74' lang='grc' dir='ltr'>ἦν</span> <span class='ocrx_word' id='word_1_140' title='bbox 1233 478 1374 514; x_wconf 78' lang='grc' dir='ltr'><strong>ἀλλότριος</strong></span> <span class='ocrx_word' id='word_1_141' title='bbox 1390 477 1418 504; x_wconf 82' lang='grc' dir='ltr'><strong>ὲν</strong></span> <span class='ocrx_word' id='word_1_142' title='bbox 1436 477 1512 510; x_wconf 81' lang='grc' dir='ltr'>ὑμῖν,</span> <span class='ocrx_word' id='word_1_143' title='bbox 1531 477 1601 512; x_wconf 84' lang='grc' dir='ltr'>πλὴν</span> <span class='ocrx_word' id='word_1_144' title='bbox 1623 475 1701 512; x_wconf 77' lang='grc' dir='ltr'>ἐμοῦ.</span> <span class='ocrx_word' id='word_1_145' title='bbox 1721 485 1729 501; x_wconf 78' lang='grc' dir='ltr'><strong>ι</strong></span> <span class='ocrx_word' id='word_1_146' title='bbox 1748 475 1803 501; x_wconf 72' lang='grc' dir='ltr'>Καὶ</span> <span class='ocrx_word' id='word_1_147' title='bbox 1825 475 1841 501; x_wconf 81' lang='grc' dir='ltr'>ὁ</span> 
     </span>
    </p>
   </div>
   <div class='ocr_carea' id='block_1_20' title="bbox 1045 518 1839 556">
    <p class='ocr_par' dir='ltr' id='par_1_20' title="bbox 1045 518 1839 556">
     <span class='ocr_line' id='line_1_20' title="bbox 1045 518 1839 556; baseline -0.004 -8"><span class='ocrx_word' id='word_1_148' title='bbox 1045 521 1083 556; x_wconf 86' lang='grc' dir='ltr'>τῷ</span> <span class='ocrx_word' id='word_1_149' title='bbox 1102 521 1206 556; x_wconf 81' lang='grc' dir='ltr'><strong>ὑψίστῳ</strong></span> <span class='ocrx_word' id='word_1_150' title='bbox 1222 521 1250 548; x_wconf 83' lang='grc' dir='ltr'><strong>δὲ</strong></span> <span class='ocrx_word' id='word_1_151' title='bbox 1274 521 1362 556; x_wconf 84' lang='grc' dir='ltr'>Πατρὶ</span> <span class='ocrx_word' id='word_1_152' title='bbox 1380 521 1427 548; x_wconf 77' lang='grc' dir='ltr'>καὶ</span> <span class='ocrx_word' id='word_1_153' title='bbox 1447 521 1486 556; x_wconf 86' lang='grc' dir='ltr'><strong>τῷ</strong></span> <span class='ocrx_word' id='word_1_154' title='bbox 1508 521 1578 556; x_wconf 78' lang='grc' dir='ltr'>ἁγίῳ</span> <span class='ocrx_word' id='word_1_155' title='bbox 1600 520 1737 556; x_wconf 88' lang='grc' dir='ltr'>Πνεύματι</span> <span class='ocrx_word' id='word_1_156' title='bbox 1754 518 1839 546; x_wconf 75' lang='grc' dir='ltr'>αὐτοῦ</span> 
     </span>
    </p>
   </div>
   <div class='ocr_carea' id='block_1_21' title="bbox 1045 567 1837 603">
    <p class='ocr_par' dir='ltr' id='par_1_21' title="bbox 1045 567 1837 603">
     <span class='ocr_line' id='line_1_21' title="bbox 1045 567 1837 603; baseline -0.001 -9"><span class='ocrx_word' id='word_1_157' title='bbox 1045 567 1168 603; x_wconf 70' lang='grc' dir='ltr'>ὁμοφυὴς</span> <span class='ocrx_word' id='word_1_158' title='bbox 1180 567 1405 602; x_wconf 75' lang='grc' dir='ltr'><strong>κα¹ιὸμόφρων,ὁ</strong></span> <span class='ocrx_word' id='word_1_159' title='bbox 1420 567 1558 603; x_wconf 81' lang='grc' dir='ltr'>προσηνὴς</span> <span class='ocrx_word' id='word_1_160' title='bbox 1570 567 1659 603; x_wconf 83' lang='grc' dir='ltr'>ἡμῶν.</span> <span class='ocrx_word' id='word_1_161' title='bbox 1680 586 1688 593; x_wconf 92' lang='grc'><strong>.</strong></span> <span class='ocrx_word' id='word_1_162' title='bbox 1710 583 1718 593; x_wconf 78' lang='grc' dir='ltr'>ι</span> <span class='ocrx_word' id='word_1_163' title='bbox 1740 586 1746 593; x_wconf 98' lang='grc'>.</span> <span class='ocrx_word' id='word_1_164' title='bbox 1770 587 1776 592; x_wconf 99' lang='grc'>.</span> <span class='ocrx_word' id='word_1_165' title='bbox 1800 586 1807 593; x_wconf 94' lang='grc'>.</span> <span class='ocrx_word' id='word_1_166' title='bbox 1829 586 1837 593; x_wconf 92' lang='grc'>.</span> 
     </span>
    </p>
   </div>
   <div class='ocr_carea' id='block_1_22' title="bbox 202 611 1840 651">
    <p class='ocr_par' dir='ltr' id='par_1_22' title="bbox 202 611 1840 651">
     <span class='ocr_line' id='line_1_22' title="bbox 202 611 1840 651; baseline -0.002 -10"><span class='ocrx_word' id='word_1_167' title='bbox 202 613 341 649; x_wconf 68' lang='lat' dir='ltr'><strong>Scriptura</strong></span> <span class='ocrx_word' id='word_1_168' title='bbox 357 615 485 651; x_wconf 68' lang='lat' dir='ltr'><strong>inquitn</strong></span> <span class='ocrx_word' id='word_1_169' title='bbox 498 615 553 650; x_wconf 73' lang='lat' dir='ltr'><strong>Ego</strong></span> <span class='ocrx_word' id='word_1_170' title='bbox 568 615 624 648; x_wconf 68' lang='grc'><strong>(45)</strong></span> <span class='ocrx_word' id='word_1_171' title='bbox 637 616 790 644; x_wconf 86' lang='lat' dir='ltr'><strong>reduxivos</strong></span> <span class='ocrx_word' id='word_1_172' title='bbox 801 624 834 643; x_wconf 84' lang='lat' dir='ltr'><strong>ex</strong></span> <span class='ocrx_word' id='word_1_173' title='bbox 846 621 918 643; x_wconf 87' lang='lat' dir='ltr'><strong>terra</strong></span> <span class='ocrx_word' id='word_1_174' title='bbox 940 615 1060 650; x_wconf 67' lang='lat' dir='ltr'><strong>Egypti.</strong></span> <span class='ocrx_word' id='word_1_175' title='bbox 1082 614 1176 642; x_wconf 83' lang='lat' dir='ltr'><strong>Testes</strong></span> <span class='ocrx_word' id='word_1_176' title='bbox 1197 621 1244 641; x_wconf 90' lang='lat' dir='ltr'><strong>vos</strong></span> <span class='ocrx_word' id='word_1_177' title='bbox 1261 614 1343 645; x_wconf 84' lang='lat' dir='ltr'><strong>estis.</strong></span> <span class='ocrx_word' id='word_1_178' title='bbox 1362 614 1384 641; x_wconf 88' lang='lat' dir='ltr'><strong>si</strong></span> <span class='ocrx_word' id='word_1_179' title='bbox 1404 614 1474 641; x_wconf 85' lang='lat' dir='ltr'><strong>Deus</strong></span> <span class='ocrx_word' id='word_1_180' title='bbox 1497 619 1556 641; x_wconf 89' lang='lat' dir='ltr'><strong>erat</strong></span> <span class='ocrx_word' id='word_1_181' title='bbox 1577 613 1681 640; x_wconf 82' lang='lat' dir='ltr'><strong>alienus</strong></span> <span class='ocrx_word' id='word_1_182' title='bbox 1704 613 1729 639; x_wconf 91' lang='lat' dir='ltr'><strong>in</strong></span> <span class='ocrx_word' id='word_1_183' title='bbox 1761 611 1840 638; x_wconf 88' lang='lat' dir='ltr'><strong>vobis</strong></span> 
     </span>
    </p>
   </div>
   <div class='ocr_carea' id='block_1_23' title="bbox 200 660 1838 699">
    <p class='ocr_par' dir='ltr' id='par_1_23' title="bbox 200 660 1838 699">
     <span class='ocr_line' id='line_1_23' title="bbox 200 660 1838 699; baseline -0.001 -10"><span class='ocrx_word' id='word_1_184' title='bbox 200 667 300 696; x_wconf 84' lang='lat' dir='ltr'><strong>praeter</strong></span> <span class='ocrx_word' id='word_1_185' title='bbox 313 671 365 690; x_wconf 88' lang='lat' dir='ltr'><strong>me.</strong></span> <span class='ocrx_word' id='word_1_186' title='bbox 386 674 395 690; x_wconf 75' lang='grc' dir='ltr'>ι</span> <span class='ocrx_word' id='word_1_187' title='bbox 413 663 438 691; x_wconf 89' lang='lat' dir='ltr'><strong>ls</strong></span> <span class='ocrx_word' id='word_1_188' title='bbox 452 671 533 697; x_wconf 85' lang='lat' dir='ltr'><strong>vero,</strong></span> <span class='ocrx_word' id='word_1_189' title='bbox 549 665 593 699; x_wconf 88' lang='lat' dir='ltr'><strong>qui</strong></span> <span class='ocrx_word' id='word_1_190' title='bbox 611 671 671 692; x_wconf 89' lang='lat' dir='ltr'><strong>cum</strong></span> <span class='ocrx_word' id='word_1_191' title='bbox 688 664 821 692; x_wconf 86' lang='lat' dir='ltr'><strong>altissimo</strong></span> <span class='ocrx_word' id='word_1_192' title='bbox 834 664 931 696; x_wconf 84' lang='lat' dir='ltr'><strong>Patre,</strong></span> <span class='ocrx_word' id='word_1_193' title='bbox 947 669 974 692; x_wconf 89' lang='lat' dir='ltr'><strong>et</strong></span> <span class='ocrx_word' id='word_1_194' title='bbox 989 668 1084 692; x_wconf 82' lang='lat' dir='ltr'><strong>saneto</strong></span> <span class='ocrx_word' id='word_1_195' title='bbox 1097 662 1156 697; x_wconf 88' lang='lat' dir='ltr'><strong>ejus</strong></span> <span class='ocrx_word' id='word_1_196' title='bbox 1172 663 1272 698; x_wconf 86' lang='lat' dir='ltr'><strong>Spiritu</strong></span> <span class='ocrx_word' id='word_1_197' title='bbox 1289 661 1408 697; x_wconf 86' lang='lat' dir='ltr'><strong>ejusdem</strong></span> <span class='ocrx_word' id='word_1_198' title='bbox 1428 666 1532 690; x_wconf 62' lang='lat' dir='ltr'><strong>natura!</strong></span> <span class='ocrx_word' id='word_1_199' title='bbox 1545 683 1552 694; x_wconf 85' lang='lat'><strong>,</strong></span> <span class='ocrx_word' id='word_1_200' title='bbox 1567 666 1595 689; x_wconf 88' lang='lat' dir='ltr'><strong>et</strong></span> <span class='ocrx_word' id='word_1_201' title='bbox 1611 660 1758 689; x_wconf 77' lang='lat' dir='ltr'><strong>voluntatis</strong></span> <span class='ocrx_word' id='word_1_202' title='bbox 1773 664 1815 688; x_wconf 84' lang='lat' dir='ltr'><strong>est</strong></span> <span class='ocrx_word' id='word_1_203' title='bbox 1829 679 1838 692; x_wconf 92' lang='lat'><strong>,</strong></span> 
     </span>
    </p>
   </div>
   <div class='ocr_carea' id='block_1_24' title="bbox 203 709 990 747">
    <p class='ocr_par' dir='ltr' id='par_1_24' title="bbox 203 709 990 747">
     <span class='ocr_line' id='line_1_24' title="bbox 203 709 990 747; baseline 0.003 -12"><span class='ocrx_word' id='word_1_204' title='bbox 203 709 990 747; x_wconf 54' lang='lat' dir='ltr'><strong>clemensuosterﬂb’).................</strong></span> 
     </span>
    </p>
   </div>
   <div class='ocr_carea' id='block_1_25' title="bbox 533 757 664 786">
    <p class='ocr_par' dir='ltr' id='par_1_25' title="bbox 533 757 664 786">
     <span class='ocr_line' id='line_1_25' title="bbox 533 757 664 786; baseline 0.008 -2"><span class='ocrx_word' id='word_1_205' title='bbox 533 758 609 785; x_wconf 76' lang='lat' dir='ltr'><strong>CAP.</strong></span> <span class='ocrx_word' id='word_1_206' title='bbox 630 757 664 786; x_wconf 83' lang='grc' dir='ltr'><strong>Χ.</strong></span> 
     </span>
    </p>
   </div>
   <div class='ocr_carea' id='block_1_26' title="bbox 808 755 1239 794">
    <p class='ocr_par' dir='ltr' id='par_1_26' title="bbox 808 755 1239 794">
     <span class='ocr_line' id='line_1_26' title="bbox 808 755 1239 794; baseline -0.021 -6"><span class='ocrx_word' id='word_1_207' title='bbox 808 759 890 794; x_wconf 78' lang='lat'><strong>226</strong></span> <span class='ocrx_word' id='word_1_208' title='bbox 906 758 987 792; x_wconf 83' lang='lat' dir='ltr'><strong>Caput</strong></span> <span class='ocrx_word' id='word_1_209' title='bbox 1005 755 1046 784; x_wconf 83' lang='lat' dir='ltr'><strong><em>IX</em></strong></span> <span class='ocrx_word' id='word_1_210' title='bbox 1066 755 1239 782; x_wconf 68' lang='lat' dir='ltr'><strong>desideratur.</strong></span> 
     </span>
    </p>
   </div>
   <div class='ocr_carea' id='block_1_27' title="bbox 1383 751 1510 781">
    <p class='ocr_par' dir='ltr' id='par_1_27' title="bbox 1383 751 1510 781">
     <span class='ocr_line' id='line_1_27' title="bbox 1383 751 1510 781; baseline 0 -2"><span class='ocrx_word' id='word_1_211' title='bbox 1383 753 1461 781; x_wconf 82' lang='grc' dir='ltr'><strong>ΚΕΦ.</strong></span> <span class='ocrx_word' id='word_1_212' title='bbox 1482 751 1510 779; x_wconf 83' lang='grc' dir='ltr'><strong>ι’.</strong></span> 
     </span>
    </p>
   </div>
   <div class='ocr_carea' id='block_1_28' title="bbox 856 798 1219 836">
    <p class='ocr_par' dir='ltr' id='par_1_28' title="bbox 856 798 1219 836">
     <span class='ocr_line' id='line_1_28' title="bbox 856 798 1219 836; baseline -0.017 -6"><span class='ocrx_word' id='word_1_213' title='bbox 856 803 945 836; x_wconf 73' lang='lat' dir='ltr'><strong>(Deest</strong></span> <span class='ocrx_word' id='word_1_214' title='bbox 965 802 1070 829; x_wconf 75' lang='lat' dir='ltr'><strong>initium</strong></span> <span class='ocrx_word' id='word_1_215' title='bbox 1086 808 1144 834; x_wconf 81' lang='lat' dir='ltr'><strong>cap.</strong></span> <span class='ocrx_word' id='word_1_216' title='bbox 1163 798 1219 831; x_wconf 71' lang='lat' dir='ltr'><strong>i0.)</strong></span> 
     </span>
    </p>
   </div>
   <div class='ocr_carea' id='block_1_29' title="bbox 203 854 995 877">
    <p class='ocr_par' dir='ltr' id='par_1_29' title="bbox 203 854 995 877">
     <span class='ocr_line' id='line_1_29' title="bbox 203 854 995 877; baseline -0.001 -1"><span class='ocrx_word' id='word_1_217' title='bbox 203 867 328 877; x_wconf 75' lang='lat'><strong>.....</strong></span> <span class='ocrx_word' id='word_1_218' title='bbox 380 854 995 877; x_wconf 63' lang='lat' dir='ltr'><strong>.u..............(10llll‘il</strong></span> 
     </span>
    </p>
   </div>
   <div class='ocr_carea' id='block_1_30' title="bbox 204 878 1032 930">
    <p class='ocr_par' dir='ltr' id='par_1_30' title="bbox 204 878 1032 930">
     <span class='ocr_line' id='line_1_30' title="bbox 204 878 1032 930; baseline 0.001 -10"><span class='ocrx_word' id='word_1_219' title='bbox 204 893 334 928; x_wconf 84' lang='lat' dir='ltr'><strong>Spiritum</strong></span> <span class='ocrx_word' id='word_1_220' title='bbox 351 901 438 920; x_wconf 90' lang='lat' dir='ltr'><strong>mcum</strong></span> <span class='ocrx_word' id='word_1_221' title='bbox 457 893 513 930; x_wconf 74' lang='grc'><strong>(47)</strong></span> <span class='ocrx_word' id='word_1_222' title='bbox 528 913 535 927; x_wconf 82' lang='grc'><em>,</em></span> <span class='ocrx_word' id='word_1_223' title='bbox 549 899 596 921; x_wconf 86' lang='lat' dir='ltr'><strong>aut</strong></span> <span class='ocrx_word' id='word_1_224' title='bbox 612 894 644 921; x_wconf 90' lang='lat' dir='ltr'><strong>de</strong></span> <span class='ocrx_word' id='word_1_225' title='bbox 662 893 764 929; x_wconf 88' lang='lat' dir='ltr'><strong>Spiritu</strong></span> <span class='ocrx_word' id='word_1_226' title='bbox 784 903 852 922; x_wconf 92' lang='lat' dir='ltr'><strong>meo.</strong></span> <span class='ocrx_word' id='word_1_227' title='bbox 868 895 955 929; x_wconf 88' lang='lat' dir='ltr'><strong>Atque</strong></span> <span class='ocrx_word' id='word_1_228' title='bbox 968 894 993 922; x_wconf 88' lang='lat' dir='ltr'><strong>is</strong></span> <span class='ocrx_word' id='word_1_229' title='bbox 1012 878 1032 905; x_wconf 71' lang='grc' dir='ltr'><strong>Β</strong></span> 
     </span>
    </p>
   </div>
   <div class='ocr_carea' id='block_1_31' title="bbox 203 939 990 974">
    <p class='ocr_par' dir='ltr' id='par_1_31' title="bbox 203 939 990 974">
     <span class='ocr_line' id='line_1_31' title="bbox 203 939 990 974; baseline 0 -8"><span class='ocrx_word' id='word_1_230' title='bbox 203 939 244 966; x_wconf 89' lang='lat' dir='ltr'><strong>vel</strong></span> <span class='ocrx_word' id='word_1_231' title='bbox 267 939 302 966; x_wconf 94' lang='lat' dir='ltr'><strong>ob</strong></span> <span class='ocrx_word' id='word_1_232' title='bbox 327 939 397 966; x_wconf 92' lang='lat' dir='ltr'><strong>hanc</strong></span> <span class='ocrx_word' id='word_1_233' title='bbox 419 943 522 966; x_wconf 85' lang='lat' dir='ltr'><strong>tantum</strong></span> <span class='ocrx_word' id='word_1_234' title='bbox 550 947 658 967; x_wconf 84' lang='lat' dir='ltr'><strong>causam</strong></span> <span class='ocrx_word' id='word_1_235' title='bbox 672 960 680 972; x_wconf 89' lang='lat'><strong>,</strong></span> <span class='ocrx_word' id='word_1_236' title='bbox 697 944 725 966; x_wconf 90' lang='lat' dir='ltr'><strong>ut</strong></span> <span class='ocrx_word' id='word_1_237' title='bbox 743 939 865 974; x_wconf 84' lang='lat' dir='ltr'><strong>equidem</strong></span> <span class='ocrx_word' id='word_1_238' title='bbox 886 940 990 974; x_wconf 89' lang='lat' dir='ltr'><strong>opinor,</strong></span> 
     </span>
    </p>
   </div>
   <div class='ocr_carea' id='block_1_32' title="bbox 201 985 994 1020">
    <p class='ocr_par' dir='ltr' id='par_1_32' title="bbox 201 985 994 1020">
     <span class='ocr_line' id='line_1_32' title="bbox 201 985 994 1020; baseline 0 -8"><span class='ocrx_word' id='word_1_239' title='bbox 201 986 321 1020; x_wconf 83' lang='lat' dir='ltr'><strong>ipsorum</strong></span> <span class='ocrx_word' id='word_1_240' title='bbox 336 985 463 1016; x_wconf 76' lang='lat' dir='ltr'><strong>misertus</strong></span> <span class='ocrx_word' id='word_1_241' title='bbox 476 986 567 1013; x_wconf 86' lang='lat' dir='ltr'><strong>venire</strong></span> <span class='ocrx_word' id='word_1_242' title='bbox 583 993 629 1013; x_wconf 85' lang='lat' dir='ltr'><strong>eos</strong></span> <span class='ocrx_word' id='word_1_243' title='bbox 642 986 722 1020; x_wconf 81' lang='lat' dir='ltr'><strong>jussit</strong></span> <span class='ocrx_word' id='word_1_244' title='bbox 732 987 764 1013; x_wconf 84' lang='lat' dir='ltr'><strong>ad</strong></span> <span class='ocrx_word' id='word_1_245' title='bbox 777 985 872 1013; x_wconf 87' lang='lat' dir='ltr'><strong>Jobum</strong></span> <span class='ocrx_word' id='word_1_246' title='bbox 883 1006 890 1017; x_wconf 85' lang='lat'>.</span> <span class='ocrx_word' id='word_1_247' title='bbox 904 990 932 1012; x_wconf 93' lang='lat' dir='ltr'><strong>ut</strong></span> <span class='ocrx_word' id='word_1_248' title='bbox 946 993 994 1020; x_wconf 89' lang='lat' dir='ltr'><strong>pro</strong></span> 
     </span>
    </p>
   </div>
   <div class='ocr_carea' id='block_1_33' title="bbox 202 1027 994 1061">
    <p class='ocr_par' dir='ltr' id='par_1_33' title="bbox 202 1027 994 1061">
     <span class='ocr_line' id='line_1_33' title="bbox 202 1027 994 1061; baseline -0.001 -7"><span class='ocrx_word' id='word_1_249' title='bbox 202 1027 255 1054; x_wconf 89' lang='lat' dir='ltr'><strong>illis</strong></span> <span class='ocrx_word' id='word_1_250' title='bbox 272 1031 381 1054; x_wconf 85' lang='lat' dir='ltr'><strong>oraret:</strong></span> <span class='ocrx_word' id='word_1_251' title='bbox 401 1027 527 1054; x_wconf 89' lang='lat' dir='ltr'><strong>nimirum</strong></span> <span class='ocrx_word' id='word_1_252' title='bbox 545 1032 655 1061; x_wconf 84' lang='lat' dir='ltr'><strong>propter</strong></span> <span class='ocrx_word' id='word_1_253' title='bbox 680 1027 759 1054; x_wconf 78' lang='lat' dir='ltr'><strong>verba</strong></span> <span class='ocrx_word' id='word_1_254' title='bbox 778 1027 810 1053; x_wconf 89' lang='lat' dir='ltr'><strong>ad</strong></span> <span class='ocrx_word' id='word_1_255' title='bbox 830 1034 890 1053; x_wconf 91' lang='lat' dir='ltr'><strong>eum</strong></span> <span class='ocrx_word' id='word_1_256' title='bbox 911 1027 994 1060; x_wconf 89' lang='lat' dir='ltr'><strong>perti-</strong></span> 
     </span>
    </p>
   </div>
   <div class='ocr_carea' id='block_1_34' title="bbox 201 1068 994 1103">
    <p class='ocr_par' dir='ltr' id='par_1_34' title="bbox 201 1068 994 1103">
     <span class='ocr_line' id='line_1_34' title="bbox 201 1068 994 1103; baseline -0.001 -8"><span class='ocrx_word' id='word_1_257' title='bbox 201 1069 290 1095; x_wconf 90' lang='lat' dir='ltr'><strong>nentia</strong></span> <span class='ocrx_word' id='word_1_258' title='bbox 302 1088 309 1100; x_wconf 93' lang='lat'><strong>,</strong></span> <span class='ocrx_word' id='word_1_259' title='bbox 322 1075 380 1103; x_wconf 60' lang='lat' dir='ltr'><strong>quae</strong></span> <span class='ocrx_word' id='word_1_260' title='bbox 394 1068 578 1103; x_wconf 88' lang='lat' dir='ltr'><strong>protulerunt,</strong></span> <span class='ocrx_word' id='word_1_261' title='bbox 596 1069 620 1096; x_wconf 88' lang='lat' dir='ltr'><strong>id</strong></span> <span class='ocrx_word' id='word_1_262' title='bbox 636 1068 734 1096; x_wconf 80' lang='lat' dir='ltr'><strong>factmu</strong></span> <span class='ocrx_word' id='word_1_263' title='bbox 750 1072 830 1103; x_wconf 92' lang='lat' dir='ltr'><strong>puto:</strong></span> <span class='ocrx_word' id='word_1_264' title='bbox 844 1068 994 1095; x_wconf 86' lang='lat' dir='ltr'><strong>rectissime</strong></span> 
     </span>
    </p>
   </div>
   <div class='ocr_carea' id='block_1_35' title="bbox 201 1114 995 1147">
    <p class='ocr_par' dir='ltr' id='par_1_35' title="bbox 201 1114 995 1147">
     <span class='ocr_line' id='line_1_35' title="bbox 201 1114 995 1147; baseline 0 -6"><span class='ocrx_word' id='word_1_265' title='bbox 201 1114 272 1141; x_wconf 89' lang='lat' dir='ltr'><strong>enim</strong></span> <span class='ocrx_word' id='word_1_266' title='bbox 283 1135 290 1147; x_wconf 93' lang='lat'><strong>,</strong></span> <span class='ocrx_word' id='word_1_267' title='bbox 308 1115 402 1142; x_wconf 90' lang='lat' dir='ltr'><strong>nescio</strong></span> <span class='ocrx_word' id='word_1_268' title='bbox 425 1115 562 1147; x_wconf 89' lang='lat' dir='ltr'><strong>quomodo</strong></span> <span class='ocrx_word' id='word_1_269' title='bbox 575 1135 582 1147; x_wconf 86' lang='lat'><strong>,</strong></span> <span class='ocrx_word' id='word_1_270' title='bbox 598 1119 626 1142; x_wconf 87' lang='lat' dir='ltr'><strong>et</strong></span> <span class='ocrx_word' id='word_1_271' title='bbox 642 1115 900 1143; x_wconf 71' lang='lat' dir='ltr'><strong>convenientissima</strong></span> <span class='ocrx_word' id='word_1_272' title='bbox 920 1114 995 1141; x_wconf 85' lang='lat' dir='ltr'><strong>dixe-</strong></span> 
     </span>
    </p>
   </div>
   <div class='ocr_carea' id='block_1_36' title="bbox 203 1159 994 1196">
    <p class='ocr_par' dir='ltr' id='par_1_36' title="bbox 203 1159 994 1196">
     <span class='ocr_line' id='line_1_36' title="bbox 203 1159 994 1196; baseline -0.001 -9"><span class='ocrx_word' id='word_1_273' title='bbox 203 1165 265 1187; x_wconf 91' lang='lat' dir='ltr'><strong>runt</strong></span> <span class='ocrx_word' id='word_1_274' title='bbox 280 1169 286 1188; x_wconf 88' lang='lat'>:</span> <span class='ocrx_word' id='word_1_275' title='bbox 303 1169 311 1186; x_wconf 80' lang='grc' dir='ltr'>ι</span> <span class='ocrx_word' id='word_1_276' title='bbox 330 1160 448 1195; x_wconf 85' lang='lat' dir='ltr'><strong>Spiritus</strong></span> <span class='ocrx_word' id='word_1_277' title='bbox 464 1160 520 1196; x_wconf 73' lang='grc'><strong>(48)</strong></span> <span class='ocrx_word' id='word_1_278' title='bbox 538 1160 645 1188; x_wconf 73' lang='lat' dir='ltr'><strong>divinus</strong></span> <span class='ocrx_word' id='word_1_279' title='bbox 662 1161 706 1195; x_wconf 90' lang='lat' dir='ltr'><strong>qui</strong></span> <span class='ocrx_word' id='word_1_280' title='bbox 730 1161 793 1189; x_wconf 78' lang='lat' dir='ltr'><strong>fecit</strong></span> <span class='ocrx_word' id='word_1_281' title='bbox 815 1169 874 1194; x_wconf 87' lang='lat' dir='ltr'><strong>me,</strong></span> <span class='ocrx_word' id='word_1_282' title='bbox 896 1159 994 1187; x_wconf 78' lang='lat' dir='ltr'><strong>halitus</strong></span> 
     </span>
    </p>
   </div>
   <div class='ocr_carea' id='block_1_37' title="bbox 202 1205 994 1242">
    <p class='ocr_par' dir='ltr' id='par_1_37' title="bbox 202 1205 994 1242">
     <span class='ocr_line' id='line_1_37' title="bbox 202 1205 994 1242; baseline 0 -10"><span class='ocrx_word' id='word_1_283' title='bbox 202 1211 291 1233; x_wconf 83' lang='lat' dir='ltr'><strong>autem</strong></span> <span class='ocrx_word' id='word_1_284' title='bbox 310 1205 509 1240; x_wconf 87' lang='lat' dir='ltr'><strong>Omnipotentis</strong></span> <span class='ocrx_word' id='word_1_285' title='bbox 529 1206 628 1234; x_wconf 89' lang='lat' dir='ltr'><strong>docens</strong></span> <span class='ocrx_word' id='word_1_286' title='bbox 644 1214 707 1240; x_wconf 90' lang='lat' dir='ltr'><strong>me;</strong></span> <span class='ocrx_word' id='word_1_287' title='bbox 724 1216 735 1232; x_wconf 70' lang='grc' dir='ltr'><em>δ</em></span> <span class='ocrx_word' id='word_1_288' title='bbox 748 1213 773 1234; x_wconf 89' lang='lat' dir='ltr'><strong>et</strong></span> <span class='ocrx_word' id='word_1_289' title='bbox 788 1207 880 1242; x_wconf 79' lang='lat' dir='ltr'><strong>paucis</strong></span> <span class='ocrx_word' id='word_1_290' title='bbox 904 1205 994 1233; x_wconf 91' lang='lat' dir='ltr'><strong>verbis</strong></span> 
     </span>
    </p>
   </div>
   <div class='ocr_carea' id='block_1_38' title="bbox 202 1252 991 1288">
    <p class='ocr_par' dir='ltr' id='par_1_38' title="bbox 202 1252 991 1288">
     <span class='ocr_line' id='line_1_38' title="bbox 202 1252 991 1288; baseline 0.001 -10"><span class='ocrx_word' id='word_1_291' title='bbox 202 1259 327 1286; x_wconf 80' lang='lat' dir='ltr'><strong>magnam</strong></span> <span class='ocrx_word' id='word_1_292' title='bbox 343 1252 490 1286; x_wconf 88' lang='lat' dir='ltr'><strong>potentiam</strong></span> <span class='ocrx_word' id='word_1_293' title='bbox 501 1273 509 1285; x_wconf 88' lang='lat'><strong>,</strong></span> <span class='ocrx_word' id='word_1_294' title='bbox 522 1257 549 1279; x_wconf 88' lang='lat' dir='ltr'><strong>et</strong></span> <span class='ocrx_word' id='word_1_295' title='bbox 564 1253 733 1286; x_wconf 82' lang='lat' dir='ltr'><strong>creatricem,</strong></span> <span class='ocrx_word' id='word_1_296' title='bbox 751 1261 782 1280; x_wconf 87' lang='lat' dir='ltr'><strong>ac</strong></span> <span class='ocrx_word' id='word_1_297' title='bbox 801 1253 896 1280; x_wconf 88' lang='lat' dir='ltr'><strong>salutis</strong></span> <span class='ocrx_word' id='word_1_298' title='bbox 911 1252 991 1288; x_wconf 76' lang='lat' dir='ltr'><strong>largi-</strong></span> 
     </span>
    </p>
   </div>
   <div class='ocr_carea' id='block_1_39' title="bbox 202 1298 993 1334">
    <p class='ocr_par' dir='ltr' id='par_1_39' title="bbox 202 1298 993 1334">
     <span class='ocr_line' id='line_1_39' title="bbox 202 1298 993 1334; baseline 0.001 -9"><span class='ocrx_word' id='word_1_299' title='bbox 202 1299 296 1326; x_wconf 86' lang='lat' dir='ltr'><strong>tricem</strong></span> <span class='ocrx_word' id='word_1_300' title='bbox 311 1319 318 1331; x_wconf 94' lang='lat'><strong>,</strong></span> <span class='ocrx_word' id='word_1_301' title='bbox 334 1298 520 1333; x_wconf 81' lang='lat' dir='ltr'><strong>malorumque</strong></span> <span class='ocrx_word' id='word_1_302' title='bbox 536 1299 717 1334; x_wconf 84' lang='lat' dir='ltr'><strong>expultricem</strong></span> <span class='ocrx_word' id='word_1_303' title='bbox 737 1304 859 1326; x_wconf 88' lang='lat' dir='ltr'><strong>naturam</strong></span> <span class='ocrx_word' id='word_1_304' title='bbox 874 1299 993 1333; x_wconf 84' lang='lat' dir='ltr'><strong>explica-</strong></span> 
     </span>
    </p>
   </div>
   <div class='ocr_carea' id='block_1_40' title="bbox 201 1344 996 1379">
    <p class='ocr_par' dir='ltr' id='par_1_40' title="bbox 201 1344 996 1379">
     <span class='ocr_line' id='line_1_40' title="bbox 201 1344 996 1379; baseline 0 -8"><span class='ocrx_word' id='word_1_305' title='bbox 201 1349 274 1371; x_wconf 84' lang='lat' dir='ltr'><strong>runt.</strong></span> <span class='ocrx_word' id='word_1_306' title='bbox 287 1344 323 1371; x_wconf 90' lang='lat' dir='ltr'><strong>At</strong></span> <span class='ocrx_word' id='word_1_307' title='bbox 337 1344 456 1379; x_wconf 86' lang='lat' dir='ltr'><strong>nunquid</strong></span> <span class='ocrx_word' id='word_1_308' title='bbox 480 1346 504 1371; x_wconf 92' lang='lat' dir='ltr'><strong>in</strong></span> <span class='ocrx_word' id='word_1_309' title='bbox 534 1345 682 1379; x_wconf 80' lang='lat' dir='ltr'><strong>theologica</strong></span> <span class='ocrx_word' id='word_1_310' title='bbox 700 1345 750 1373; x_wconf 85' lang='lat' dir='ltr'><strong>hac</strong></span> <span class='ocrx_word' id='word_1_311' title='bbox 768 1345 900 1372; x_wconf 86' lang='lat' dir='ltr'><strong>locutione</strong></span> <span class='ocrx_word' id='word_1_312' title='bbox 924 1345 996 1372; x_wconf 88' lang='lat' dir='ltr'><strong>sistit</strong></span> 
     </span>
    </p>
   </div>
   <div class='ocr_carea' id='block_1_41' title="bbox 201 1389 994 1426">
    <p class='ocr_par' dir='ltr' id='par_1_41' title="bbox 201 1389 994 1426">
     <span class='ocr_line' id='line_1_41' title="bbox 201 1389 994 1426; baseline 0.001 -10"><span class='ocrx_word' id='word_1_313' title='bbox 201 1389 260 1416; x_wconf 87' lang='lat' dir='ltr'><strong>Eliu</strong></span> <span class='ocrx_word' id='word_1_314' title='bbox 285 1390 361 1425; x_wconf 70' lang='lat'><strong>(49)?</strong></span> <span class='ocrx_word' id='word_1_315' title='bbox 384 1389 464 1425; x_wconf 82' lang='lat' dir='ltr'><strong>Atqui</strong></span> <span class='ocrx_word' id='word_1_316' title='bbox 489 1391 571 1418; x_wconf 81' lang='lat' dir='ltr'><strong>multa</strong></span> <span class='ocrx_word' id='word_1_317' title='bbox 593 1391 626 1418; x_wconf 89' lang='lat' dir='ltr'><strong>de</strong></span> <span class='ocrx_word' id='word_1_318' title='bbox 641 1391 822 1426; x_wconf 86' lang='lat' dir='ltr'><strong>omnipotenti</strong></span> <span class='ocrx_word' id='word_1_319' title='bbox 846 1391 899 1418; x_wconf 87' lang='lat' dir='ltr'><strong>Deo</strong></span> <span class='ocrx_word' id='word_1_320' title='bbox 915 1390 994 1417; x_wconf 81' lang='lat' dir='ltr'><strong>Patre</strong></span> 
     </span>
    </p>
   </div>
   <div class='ocr_carea' id='block_1_42' title="bbox 200 1434 994 1470">
    <p class='ocr_par' dir='ltr' id='par_1_42' title="bbox 200 1434 994 1470">
     <span class='ocr_line' id='line_1_42' title="bbox 200 1434 994 1470; baseline -0.001 -9"><span class='ocrx_word' id='word_1_321' title='bbox 200 1439 292 1470; x_wconf 86' lang='lat' dir='ltr'><strong>aperte</strong></span> <span class='ocrx_word' id='word_1_322' title='bbox 305 1434 419 1468; x_wconf 78' lang='lat' dir='ltr'><strong>adjecit,</strong></span> <span class='ocrx_word' id='word_1_323' title='bbox 441 1435 537 1470; x_wconf 85' lang='lat' dir='ltr'><strong>quibus</strong></span> <span class='ocrx_word' id='word_1_324' title='bbox 548 1435 619 1469; x_wconf 89' lang='lat' dir='ltr'><strong>quod</strong></span> <span class='ocrx_word' id='word_1_325' title='bbox 637 1435 735 1470; x_wconf 91' lang='lat' dir='ltr'><strong>opponi</strong></span> <span class='ocrx_word' id='word_1_326' title='bbox 752 1435 850 1469; x_wconf 82' lang='lat' dir='ltr'><strong>possit,</strong></span> <span class='ocrx_word' id='word_1_327' title='bbox 866 1434 933 1461; x_wconf 87' lang='lat' dir='ltr'><strong>nihil</strong></span> <span class='ocrx_word' id='word_1_328' title='bbox 944 1438 994 1461; x_wconf 90' lang='lat' dir='ltr'><strong>est.</strong></span> 
     </span>
    </p>
   </div>
   <div class='ocr_carea' id='block_1_43' title="bbox 199 1481 994 1516">
    <p class='ocr_par' dir='ltr' id='par_1_43' title="bbox 199 1481 994 1516">
     <span class='ocr_line' id='line_1_43' title="bbox 199 1481 994 1516; baseline -0.003 -8"><span class='ocrx_word' id='word_1_329' title='bbox 199 1481 245 1508; x_wconf 84' lang='lat' dir='ltr'><strong>Ait</strong></span> <span class='ocrx_word' id='word_1_330' title='bbox 259 1482 351 1508; x_wconf 89' lang='lat' dir='ltr'><strong>enim:</strong></span> <span class='ocrx_word' id='word_1_331' title='bbox 373 1491 382 1507; x_wconf 82' lang='grc' dir='ltr'><strong>ι</strong></span> <span class='ocrx_word' id='word_1_332' title='bbox 401 1481 531 1509; x_wconf 58' lang='lat' dir='ltr'><strong>[Etet-nus</strong></span> <span class='ocrx_word' id='word_1_333' title='bbox 548 1482 603 1516; x_wconf 84' lang='lat'><strong>(50)</strong></span> <span class='ocrx_word' id='word_1_334' title='bbox 617 1483 689 1509; x_wconf 88' lang='lat' dir='ltr'><strong>enim</strong></span> <span class='ocrx_word' id='word_1_335' title='bbox 704 1485 762 1514; x_wconf 85' lang='lat' dir='ltr'><strong>est,</strong></span> <span class='ocrx_word' id='word_1_336' title='bbox 776 1481 821 1516; x_wconf 88' lang='lat' dir='ltr'><strong>qui</strong></span> <span class='ocrx_word' id='word_1_337' title='bbox 849 1485 890 1508; x_wconf 91' lang='lat' dir='ltr'><strong>est</strong></span> <span class='ocrx_word' id='word_1_338' title='bbox 912 1487 994 1515; x_wconf 85' lang='lat' dir='ltr'><strong>supra</strong></span> 
     </span>
    </p>
   </div>
   <div class='ocr_carea' id='block_1_44' title="bbox 200 1526 993 1561">
    <p class='ocr_par' dir='ltr' id='par_1_44' title="bbox 200 1526 993 1561">
     <span class='ocr_line' id='line_1_44' title="bbox 200 1526 993 1561; baseline -0.001 -8"><span class='ocrx_word' id='word_1_339' title='bbox 200 1527 338 1554; x_wconf 81' lang='lat' dir='ltr'><strong>mortales.</strong></span> <span class='ocrx_word' id='word_1_340' title='bbox 350 1537 359 1553; x_wconf 73' lang='grc' dir='ltr'><strong>ι</strong></span> <span class='ocrx_word' id='word_1_341' title='bbox 371 1527 403 1554; x_wconf 87' lang='grc' dir='ltr'><strong>Ει</strong></span> <span class='ocrx_word' id='word_1_342' title='bbox 419 1536 512 1554; x_wconf 84' lang='lat' dir='ltr'><strong>rursus</strong></span> <span class='ocrx_word' id='word_1_343' title='bbox 527 1537 532 1554; x_wconf 97' lang='lat'>:</span> <span class='ocrx_word' id='word_1_344' title='bbox 552 1537 560 1553; x_wconf 82' lang='grc' dir='ltr'>ι</span> <span class='ocrx_word' id='word_1_345' title='bbox 575 1528 602 1554; x_wconf 84' lang='lat' dir='ltr'><strong>Si</strong></span> <span class='ocrx_word' id='word_1_346' title='bbox 621 1528 674 1554; x_wconf 83' lang='lat' dir='ltr'><strong>sint</strong></span> <span class='ocrx_word' id='word_1_347' title='bbox 691 1527 763 1554; x_wconf 83' lang='lat' dir='ltr'><strong>mille</strong></span> <span class='ocrx_word' id='word_1_348' title='bbox 777 1526 864 1561; x_wconf 81' lang='lat' dir='ltr'><strong>angeli</strong></span> <span class='ocrx_word' id='word_1_349' title='bbox 881 1531 993 1553; x_wconf 89' lang='lat' dir='ltr'><strong>mortem</strong></span> 
     </span>
    </p>
   </div>
   <div class='ocr_carea' id='block_1_45' title="bbox 200 1572 993 1608">
    <p class='ocr_par' dir='ltr' id='par_1_45' title="bbox 200 1572 993 1608">
     <span class='ocr_line' id='line_1_45' title="bbox 200 1572 993 1608; baseline -0.003 -8"><span class='ocrx_word' id='word_1_350' title='bbox 200 1573 363 1608; x_wconf 70' lang='lat' dir='ltr'><strong>afferentes,</strong></span> <span class='ocrx_word' id='word_1_351' title='bbox 382 1581 452 1600; x_wconf 89' lang='lat' dir='ltr'><strong>unus</strong></span> <span class='ocrx_word' id='word_1_352' title='bbox 468 1582 499 1600; x_wconf 74' lang='lat' dir='ltr'><strong>ex</strong></span> <span class='ocrx_word' id='word_1_353' title='bbox 519 1574 585 1607; x_wconf 80' lang='lat' dir='ltr'><strong>ipsis</strong></span> <span class='ocrx_word' id='word_1_354' title='bbox 608 1581 776 1608; x_wconf 84' lang='lat' dir='ltr'><strong>nequaquam</strong></span> <span class='ocrx_word' id='word_1_355' title='bbox 791 1572 942 1599; x_wconf 84' lang='lat' dir='ltr'><strong>vulnerahit</strong></span> <span class='ocrx_word' id='word_1_356' title='bbox 960 1579 993 1599; x_wconf 77' lang='lat' dir='ltr'><strong>ex</strong></span> 
     </span>
    </p>
   </div>
   <div class='ocr_carea' id='block_1_46' title="bbox 200 1617 994 1654">
    <p class='ocr_par' dir='ltr' id='par_1_46' title="bbox 200 1617 994 1654">
     <span class='ocr_line' id='line_1_46' title="bbox 200 1617 994 1654; baseline -0.003 -8"><span class='ocrx_word' id='word_1_357' title='bbox 200 1619 268 1654; x_wconf 82' lang='lat' dir='ltr'><strong>ipsis</strong></span> <span class='ocrx_word' id='word_1_358' title='bbox 292 1619 360 1654; x_wconf 84' lang='lat' dir='ltr'><strong>(5i),</strong></span> <span class='ocrx_word' id='word_1_359' title='bbox 384 1619 407 1646; x_wconf 90' lang='lat' dir='ltr'><strong>si</strong></span> <span class='ocrx_word' id='word_1_360' title='bbox 431 1620 591 1654; x_wconf 61' lang='lat' dir='ltr'><strong>cogitare-rit</strong></span> <span class='ocrx_word' id='word_1_361' title='bbox 610 1620 691 1646; x_wconf 87' lang='lat' dir='ltr'><strong>corde</strong></span> <span class='ocrx_word' id='word_1_362' title='bbox 713 1618 836 1646; x_wconf 90' lang='lat' dir='ltr'><strong>converti</strong></span> <span class='ocrx_word' id='word_1_363' title='bbox 854 1618 886 1645; x_wconf 85' lang='lat' dir='ltr'><strong>ad</strong></span> <span class='ocrx_word' id='word_1_364' title='bbox 903 1617 994 1644; x_wconf 90' lang='lat' dir='ltr'><strong>Domi-</strong></span> 
     </span>
    </p>
   </div>
   <div class='ocr_carea' id='block_1_47' title="bbox 201 1664 994 1701">
    <p class='ocr_par' dir='ltr' id='par_1_47' title="bbox 201 1664 994 1701">
     <span class='ocr_line' id='line_1_47' title="bbox 201 1664 994 1701; baseline -0.004 -8"><span class='ocrx_word' id='word_1_365' title='bbox 201 1674 283 1698; x_wconf 86' lang='lat' dir='ltr'><strong>num;</strong></span> <span class='ocrx_word' id='word_1_366' title='bbox 305 1675 314 1691; x_wconf 79' lang='grc' dir='ltr'><strong>ι</strong></span> <span class='ocrx_word' id='word_1_367' title='bbox 340 1671 368 1693; x_wconf 87' lang='lat' dir='ltr'><strong>et</strong></span> <span class='ocrx_word' id='word_1_368' title='bbox 395 1673 487 1693; x_wconf 84' lang='lat' dir='ltr'><strong>rursus</strong></span> <span class='ocrx_word' id='word_1_369' title='bbox 503 1675 510 1692; x_wconf 85' lang='lat'><strong>:</strong></span> <span class='ocrx_word' id='word_1_370' title='bbox 538 1675 546 1691; x_wconf 83' lang='grc' dir='ltr'>ι</span> <span class='ocrx_word' id='word_1_371' title='bbox 564 1665 660 1693; x_wconf 83' lang='lat' dir='ltr'><strong>Orabit</strong></span> <span class='ocrx_word' id='word_1_372' title='bbox 676 1665 731 1701; x_wconf 70' lang='grc'><strong>(52)</strong></span> <span class='ocrx_word' id='word_1_373' title='bbox 750 1665 782 1692; x_wconf 85' lang='lat' dir='ltr'><strong>ad</strong></span> <span class='ocrx_word' id='word_1_374' title='bbox 801 1664 954 1696; x_wconf 87' lang='lat' dir='ltr'><strong>Dominum,</strong></span> <span class='ocrx_word' id='word_1_375' title='bbox 967 1668 994 1691; x_wconf 84' lang='lat' dir='ltr'><strong>et</strong></span> 
     </span>
    </p>
   </div>
   <div class='ocr_carea' id='block_1_48' title="bbox 201 1710 990 1746">
    <p class='ocr_par' dir='ltr' id='par_1_48' title="bbox 201 1710 990 1746">
     <span class='ocr_line' id='line_1_48' title="bbox 201 1710 990 1746; baseline -0.005 -7"><span class='ocrx_word' id='word_1_376' title='bbox 201 1716 310 1746; x_wconf 89' lang='lat' dir='ltr'><strong>accepta</strong></span> <span class='ocrx_word' id='word_1_377' title='bbox 337 1712 361 1739; x_wconf 89' lang='lat' dir='ltr'><strong>ei</strong></span> <span class='ocrx_word' id='word_1_378' title='bbox 389 1717 485 1745; x_wconf 86' lang='lat' dir='ltr'><strong>erunt;</strong></span> <span class='ocrx_word' id='word_1_379' title='bbox 502 1721 511 1738; x_wconf 79' lang='grc' dir='ltr'><strong>ι</strong></span> <span class='ocrx_word' id='word_1_380' title='bbox 541 1716 568 1738; x_wconf 91' lang='lat' dir='ltr'><strong>et</strong></span> <span class='ocrx_word' id='word_1_381' title='bbox 591 1719 706 1738; x_wconf 84' lang='lat' dir='ltr'><strong>rursus:</strong></span> <span class='ocrx_word' id='word_1_382' title='bbox 733 1720 742 1736; x_wconf 91' lang='grc'><em>‹</em></span> <span class='ocrx_word' id='word_1_383' title='bbox 759 1710 839 1737; x_wconf 85' lang='lat' dir='ltr'><strong>Salva</strong></span> <span class='ocrx_word' id='word_1_384' title='bbox 871 1710 990 1737; x_wconf 85' lang='lat' dir='ltr'><strong>animam</strong></span> 
     </span>
    </p>
   </div>
   <div class='ocr_carea' id='block_1_49' title="bbox 203 1756 991 1793">
    <p class='ocr_par' dir='ltr' id='par_1_49' title="bbox 203 1756 991 1793">
     <span class='ocr_line' id='line_1_49' title="bbox 203 1756 991 1793; baseline -0.004 -8"><span class='ocrx_word' id='word_1_385' title='bbox 203 1765 302 1789; x_wconf 86' lang='lat' dir='ltr'><strong>meam,</strong></span> <span class='ocrx_word' id='word_1_386' title='bbox 316 1765 349 1785; x_wconf 88' lang='lat' dir='ltr'><strong>ne</strong></span> <span class='ocrx_word' id='word_1_387' title='bbox 361 1763 438 1785; x_wconf 82' lang='lat' dir='ltr'><strong>exeat</strong></span> <span class='ocrx_word' id='word_1_388' title='bbox 452 1757 508 1793; x_wconf 76' lang='lat'><strong>(53)</strong></span> <span class='ocrx_word' id='word_1_389' title='bbox 524 1758 550 1784; x_wconf 94' lang='lat' dir='ltr'><strong>in</strong></span> <span class='ocrx_word' id='word_1_390' title='bbox 569 1757 784 1791; x_wconf 82' lang='lat' dir='ltr'><strong>corruptionem:</strong></span> <span class='ocrx_word' id='word_1_391' title='bbox 798 1761 822 1783; x_wconf 93' lang='lat' dir='ltr'><strong>et</strong></span> <span class='ocrx_word' id='word_1_392' title='bbox 853 1756 906 1782; x_wconf 88' lang='lat' dir='ltr'><strong>vita</strong></span> <span class='ocrx_word' id='word_1_393' title='bbox 932 1763 991 1782; x_wconf 89' lang='lat' dir='ltr'><strong>mea</strong></span> 
     </span>
    </p>
   </div>
   <div class='ocr_carea' id='block_1_50' title="bbox 201 1801 989 1836">
    <p class='ocr_par' dir='ltr' id='par_1_50' title="bbox 201 1801 989 1836">
     <span class='ocr_line' id='line_1_50' title="bbox 201 1801 989 1836; baseline -0.005 -6"><span class='ocrx_word' id='word_1_394' title='bbox 201 1803 290 1831; x_wconf 86' lang='lat' dir='ltr'><strong>lucem</strong></span> <span class='ocrx_word' id='word_1_395' title='bbox 312 1803 423 1830; x_wconf 85' lang='lat' dir='ltr'><strong>videbit.</strong></span> <span class='ocrx_word' id='word_1_396' title='bbox 443 1803 512 1830; x_wconf 86' lang='lat' dir='ltr'><strong>Ecce</strong></span> <span class='ocrx_word' id='word_1_397' title='bbox 529 1804 585 1830; x_wconf 79' lang='lat' dir='ltr'><strong>lucc</strong></span> <span class='ocrx_word' id='word_1_398' title='bbox 605 1803 694 1830; x_wconf 85' lang='lat' dir='ltr'><strong>omnia</strong></span> <span class='ocrx_word' id='word_1_399' title='bbox 717 1807 844 1836; x_wconf 83' lang='lat' dir='ltr'><strong>operatur</strong></span> <span class='ocrx_word' id='word_1_400' title='bbox 866 1801 965 1829; x_wconf 87' lang='lat' dir='ltr'><strong>Fortis.</strong></span> <span class='ocrx_word' id='word_1_401' title='bbox 980 1810 989 1826; x_wconf 75' lang='grc' dir='ltr'>ι</span> 
     </span>
    </p>
   </div>
   <div class='ocr_carea' id='block_1_51' title="bbox 200 1848 987 1885">
    <p class='ocr_par' dir='ltr' id='par_1_51' title="bbox 200 1848 987 1885">
     <span class='ocr_line' id='line_1_51' title="bbox 200 1848 987 1885; baseline -0.005 -8"><span class='ocrx_word' id='word_1_402' title='bbox 200 1849 265 1883; x_wconf 57' lang='lat' dir='ltr'><strong>Quae</strong></span> <span class='ocrx_word' id='word_1_403' title='bbox 294 1850 376 1885; x_wconf 78' lang='lat' dir='ltr'><strong>igitur</strong></span> <span class='ocrx_word' id='word_1_404' title='bbox 400 1850 433 1877; x_wconf 87' lang='lat' dir='ltr'><strong>de</strong></span> <span class='ocrx_word' id='word_1_405' title='bbox 455 1850 525 1883; x_wconf 90' lang='lat' dir='ltr'><strong>Deo,</strong></span> <span class='ocrx_word' id='word_1_406' title='bbox 552 1857 584 1877; x_wconf 88' lang='lat' dir='ltr'><strong>ac</strong></span> <span class='ocrx_word' id='word_1_407' title='bbox 601 1849 659 1883; x_wconf 86' lang='lat' dir='ltr'><strong>ejus</strong></span> <span class='ocrx_word' id='word_1_408' title='bbox 681 1848 784 1884; x_wconf 84' lang='lat' dir='ltr'><strong>Spiritu</strong></span> <span class='ocrx_word' id='word_1_409' title='bbox 802 1849 897 1882; x_wconf 85' lang='lat' dir='ltr'><strong>docet,</strong></span> <span class='ocrx_word' id='word_1_410' title='bbox 914 1852 987 1874; x_wconf 83' lang='lat' dir='ltr'><strong>recta</strong></span> 
     </span>
    </p>
   </div>
   <div class='ocr_carea' id='block_1_52' title="bbox 199 1893 993 1931">
    <p class='ocr_par' dir='ltr' id='par_1_52' title="bbox 199 1893 993 1931">
     <span class='ocr_line' id='line_1_52' title="bbox 199 1893 993 1931; baseline -0.003 -8"><span class='ocrx_word' id='word_1_411' title='bbox 199 1900 281 1923; x_wconf 81' lang='lat' dir='ltr'><strong>sunt:</strong></span> <span class='ocrx_word' id='word_1_412' title='bbox 297 1904 357 1931; x_wconf 67' lang='lat' dir='ltr'><strong>quae</strong></span> <span class='ocrx_word' id='word_1_413' title='bbox 373 1903 436 1923; x_wconf 90' lang='lat' dir='ltr'><strong>vero</strong></span> <span class='ocrx_word' id='word_1_414' title='bbox 451 1895 512 1923; x_wconf 86' lang='lat' dir='ltr'><strong>aliis</strong></span> <span class='ocrx_word' id='word_1_415' title='bbox 527 1896 559 1923; x_wconf 89' lang='lat' dir='ltr'><strong>de</strong></span> <span class='ocrx_word' id='word_1_416' title='bbox 580 1896 661 1922; x_wconf 88' lang='lat' dir='ltr'><strong>rebus</strong></span> <span class='ocrx_word' id='word_1_417' title='bbox 672 1915 678 1926; x_wconf 83' lang='lat'><strong>,</strong></span> <span class='ocrx_word' id='word_1_418' title='bbox 703 1902 797 1929; x_wconf 87' lang='lat' dir='ltr'><strong>prava.</strong></span> <span class='ocrx_word' id='word_1_419' title='bbox 821 1893 887 1920; x_wconf 85' lang='lat' dir='ltr'><strong>Nam</strong></span> <span class='ocrx_word' id='word_1_420' title='bbox 909 1893 993 1921; x_wconf 82' lang='lat' dir='ltr'><strong>Jobus</strong></span> 
     </span>
    </p>
   </div>
   <div class='ocr_carea' id='block_1_53' title="bbox 199 1941 994 1978">
    <p class='ocr_par' dir='ltr' id='par_1_53' title="bbox 199 1941 994 1978">
     <span class='ocr_line' id='line_1_53' title="bbox 199 1941 994 1978; baseline -0.006 -8"><span class='ocrx_word' id='word_1_421' title='bbox 199 1950 308 1978; x_wconf 89' lang='lat' dir='ltr'><strong>quoque</strong></span> <span class='ocrx_word' id='word_1_422' title='bbox 332 1950 393 1970; x_wconf 88' lang='lat' dir='ltr'><strong>cum</strong></span> <span class='ocrx_word' id='word_1_423' title='bbox 414 1943 534 1970; x_wconf 85' lang='lat' dir='ltr'><strong>divinum</strong></span> <span class='ocrx_word' id='word_1_424' title='bbox 551 1945 675 1969; x_wconf 71' lang='lat' dir='ltr'><strong>vocaSSct</strong></span> <span class='ocrx_word' id='word_1_425' title='bbox 696 1941 826 1975; x_wconf 87' lang='lat' dir='ltr'><strong>Spiritum</strong></span> <span class='ocrx_word' id='word_1_426' title='bbox 845 1945 968 1967; x_wconf 77' lang='lat' dir='ltr'><strong>sanciunt</strong></span> <span class='ocrx_word' id='word_1_427' title='bbox 986 1959 994 1971; x_wconf 81' lang='lat'><strong>,</strong></span> 
     </span>
    </p>
   </div>
   <div class='ocr_carea' id='block_1_54' title="bbox 200 1985 995 2024">
    <p class='ocr_par' dir='ltr' id='par_1_54' title="bbox 200 1985 995 2024">
     <span class='ocr_line' id='line_1_54' title="bbox 200 1985 995 2024; baseline -0.006 -8"><span class='ocrx_word' id='word_1_428' title='bbox 200 1993 231 2016; x_wconf 87' lang='lat' dir='ltr'><strong>ut</strong></span> <span class='ocrx_word' id='word_1_429' title='bbox 246 1988 371 2024; x_wconf 87' lang='lat' dir='ltr'><strong>superius</strong></span> <span class='ocrx_word' id='word_1_430' title='bbox 384 1989 484 2016; x_wconf 85' lang='lat' dir='ltr'><strong>dictum</strong></span> <span class='ocrx_word' id='word_1_431' title='bbox 503 1987 553 2014; x_wconf 84' lang='lat' dir='ltr'><strong>fuit</strong></span> <span class='ocrx_word' id='word_1_432' title='bbox 564 2007 571 2020; x_wconf 92' lang='lat'><strong>,</strong></span> <span class='ocrx_word' id='word_1_433' title='bbox 589 1992 691 2014; x_wconf 89' lang='lat' dir='ltr'><strong>tantam</strong></span> <span class='ocrx_word' id='word_1_434' title='bbox 708 1994 722 2013; x_wconf 90' lang='lat' dir='ltr'><strong>a</strong></span> <span class='ocrx_word' id='word_1_435' title='bbox 739 1985 913 2014; x_wconf 86' lang='lat' dir='ltr'><strong>Deo.laudem</strong></span> <span class='ocrx_word' id='word_1_436' title='bbox 929 1992 995 2012; x_wconf 92' lang='lat' dir='ltr'><strong>con-</strong></span> 
     </span>
    </p>
   </div>
   <div class='ocr_carea' id='block_1_55' title="bbox 201 2031 995 2069">
    <p class='ocr_par' dir='ltr' id='par_1_55' title="bbox 201 2031 995 2069">
     <span class='ocr_line' id='line_1_55' title="bbox 201 2031 995 2069; baseline -0.004 -7"><span class='ocrx_word' id='word_1_437' title='bbox 201 2040 312 2062; x_wconf 88' lang='lat' dir='ltr'><strong>secutus</strong></span> <span class='ocrx_word' id='word_1_438' title='bbox 330 2037 382 2062; x_wconf 86' lang='lat' dir='ltr'><strong>est.</strong></span> <span class='ocrx_word' id='word_1_439' title='bbox 404 2033 460 2061; x_wconf 89' lang='lat' dir='ltr'><strong>lloc</strong></span> <span class='ocrx_word' id='word_1_440' title='bbox 477 2041 542 2069; x_wconf 67' lang='lat' dir='ltr'><strong>ergo</strong></span> <span class='ocrx_word' id='word_1_441' title='bbox 559 2037 652 2068; x_wconf 84' lang='lat' dir='ltr'><strong>reputa</strong></span> <span class='ocrx_word' id='word_1_442' title='bbox 665 2052 672 2065; x_wconf 96' lang='lat'><strong>,</strong></span> <span class='ocrx_word' id='word_1_443' title='bbox 689 2032 741 2059; x_wconf 90' lang='lat' dir='ltr'><strong>etsi</strong></span> <span class='ocrx_word' id='word_1_444' title='bbox 759 2039 856 2066; x_wconf 91' lang='lat' dir='ltr'><strong>nempe</strong></span> <span class='ocrx_word' id='word_1_445' title='bbox 873 2031 995 2059; x_wconf 79' lang='lat' dir='ltr'><strong>testium-</strong></span> 
     </span>
    </p>
   </div>
   <div class='ocr_carea' id='block_1_56' title="bbox 249 2099 985 2135">
    <p class='ocr_par' dir='ltr' id='par_1_56' title="bbox 249 2099 985 2135">
     <span class='ocr_line' id='line_1_56' title="bbox 249 2099 985 2135; baseline -0.003 -8"><span class='ocrx_word' id='word_1_446' title='bbox 249 2100 292 2135; x_wconf 69' lang='grc'><strong>65)</strong></span> <span class='ocrx_word' id='word_1_447' title='bbox 312 2099 450 2128; x_wconf 77' lang='lat' dir='ltr'><strong>Dominus.</strong></span> <span class='ocrx_word' id='word_1_448' title='bbox 469 2100 547 2127; x_wconf 80' lang='lat' dir='ltr'><strong>Deut.</strong></span> <span class='ocrx_word' id='word_1_449' title='bbox 564 2108 584 2130; x_wconf 87' lang='grc' dir='ltr'>ι,</span> <span class='ocrx_word' id='word_1_450' title='bbox 598 2100 642 2127; x_wconf 79' lang='lat'><strong>50.</strong></span> <span class='ocrx_word' id='word_1_451' title='bbox 658 2099 792 2133; x_wconf 86' lang='lat' dir='ltr'><strong>Complut.</strong></span> <span class='ocrx_word' id='word_1_452' title='bbox 811 2099 870 2135; x_wconf 80' lang='lat' dir='ltr'><strong>ed.,</strong></span> <span class='ocrx_word' id='word_1_453' title='bbox 882 2099 985 2135; x_wconf 79' lang='grc' dir='ltr'>Κύριος</span> 
     </span>
    </p>
   </div>
   <div class='ocr_carea' id='block_1_57' title="bbox 200 2134 985 2198">
    <p class='ocr_par' dir='ltr' id='par_1_57' title="bbox 200 2134 985 2198">
     <span class='ocr_line' id='line_1_57' title="bbox 200 2134 985 2198; baseline 0 -36"><span class='ocrx_word' id='word_1_454' title='bbox 200 2137 216 2198; x_wconf 61' lang='grc' dir='ltr'>ἓ</span> <span class='ocrx_word' id='word_1_455' title='bbox 233 2134 298 2197; x_wconf 52' lang='grc' dir='ltr'>Θεὸς</span> <span class='ocrx_word' id='word_1_456' title='bbox 317 2135 407 2171; x_wconf 82' lang='grc' dir='ltr'>ἡμῶν.</span> <span class='ocrx_word' id='word_1_457' title='bbox 429 2135 531 2162; x_wconf 84' lang='lat' dir='ltr'><strong>Similia</strong></span> <span class='ocrx_word' id='word_1_458' title='bbox 553 2135 683 2162; x_wconf 86' lang='lat' dir='ltr'><strong>habemus</strong></span> <span class='ocrx_word' id='word_1_459' title='bbox 701 2135 777 2163; x_wconf 84' lang='lat' dir='ltr'><strong>Deut.</strong></span> <span class='ocrx_word' id='word_1_460' title='bbox 796 2142 842 2166; x_wconf 80' lang='lat' dir='ltr'><strong>xx,</strong></span> <span class='ocrx_word' id='word_1_461' title='bbox 858 2134 889 2166; x_wconf 70' lang='lat'><strong>4;</strong></span> <span class='ocrx_word' id='word_1_462' title='bbox 910 2134 985 2168; x_wconf 71' lang='lat' dir='ltr'><strong>vim,</strong></span> 
     </span>
     <span class='ocr_line' id='line_1_58' title="bbox 219 2178 296 2198; baseline -0.013 0"><span class='ocrx_word' id='word_1_463' title='bbox 219 2191 226 2198; x_wconf 84' lang='lat'><strong>.</strong></span> <span class='ocrx_word' id='word_1_464' title='bbox 244 2178 258 2197; x_wconf 87' lang='lat' dir='ltr'><strong>e</strong></span> <span class='ocrx_word' id='word_1_465' title='bbox 271 2178 296 2198; x_wconf 90' lang='lat' dir='ltr'><strong>c.</strong></span> 
     </span>
    </p>
   </div>
   <div class='ocr_carea' id='block_1_58' title="bbox 244 2177 296 2198">
    <p class='ocr_par' dir='ltr' id='par_1_58' title="bbox 244 2177 296 2198">
     <span class='ocr_line' id='line_1_59' title="bbox 244 2177 296 2198; baseline 0.019 -1"><span class='ocrx_word' id='word_1_466' title='bbox 244 2177 296 2198; x_wconf 88' lang='lat' dir='ltr'><strong>etc.</strong></span> 
     </span>
    </p>
   </div>
   <div class='ocr_carea' id='block_1_59' title="bbox 219 2191 757 2241">
    <p class='ocr_par' dir='ltr' id='par_1_59' title="bbox 219 2191 757 2241">
     <span class='ocr_line' id='line_1_60' title="bbox 219 2191 757 2241; baseline -0.004 -9"><span class='ocrx_word' id='word_1_467' title='bbox 219 2191 296 2240; x_wconf 54' lang='lat' dir='ltr'><strong>’(ﬁi</strong></span> <span class='ocrx_word' id='word_1_468' title='bbox 315 2205 348 2241; x_wconf 68' lang='lat' dir='ltr'><strong>Ei</strong></span> <span class='ocrx_word' id='word_1_469' title='bbox 364 2206 419 2241; x_wconf 87' lang='lat' dir='ltr'><strong>qui.</strong></span> <span class='ocrx_word' id='word_1_470' title='bbox 439 2205 485 2232; x_wconf 82' lang='lat' dir='ltr'><strong>Ps.</strong></span> <span class='ocrx_word' id='word_1_471' title='bbox 500 2213 601 2238; x_wconf 79' lang='lat' dir='ltr'><strong>cxxxv,</strong></span> <span class='ocrx_word' id='word_1_472' title='bbox 621 2212 698 2241; x_wconf 89' lang='lat' dir='ltr'><strong>vers._</strong></span> <span class='ocrx_word' id='word_1_473' title='bbox 714 2203 757 2241; x_wconf 69' lang='lat' dir='ltr'><strong>Hi.</strong></span> 
     </span>
    </p>
   </div>
   <div class='ocr_carea' id='block_1_60' title="bbox 239 2238 992 2276">
    <p class='ocr_par' dir='ltr' id='par_1_60' title="bbox 239 2238 992 2276">
     <span class='ocr_line' id='line_1_61' title="bbox 239 2238 992 2276; baseline -0.001 -9"><span class='ocrx_word' id='word_1_474' title='bbox 239 2238 294 2276; x_wconf 69' lang='grc'><strong>(45)</strong></span> <span class='ocrx_word' id='word_1_475' title='bbox 324 2238 392 2276; x_wconf 73' lang='lat' dir='ltr'><strong>Ego.</strong></span> <span class='ocrx_word' id='word_1_476' title='bbox 409 2241 607 2276; x_wconf 64' lang='lat' dir='ltr'><strong>ScIISIriti&#39;eitat</strong></span> <span class='ocrx_word' id='word_1_477' title='bbox 620 2247 658 2276; x_wconf 80' lang='lat' dir='ltr'><strong>ex</strong></span> <span class='ocrx_word' id='word_1_478' title='bbox 675 2239 797 2276; x_wconf 71' lang='lat' dir='ltr'><strong>pluribus</strong></span> <span class='ocrx_word' id='word_1_479' title='bbox 816 2238 898 2276; x_wconf 78' lang='lat' dir='ltr'><strong>simul</strong></span> <span class='ocrx_word' id='word_1_480' title='bbox 916 2238 992 2276; x_wconf 71' lang='lat' dir='ltr'><strong>Scri-</strong></span> 
     </span>
    </p>
   </div>
   <div class='ocr_carea' id='block_1_61' title="bbox 221 2273 990 2308">
    <p class='ocr_par' dir='ltr' id='par_1_61' title="bbox 221 2273 990 2308">
     <span class='ocr_line' id='line_1_62' title="bbox 221 2273 990 2308; baseline -0.001 -6"><span class='ocrx_word' id='word_1_481' title='bbox 221 2273 291 2308; x_wconf 56' lang='lat' dir='ltr'><strong>turag&#39;</strong></span> <span class='ocrx_word' id='word_1_482' title='bbox 305 2273 382 2303; x_wconf 82' lang='lat' dir='ltr'><strong>locis.</strong></span> <span class='ocrx_word' id='word_1_483' title='bbox 406 2275 473 2303; x_wconf 81' lang='lat' dir='ltr'><strong>Vide</strong></span> <span class='ocrx_word' id='word_1_484' title='bbox 488 2274 517 2301; x_wconf 93' lang='lat' dir='ltr'><strong>Il</strong></span> <span class='ocrx_word' id='word_1_485' title='bbox 541 2274 634 2303; x_wconf 83' lang='lat' dir='ltr'><strong>Paral.</strong></span> <span class='ocrx_word' id='word_1_486' title='bbox 669 2282 706 2307; x_wconf 76' lang='lat' dir='ltr'><strong>v1,</strong></span> <span class='ocrx_word' id='word_1_487' title='bbox 727 2273 762 2306; x_wconf 83' lang='lat'><strong>5;</strong></span> <span class='ocrx_word' id='word_1_488' title='bbox 779 2273 865 2301; x_wconf 88' lang='lat' dir='ltr'><strong>Levit.</strong></span> <span class='ocrx_word' id='word_1_489' title='bbox 883 2282 921 2307; x_wconf 71' lang='grc' dir='ltr'>ιι,</span> <span class='ocrx_word' id='word_1_490' title='bbox 940 2274 990 2308; x_wconf 71' lang='grc'><strong>45;</strong></span> 
     </span>
    </p>
   </div>
   <div class='ocr_carea' id='block_1_62' title="bbox 213 2311 471 2343">
    <p class='ocr_par' dir='ltr' id='par_1_62' title="bbox 213 2311 471 2343">
     <span class='ocr_line' id='line_1_63' title="bbox 213 2311 471 2343; baseline -0.004 -5"><span class='ocrx_word' id='word_1_491' title='bbox 213 2319 254 2338; x_wconf 73' lang='lat' dir='ltr'><strong>sa.</strong></span> <span class='ocrx_word' id='word_1_492' title='bbox 271 2318 345 2341; x_wconf 80' lang='lat' dir='ltr'><strong>xuu.</strong></span> <span class='ocrx_word' id='word_1_493' title='bbox 363 2311 407 2343; x_wconf 73' lang='grc'><strong>12,</strong></span> <span class='ocrx_word' id='word_1_494' title='bbox 423 2315 471 2337; x_wconf 81' lang='lat' dir='ltr'><strong>etc.</strong></span> 
     </span>
    </p>
   </div>
   <div class='ocr_carea' id='block_1_63' title="bbox 237 2343 991 2380">
    <p class='ocr_par' dir='ltr' id='par_1_63' title="bbox 237 2343 991 2380">
     <span class='ocr_line' id='line_1_64' title="bbox 237 2343 991 2380; baseline 0 -8"><span class='ocrx_word' id='word_1_495' title='bbox 237 2345 297 2380; x_wconf 71' lang='lat' dir='ltr'><strong>(l6)</strong></span> <span class='ocrx_word' id='word_1_496' title='bbox 326 2344 435 2373; x_wconf 70' lang='lat' dir='ltr'><strong>Nearer.</strong></span> <span class='ocrx_word' id='word_1_497' title='bbox 452 2365 458 2372; x_wconf 92' lang='lat'><strong>.</strong></span> <span class='ocrx_word' id='word_1_498' title='bbox 477 2366 484 2372; x_wconf 95' lang='lat'><strong>.</strong></span> <span class='ocrx_word' id='word_1_499' title='bbox 505 2364 512 2371; x_wconf 91' lang='lat'><strong>.</strong></span> <span class='ocrx_word' id='word_1_500' title='bbox 528 2364 535 2372; x_wconf 90' lang='lat'><strong>.</strong></span> <span class='ocrx_word' id='word_1_501' title='bbox 553 2345 675 2378; x_wconf 82' lang='lat' dir='ltr'><strong>Quatuor</strong></span> <span class='ocrx_word' id='word_1_502' title='bbox 695 2343 739 2370; x_wconf 89' lang='lat' dir='ltr'><strong>luc</strong></span> <span class='ocrx_word' id='word_1_503' title='bbox 763 2343 844 2380; x_wconf 80' lang='lat' dir='ltr'><strong>folia,</strong></span> <span class='ocrx_word' id='word_1_504' title='bbox 863 2344 920 2372; x_wconf 87' lang='lat' dir='ltr'><strong>sive</strong></span> <span class='ocrx_word' id='word_1_505' title='bbox 946 2352 991 2372; x_wconf 92' lang='lat' dir='ltr'><strong>se-</strong></span> 
     </span>
    </p>
   </div>
   <div class='ocr_carea' id='block_1_64' title="bbox 201 2378 992 2413">
    <p class='ocr_par' dir='ltr' id='par_1_64' title="bbox 201 2378 992 2413">
     <span class='ocr_line' id='line_1_65' title="bbox 201 2378 992 2413; baseline 0 -7"><span class='ocrx_word' id='word_1_506' title='bbox 201 2378 310 2413; x_wconf 68' lang='lat' dir='ltr'><strong>gmenta</strong></span> <span class='ocrx_word' id='word_1_507' title='bbox 325 2381 514 2408; x_wconf 84' lang='lat' dir='ltr'><strong>desiderantur</strong></span> <span class='ocrx_word' id='word_1_508' title='bbox 528 2389 534 2406; x_wconf 88' lang='lat'>:</span> <span class='ocrx_word' id='word_1_509' title='bbox 550 2380 610 2407; x_wconf 84' lang='lat' dir='ltr'><strong>ﬁnis</strong></span> <span class='ocrx_word' id='word_1_510' title='bbox 621 2386 715 2413; x_wconf 81' lang='lat' dir='ltr'><strong>nempe</strong></span> <span class='ocrx_word' id='word_1_511' title='bbox 726 2379 813 2406; x_wconf 78' lang='lat' dir='ltr'><strong>octavi</strong></span> <span class='ocrx_word' id='word_1_512' title='bbox 827 2378 905 2411; x_wconf 85' lang='lat' dir='ltr'><strong>hujus</strong></span> <span class='ocrx_word' id='word_1_513' title='bbox 918 2380 992 2413; x_wconf 87' lang='lat' dir='ltr'><strong>capi-</strong></span> 
     </span>
    </p>
   </div>
   <div class='ocr_carea' id='block_1_65' title="bbox 202 2414 990 2450">
    <p class='ocr_par' dir='ltr' id='par_1_65' title="bbox 202 2414 990 2450">
     <span class='ocr_line' id='line_1_66' title="bbox 202 2414 990 2450; baseline -0.003 -7"><span class='ocrx_word' id='word_1_514' title='bbox 202 2416 246 2448; x_wconf 84' lang='lat' dir='ltr'><strong>tis,</strong></span> <span class='ocrx_word' id='word_1_515' title='bbox 266 2420 349 2443; x_wconf 89' lang='lat' dir='ltr'><strong>totum</strong></span> <span class='ocrx_word' id='word_1_516' title='bbox 369 2420 449 2450; x_wconf 87' lang='lat' dir='ltr'><strong>caput</strong></span> <span class='ocrx_word' id='word_1_517' title='bbox 472 2423 583 2446; x_wconf 87' lang='lat' dir='ltr'><strong>nouum,</strong></span> <span class='ocrx_word' id='word_1_518' title='bbox 609 2420 636 2442; x_wconf 91' lang='lat' dir='ltr'><strong>et</strong></span> <span class='ocrx_word' id='word_1_519' title='bbox 657 2414 753 2441; x_wconf 84' lang='lat' dir='ltr'><strong>decimi</strong></span> <span class='ocrx_word' id='word_1_520' title='bbox 777 2414 895 2441; x_wconf 87' lang='lat' dir='ltr'><strong>initium.</strong></span> <span class='ocrx_word' id='word_1_521' title='bbox 924 2414 990 2441; x_wconf 78' lang='lat' dir='ltr'><strong>Noui</strong></span> 
     </span>
    </p>
   </div>
   <div class='ocr_carea' id='block_1_66' title="bbox 201 2449 989 2485">
    <p class='ocr_par' dir='ltr' id='par_1_66' title="bbox 201 2449 989 2485">
     <span class='ocr_line' id='line_1_67' title="bbox 201 2449 989 2485; baseline 0 -7"><span class='ocrx_word' id='word_1_522' title='bbox 201 2458 277 2482; x_wconf 86' lang='lat' dir='ltr'><strong>vero,</strong></span> <span class='ocrx_word' id='word_1_523' title='bbox 303 2457 335 2477; x_wconf 87' lang='lat' dir='ltr'><strong>ac</strong></span> <span class='ocrx_word' id='word_1_524' title='bbox 354 2451 451 2478; x_wconf 88' lang='lat' dir='ltr'><strong>decimi</strong></span> <span class='ocrx_word' id='word_1_525' title='bbox 475 2449 570 2484; x_wconf 84' lang='lat' dir='ltr'><strong>capitis</strong></span> <span class='ocrx_word' id='word_1_526' title='bbox 585 2454 743 2485; x_wconf 80' lang='lat' dir='ltr'><strong>argumenta</strong></span> <span class='ocrx_word' id='word_1_527' title='bbox 760 2449 885 2484; x_wconf 80' lang='lat' dir='ltr'><strong>Superius</strong></span> <span class='ocrx_word' id='word_1_528' title='bbox 902 2449 989 2478; x_wconf 81' lang='lat' dir='ltr'><strong>habes</strong></span> 
     </span>
    </p>
   </div>
   <div class='ocr_carea' id='block_1_67' title="bbox 202 2485 512 2521">
    <p class='ocr_par' dir='ltr' id='par_1_67' title="bbox 202 2485 512 2521">
     <span class='ocr_line' id='line_1_68' title="bbox 202 2485 512 2521; baseline -0.003 -8"><span class='ocrx_word' id='word_1_529' title='bbox 202 2487 229 2513; x_wconf 91' lang='lat' dir='ltr'><strong>iu</strong></span> <span class='ocrx_word' id='word_1_530' title='bbox 244 2485 347 2517; x_wconf 79' lang='lat' dir='ltr'><strong>tabula.</strong></span> <span class='ocrx_word' id='word_1_531' title='bbox 367 2493 428 2521; x_wconf 79' lang='lat' dir='ltr'><strong>pag.</strong></span> <span class='ocrx_word' id='word_1_532' title='bbox 443 2485 512 2521; x_wconf 19' lang='lat'><strong>7109.</strong></span> 
     </span>
    </p>
   </div>
   <div class='ocr_carea' id='block_1_68' title="bbox 237 2518 993 2557">
    <p class='ocr_par' dir='ltr' id='par_1_68' title="bbox 237 2518 993 2557">
     <span class='ocr_line' id='line_1_69' title="bbox 237 2518 993 2557; baseline -0.001 -10"><span class='ocrx_word' id='word_1_533' title='bbox 237 2520 293 2557; x_wconf 72' lang='grc'><strong>(47)</strong></span> <span class='ocrx_word' id='word_1_534' title='bbox 311 2518 415 2548; x_wconf 63' lang='grc' dir='ltr'>ϐοηιιιιῐ</span> <span class='ocrx_word' id='word_1_535' title='bbox 435 2520 561 2557; x_wconf 69' lang='lat' dir='ltr'><strong>Spiritum</strong></span> <span class='ocrx_word' id='word_1_536' title='bbox 579 2528 683 2557; x_wconf 46' lang='lat' dir='ltr'><strong>ineunt.</strong></span> <span class='ocrx_word' id='word_1_537' title='bbox 707 2518 836 2557; x_wconf 64' lang='lat' dir='ltr'><strong>Fortasse</strong></span> <span class='ocrx_word' id='word_1_538' title='bbox 864 2519 993 2554; x_wconf 85' lang='lat' dir='ltr'><strong>Didymus</strong></span> 
     </span>
    </p>
   </div>
   <div class='ocr_carea' id='block_1_69' title="bbox 201 2555 991 2591">
    <p class='ocr_par' dir='ltr' id='par_1_69' title="bbox 201 2555 991 2591">
     <span class='ocr_line' id='line_1_70' title="bbox 201 2555 991 2591; baseline -0.001 -8"><span class='ocrx_word' id='word_1_539' title='bbox 201 2564 234 2584; x_wconf 84' lang='lat' dir='ltr'><strong>eo</strong></span> <span class='ocrx_word' id='word_1_540' title='bbox 243 2555 324 2583; x_wconf 87' lang='lat' dir='ltr'><strong>sensu</strong></span> <span class='ocrx_word' id='word_1_541' title='bbox 340 2557 418 2589; x_wconf 80' lang='lat' dir='ltr'><strong>dixit,</strong></span> <span class='ocrx_word' id='word_1_542' title='bbox 428 2555 498 2583; x_wconf 81' lang='grc' dir='ltr'>κατὰ</span> <span class='ocrx_word' id='word_1_543' title='bbox 511 2555 556 2582; x_wconf 78' lang='grc' dir='ltr'>τοῦ</span> <span class='ocrx_word' id='word_1_544' title='bbox 578 2555 738 2591; x_wconf 64' lang='grc' dir='ltr'>Πνεύματόσ,</span> <span class='ocrx_word' id='word_1_545' title='bbox 754 2563 820 2591; x_wconf 29' lang='grc' dir='ltr'>μους</span> <span class='ocrx_word' id='word_1_546' title='bbox 832 2556 991 2591; x_wconf 74' lang='lat' dir='ltr'><strong>utvaleret:</strong></span> 
     </span>
    </p>
   </div>
   <div class='ocr_carea' id='block_1_70' title="bbox 204 2589 992 2625">
    <p class='ocr_par' dir='ltr' id='par_1_70' title="bbox 204 2589 992 2625">
     <span class='ocr_line' id='line_1_71' title="bbox 204 2589 992 2625; baseline 0 -8"><span class='ocrx_word' id='word_1_547' title='bbox 204 2601 213 2617; x_wconf 76' lang='grc' dir='ltr'>ι</span> <span class='ocrx_word' id='word_1_548' title='bbox 231 2592 264 2619; x_wconf 89' lang='lat' dir='ltr'><strong>de</strong></span> <span class='ocrx_word' id='word_1_549' title='bbox 279 2591 380 2625; x_wconf 90' lang='lat' dir='ltr'><strong>Spiritu</strong></span> <span class='ocrx_word' id='word_1_550' title='bbox 399 2599 495 2619; x_wconf 61' lang='lat' dir='ltr'><strong>meo.)</strong></span> <span class='ocrx_word' id='word_1_551' title='bbox 510 2591 547 2618; x_wconf 88' lang='lat' dir='ltr'><strong>Ita</strong></span> <span class='ocrx_word' id='word_1_552' title='bbox 563 2591 634 2618; x_wconf 74' lang='lat' dir='ltr'><strong>enim</strong></span> <span class='ocrx_word' id='word_1_553' title='bbox 650 2589 834 2625; x_wconf 65' lang='lat' dir='ltr'><strong>sit-peaccipit</strong></span> <span class='ocrx_word' id='word_1_554' title='bbox 847 2590 992 2625; x_wconf 77' lang='lat' dir='ltr'><strong>dictionem</strong></span> 
     </span>
    </p>
   </div>
   <div class='ocr_carea' id='block_1_71' title="bbox 202 2623 993 2661">
    <p class='ocr_par' dir='ltr' id='par_1_71' title="bbox 202 2623 993 2661">
     <span class='ocr_line' id='line_1_72' title="bbox 202 2623 993 2661; baseline -0.003 -7"><span class='ocrx_word' id='word_1_555' title='bbox 202 2627 284 2658; x_wconf 79' lang='grc' dir='ltr'>κατά.</span> <span class='ocrx_word' id='word_1_556' title='bbox 301 2623 327 2654; x_wconf 85' lang='lat' dir='ltr'><strong>iu</strong></span> <span class='ocrx_word' id='word_1_557' title='bbox 345 2627 397 2654; x_wconf 84' lang='lat' dir='ltr'><strong>hoc</strong></span> <span class='ocrx_word' id='word_1_558' title='bbox 417 2634 510 2661; x_wconf 87' lang='lat' dir='ltr'><strong>opere,</strong></span> <span class='ocrx_word' id='word_1_559' title='bbox 529 2631 558 2653; x_wconf 91' lang='lat' dir='ltr'><strong>et</strong></span> <span class='ocrx_word' id='word_1_560' title='bbox 575 2626 600 2652; x_wconf 87' lang='lat' dir='ltr'><strong>in</strong></span> <span class='ocrx_word' id='word_1_561' title='bbox 617 2623 694 2653; x_wconf 49' lang='lat' dir='ltr'><strong>aliis.</strong></span> <span class='ocrx_word' id='word_1_562' title='bbox 708 2623 742 2651; x_wconf 88' lang='lat' dir='ltr'><strong>Ut</strong></span> <span class='ocrx_word' id='word_1_563' title='bbox 756 2624 911 2661; x_wconf 78' lang='lat' dir='ltr'><strong>exeinplmu</strong></span> <span class='ocrx_word' id='word_1_564' title='bbox 927 2624 993 2652; x_wconf 69' lang='lat' dir='ltr'><strong>alie-</strong></span> 
     </span>
    </p>
   </div>
   <div class='ocr_carea' id='block_1_72' title="bbox 203 2659 987 2695">
    <p class='ocr_par' dir='ltr' id='par_1_72' title="bbox 203 2659 987 2695">
     <span class='ocr_line' id='line_1_73' title="bbox 203 2659 987 2695; baseline -0.003 -7"><span class='ocrx_word' id='word_1_565' title='bbox 203 2669 271 2693; x_wconf 81' lang='lat' dir='ltr'><strong>raut,</strong></span> <span class='ocrx_word' id='word_1_566' title='bbox 289 2662 315 2688; x_wconf 91' lang='lat' dir='ltr'><strong>in</strong></span> <span class='ocrx_word' id='word_1_567' title='bbox 338 2659 484 2689; x_wconf 81' lang='lat' dir='ltr'><strong>comment.</strong></span> <span class='ocrx_word' id='word_1_568' title='bbox 515 2662 541 2688; x_wconf 86' lang='lat' dir='ltr'><strong>iu</strong></span> <span class='ocrx_word' id='word_1_569' title='bbox 556 2661 615 2687; x_wconf 78' lang='grc' dir='ltr'>Αει.</span> <span class='ocrx_word' id='word_1_570' title='bbox 632 2665 718 2695; x_wconf 79' lang='lat' dir='ltr'><strong>aposl.</strong></span> <span class='ocrx_word' id='word_1_571' title='bbox 740 2660 773 2686; x_wconf 83' lang='lat' dir='ltr'><strong>ad</strong></span> <span class='ocrx_word' id='word_1_572' title='bbox 790 2667 860 2687; x_wconf 88' lang='lat' dir='ltr'><strong>vers.</strong></span> <span class='ocrx_word' id='word_1_573' title='bbox 876 2659 911 2686; x_wconf 70' lang='lat'><strong>&#39;22</strong></span> <span class='ocrx_word' id='word_1_574' title='bbox 927 2667 987 2694; x_wconf 88' lang='lat' dir='ltr'><strong>cap.</strong></span> 
     </span>
    </p>
   </div>
   <div class='ocr_carea' id='block_1_73' title="bbox 202 2694 992 2731">
    <p class='ocr_par' dir='ltr' id='par_1_73' title="bbox 202 2694 992 2731">
     <span class='ocr_line' id='line_1_74' title="bbox 202 2694 992 2731; baseline -0.003 -8"><span class='ocrx_word' id='word_1_575' title='bbox 202 2704 232 2727; x_wconf 86' lang='lat' dir='ltr'><strong>tl.</strong></span> <span class='ocrx_word' id='word_1_576' title='bbox 248 2697 329 2731; x_wconf 85' lang='lat' dir='ltr'><strong>(tom.</strong></span> <span class='ocrx_word' id='word_1_577' title='bbox 342 2697 374 2723; x_wconf 82' lang='grc' dir='ltr'>ιν</span> <span class='ocrx_word' id='word_1_578' title='bbox 387 2697 486 2725; x_wconf 80' lang='lat' dir='ltr'><strong>Anerd.</strong></span> <span class='ocrx_word' id='word_1_579' title='bbox 502 2696 596 2728; x_wconf 77' lang='lat' dir='ltr'><strong>WoII&#39;.,</strong></span> <span class='ocrx_word' id='word_1_580' title='bbox 612 2705 670 2731; x_wconf 80' lang='lat' dir='ltr'><strong>pag.</strong></span> <span class='ocrx_word' id='word_1_581' title='bbox 687 2695 714 2725; x_wconf 83' lang='lat'><strong>9,</strong></span> <span class='ocrx_word' id='word_1_582' title='bbox 728 2694 736 2728; x_wconf 94' lang='lat'>)</span> <span class='ocrx_word' id='word_1_583' title='bbox 752 2695 789 2731; x_wconf 74' lang='lat' dir='ltr'><strong>ait</strong></span> <span class='ocrx_word' id='word_1_584' title='bbox 805 2695 894 2721; x_wconf 74' lang='grc' dir='ltr'>εκατὰ</span> <span class='ocrx_word' id='word_1_585' title='bbox 908 2695 992 2730; x_wconf 83' lang='grc' dir='ltr'>μόνης</span> 
     </span>
    </p>
   </div>
   <div class='ocr_carea' id='block_1_74' title="bbox 202 2730 992 2767">
    <p class='ocr_par' dir='ltr' id='par_1_74' title="bbox 202 2730 992 2767">
     <span class='ocr_line' id='line_1_75' title="bbox 202 2730 992 2767; baseline 0 -9"><span class='ocrx_word' id='word_1_586' title='bbox 202 2730 303 2767; x_wconf 80' lang='grc' dir='ltr'>σαρκὸς</span> <span class='ocrx_word' id='word_1_587' title='bbox 327 2731 500 2767; x_wconf 75' lang='grc' dir='ltr'>λεχθήσεται,</span> <span class='ocrx_word' id='word_1_588' title='bbox 527 2732 552 2759; x_wconf 87' lang='lat' dir='ltr'><strong>id</strong></span> <span class='ocrx_word' id='word_1_589' title='bbox 577 2730 704 2764; x_wconf 67' lang='lat' dir='ltr'><strong>est,(dc</strong></span> <span class='ocrx_word' id='word_1_590' title='bbox 728 2730 782 2756; x_wconf 84' lang='lat' dir='ltr'><strong>sula</strong></span> <span class='ocrx_word' id='word_1_591' title='bbox 806 2738 888 2757; x_wconf 82' lang='lat' dir='ltr'><strong>carne</strong></span> <span class='ocrx_word' id='word_1_592' title='bbox 918 2731 992 2758; x_wconf 87' lang='lat' dir='ltr'><strong>dice-</strong></span> 
     </span>
    </p>
   </div>
   <div class='ocr_carea' id='block_1_75' title="bbox 201 2771 284 2794">
    <p class='ocr_par' dir='ltr' id='par_1_75' title="bbox 201 2771 284 2794">
     <span class='ocr_line' id='line_1_76' title="bbox 201 2771 284 2794; baseline -0.024 0"><span class='ocrx_word' id='word_1_593' title='bbox 201 2771 256 2794; x_wconf 83' lang='lat' dir='ltr'><strong>tur.</strong></span> <span class='ocrx_word' id='word_1_594' title='bbox 274 2775 284 2792; x_wconf 69' lang='grc' dir='ltr'><strong>ι</strong></span> 
     </span>
    </p>
   </div>
   <div class='ocr_carea' id='block_1_76' title="bbox 250 2800 660 2835">
    <p class='ocr_par' dir='ltr' id='par_1_76' title="bbox 250 2800 660 2835">
     <span class='ocr_line' id='line_1_77' title="bbox 250 2800 660 2835; baseline 0.005 -8"><span class='ocrx_word' id='word_1_595' title='bbox 250 2801 295 2835; x_wconf 70' lang='grc'><strong>48)</strong></span> <span class='ocrx_word' id='word_1_596' title='bbox 315 2800 440 2835; x_wconf 74' lang='lat' dir='ltr'><strong>Spiritus.</strong></span> <span class='ocrx_word' id='word_1_597' title='bbox 456 2801 505 2829; x_wconf 84' lang='lat' dir='ltr'><strong>Job</strong></span> <span class='ocrx_word' id='word_1_598' title='bbox 524 2809 619 2834; x_wconf 71' lang='lat' dir='ltr'><strong>xxxur,</strong></span> <span class='ocrx_word' id='word_1_599' title='bbox 636 2802 660 2830; x_wconf 71' lang='grc' dir='ltr'><strong>Δ.</strong></span> 
     </span>
    </p>
   </div>
   <div class='ocr_carea' id='block_1_77' title="bbox 251 2835 988 2872">
    <p class='ocr_par' dir='ltr' id='par_1_77' title="bbox 251 2835 988 2872">
     <span class='ocr_line' id='line_1_78' title="bbox 251 2835 988 2872; baseline 0.003 -8"><span class='ocrx_word' id='word_1_600' title='bbox 251 2836 390 2872; x_wconf 60' lang='lat' dir='ltr'><strong>49LEliu.</strong></span> <span class='ocrx_word' id='word_1_601' title='bbox 409 2837 506 2872; x_wconf 19' lang='lat' dir='ltr'><strong>rCodex</strong></span> <span class='ocrx_word' id='word_1_602' title='bbox 523 2839 650 2864; x_wconf 78' lang='lat' dir='ltr'><strong>mendose.</strong></span> <span class='ocrx_word' id='word_1_603' title='bbox 671 2837 785 2870; x_wconf 79' lang='grc' dir='ltr'>Ἐλιοῦς,</span> <span class='ocrx_word' id='word_1_604' title='bbox 806 2846 854 2872; x_wconf 88' lang='lat' dir='ltr'><strong>pro</strong></span> <span class='ocrx_word' id='word_1_605' title='bbox 875 2835 988 2869; x_wconf 70' lang='grc' dir='ltr'><strong>Ἐλιοῦςν</strong></span> 
     </span>
    </p>
   </div>
   <div class='ocr_carea' id='block_1_78' title="bbox 202 2870 988 2906">
    <p class='ocr_par' dir='ltr' id='par_1_78' title="bbox 202 2870 988 2906">
     <span class='ocr_line' id='line_1_79' title="bbox 202 2870 988 2906; baseline 0.003 -8"><span class='ocrx_word' id='word_1_606' title='bbox 202 2872 275 2906; x_wconf 90' lang='lat' dir='ltr'><strong>quod</strong></span> <span class='ocrx_word' id='word_1_607' title='bbox 294 2870 533 2901; x_wconf 79' lang='lat' dir='ltr'><strong>Francofurteusis</strong></span> <span class='ocrx_word' id='word_1_608' title='bbox 547 2872 630 2900; x_wconf 86' lang='lat' dir='ltr'><strong>editio</strong></span> <span class='ocrx_word' id='word_1_609' title='bbox 648 2873 738 2903; x_wconf 83' lang='lat' dir='ltr'><strong>habet.</strong></span> <span class='ocrx_word' id='word_1_610' title='bbox 757 2870 883 2903; x_wconf 77' lang='lat' dir='ltr'><strong>Scribere</strong></span> <span class='ocrx_word' id='word_1_611' title='bbox 898 2876 988 2900; x_wconf 86' lang='lat' dir='ltr'><strong>tamen</strong></span> 
     </span>
    </p>
   </div>
   <div class='ocr_carea' id='block_1_79' title="bbox 1048 888 1838 930">
    <p class='ocr_par' dir='ltr' id='par_1_79' title="bbox 1048 888 1838 930">
     <span class='ocr_line' id='line_1_80' title="bbox 1048 888 1838 930; baseline -0.008 -10"><span class='ocrx_word' id='word_1_612' title='bbox 1048 893 1113 930; x_wconf 71' lang='grc'><strong>[104</strong></span> <span class='ocrx_word' id='word_1_613' title='bbox 1129 892 1156 929; x_wconf 69' lang='grc' dir='ltr'><strong>(ι)</strong></span> <span class='ocrx_word' id='word_1_614' title='bbox 1185 892 1254 920; x_wconf 80' lang='grc' dir='ltr'>κατὰ</span> <span class='ocrx_word' id='word_1_615' title='bbox 1267 891 1314 920; x_wconf 77' lang='grc' dir='ltr'>τοῦ</span> <span class='ocrx_word' id='word_1_616' title='bbox 1327 892 1487 928; x_wconf 80' lang='grc' dir='ltr'>Πνεύματός</span> <span class='ocrx_word' id='word_1_617' title='bbox 1502 900 1564 927; x_wconf 84' lang='grc' dir='ltr'>μου,</span> <span class='ocrx_word' id='word_1_618' title='bbox 1582 890 1598 926; x_wconf 84' lang='grc' dir='ltr'>ἣ</span> <span class='ocrx_word' id='word_1_619' title='bbox 1613 890 1676 925; x_wconf 73' lang='grc' dir='ltr'>περὶ</span> <span class='ocrx_word' id='word_1_620' title='bbox 1689 889 1735 916; x_wconf 70' lang='grc' dir='ltr'>τοῦ</span> <span class='ocrx_word' id='word_1_621' title='bbox 1749 888 1838 915; x_wconf 76' lang='grc' dir='ltr'>Πνεῦ-</span> 
     </span>
    </p>
   </div>
   <div class='ocr_carea' id='block_1_80' title="bbox 1049 933 1840 974">
    <p class='ocr_par' dir='ltr' id='par_1_80' title="bbox 1049 933 1840 974">
     <span class='ocr_line' id='line_1_81' title="bbox 1049 933 1840 974; baseline -0.006 -10"><span class='ocrx_word' id='word_1_622' title='bbox 1049 938 1133 974; x_wconf 78' lang='grc' dir='ltr'>ματός</span> <span class='ocrx_word' id='word_1_623' title='bbox 1147 946 1207 973; x_wconf 90' lang='grc' dir='ltr'>μου.</span> <span class='ocrx_word' id='word_1_624' title='bbox 1222 936 1278 963; x_wconf 69' lang='grc' dir='ltr'><strong>Καὶ</strong></span> <span class='ocrx_word' id='word_1_625' title='bbox 1290 935 1377 972; x_wconf 76' lang='grc' dir='ltr'>οἶμαι,</span> <span class='ocrx_word' id='word_1_626' title='bbox 1394 937 1432 969; x_wconf 82' lang='grc' dir='ltr'>ὡς</span> <span class='ocrx_word' id='word_1_627' title='bbox 1444 936 1488 963; x_wconf 77' lang='grc' dir='ltr'><strong>διὰ</strong></span> <span class='ocrx_word' id='word_1_628' title='bbox 1498 935 1577 962; x_wconf 77' lang='grc' dir='ltr'>τοῦτο</span> <span class='ocrx_word' id='word_1_629' title='bbox 1591 934 1637 962; x_wconf 74' lang='grc' dir='ltr'>καὶ</span> <span class='ocrx_word' id='word_1_630' title='bbox 1651 934 1730 970; x_wconf 89' lang='grc' dir='ltr'>μόνον</span> <span class='ocrx_word' id='word_1_631' title='bbox 1743 933 1840 968; x_wconf 77' lang='grc' dir='ltr'>φεισά-</span> 
     </span>
    </p>
   </div>
   <div class='ocr_carea' id='block_1_81' title="bbox 1050 980 1840 1021">
    <p class='ocr_par' dir='ltr' id='par_1_81' title="bbox 1050 980 1840 1021">
     <span class='ocr_line' id='line_1_82' title="bbox 1050 980 1840 1021; baseline -0.006 -10"><span class='ocrx_word' id='word_1_632' title='bbox 1050 993 1130 1021; x_wconf 86' lang='grc' dir='ltr'>μενος</span> <span class='ocrx_word' id='word_1_633' title='bbox 1145 984 1244 1016; x_wconf 74' lang='grc' dir='ltr'>αὐτῶν,</span> <span class='ocrx_word' id='word_1_634' title='bbox 1259 983 1425 1019; x_wconf 82' lang='grc' dir='ltr'>προσέταξεν</span> <span class='ocrx_word' id='word_1_635' title='bbox 1440 983 1527 1010; x_wconf 78' lang='grc' dir='ltr'>ἐλθεῖν</span> <span class='ocrx_word' id='word_1_636' title='bbox 1542 983 1579 1014; x_wconf 87' lang='grc' dir='ltr'>ὼς</span> <span class='ocrx_word' id='word_1_637' title='bbox 1591 982 1637 1008; x_wconf 81' lang='grc' dir='ltr'>τὸν</span> <span class='ocrx_word' id='word_1_638' title='bbox 1658 981 1728 1012; x_wconf 76' lang='grc' dir='ltr'><strong>Ἰὼϐ,</strong></span> <span class='ocrx_word' id='word_1_639' title='bbox 1742 981 1788 1007; x_wconf 71' lang='grc' dir='ltr'><strong>ἐπὶ</strong></span> <span class='ocrx_word' id='word_1_640' title='bbox 1798 980 1840 1015; x_wconf 84' lang='grc' dir='ltr'>τῷ</span> 
     </span>
    </p>
   </div>
   <div class='ocr_carea' id='block_1_82' title="bbox 1048 1026 1839 1064">
    <p class='ocr_par' dir='ltr' id='par_1_82' title="bbox 1048 1026 1839 1064">
     <span class='ocr_line' id='line_1_83' title="bbox 1048 1026 1839 1064; baseline -0.005 -8"><span class='ocrx_word' id='word_1_641' title='bbox 1048 1030 1152 1056; x_wconf 77' lang='grc' dir='ltr'>ἐκεῖνον</span> <span class='ocrx_word' id='word_1_642' title='bbox 1168 1027 1296 1061; x_wconf 78' lang='grc' dir='ltr'>εὖξασθαι</span> <span class='ocrx_word' id='word_1_643' title='bbox 1312 1029 1381 1064; x_wconf 76' lang='grc' dir='ltr'>ὑπὲρ</span> <span class='ocrx_word' id='word_1_644' title='bbox 1402 1028 1509 1055; x_wconf 58' lang='grc' dir='ltr'>αὐτῶν</span> <span class='ocrx_word' id='word_1_645' title='bbox 1527 1028 1609 1056; x_wconf 75' lang='grc' dir='ltr'>ἕνεκα</span> <span class='ocrx_word' id='word_1_646' title='bbox 1629 1027 1707 1062; x_wconf 74' lang='grc' dir='ltr'>δῆλον</span> <span class='ocrx_word' id='word_1_647' title='bbox 1725 1027 1765 1053; x_wconf 82' lang='grc' dir='ltr'><strong>ὅτι</strong></span> <span class='ocrx_word' id='word_1_648' title='bbox 1782 1026 1839 1053; x_wconf 85' lang='grc' dir='ltr'>τῶν</span> 
     </span>
    </p>
   </div>
   <div class='ocr_carea' id='block_1_83' title="bbox 1048 1072 1838 1110">
    <p class='ocr_par' dir='ltr' id='par_1_83' title="bbox 1048 1072 1838 1110">
     <span class='ocr_line' id='line_1_84' title="bbox 1048 1072 1838 1110; baseline -0.005 -8"><span class='ocrx_word' id='word_1_649' title='bbox 1048 1076 1089 1107; x_wconf 84' lang='grc' dir='ltr'><strong>είς</strong></span> <span class='ocrx_word' id='word_1_650' title='bbox 1110 1075 1190 1102; x_wconf 75' lang='grc' dir='ltr'>αὐτὸν</span> <span class='ocrx_word' id='word_1_651' title='bbox 1215 1075 1407 1102; x_wconf 85' lang='grc' dir='ltr'><strong>συντεινόντων</strong></span> <span class='ocrx_word' id='word_1_652' title='bbox 1429 1075 1571 1110; x_wconf 75' lang='grc' dir='ltr'><strong>ῥημάτων,</strong></span> <span class='ocrx_word' id='word_1_653' title='bbox 1596 1072 1640 1100; x_wconf 84' lang='grc' dir='ltr'><strong>διὰ</strong></span> <span class='ocrx_word' id='word_1_654' title='bbox 1658 1074 1687 1100; x_wconf 77' lang='grc' dir='ltr'>τὸ</span> <span class='ocrx_word' id='word_1_655' title='bbox 1708 1073 1838 1108; x_wconf 80' lang='grc' dir='ltr'>ἁλήπτως</span> 
     </span>
    </p>
   </div>
   <div class='ocr_carea' id='block_1_84' title="bbox 1049 1120 1838 1158">
    <p class='ocr_par' dir='ltr' id='par_1_84' title="bbox 1049 1120 1838 1158">
     <span class='ocr_line' id='line_1_85' title="bbox 1049 1120 1838 1158; baseline -0.004 -10"><span class='ocrx_word' id='word_1_656' title='bbox 1049 1122 1147 1154; x_wconf 67' lang='grc' dir='ltr'>αὐτοὺς</span> <span class='ocrx_word' id='word_1_657' title='bbox 1165 1122 1213 1149; x_wconf 76' lang='grc' dir='ltr'><strong>καὶ</strong></span> <span class='ocrx_word' id='word_1_658' title='bbox 1225 1122 1286 1149; x_wconf 84' lang='grc' dir='ltr'>λίαν</span> <span class='ocrx_word' id='word_1_659' title='bbox 1301 1121 1494 1158; x_wconf 78' lang='grc' dir='ltr'><strong>προσηκόντως</strong></span> <span class='ocrx_word' id='word_1_660' title='bbox 1506 1121 1556 1148; x_wconf 79' lang='grc' dir='ltr'>οὐκ</span> <span class='ocrx_word' id='word_1_661' title='bbox 1570 1120 1626 1147; x_wconf 78' lang='grc' dir='ltr'>οἶδα</span> <span class='ocrx_word' id='word_1_662' title='bbox 1641 1120 1723 1147; x_wconf 80' lang='grc' dir='ltr'>πόθεν</span> <span class='ocrx_word' id='word_1_663' title='bbox 1737 1120 1820 1155; x_wconf 73' lang='grc' dir='ltr'>φάναι</span> <span class='ocrx_word' id='word_1_664' title='bbox 1830 1128 1838 1134; x_wconf 90' lang='grc'><strong>·</strong></span> 
     </span>
    </p>
   </div>
   <div class='ocr_carea' id='block_1_85' title="bbox 1052 1164 1839 1203">
    <p class='ocr_par' dir='ltr' id='par_1_85' title="bbox 1052 1164 1839 1203">
     <span class='ocr_line' id='line_1_86' title="bbox 1052 1164 1839 1203; baseline -0.004 -9"><span class='ocrx_word' id='word_1_665' title='bbox 1052 1177 1061 1194; x_wconf 82' lang='grc' dir='ltr'>ι</span> <span class='ocrx_word' id='word_1_666' title='bbox 1078 1167 1194 1203; x_wconf 82' lang='grc' dir='ltr'><strong>Πνεῦμα</strong></span> <span class='ocrx_word' id='word_1_667' title='bbox 1216 1168 1287 1194; x_wconf 81' lang='grc' dir='ltr'>θεῖον</span> <span class='ocrx_word' id='word_1_668' title='bbox 1301 1167 1331 1194; x_wconf 72' lang='grc' dir='ltr'>τὺ</span> <span class='ocrx_word' id='word_1_669' title='bbox 1350 1167 1466 1202; x_wconf 70' lang='grc' dir='ltr'>ποιῆσαν</span> <span class='ocrx_word' id='word_1_670' title='bbox 1482 1175 1527 1203; x_wconf 85' lang='grc' dir='ltr'><strong>με,</strong></span> <span class='ocrx_word' id='word_1_671' title='bbox 1545 1167 1612 1202; x_wconf 84' lang='grc' dir='ltr'>πνοὴ</span> <span class='ocrx_word' id='word_1_672' title='bbox 1629 1166 1658 1192; x_wconf 82' lang='grc' dir='ltr'><strong>δὲ</strong></span> <span class='ocrx_word' id='word_1_673' title='bbox 1676 1164 1839 1201; x_wconf 67' lang='grc' dir='ltr'>Παντοκράσ</span> 
     </span>
    </p>
   </div>
   <div class='ocr_carea' id='block_1_86' title="bbox 1048 1210 1839 1249">
    <p class='ocr_par' dir='ltr' id='par_1_86' title="bbox 1048 1210 1839 1249">
     <span class='ocr_line' id='line_1_87' title="bbox 1048 1210 1839 1249; baseline -0.004 -9"><span class='ocrx_word' id='word_1_674' title='bbox 1048 1214 1157 1249; x_wconf 85' lang='grc' dir='ltr'>τοροςὴ</span> <span class='ocrx_word' id='word_1_675' title='bbox 1174 1213 1338 1241; x_wconf 77' lang='grc' dir='ltr'>διδάσκουσά</span> <span class='ocrx_word' id='word_1_676' title='bbox 1355 1220 1405 1248; x_wconf 79' lang='grc' dir='ltr'>με’</span> <span class='ocrx_word' id='word_1_677' title='bbox 1424 1222 1432 1237; x_wconf 80' lang='grc' dir='ltr'>ι</span> <span class='ocrx_word' id='word_1_678' title='bbox 1451 1212 1498 1239; x_wconf 70' lang='grc' dir='ltr'>καὶ</span> <span class='ocrx_word' id='word_1_679' title='bbox 1517 1213 1546 1238; x_wconf 72' lang='grc' dir='ltr'><strong>ἐν</strong></span> <span class='ocrx_word' id='word_1_680' title='bbox 1564 1211 1643 1248; x_wconf 76' lang='grc' dir='ltr'>ὀλίγῃ</span> <span class='ocrx_word' id='word_1_681' title='bbox 1663 1212 1739 1247; x_wconf 73' lang='grc' dir='ltr'>ῥήσει</span> <span class='ocrx_word' id='word_1_682' title='bbox 1755 1210 1839 1237; x_wconf 78' lang='grc' dir='ltr'>δύνα-</span> 
     </span>
    </p>
   </div>
   <div class='ocr_carea' id='block_1_87' title="bbox 1050 1255 1840 1294">
    <p class='ocr_par' dir='ltr' id='par_1_87' title="bbox 1050 1255 1840 1294">
     <span class='ocr_line' id='line_1_88' title="bbox 1050 1255 1840 1294; baseline -0.005 -9"><span class='ocrx_word' id='word_1_683' title='bbox 1050 1267 1096 1294; x_wconf 87' lang='grc' dir='ltr'><strong>μιν</strong></span> <span class='ocrx_word' id='word_1_684' title='bbox 1118 1259 1229 1294; x_wconf 83' lang='grc' dir='ltr'>πολλὴν,</span> <span class='ocrx_word' id='word_1_685' title='bbox 1246 1259 1293 1285; x_wconf 77' lang='grc' dir='ltr'>καὶ</span> <span class='ocrx_word' id='word_1_686' title='bbox 1313 1258 1394 1294; x_wconf 75' lang='grc' dir='ltr'>φύσιν</span> <span class='ocrx_word' id='word_1_687' title='bbox 1409 1257 1458 1293; x_wconf 80' lang='grc' dir='ltr'>τὴν</span> <span class='ocrx_word' id='word_1_688' title='bbox 1476 1257 1674 1293; x_wconf 80' lang='grc' dir='ltr'><strong>δημιουργικὴν</strong></span> <span class='ocrx_word' id='word_1_689' title='bbox 1688 1256 1734 1283; x_wconf 74' lang='grc' dir='ltr'><strong>καὶ</strong></span> <span class='ocrx_word' id='word_1_690' title='bbox 1748 1255 1840 1287; x_wconf 63' lang='grc' dir='ltr'>ἀλεξίμη</span> 
     </span>
    </p>
   </div>
   <div class='ocr_carea' id='block_1_88' title="bbox 1049 1300 1838 1339">
    <p class='ocr_par' dir='ltr' id='par_1_88' title="bbox 1049 1300 1838 1339">
     <span class='ocr_line' id='line_1_89' title="bbox 1049 1300 1838 1339; baseline -0.005 -9"><span class='ocrx_word' id='word_1_691' title='bbox 1049 1313 1133 1331; x_wconf 88' lang='grc' dir='ltr'>κακον</span> <span class='ocrx_word' id='word_1_692' title='bbox 1146 1303 1337 1339; x_wconf 66' lang='grc' dir='ltr'>διηγήσασθαι.</span> <span class='ocrx_word' id='word_1_693' title='bbox 1354 1302 1388 1329; x_wconf 60' lang='grc' dir='ltr'><strong>Ἀ</strong></span> <span class='ocrx_word' id='word_1_694' title='bbox 1395 1303 1417 1338; x_wconf 82' lang='grc' dir='ltr'>ρ’</span> <span class='ocrx_word' id='word_1_695' title='bbox 1433 1300 1480 1329; x_wconf 78' lang='grc' dir='ltr'><strong>οὖν</strong></span> <span class='ocrx_word' id='word_1_696' title='bbox 1494 1301 1612 1328; x_wconf 73' lang='grc' dir='ltr'>ἐνταῦθα</span> <span class='ocrx_word' id='word_1_697' title='bbox 1628 1301 1693 1336; x_wconf 76' lang='grc' dir='ltr'>ἔστη</span> <span class='ocrx_word' id='word_1_698' title='bbox 1711 1300 1761 1335; x_wconf 78' lang='grc' dir='ltr'>τῆς</span> <span class='ocrx_word' id='word_1_699' title='bbox 1775 1300 1838 1326; x_wconf 82' lang='grc' dir='ltr'>θεο-</span> 
     </span>
    </p>
   </div>
   <div class='ocr_carea' id='block_1_89' title="bbox 1048 1346 1839 1384">
    <p class='ocr_par' dir='ltr' id='par_1_89' title="bbox 1048 1346 1839 1384">
     <span class='ocr_line' id='line_1_90' title="bbox 1048 1346 1839 1384; baseline -0.005 -8"><span class='ocrx_word' id='word_1_700' title='bbox 1048 1349 1142 1384; x_wconf 82' lang='grc' dir='ltr'>λογίας</span> <span class='ocrx_word' id='word_1_701' title='bbox 1173 1351 1187 1376; x_wconf 84' lang='grc' dir='ltr'><strong><em>ὁ</em></strong></span> <span class='ocrx_word' id='word_1_702' title='bbox 1214 1349 1332 1383; x_wconf 75' lang='grc' dir='ltr'>Ἐλιοῦςς</span> <span class='ocrx_word' id='word_1_703' title='bbox 1363 1349 1460 1377; x_wconf 81' lang='grc' dir='ltr'><strong>Καίτοι</strong></span> <span class='ocrx_word' id='word_1_704' title='bbox 1489 1348 1636 1384; x_wconf 72' lang='grc' dir='ltr'>διαρρήδην</span> <span class='ocrx_word' id='word_1_705' title='bbox 1668 1346 1839 1383; x_wconf 73' lang='grc' dir='ltr'>προσέθηκεν</span> 
     </span>
    </p>
   </div>
   <div class='ocr_carea' id='block_1_90' title="bbox 1049 1390 1840 1433">
    <p class='ocr_par' dir='ltr' id='par_1_90' title="bbox 1049 1390 1840 1433">
     <span class='ocr_line' id='line_1_91' title="bbox 1049 1390 1840 1433; baseline -0.008 -10"><span class='ocrx_word' id='word_1_706' title='bbox 1049 1396 1134 1423; x_wconf 80' lang='grc' dir='ltr'>πολλὰ</span> <span class='ocrx_word' id='word_1_707' title='bbox 1159 1396 1223 1431; x_wconf 64' lang='grc' dir='ltr'>περὶ</span> <span class='ocrx_word' id='word_1_708' title='bbox 1245 1396 1291 1422; x_wconf 78' lang='grc' dir='ltr'>τοῦ</span> <span class='ocrx_word' id='word_1_709' title='bbox 1319 1397 1539 1433; x_wconf 80' lang='grc' dir='ltr'>παντοκράτορος</span> <span class='ocrx_word' id='word_1_710' title='bbox 1563 1394 1629 1420; x_wconf 69' lang='grc' dir='ltr'>Θεοῦ</span> <span class='ocrx_word' id='word_1_711' title='bbox 1654 1393 1772 1429; x_wconf 76' lang='grc' dir='ltr'>Πατρὸς.</span> <span class='ocrx_word' id='word_1_712' title='bbox 1797 1390 1840 1424; x_wconf 72' lang='grc' dir='ltr'>οἷς</span> 
     </span>
    </p>
   </div>
   <div class='ocr_carea' id='block_1_91' title="bbox 1048 1438 1840 1477">
    <p class='ocr_par' dir='ltr' id='par_1_91' title="bbox 1048 1438 1840 1477">
     <span class='ocr_line' id='line_1_92' title="bbox 1048 1438 1840 1477; baseline -0.005 -10"><span class='ocrx_word' id='word_1_713' title='bbox 1048 1441 1124 1468; x_wconf 78' lang='grc' dir='ltr'>οὐδὲν</span> <span class='ocrx_word' id='word_1_714' title='bbox 1139 1441 1299 1468; x_wconf 79' lang='grc' dir='ltr'>ἀντιθετέον.</span> <span class='ocrx_word' id='word_1_715' title='bbox 1320 1441 1390 1477; x_wconf 76' lang='grc' dir='ltr'><strong>Ἔφη</strong></span> <span class='ocrx_word' id='word_1_716' title='bbox 1413 1442 1483 1477; x_wconf 77' lang='grc' dir='ltr'>γάρ’</span> <span class='ocrx_word' id='word_1_717' title='bbox 1501 1451 1510 1466; x_wconf 88' lang='grc'><strong>‹</strong></span> <span class='ocrx_word' id='word_1_718' title='bbox 1534 1439 1648 1471; x_wconf 68' lang='lat' dir='ltr'><strong>Alcime;</strong></span> <span class='ocrx_word' id='word_1_719' title='bbox 1669 1439 1722 1474; x_wconf 81' lang='grc' dir='ltr'><strong>γάρ</strong></span> <span class='ocrx_word' id='word_1_720' title='bbox 1737 1439 1809 1463; x_wconf 78' lang='grc' dir='ltr'>ἐστιν</span> <span class='ocrx_word' id='word_1_721' title='bbox 1826 1438 1840 1464; x_wconf 78' lang='grc' dir='ltr'>ὀ</span> 
     </span>
    </p>
   </div>
   <div class='ocr_carea' id='block_1_92' title="bbox 1049 1482 1839 1523">
    <p class='ocr_par' dir='ltr' id='par_1_92' title="bbox 1049 1482 1839 1523">
     <span class='ocr_line' id='line_1_93' title="bbox 1049 1482 1839 1523; baseline -0.006 -10"><span class='ocrx_word' id='word_1_722' title='bbox 1049 1487 1142 1513; x_wconf 72' lang='grc' dir='ltr'>ἐπάνω</span> <span class='ocrx_word' id='word_1_723' title='bbox 1156 1486 1273 1523; x_wconf 85' lang='grc' dir='ltr'>βροτῶν·</span> <span class='ocrx_word' id='word_1_724' title='bbox 1294 1497 1302 1512; x_wconf 73' lang='grc' dir='ltr'>ι</span> <span class='ocrx_word' id='word_1_725' title='bbox 1321 1487 1368 1513; x_wconf 75' lang='grc' dir='ltr'>καὶ</span> <span class='ocrx_word' id='word_1_726' title='bbox 1383 1487 1479 1514; x_wconf 71' lang='grc' dir='ltr'>πάλινι</span> <span class='ocrx_word' id='word_1_727' title='bbox 1500 1495 1509 1512; x_wconf 80' lang='grc' dir='ltr'>ι</span> <span class='ocrx_word' id='word_1_728' title='bbox 1534 1486 1597 1512; x_wconf 68' lang='grc' dir='ltr'><strong>Ἐὰν</strong></span> <span class='ocrx_word' id='word_1_729' title='bbox 1615 1482 1681 1511; x_wconf 72' lang='grc' dir='ltr'>ὦσιν</span> <span class='ocrx_word' id='word_1_730' title='bbox 1697 1484 1776 1519; x_wconf 78' lang='grc' dir='ltr'>χίλιοι</span> <span class='ocrx_word' id='word_1_731' title='bbox 1790 1482 1839 1517; x_wconf 66' lang='grc' dir='ltr'><strong>ἄγ-</strong></span> 
     </span>
    </p>
   </div>
   <div class='ocr_carea' id='block_1_93' title="bbox 1048 1528 1837 1568">
    <p class='ocr_par' dir='ltr' id='par_1_93' title="bbox 1048 1528 1837 1568">
     <span class='ocr_line' id='line_1_94' title="bbox 1048 1528 1837 1568; baseline -0.008 -9"><span class='ocrx_word' id='word_1_732' title='bbox 1048 1533 1121 1568; x_wconf 85' lang='grc' dir='ltr'>γελοι</span> <span class='ocrx_word' id='word_1_733' title='bbox 1137 1532 1330 1568; x_wconf 75' lang='grc' dir='ltr'>θανατηφόροι,</span> <span class='ocrx_word' id='word_1_734' title='bbox 1342 1530 1381 1564; x_wconf 66' lang='grc' dir='ltr'>εἷς</span> <span class='ocrx_word' id='word_1_735' title='bbox 1397 1532 1485 1559; x_wconf 71' lang='grc' dir='ltr'>αὐτῶν</span> <span class='ocrx_word' id='word_1_736' title='bbox 1499 1531 1529 1557; x_wconf 77' lang='grc' dir='ltr'><strong>οὐ</strong></span> <span class='ocrx_word' id='word_1_737' title='bbox 1544 1531 1580 1566; x_wconf 80' lang='grc' dir='ltr'>μὴ</span> <span class='ocrx_word' id='word_1_738' title='bbox 1593 1529 1686 1566; x_wconf 80' lang='grc' dir='ltr'>τρώσῃ</span> <span class='ocrx_word' id='word_1_739' title='bbox 1697 1529 1725 1560; x_wconf 69' lang='grc' dir='ltr'>ἐξ</span> <span class='ocrx_word' id='word_1_740' title='bbox 1737 1528 1837 1560; x_wconf 78' lang='grc' dir='ltr'>αὐτῶν,</span> 
     </span>
    </p>
   </div>
   <div class='ocr_carea' id='block_1_94' title="bbox 1046 1574 1836 1614">
    <p class='ocr_par' dir='ltr' id='par_1_94' title="bbox 1046 1574 1836 1614">
     <span class='ocr_line' id='line_1_95' title="bbox 1046 1574 1836 1614; baseline -0.009 -8"><span class='ocrx_word' id='word_1_741' title='bbox 1046 1578 1093 1606; x_wconf 75' lang='grc' dir='ltr'>ἐὰν</span> <span class='ocrx_word' id='word_1_742' title='bbox 1106 1579 1189 1614; x_wconf 81' lang='grc' dir='ltr'>νοήσῃ</span> <span class='ocrx_word' id='word_1_743' title='bbox 1205 1579 1237 1614; x_wconf 81' lang='grc' dir='ltr'>τῇ</span> <span class='ocrx_word' id='word_1_744' title='bbox 1252 1578 1349 1614; x_wconf 71' lang='grc' dir='ltr'>καρδίᾳ</span> <span class='ocrx_word' id='word_1_745' title='bbox 1364 1578 1565 1613; x_wconf 75' lang='grc' dir='ltr'>ἐπιστραφῆναι</span> <span class='ocrx_word' id='word_1_746' title='bbox 1577 1576 1624 1602; x_wconf 76' lang='grc' dir='ltr'><strong>ἐπὶ</strong></span> <span class='ocrx_word' id='word_1_747' title='bbox 1637 1575 1682 1602; x_wconf 76' lang='grc' dir='ltr'>τὸν</span> <span class='ocrx_word' id='word_1_748' title='bbox 1694 1574 1809 1609; x_wconf 79' lang='grc' dir='ltr'>Κύριον·</span> <span class='ocrx_word' id='word_1_749' title='bbox 1826 1583 1836 1599; x_wconf 77' lang='grc' dir='ltr'>ι</span> 
     </span>
    </p>
   </div>
   <div class='ocr_carea' id='block_1_95' title="bbox 1045 1619 1839 1659">
    <p class='ocr_par' dir='ltr' id='par_1_95' title="bbox 1045 1619 1839 1659">
     <span class='ocr_line' id='line_1_96' title="bbox 1045 1619 1839 1659; baseline -0.008 -8"><span class='ocrx_word' id='word_1_750' title='bbox 1045 1623 1123 1656; x_wconf 79' lang='grc' dir='ltr'>αὖθίς</span> <span class='ocrx_word' id='word_1_751' title='bbox 1143 1633 1187 1651; x_wconf 85' lang='grc' dir='ltr'>τε·</span> <span class='ocrx_word' id='word_1_752' title='bbox 1210 1634 1218 1649; x_wconf 82' lang='grc' dir='ltr'>ι</span> <span class='ocrx_word' id='word_1_753' title='bbox 1234 1624 1349 1657; x_wconf 73' lang='grc' dir='ltr'>Εὔξεται</span> <span class='ocrx_word' id='word_1_754' title='bbox 1373 1624 1443 1659; x_wconf 73' lang='grc' dir='ltr'>πρὸς</span> <span class='ocrx_word' id='word_1_755' title='bbox 1466 1623 1583 1658; x_wconf 76' lang='grc' dir='ltr'>Κύριον,</span> <span class='ocrx_word' id='word_1_756' title='bbox 1599 1621 1647 1649; x_wconf 71' lang='grc' dir='ltr'><strong>καὶ</strong></span> <span class='ocrx_word' id='word_1_757' title='bbox 1664 1620 1746 1648; x_wconf 84' lang='grc' dir='ltr'>δεκτὰ</span> <span class='ocrx_word' id='word_1_758' title='bbox 1764 1619 1839 1654; x_wconf 79' lang='grc' dir='ltr'>αὐτῷ</span> 
     </span>
    </p>
   </div>
   <div class='ocr_carea' id='block_1_96' title="bbox 1045 1665 1839 1705">
    <p class='ocr_par' dir='ltr' id='par_1_96' title="bbox 1045 1665 1839 1705">
     <span class='ocr_line' id='line_1_97' title="bbox 1045 1665 1839 1705; baseline -0.008 -8"><span class='ocrx_word' id='word_1_759' title='bbox 1045 1671 1121 1697; x_wconf 73' lang='grc' dir='ltr'>ἔσται</span> <span class='ocrx_word' id='word_1_760' title='bbox 1134 1677 1141 1685; x_wconf 80' lang='grc'><strong><em>⁸</em></strong></span> <span class='ocrx_word' id='word_1_761' title='bbox 1159 1680 1168 1696; x_wconf 72' lang='grc' dir='ltr'><strong>ι</strong></span> <span class='ocrx_word' id='word_1_762' title='bbox 1185 1671 1232 1698; x_wconf 72' lang='grc' dir='ltr'>καὶ</span> <span class='ocrx_word' id='word_1_763' title='bbox 1247 1670 1327 1697; x_wconf 74' lang='grc' dir='ltr'>πάλιν</span> <span class='ocrx_word' id='word_1_764' title='bbox 1342 1678 1348 1684; x_wconf 84' lang='grc'><em>’</em></span> <span class='ocrx_word' id='word_1_765' title='bbox 1367 1679 1376 1695; x_wconf 79' lang='grc' dir='ltr'>ι</span> <span class='ocrx_word' id='word_1_766' title='bbox 1393 1669 1484 1696; x_wconf 84' lang='grc' dir='ltr'>Σῶσον</span> <span class='ocrx_word' id='word_1_767' title='bbox 1497 1668 1546 1705; x_wconf 82' lang='grc' dir='ltr'>τὴν</span> <span class='ocrx_word' id='word_1_768' title='bbox 1561 1668 1650 1704; x_wconf 69' lang='grc' dir='ltr'>ψυχήν</span> <span class='ocrx_word' id='word_1_769' title='bbox 1665 1676 1726 1703; x_wconf 77' lang='grc' dir='ltr'>μου,</span> <span class='ocrx_word' id='word_1_770' title='bbox 1738 1665 1785 1693; x_wconf 79' lang='grc' dir='ltr'>τοῦ</span> <span class='ocrx_word' id='word_1_771' title='bbox 1801 1667 1839 1702; x_wconf 86' lang='grc' dir='ltr'>μὴ</span> 
     </span>
    </p>
   </div>
   <div class='ocr_carea' id='block_1_97' title="bbox 1046 1712 1837 1750">
    <p class='ocr_par' dir='ltr' id='par_1_97' title="bbox 1046 1712 1837 1750">
     <span class='ocr_line' id='line_1_98' title="bbox 1046 1712 1837 1750; baseline -0.006 -8"><span class='ocrx_word' id='word_1_772' title='bbox 1046 1715 1164 1748; x_wconf 69' lang='grc' dir='ltr'>ἐξελθεῖν</span> <span class='ocrx_word' id='word_1_773' title='bbox 1178 1717 1218 1747; x_wconf 85' lang='grc' dir='ltr'>εἰς</span> <span class='ocrx_word' id='word_1_774' title='bbox 1235 1715 1401 1750; x_wconf 61' lang='grc' dir='ltr'>διαφθοράψ</span> <span class='ocrx_word' id='word_1_775' title='bbox 1421 1715 1468 1742; x_wconf 75' lang='grc' dir='ltr'><strong>καὶ</strong></span> <span class='ocrx_word' id='word_1_776' title='bbox 1484 1715 1501 1750; x_wconf 79' lang='grc' dir='ltr'>ἡ</span> <span class='ocrx_word' id='word_1_777' title='bbox 1518 1714 1573 1750; x_wconf 81' lang='grc' dir='ltr'><strong>ζωή</strong></span> <span class='ocrx_word' id='word_1_778' title='bbox 1594 1722 1644 1749; x_wconf 90' lang='grc' dir='ltr'><strong>μου</strong></span> <span class='ocrx_word' id='word_1_779' title='bbox 1662 1712 1719 1747; x_wconf 72' lang='grc' dir='ltr'><strong>φῶς</strong></span> <span class='ocrx_word' id='word_1_780' title='bbox 1733 1712 1837 1746; x_wconf 61' lang='grc' dir='ltr'>ὄψεται.</span> 
     </span>
    </p>
   </div>
   <div class='ocr_carea' id='block_1_98' title="bbox 1052 1757 1838 1796">
    <p class='ocr_par' dir='ltr' id='par_1_98' title="bbox 1052 1757 1838 1796">
     <span class='ocr_line' id='line_1_99' title="bbox 1052 1757 1838 1796; baseline -0.005 -9"><span class='ocrx_word' id='word_1_781' title='bbox 1052 1762 1118 1788; x_wconf 77' lang='grc' dir='ltr'><strong>Ἰδοὺ</strong></span> <span class='ocrx_word' id='word_1_782' title='bbox 1129 1761 1216 1788; x_wconf 70' lang='grc' dir='ltr'>ταῦτα</span> <span class='ocrx_word' id='word_1_783' title='bbox 1225 1761 1314 1788; x_wconf 84' lang='grc' dir='ltr'>πάντα</span> <span class='ocrx_word' id='word_1_784' title='bbox 1330 1760 1475 1796; x_wconf 72' lang='grc' dir='ltr'>ἐργάζεται</span> <span class='ocrx_word' id='word_1_785' title='bbox 1488 1761 1502 1787; x_wconf 88' lang='grc' dir='ltr'>ὁ</span> <span class='ocrx_word' id='word_1_786' title='bbox 1521 1759 1651 1795; x_wconf 79' lang='grc' dir='ltr'>Ἰσχυρός.</span> <span class='ocrx_word' id='word_1_787' title='bbox 1671 1768 1680 1784; x_wconf 73' lang='grc' dir='ltr'><strong>ι</strong></span> <span class='ocrx_word' id='word_1_788' title='bbox 1696 1757 1800 1784; x_wconf 76' lang='grc' dir='ltr'>Οὐκοῦν</span> <span class='ocrx_word' id='word_1_789' title='bbox 1812 1758 1838 1783; x_wconf 77' lang='grc' dir='ltr'><strong>οἱ</strong></span> 
     </span>
    </p>
   </div>
   <div class='ocr_carea' id='block_1_99' title="bbox 1046 1803 1838 1842">
    <p class='ocr_par' dir='ltr' id='par_1_99' title="bbox 1046 1803 1838 1842">
     <span class='ocr_line' id='line_1_100' title="bbox 1046 1803 1838 1842; baseline -0.004 -10"><span class='ocrx_word' id='word_1_790' title='bbox 1046 1806 1120 1841; x_wconf 84' lang='grc' dir='ltr'>λόγοι</span> <span class='ocrx_word' id='word_1_791' title='bbox 1136 1807 1230 1839; x_wconf 76' lang='grc' dir='ltr'>αὑτοῦ,</span> <span class='ocrx_word' id='word_1_792' title='bbox 1248 1808 1287 1839; x_wconf 85' lang='grc' dir='ltr'><strong>είς</strong></span> <span class='ocrx_word' id='word_1_793' title='bbox 1306 1807 1355 1842; x_wconf 80' lang='grc' dir='ltr'>μὲν</span> <span class='ocrx_word' id='word_1_794' title='bbox 1367 1806 1399 1833; x_wconf 86' lang='grc' dir='ltr'>τὰ</span> <span class='ocrx_word' id='word_1_795' title='bbox 1414 1807 1478 1842; x_wconf 81' lang='grc' dir='ltr'>περὶ</span> <span class='ocrx_word' id='word_1_796' title='bbox 1491 1806 1537 1832; x_wconf 81' lang='grc' dir='ltr'>τοῦ</span> <span class='ocrx_word' id='word_1_797' title='bbox 1552 1804 1619 1832; x_wconf 76' lang='grc' dir='ltr'>Θεοῦ</span> <span class='ocrx_word' id='word_1_798' title='bbox 1632 1804 1677 1831; x_wconf 73' lang='grc' dir='ltr'>καὶ</span> <span class='ocrx_word' id='word_1_799' title='bbox 1691 1803 1736 1830; x_wconf 78' lang='grc' dir='ltr'>τοῦ</span> <span class='ocrx_word' id='word_1_800' title='bbox 1754 1803 1838 1829; x_wconf 82' lang='grc' dir='ltr'>Πνεύ-</span> 
     </span>
    </p>
   </div>
   <div class='ocr_carea' id='block_1_100' title="bbox 1048 1850 1836 1887">
    <p class='ocr_par' dir='ltr' id='par_1_100' title="bbox 1048 1850 1836 1887">
     <span class='ocr_line' id='line_1_101' title="bbox 1048 1850 1836 1887; baseline -0.006 -8"><span class='ocrx_word' id='word_1_801' title='bbox 1048 1861 1133 1887; x_wconf 82' lang='grc' dir='ltr'>ματος</span> <span class='ocrx_word' id='word_1_802' title='bbox 1148 1852 1243 1884; x_wconf 80' lang='grc' dir='ltr'>αὑτοῦ,</span> <span class='ocrx_word' id='word_1_803' title='bbox 1266 1853 1359 1879; x_wconf 74' lang='grc' dir='ltr'><strong>καλοί⁸</strong></span> <span class='ocrx_word' id='word_1_804' title='bbox 1375 1854 1415 1884; x_wconf 82' lang='grc' dir='ltr'><strong>εις</strong></span> <span class='ocrx_word' id='word_1_805' title='bbox 1431 1852 1459 1879; x_wconf 82' lang='grc' dir='ltr'><strong>δὲ</strong></span> <span class='ocrx_word' id='word_1_806' title='bbox 1475 1851 1510 1878; x_wconf 80' lang='grc' dir='ltr'>τὰ</span> <span class='ocrx_word' id='word_1_807' title='bbox 1524 1851 1601 1882; x_wconf 85' lang='grc' dir='ltr'>ἄλλα,</span> <span class='ocrx_word' id='word_1_808' title='bbox 1619 1850 1836 1885; x_wconf 82' lang='grc' dir='ltr'>ἁμαρτάνοντες.</span> 
     </span>
    </p>
   </div>
   <div class='ocr_carea' id='block_1_101' title="bbox 1053 1894 1838 1934">
    <p class='ocr_par' dir='ltr' id='par_1_101' title="bbox 1053 1894 1838 1934">
     <span class='ocr_line' id='line_1_102' title="bbox 1053 1894 1838 1934; baseline -0.004 -11"><span class='ocrx_word' id='word_1_809' title='bbox 1053 1897 1129 1926; x_wconf 81' lang='grc' dir='ltr'>Ἐπεί</span> <span class='ocrx_word' id='word_1_810' title='bbox 1138 1907 1178 1924; x_wconf 89' lang='grc' dir='ltr'><strong>τοι</strong></span> <span class='ocrx_word' id='word_1_811' title='bbox 1192 1899 1236 1925; x_wconf 67' lang='grc' dir='ltr'><strong>καὶ</strong></span> <span class='ocrx_word' id='word_1_812' title='bbox 1246 1900 1260 1925; x_wconf 85' lang='grc' dir='ltr'><strong>ὀ</strong></span> <span class='ocrx_word' id='word_1_813' title='bbox 1275 1898 1345 1930; x_wconf 75' lang='grc' dir='ltr'><strong>Ἰὼϐ,</strong></span> <span class='ocrx_word' id='word_1_814' title='bbox 1358 1898 1428 1925; x_wconf 81' lang='grc' dir='ltr'>θεῖον</span> <span class='ocrx_word' id='word_1_815' title='bbox 1441 1897 1576 1934; x_wconf 83' lang='grc' dir='ltr'>ὀνομάσας</span> <span class='ocrx_word' id='word_1_816' title='bbox 1588 1897 1617 1923; x_wconf 80' lang='grc' dir='ltr'>τὸ</span> <span class='ocrx_word' id='word_1_817' title='bbox 1629 1897 1705 1931; x_wconf 78' lang='grc' dir='ltr'>ἆγιον</span> <span class='ocrx_word' id='word_1_818' title='bbox 1713 1894 1838 1930; x_wconf 79' lang='grc' dir='ltr'>Πνεῦμα,</span> 
     </span>
    </p>
   </div>
   <div class='ocr_carea' id='block_1_102' title="bbox 1047 1940 1838 1980">
    <p class='ocr_par' dir='ltr' id='par_1_102' title="bbox 1047 1940 1838 1980">
     <span class='ocr_line' id='line_1_103' title="bbox 1047 1940 1838 1980; baseline -0.005 -10"><span class='ocrx_word' id='word_1_819' title='bbox 1047 1943 1085 1975; x_wconf 84' lang='grc' dir='ltr'>ὡς</span> <span class='ocrx_word' id='word_1_820' title='bbox 1106 1944 1276 1980; x_wconf 79' lang='grc' dir='ltr'>προελέχθη,</span> <span class='ocrx_word' id='word_1_821' title='bbox 1302 1944 1349 1971; x_wconf 75' lang='grc' dir='ltr'>τοῦ</span> <span class='ocrx_word' id='word_1_822' title='bbox 1372 1944 1448 1980; x_wconf 81' lang='grc' dir='ltr'>παρὰ</span> <span class='ocrx_word' id='word_1_823' title='bbox 1471 1942 1538 1970; x_wconf 80' lang='grc' dir='ltr'>Θεοῦ</span> <span class='ocrx_word' id='word_1_824' title='bbox 1560 1942 1655 1978; x_wconf 76' lang='grc' dir='ltr'>ἔτυχεν</span> <span class='ocrx_word' id='word_1_825' title='bbox 1677 1940 1838 1976; x_wconf 81' lang='grc' dir='ltr'>τηλικούτου</span> 
     </span>
    </p>
   </div>
   <div class='ocr_carea' id='block_1_103' title="bbox 1048 1985 1838 2024">
    <p class='ocr_par' dir='ltr' id='par_1_103' title="bbox 1048 1985 1838 2024">
     <span class='ocr_line' id='line_1_104' title="bbox 1048 1985 1838 2024; baseline -0.005 -10"><span class='ocrx_word' id='word_1_826' title='bbox 1048 1988 1171 2015; x_wconf 76' lang='grc' dir='ltr'>ἐπαίνου.</span> <span class='ocrx_word' id='word_1_827' title='bbox 1197 1989 1312 2024; x_wconf 77' lang='grc' dir='ltr'>Λογίζου</span> <span class='ocrx_word' id='word_1_828' title='bbox 1338 1988 1438 2019; x_wconf 79' lang='grc' dir='ltr'>τοίνυν,</span> <span class='ocrx_word' id='word_1_829' title='bbox 1462 1988 1503 2014; x_wconf 73' lang='grc' dir='ltr'><strong>ὅτι</strong></span> <span class='ocrx_word' id='word_1_830' title='bbox 1529 1987 1582 2014; x_wconf 74' lang='grc' dir='ltr'><strong>κᾶν</strong></span> <span class='ocrx_word' id='word_1_831' title='bbox 1603 1986 1653 2022; x_wconf 83' lang='grc' dir='ltr'>τὴν</span> <span class='ocrx_word' id='word_1_832' title='bbox 1684 1985 1838 2021; x_wconf 84' lang='grc' dir='ltr'>μαρτυρίαν</span> 
     </span>
    </p>
   </div>
   <div class='ocr_carea' id='block_1_104' title="bbox 1047 2030 1837 2070">
    <p class='ocr_par' dir='ltr' id='par_1_104' title="bbox 1047 2030 1837 2070">
     <span class='ocr_line' id='line_1_105' title="bbox 1047 2030 1837 2070; baseline -0.006 -9"><span class='ocrx_word' id='word_1_833' title='bbox 1047 2033 1095 2060; x_wconf 77' lang='grc' dir='ltr'>τοῦ</span> <span class='ocrx_word' id='word_1_834' title='bbox 1123 2033 1227 2067; x_wconf 87' lang='grc' dir='ltr'>Ἐλιοῦς</span> <span class='ocrx_word' id='word_1_835' title='bbox 1256 2034 1292 2070; x_wconf 87' lang='grc' dir='ltr'>μὴ</span> <span class='ocrx_word' id='word_1_836' title='bbox 1318 2033 1469 2070; x_wconf 76' lang='grc' dir='ltr'>προσδέχῃ,</span> <span class='ocrx_word' id='word_1_837' title='bbox 1491 2032 1606 2068; x_wconf 80' lang='grc' dir='ltr'>ἀρκοῦσι</span> <span class='ocrx_word' id='word_1_838' title='bbox 1631 2031 1679 2058; x_wconf 79' lang='grc' dir='ltr'>καὶ</span> <span class='ocrx_word' id='word_1_839' title='bbox 1702 2030 1787 2062; x_wconf 77' lang='grc' dir='ltr'>οὕτως</span> <span class='ocrx_word' id='word_1_840' title='bbox 1812 2030 1837 2056; x_wconf 85' lang='grc' dir='ltr'>οἱ</span> 
     </span>
    </p>
   </div>
   <div class='ocr_carea' id='block_1_105' title="bbox 1040 2099 1834 2135">
    <p class='ocr_par' dir='ltr' id='par_1_105' title="bbox 1040 2099 1834 2135">
     <span class='ocr_line' id='line_1_106' title="bbox 1040 2099 1834 2135; baseline -0.004 -6"><span class='ocrx_word' id='word_1_841' title='bbox 1040 2102 1129 2130; x_wconf 81' lang='lat' dir='ltr'><strong>malim</strong></span> <span class='ocrx_word' id='word_1_842' title='bbox 1145 2109 1177 2129; x_wconf 84' lang='lat' dir='ltr'><strong>ex</strong></span> <span class='ocrx_word' id='word_1_843' title='bbox 1203 2102 1333 2129; x_wconf 82' lang='lat' dir='ltr'><strong>Hebraico</strong></span> <span class='ocrx_word' id='word_1_844' title='bbox 1353 2102 1451 2135; x_wconf 82' lang='grc' dir='ltr'><strong>Ἐλιοὺ,</strong></span> <span class='ocrx_word' id='word_1_845' title='bbox 1467 2105 1496 2128; x_wconf 84' lang='grc' dir='ltr'><strong>ιιι</strong></span> <span class='ocrx_word' id='word_1_846' title='bbox 1513 2101 1538 2128; x_wconf 91' lang='lat' dir='ltr'><strong>iu</strong></span> <span class='ocrx_word' id='word_1_847' title='bbox 1562 2099 1699 2134; x_wconf 84' lang='lat' dir='ltr'><strong>Complut.</strong></span> <span class='ocrx_word' id='word_1_848' title='bbox 1718 2100 1762 2128; x_wconf 86' lang='lat' dir='ltr'><strong>ed.</strong></span> <span class='ocrx_word' id='word_1_849' title='bbox 1781 2100 1834 2127; x_wconf 86' lang='lat' dir='ltr'><strong>im-</strong></span> 
     </span>
    </p>
   </div>
   <div class='ocr_carea' id='block_1_106' title="bbox 1041 2137 1237 2174">
    <p class='ocr_par' dir='ltr' id='par_1_106' title="bbox 1041 2137 1237 2174">
     <span class='ocr_line' id='line_1_107' title="bbox 1041 2137 1237 2174; baseline 0 -10"><span class='ocrx_word' id='word_1_850' title='bbox 1041 2145 1133 2174; x_wconf 73' lang='lat' dir='ltr'><strong>pressu</strong></span> <span class='ocrx_word' id='word_1_851' title='bbox 1139 2146 1162 2164; x_wconf 86' lang='grc' dir='ltr'><strong>ιιι</strong></span> <span class='ocrx_word' id='word_1_852' title='bbox 1170 2137 1203 2174; x_wconf 87' lang='lat' dir='ltr'><strong>_l&#39;u</strong></span> <span class='ocrx_word' id='word_1_853' title='bbox 1209 2138 1237 2164; x_wconf 93' lang='lat' dir='ltr'><strong>it.</strong></span> 
     </span>
    </p>
   </div>
   <div class='ocr_carea' id='block_1_107' title="bbox 1003 2169 1837 2208">
    <p class='ocr_par' dir='ltr' id='par_1_107' title="bbox 1003 2169 1837 2208">
     <span class='ocr_line' id='line_1_108' title="bbox 1003 2169 1837 2208; baseline -0.004 -9"><span class='ocrx_word' id='word_1_854' title='bbox 1003 2181 1026 2208; x_wconf 79' lang='grc' dir='ltr'>ι)</span> <span class='ocrx_word' id='word_1_855' title='bbox 1041 2169 1049 2174; x_wconf 77' lang='grc'>’</span> <span class='ocrx_word' id='word_1_856' title='bbox 1065 2173 1133 2208; x_wconf 53' lang='grc'><strong>(50)</strong></span> <span class='ocrx_word' id='word_1_857' title='bbox 1154 2171 1368 2208; x_wconf 40' lang='grc' dir='ltr'>Ᾰίιειηιιιηέοίι</span> <span class='ocrx_word' id='word_1_858' title='bbox 1391 2179 1488 2203; x_wconf 80' lang='lat' dir='ltr'><strong>xxxm,</strong></span> <span class='ocrx_word' id='word_1_859' title='bbox 1513 2171 1556 2198; x_wconf 69' lang='lat' dir='ltr'><strong>l2.</strong></span> <span class='ocrx_word' id='word_1_860' title='bbox 1583 2169 1749 2208; x_wconf 23' lang='lat' dir='ltr'><strong>&#39;[r_ia,_*qure</strong></span> <span class='ocrx_word' id='word_1_861' title='bbox 1774 2177 1837 2208; x_wconf 67' lang='lat' dir='ltr'><strong>mox</strong></span> 
     </span>
    </p>
   </div>
   <div class='ocr_carea' id='block_1_108' title="bbox 1044 2204 1832 2238">
    <p class='ocr_par' dir='ltr' id='par_1_108' title="bbox 1044 2204 1832 2238">
     <span class='ocr_line' id='line_1_109' title="bbox 1044 2204 1832 2238; baseline -0.003 -4"><span class='ocrx_word' id='word_1_862' title='bbox 1044 2204 1132 2238; x_wconf 58' lang='lat' dir='ltr'><strong>all‘ert&#39;,</strong></span> <span class='ocrx_word' id='word_1_863' title='bbox 1159 2208 1216 2235; x_wconf 82' lang='lat' dir='ltr'><strong>loca</strong></span> <span class='ocrx_word' id='word_1_864' title='bbox 1253 2207 1351 2234; x_wconf 75' lang='lat' dir='ltr'><strong>ibidem</strong></span> <span class='ocrx_word' id='word_1_865' title='bbox 1377 2211 1484 2234; x_wconf 80' lang='lat' dir='ltr'><strong>exstant</strong></span> <span class='ocrx_word' id='word_1_866' title='bbox 1505 2214 1575 2233; x_wconf 89' lang='lat' dir='ltr'><strong>vers.</strong></span> <span class='ocrx_word' id='word_1_867' title='bbox 1593 2204 1640 2238; x_wconf 79' lang='grc'><strong>25,</strong></span> <span class='ocrx_word' id='word_1_868' title='bbox 1660 2204 1713 2236; x_wconf 77' lang='lat'><strong>‘26,</strong></span> <span class='ocrx_word' id='word_1_869' title='bbox 1737 2209 1763 2232; x_wconf 92' lang='lat' dir='ltr'><strong>et</strong></span> <span class='ocrx_word' id='word_1_870' title='bbox 1785 2204 1832 2237; x_wconf 68' lang='grc'><strong>28,</strong></span> 
     </span>
    </p>
   </div>
   <div class='ocr_carea' id='block_1_109' title="bbox 1045 2242 1139 2270">
    <p class='ocr_par' dir='ltr' id='par_1_109' title="bbox 1045 2242 1139 2270">
     <span class='ocr_line' id='line_1_110' title="bbox 1045 2242 1139 2270; baseline -0.021 0"><span class='ocrx_word' id='word_1_871' title='bbox 1045 2250 1076 2270; x_wconf 78' lang='lat' dir='ltr'><strong>ac</strong></span> <span class='ocrx_word' id='word_1_872' title='bbox 1095 2242 1139 2268; x_wconf 67' lang='lat'><strong>29.</strong></span> 
     </span>
    </p>
   </div>
   <div class='ocr_carea' id='block_1_110' title="bbox 1079 2273 1837 2313">
    <p class='ocr_par' dir='ltr' id='par_1_110' title="bbox 1079 2273 1837 2313">
     <span class='ocr_line' id='line_1_111' title="bbox 1079 2273 1837 2313; baseline -0.007 -9"><span class='ocrx_word' id='word_1_873' title='bbox 1079 2277 1140 2313; x_wconf 7' lang='lat' dir='ltr'><strong>(5i),</strong></span> <span class='ocrx_word' id='word_1_874' title='bbox 1160 2276 1201 2303; x_wconf 74' lang='lat' dir='ltr'><strong>Ea:</strong></span> <span class='ocrx_word' id='word_1_875' title='bbox 1217 2277 1292 2310; x_wconf 72' lang='lat' dir='ltr'><strong>ipsis.</strong></span> <span class='ocrx_word' id='word_1_876' title='bbox 1311 2276 1520 2313; x_wconf 80' lang='lat' dir='ltr'><strong>C0niplut._cd.,</strong></span> <span class='ocrx_word' id='word_1_877' title='bbox 1542 2275 1573 2302; x_wconf 86' lang='grc' dir='ltr'>οὺ</span> <span class='ocrx_word' id='word_1_878' title='bbox 1602 2275 1639 2310; x_wconf 83' lang='grc' dir='ltr'>μὴ</span> <span class='ocrx_word' id='word_1_879' title='bbox 1659 2273 1759 2313; x_wconf 71' lang='grc' dir='ltr'>τρώσει</span> <span class='ocrx_word' id='word_1_880' title='bbox 1780 2274 1837 2313; x_wconf 65' lang='grc' dir='ltr'><strong>αὐ-</strong></span> 
     </span>
    </p>
   </div>
   <div class='ocr_carea' id='block_1_111' title="bbox 1043 2310 1837 2344">
    <p class='ocr_par' dir='ltr' id='par_1_111' title="bbox 1043 2310 1837 2344">
     <span class='ocr_line' id='line_1_112' title="bbox 1043 2310 1837 2344; baseline -0.005 -5"><span class='ocrx_word' id='word_1_881' title='bbox 1043 2310 1100 2344; x_wconf 81' lang='grc' dir='ltr'>τόν.</span> <span class='ocrx_word' id='word_1_882' title='bbox 1118 2312 1142 2338; x_wconf 91' lang='lat' dir='ltr'><strong>id</strong></span> <span class='ocrx_word' id='word_1_883' title='bbox 1162 2318 1215 2343; x_wconf 84' lang='lat' dir='ltr'><strong>est,</strong></span> <span class='ocrx_word' id='word_1_884' title='bbox 1239 2321 1247 2337; x_wconf 84' lang='grc' dir='ltr'>ι</span> <span class='ocrx_word' id='word_1_885' title='bbox 1266 2319 1317 2339; x_wconf 84' lang='lat' dir='ltr'><strong>non</strong></span> <span class='ocrx_word' id='word_1_886' title='bbox 1342 2311 1494 2337; x_wconf 78' lang='lat' dir='ltr'><strong>vulnerabit</strong></span> <span class='ocrx_word' id='word_1_887' title='bbox 1515 2313 1600 2343; x_wconf 80' lang='lat' dir='ltr'><strong>ipsum</strong></span> <span class='ocrx_word' id='word_1_888' title='bbox 1638 2319 1646 2335; x_wconf 74' lang='grc' dir='ltr'>ι</span> <span class='ocrx_word' id='word_1_889' title='bbox 1670 2310 1837 2336; x_wconf 79' lang='lat' dir='ltr'><strong>Fraucoi‘ur-</strong></span> 
     </span>
    </p>
   </div>
   <div class='ocr_carea' id='block_1_112' title="bbox 1045 2345 1837 2382">
    <p class='ocr_par' dir='ltr' id='par_1_112' title="bbox 1045 2345 1837 2382">
     <span class='ocr_line' id='line_1_113' title="bbox 1045 2345 1837 2382; baseline -0.004 -8"><span class='ocrx_word' id='word_1_890' title='bbox 1045 2348 1128 2374; x_wconf 87' lang='lat' dir='ltr'><strong>tensis</strong></span> <span class='ocrx_word' id='word_1_891' title='bbox 1153 2355 1217 2375; x_wconf 85' lang='lat' dir='ltr'><strong>vero</strong></span> <span class='ocrx_word' id='word_1_892' title='bbox 1239 2355 1245 2373; x_wconf 87' lang='lat'>:</span> <span class='ocrx_word' id='word_1_893' title='bbox 1261 2347 1298 2382; x_wconf 75' lang='grc' dir='ltr'><strong>οὺ</strong></span> <span class='ocrx_word' id='word_1_894' title='bbox 1317 2345 1369 2382; x_wconf 87' lang='grc' dir='ltr'>μὴν</span> <span class='ocrx_word' id='word_1_895' title='bbox 1391 2345 1599 2382; x_wconf 23' lang='grc' dir='ltr'>τρώσῃῗαὺτᾴν,</span> <span class='ocrx_word' id='word_1_896' title='bbox 1615 2346 1665 2382; x_wconf 75' lang='lat' dir='ltr'><strong>hoc</strong></span> <span class='ocrx_word' id='word_1_897' title='bbox 1680 2350 1731 2374; x_wconf 83' lang='lat' dir='ltr'><strong>est.</strong></span> <span class='ocrx_word' id='word_1_898' title='bbox 1747 2354 1758 2382; x_wconf 66' lang='grc' dir='ltr'>ι</span> <span class='ocrx_word' id='word_1_899' title='bbox 1783 2352 1837 2382; x_wconf 75' lang='lat' dir='ltr'><strong>non</strong></span> 
     </span>
    </p>
   </div>
   <div class='ocr_carea' id='block_1_113' title="bbox 1046 2379 1838 2415">
    <p class='ocr_par' dir='ltr' id='par_1_113' title="bbox 1046 2379 1838 2415">
     <span class='ocr_line' id='line_1_114' title="bbox 1046 2379 1838 2415; baseline -0.004 -7"><span class='ocrx_word' id='word_1_900' title='bbox 1046 2387 1145 2414; x_wconf 61' lang='lat' dir='ltr'><strong>tamen,</strong></span> <span class='ocrx_word' id='word_1_901' title='bbox 1161 2391 1170 2408; x_wconf 85' lang='grc'><strong>›</strong></span> <span class='ocrx_word' id='word_1_902' title='bbox 1187 2386 1239 2409; x_wconf 91' lang='lat' dir='ltr'><strong>etc.</strong></span> <span class='ocrx_word' id='word_1_903' title='bbox 1259 2381 1291 2409; x_wconf 86' lang='lat' dir='ltr'><strong>Et</strong></span> <span class='ocrx_word' id='word_1_904' title='bbox 1310 2379 1388 2414; x_wconf 80' lang='lat' dir='ltr'><strong>paulo</strong></span> <span class='ocrx_word' id='word_1_905' title='bbox 1406 2379 1677 2415; x_wconf 67' lang='lat' dir='ltr'><strong>post&#39;Complutcusis</strong></span> <span class='ocrx_word' id='word_1_906' title='bbox 1691 2379 1776 2414; x_wconf 73' lang='grc' dir='ltr'>ιπρὺς</span> <span class='ocrx_word' id='word_1_907' title='bbox 1792 2379 1838 2406; x_wconf 79' lang='grc' dir='ltr'>τὸν</span> 
     </span>
    </p>
   </div>
   <div class='ocr_carea' id='block_1_114' title="bbox 1044 2415 1837 2452">
    <p class='ocr_par' dir='ltr' id='par_1_114' title="bbox 1044 2415 1837 2452">
     <span class='ocr_line' id='line_1_115' title="bbox 1044 2415 1837 2452; baseline -0.005 -7"><span class='ocrx_word' id='word_1_908' title='bbox 1044 2416 1156 2452; x_wconf 82' lang='grc' dir='ltr'>Κύριον.</span> <span class='ocrx_word' id='word_1_909' title='bbox 1174 2417 1287 2444; x_wconf 85' lang='lat' dir='ltr'><strong>.lnniana</strong></span> <span class='ocrx_word' id='word_1_910' title='bbox 1308 2416 1368 2442; x_wconf 89' lang='lat' dir='ltr'><strong>lihri</strong></span> <span class='ocrx_word' id='word_1_911' title='bbox 1383 2416 1442 2452; x_wconf 79' lang='lat' dir='ltr'><strong>Jubi</strong></span> <span class='ocrx_word' id='word_1_912' title='bbox 1463 2417 1624 2452; x_wconf 63' lang='lat' dir='ltr'><strong>editig._scu</strong></span> <span class='ocrx_word' id='word_1_913' title='bbox 1636 2415 1837 2452; x_wconf 58' lang='lat' dir='ltr'><strong>vetustissimis</strong></span> 
     </span>
    </p>
   </div>
   <div class='ocr_carea' id='block_1_115' title="bbox 1045 2448 1835 2485">
    <p class='ocr_par' dir='ltr' id='par_1_115' title="bbox 1045 2448 1835 2485">
     <span class='ocr_line' id='line_1_116' title="bbox 1045 2448 1835 2485; baseline -0.006 -6"><span class='ocrx_word' id='word_1_914' title='bbox 1045 2448 1128 2479; x_wconf 77' lang='lat' dir='ltr'><strong>cmicx</strong></span> <span class='ocrx_word' id='word_1_915' title='bbox 1145 2452 1171 2479; x_wconf 91' lang='lat' dir='ltr'><strong>in</strong></span> <span class='ocrx_word' id='word_1_916' title='bbox 1192 2459 1223 2478; x_wconf 85' lang='lat' dir='ltr'><strong>ea</strong></span> <span class='ocrx_word' id='word_1_917' title='bbox 1239 2459 1384 2485; x_wconf 85' lang='lat' dir='ltr'><strong>expressus</strong></span> <span class='ocrx_word' id='word_1_918' title='bbox 1404 2451 1485 2478; x_wconf 86' lang='lat' dir='ltr'><strong>habet</strong></span> <span class='ocrx_word' id='word_1_919' title='bbox 1501 2461 1506 2477; x_wconf 94' lang='lat'>:</span> <span class='ocrx_word' id='word_1_920' title='bbox 1531 2448 1578 2482; x_wconf 72' lang='grc' dir='ltr'><strong>Εἷς</strong></span> <span class='ocrx_word' id='word_1_921' title='bbox 1597 2450 1626 2483; x_wconf 79' lang='grc' dir='ltr'>ἐξ</span> <span class='ocrx_word' id='word_1_922' title='bbox 1642 2449 1733 2476; x_wconf 83' lang='grc' dir='ltr'>αὐτῶν</span> <span class='ocrx_word' id='word_1_923' title='bbox 1748 2450 1779 2475; x_wconf 74' lang='grc' dir='ltr'>οὐ</span> <span class='ocrx_word' id='word_1_924' title='bbox 1796 2450 1835 2484; x_wconf 80' lang='grc' dir='ltr'>μὴ</span> 
     </span>
    </p>
   </div>
   <div class='ocr_carea' id='block_1_116' title="bbox 1043 2485 1836 2548">
    <p class='ocr_par' dir='ltr' id='par_1_116' title="bbox 1043 2485 1836 2548">
     <span class='ocr_line' id='line_1_117' title="bbox 1043 2485 1836 2548; baseline -0.003 -35"><span class='ocrx_word' id='word_1_925' title='bbox 1043 2486 1139 2548; x_wconf 48' lang='grc' dir='ltr'><strong>’ἔρὶίιστέ</strong></span> <span class='ocrx_word' id='word_1_926' title='bbox 1161 2487 1259 2548; x_wconf 40' lang='lat' dir='ltr'><strong>uicina,</strong></span> <span class='ocrx_word' id='word_1_927' title='bbox 1283 2485 1330 2513; x_wconf 74' lang='grc' dir='ltr'><strong>ἐὰν</strong></span> <span class='ocrx_word' id='word_1_928' title='bbox 1353 2486 1438 2523; x_wconf 78' lang='grc' dir='ltr'>νοήσῃ</span> <span class='ocrx_word' id='word_1_929' title='bbox 1457 2487 1490 2522; x_wconf 82' lang='grc' dir='ltr'>τῇ</span> <span class='ocrx_word' id='word_1_930' title='bbox 1516 2485 1616 2522; x_wconf 74' lang='grc' dir='ltr'>καρδίᾳ.</span> <span class='ocrx_word' id='word_1_931' title='bbox 1635 2485 1836 2519; x_wconf 76' lang='grc' dir='ltr'>ἐπιστραφῆναι</span> 
     </span>
     <span class='ocr_line' id='line_1_118' title="bbox 1061 2529 1292 2548; baseline -0.004 0"><span class='ocrx_word' id='word_1_932' title='bbox 1061 2531 1080 2548; x_wconf 86' lang='grc' dir='ltr'><strong>π</strong></span> <span class='ocrx_word' id='word_1_933' title='bbox 1109 2531 1123 2548; x_wconf 84' lang='grc' dir='ltr'><strong>τ</strong></span> <span class='ocrx_word' id='word_1_934' title='bbox 1140 2531 1154 2548; x_wconf 95' lang='grc' dir='ltr'>ν</span> <span class='ocrx_word' id='word_1_935' title='bbox 1206 2529 1292 2548; x_wconf 83' lang='grc' dir='ltr'>υοιον.</span> 
     </span>
    </p>
   </div>
   <div class='ocr_carea' id='block_1_117' title="bbox 1061 2529 1292 2549">
    <p class='ocr_par' dir='ltr' id='par_1_117' title="bbox 1061 2529 1292 2549">
     <span class='ocr_line' id='line_1_119' title="bbox 1061 2529 1292 2549; baseline -0.004 -1"><span class='ocrx_word' id='word_1_936' title='bbox 1061 2529 1091 2549; x_wconf 86' lang='grc' dir='ltr'><strong>πι</strong></span> <span class='ocrx_word' id='word_1_937' title='bbox 1109 2529 1154 2549; x_wconf 84' lang='grc' dir='ltr'>τον</span> <span class='ocrx_word' id='word_1_938' title='bbox 1179 2529 1292 2549; x_wconf 65' lang='grc' dir='ltr'>Άυοιον.</span> 
     </span>
    </p>
   </div>
   <div class='ocr_carea' id='block_1_118' title="bbox 1080 2531 1832 2592">
    <p class='ocr_par' dir='ltr' id='par_1_118' title="bbox 1080 2531 1832 2592">
     <span class='ocr_line' id='line_1_120' title="bbox 1083 2531 1292 2557; baseline -0.005 -9"><span class='ocrx_word' id='word_1_939' title='bbox 1083 2531 1091 2548; x_wconf 89' lang='grc' dir='ltr'><strong>ι</strong></span> <span class='ocrx_word' id='word_1_940' title='bbox 1109 2531 1154 2549; x_wconf 83' lang='grc' dir='ltr'>τον</span> <span class='ocrx_word' id='word_1_941' title='bbox 1179 2531 1292 2557; x_wconf 68' lang='grc' dir='ltr'>λυριον.</span> 
     </span>
     <span class='ocr_line' id='line_1_121' title="bbox 1080 2555 1832 2592; baseline -0.005 -8"><span class='ocrx_word' id='word_1_942' title='bbox 1080 2557 1136 2592; x_wconf 71' lang='grc'><strong>(52)</strong></span> <span class='ocrx_word' id='word_1_943' title='bbox 1160 2556 1263 2584; x_wconf 79' lang='lat' dir='ltr'><strong>Orabit.</strong></span> <span class='ocrx_word' id='word_1_944' title='bbox 1292 2556 1385 2592; x_wconf 65' lang='lat' dir='ltr'><strong>Graeca</strong></span> <span class='ocrx_word' id='word_1_945' title='bbox 1410 2556 1496 2583; x_wconf 86' lang='lat' dir='ltr'><strong>Biblia</strong></span> <span class='ocrx_word' id='word_1_946' title='bbox 1520 2565 1527 2583; x_wconf 85' lang='lat'><strong>:</strong></span> <span class='ocrx_word' id='word_1_947' title='bbox 1547 2555 1708 2592; x_wconf 76' lang='grc' dir='ltr'>εὐξάμενος.</span> <span class='ocrx_word' id='word_1_948' title='bbox 1729 2555 1753 2582; x_wconf 92' lang='lat' dir='ltr'><strong>id</strong></span> <span class='ocrx_word' id='word_1_949' title='bbox 1777 2560 1832 2586; x_wconf 86' lang='lat' dir='ltr'><strong>est,</strong></span> 
     </span>
    </p>
   </div>
   <div class='ocr_carea' id='block_1_119' title="bbox 1046 2591 1836 2626">
    <p class='ocr_par' dir='ltr' id='par_1_119' title="bbox 1046 2591 1836 2626">
     <span class='ocr_line' id='line_1_122' title="bbox 1046 2591 1836 2626; baseline -0.003 -9"><span class='ocrx_word' id='word_1_950' title='bbox 1046 2601 1056 2617; x_wconf 78' lang='grc' dir='ltr'>ι</span> <span class='ocrx_word' id='word_1_951' title='bbox 1075 2594 1247 2626; x_wconf 74' lang='lat' dir='ltr'><strong>deprecatus.</strong></span> <span class='ocrx_word' id='word_1_952' title='bbox 1268 2600 1278 2618; x_wconf 74' lang='grc' dir='ltr'><strong>ι</strong></span> <span class='ocrx_word' id='word_1_953' title='bbox 1298 2591 1350 2618; x_wconf 82' lang='lat' dir='ltr'><strong>Sed</strong></span> <span class='ocrx_word' id='word_1_954' title='bbox 1369 2591 1473 2626; x_wconf 87' lang='lat' dir='ltr'><strong>Didymi</strong></span> <span class='ocrx_word' id='word_1_955' title='bbox 1488 2591 1568 2618; x_wconf 88' lang='lat' dir='ltr'><strong>lectio</strong></span> <span class='ocrx_word' id='word_1_956' title='bbox 1588 2591 1721 2618; x_wconf 83' lang='lat' dir='ltr'><strong>llebraico</strong></span> <span class='ocrx_word' id='word_1_957' title='bbox 1742 2597 1836 2626; x_wconf 70' lang='lat' dir='ltr'><strong>exem-</strong></span> 
     </span>
    </p>
   </div>
   <div class='ocr_carea' id='block_1_120' title="bbox 1045 2625 1831 2661">
    <p class='ocr_par' dir='ltr' id='par_1_120' title="bbox 1045 2625 1831 2661">
     <span class='ocr_line' id='line_1_123' title="bbox 1045 2625 1831 2661; baseline -0.003 -9"><span class='ocrx_word' id='word_1_958' title='bbox 1045 2625 1116 2661; x_wconf 85' lang='lat' dir='ltr'><strong>plari</strong></span> <span class='ocrx_word' id='word_1_959' title='bbox 1128 2633 1307 2654; x_wconf 75' lang='lat' dir='ltr'><strong>consentanea</strong></span> <span class='ocrx_word' id='word_1_960' title='bbox 1323 2631 1374 2657; x_wconf 85' lang='lat' dir='ltr'><strong>est.</strong></span> <span class='ocrx_word' id='word_1_961' title='bbox 1389 2625 1611 2654; x_wconf 31' lang='lat' dir='ltr'><strong>et’vetustissimu</strong></span> <span class='ocrx_word' id='word_1_962' title='bbox 1626 2625 1721 2653; x_wconf 66' lang='lat' dir='ltr'><strong>Graeco</strong></span> <span class='ocrx_word' id='word_1_963' title='bbox 1735 2625 1831 2656; x_wconf 81' lang='lat' dir='ltr'><strong>codici.</strong></span> 
     </span>
    </p>
   </div>
   <div class='ocr_carea' id='block_1_121' title="bbox 1044 2660 1834 2713">
    <p class='ocr_par' dir='ltr' id='par_1_121' title="bbox 1044 2660 1834 2713">
     <span class='ocr_line' id='line_1_124' title="bbox 1044 2660 1834 2713; baseline 0 -27"><span class='ocrx_word' id='word_1_964' title='bbox 1044 2660 1098 2713; x_wconf 46' lang='lat' dir='ltr'><strong>qr&quot;:</strong></span> <span class='ocrx_word' id='word_1_965' title='bbox 1120 2670 1184 2690; x_wconf 86' lang='lat' dir='ltr'><strong>usus</strong></span> <span class='ocrx_word' id='word_1_966' title='bbox 1211 2667 1251 2690; x_wconf 90' lang='lat' dir='ltr'><strong>est</strong></span> <span class='ocrx_word' id='word_1_967' title='bbox 1274 2661 1410 2689; x_wconf 84' lang='lat' dir='ltr'><strong>Patricius</strong></span> <span class='ocrx_word' id='word_1_968' title='bbox 1440 2661 1553 2694; x_wconf 77' lang='lat' dir='ltr'><strong>Junius,</strong></span> <span class='ocrx_word' id='word_1_969' title='bbox 1575 2661 1621 2696; x_wconf 92' lang='lat' dir='ltr'><strong>qui</strong></span> <span class='ocrx_word' id='word_1_970' title='bbox 1646 2669 1679 2688; x_wconf 82' lang='lat' dir='ltr'><strong>ex</strong></span> <span class='ocrx_word' id='word_1_971' title='bbox 1699 2668 1730 2688; x_wconf 86' lang='lat' dir='ltr'><strong>eo</strong></span> <span class='ocrx_word' id='word_1_972' title='bbox 1749 2660 1834 2688; x_wconf 85' lang='lat' dir='ltr'><strong>edidit</strong></span> 
     </span>
    </p>
   </div>
   <div class='ocr_carea' id='block_1_122' title="bbox 1043 2706 1160 2724">
    <p class='ocr_par' dir='ltr' id='par_1_122' title="bbox 1043 2706 1160 2724">
     <span class='ocr_line' id='line_1_125' title="bbox 1043 2706 1160 2724; baseline 0.009 -1"><span class='ocrx_word' id='word_1_973' title='bbox 1043 2706 1160 2724; x_wconf 73' lang='grc' dir='ltr'>ευςεται.</span> 
     </span>
    </p>
   </div>
   <div class='ocr_carea' id='block_1_123' title="bbox 1078 2715 1832 2767">
    <p class='ocr_par' dir='ltr' id='par_1_123' title="bbox 1078 2715 1832 2767">
     <span class='ocr_line' id='line_1_126' title="bbox 1078 2715 1832 2767; baseline -0.003 -8"><span class='ocrx_word' id='word_1_974' title='bbox 1078 2715 1201 2767; x_wconf 45' lang='grc' dir='ltr'><strong>(ᾗῇ-ἰνα</strong></span> <span class='ocrx_word' id='word_1_975' title='bbox 1215 2737 1300 2759; x_wconf 71' lang='lat' dir='ltr'><strong>exeat.</strong></span> <span class='ocrx_word' id='word_1_976' title='bbox 1325 2731 1417 2759; x_wconf 66' lang='lat' dir='ltr'><strong>Graeca</strong></span> <span class='ocrx_word' id='word_1_977' title='bbox 1441 2731 1532 2763; x_wconf 79' lang='lat' dir='ltr'><strong>editio.</strong></span> <span class='ocrx_word' id='word_1_978' title='bbox 1553 2731 1599 2758; x_wconf 78' lang='grc' dir='ltr'>τοῦ</span> <span class='ocrx_word' id='word_1_979' title='bbox 1616 2731 1654 2767; x_wconf 59' lang='grc' dir='ltr'><strong>μδ]</strong></span> <span class='ocrx_word' id='word_1_980' title='bbox 1678 2730 1781 2762; x_wconf 73' lang='grc' dir='ltr'>ἐλθεῖν,</span> <span class='ocrx_word' id='word_1_981' title='bbox 1806 2730 1832 2757; x_wconf 88' lang='lat' dir='ltr'><strong>id</strong></span> 
     </span>
    </p>
   </div>
   <div class='ocr_carea' id='block_1_124' title="bbox 1044 2765 1834 2801">
    <p class='ocr_par' dir='ltr' id='par_1_124' title="bbox 1044 2765 1834 2801">
     <span class='ocr_line' id='line_1_127' title="bbox 1044 2765 1834 2801; baseline -0.004 -6"><span class='ocrx_word' id='word_1_982' title='bbox 1044 2765 1095 2799; x_wconf 80' lang='lat' dir='ltr'><strong>est,</strong></span> <span class='ocrx_word' id='word_1_983' title='bbox 1113 2765 1172 2794; x_wconf 58' lang='lat' dir='ltr'><strong>(ne</strong></span> <span class='ocrx_word' id='word_1_984' title='bbox 1182 2769 1283 2799; x_wconf 84' lang='lat' dir='ltr'><strong>veniat,</strong></span> <span class='ocrx_word' id='word_1_985' title='bbox 1299 2777 1308 2792; x_wconf 71' lang='grc' dir='ltr'><strong>ι</strong></span> <span class='ocrx_word' id='word_1_986' title='bbox 1327 2772 1383 2799; x_wconf 83' lang='lat' dir='ltr'><strong>aut,</strong></span> <span class='ocrx_word' id='word_1_987' title='bbox 1408 2775 1420 2792; x_wconf 74' lang='grc' dir='ltr'>ι</span> <span class='ocrx_word' id='word_1_988' title='bbox 1437 2774 1470 2794; x_wconf 88' lang='lat' dir='ltr'><strong>ne</strong></span> <span class='ocrx_word' id='word_1_989' title='bbox 1484 2772 1586 2801; x_wconf 80' lang='lat' dir='ltr'><strong>pergat.</strong></span> <span class='ocrx_word' id='word_1_990' title='bbox 1608 2765 1665 2793; x_wconf 59' lang='lat' dir='ltr'><strong>{Et</strong></span> <span class='ocrx_word' id='word_1_991' title='bbox 1678 2766 1756 2800; x_wconf 80' lang='lat' dir='ltr'><strong>paulo</strong></span> <span class='ocrx_word' id='word_1_992' title='bbox 1773 2770 1834 2800; x_wconf 87' lang='lat' dir='ltr'><strong>post.</strong></span> 
     </span>
    </p>
   </div>
   <div class='ocr_carea' id='block_1_125' title="bbox 1046 2801 1833 2838">
    <p class='ocr_par' dir='ltr' id='par_1_125' title="bbox 1046 2801 1833 2838">
     <span class='ocr_line' id='line_1_128' title="bbox 1046 2801 1833 2838; baseline -0.004 -8"><span class='ocrx_word' id='word_1_993' title='bbox 1046 2803 1125 2830; x_wconf 85' lang='lat' dir='ltr'><strong>habet</strong></span> <span class='ocrx_word' id='word_1_994' title='bbox 1147 2803 1261 2838; x_wconf 79' lang='grc' dir='ltr'>ὲργᾶται</span> <span class='ocrx_word' id='word_1_995' title='bbox 1288 2801 1512 2838; x_wconf 26' lang='grc' dir='ltr'>ντολὲργάζεται,</span> <span class='ocrx_word' id='word_1_996' title='bbox 1544 2801 1637 2838; x_wconf 66' lang='lat' dir='ltr'><strong>eodem</strong></span> <span class='ocrx_word' id='word_1_997' title='bbox 1663 2801 1833 2838; x_wconf 22' lang='lat' dir='ltr'><strong>sermuncu-</strong></span> 
     </span>
    </p>
   </div>
   <div class='ocr_carea' id='block_1_126' title="bbox 1043 2835 1831 2872">
    <p class='ocr_par' dir='ltr' id='par_1_126' title="bbox 1043 2835 1831 2872">
     <span class='ocr_line' id='line_1_129' title="bbox 1043 2835 1831 2872; baseline -0.003 -7"><span class='ocrx_word' id='word_1_998' title='bbox 1043 2839 1094 2865; x_wconf 86' lang='lat' dir='ltr'><strong>dex</strong></span> <span class='ocrx_word' id='word_1_999' title='bbox 1125 2835 1261 2871; x_wconf 34' lang='lat' dir='ltr'><strong>qub‘nsus</strong></span> <span class='ocrx_word' id='word_1_1000' title='bbox 1283 2835 1324 2865; x_wconf 79' lang='lat' dir='ltr'><strong>est</strong></span> <span class='ocrx_word' id='word_1_1001' title='bbox 1338 2835 1444 2869; x_wconf 73' lang='lat' dir='ltr'><strong>Ju&#39;nius,</strong></span> <span class='ocrx_word' id='word_1_1002' title='bbox 1463 2838 1551 2870; x_wconf 86' lang='lat' dir='ltr'><strong>habet,</strong></span> <span class='ocrx_word' id='word_1_1003' title='bbox 1572 2836 1619 2872; x_wconf 72' lang='grc' dir='ltr'>τοῦ</span> <span class='ocrx_word' id='word_1_1004' title='bbox 1640 2836 1677 2872; x_wconf 83' lang='grc' dir='ltr'>μὴ</span> <span class='ocrx_word' id='word_1_1005' title='bbox 1702 2835 1831 2869; x_wconf 76' lang='grc' dir='ltr'><strong>ἐξελθεῖν.</strong></span> 
     </span>
    </p>
   </div>
   <div class='ocr_carea' id='block_1_127' title="bbox 1043 2871 1831 2909">
    <p class='ocr_par' dir='ltr' id='par_1_127' title="bbox 1043 2871 1831 2909">
     <span class='ocr_line' id='line_1_130' title="bbox 1043 2871 1831 2909; baseline -0.005 -7"><span class='ocrx_word' id='word_1_1006' title='bbox 1043 2879 1073 2902; x_wconf 85' lang='grc' dir='ltr'><strong>ιιι</strong></span> <span class='ocrx_word' id='word_1_1007' title='bbox 1089 2873 1154 2909; x_wconf 79' lang='lat' dir='ltr'><strong>legit</strong></span> <span class='ocrx_word' id='word_1_1008' title='bbox 1171 2873 1311 2908; x_wconf 86' lang='lat' dir='ltr'><strong>Didymus,</strong></span> <span class='ocrx_word' id='word_1_1009' title='bbox 1336 2877 1362 2900; x_wconf 86' lang='lat' dir='ltr'><strong>et</strong></span> <span class='ocrx_word' id='word_1_1010' title='bbox 1377 2872 1502 2908; x_wconf 79' lang='grc' dir='ltr'>ὲργᾶται,</span> <span class='ocrx_word' id='word_1_1011' title='bbox 1526 2877 1555 2900; x_wconf 85' lang='grc' dir='ltr'><strong>ιιι</strong></span> <span class='ocrx_word' id='word_1_1012' title='bbox 1570 2871 1672 2899; x_wconf 60' lang='grc' dir='ltr'>ϐιωωι</span> <span class='ocrx_word' id='word_1_1013' title='bbox 1686 2871 1831 2900; x_wconf 85' lang='lat' dir='ltr'><strong>editiones.</strong></span> 
     </span>
    </p>
   </div>
  </div>
