1933 3064
263 117 316 146 (ΞΠ

881 115 998 143 DIDYMI
1019 115 1253 143 ALEXANDRINI
1820 118 1862 146 648

263 176 323 202 dem
340 174 396 201 illi:
414 173 460 201 scd
477 172 603 207 perplexa
629 171 686 207 (26)
700 172 777 205 adeo,
793 177 821 198 et
844 173 948 199 ratione
963 173 1043 200 desti-

1099 173 1201 207 στέρων
1218 174 1264 199 καὶ
1283 173 1344 204 τοὺς
1361 172 1512 207 ὁμόφρονας
1533 171 1598 207 ἡμῖν
1622 171 1821 206 ἀναμνήσοντες,
1833 170 1864 199 ὧν

263 225 320 248 tuta
338 225 378 247 est
393 226 485 246 eorum
499 218 597 250 oratio,
616 223 645 244 ut
659 226 691 244 ne
704 224 736 244 ex
754 217 786 244 iis
801 217 920 252 quidem,
943 219 987 252 qui
1006 218 1046 244 rel

263 266 404 293 minimum
418 263 661 298 quomodocunquc
682 263 836 290 ratiocinari
860 263 961 295 valent,
977 264 1047 291 nllus

263 311 297 338 sit
312 311 352 338 eis
364 317 532 337 assensurus.
560 309 601 335 Ad
626 308 781 335 illustranda
808 308 891 340 enim,
910 316 942 335 ac
958 308 1048 335 discu-

262 356 352 383 tienda
367 356 457 382 divina
474 354 594 386 oracula,
623 354 648 380 in
662 347 762 388 'quitms
781 361 841 380 cum
857 354 890 380 de
902 354 958 386 ipsa
975 354 1047 380 nullo

262 402 343 429 modo
370 400 565 428 coutenmenda
590 399 699 431 deitate,
728 405 782 426 tum
810 399 842 426 de
870 399 1046 426 rationalibus

262 448 333 474 illius
351 454 478 474 manuum
505 445 645 480 operibus,
679 451 774 478 netnpe
802 445 836 471 de
851 445 938 476 nobis,
956 452 1046 472 sermo

261 493 521 528 est,quadrupedes,
539 496 566 518 ct
592 491 768 518 inanimatum
787 490 928 517 aedilicium
946 491 972 517 in
990 499 1047 518 me-

261 540 334 566 dium
349 537 475 569 alierum,
493 544 524 564 ac
535 536 684 563 tremendis
699 535 848 570 Scriptura!
861 537 988 568 tcxtibus,
1003 544 1046 564 re-

261 584 363 618 busque
376 583 458 609 veluti
474 582 599 615 illudunt,
629 585 657 608 et
687 588 734 616 per
758 582 836 608 rudes
862 581 953 612 hasce,
969 582 1045 608 iulir—

261 636 373 662 masque
382 628 602 655 ratiocinationes
620 627 652 654 ad
665 634 742 654 suum
756 627 1044 661 ipsornmbarathrum

262 674 388 705 invitant,
403 681 496 700 eorum
516 673 603 700 instar
617 673 663 707 qui
691 680 772 707 parva
789 673 906 706 quadam
922 681 983 700 esca
997 673 1046 708 pis-

261 727 307 746 ces
320 720 352 746 ad
368 720 476 746 hamum
509 719 630 749 trahunt.
658 723 685 745 et
712 718 831 753 capiunt.
849 717 903 746 Nos
917 726 979 746 vero
999 720 1043 753 qui

262 766 332 792 nulla
347 773 462 800 unquam
480 765 623 792 occasione
640 772 692 791 non
707 764 916 797 declaravimus,
930 766 1045 792 maxime

261 811 339 838 nobis
353 816 410 838 toto
425 811 488 838 vitae
505 812 632 845 decursu,
657 815 686 836 ut
707 811 784 837 nobis
803 810 912 844 quidem
928 811 1043 843 videtur,

1097 220 1152 245 ἀπὸ
1169 219 1223 245 τῶν
1243 219 1356 254 Γραφῶν
1383 218 1548 254 ἀκηκόασιν
1574 216 1637 248 τοὺς
1653 217 1675 243 δ’
1704 217 1794 249 ἄλλους
1815 219 1865 245 πεί-

1098 272 1198 295 σοντες,
1211 263 1249 299 τῷ
1264 273 1295 298 γε
1311 264 1352 298 ἐφ’
1364 265 1439 298 ἡμῖν,
1453 263 1491 298 μὴ
1503 263 1573 289 οὕτω
1586 262 1708 298 γνώμης.
1723 263 1738 298 ἦ
1752 263 1863 296 πίστεωίι

1096 309 1134 341 ὠς
1159 309 1281 344 ἔχουσιν,
1302 309 1349 336 τοῦ
1371 309 1465 336 λοιποῦ
1489 309 1571 344 ἔχειν.
1593 309 1625 335 Ol.
1651 308 1704 344 γὰρ
1728 309 1864 344 ἀξιούμεναι

1096 355 1166 390 ἔχειν
1180 355 1322 383 κατοικοῦν
1335 357 1362 382 ἐν
1382 356 1473 387 αὐτοῖς
1489 355 1520 381 τὸ
1539 355 1658 390 πληροῦν
1675 354 1708 381 τὰ
1731 355 1813 382 πάντα
1830 356 1864 382 ὲν-

1096 403 1246 428 υπύστατον
1262 402 1372 437 Πνεῦμα
1386 401 1433 428 τοῦ
1448 401 1526 432 Θεοῦ,
1538 400 1598 427 οὔτε
1614 400 1682 427 κατᾶ
1693 401 1839 436 ὁμωνυμίαν
1851 401 1863 435 ἢ

1097 456 1199 475 συνωνυ
1204 448 1278 484 μίαν,
1291 448 1350 474 οὔτε
1363 447 1433 474 κατὰ
1447 448 1620 483 ἀλληγορίαν,
1635 447 1695 474 οὔτε
1716 448 1783 474 κατὰ
1795 456 1865 482 μετα-

1097 493 1193 529 φορὰν,
1219 493 1281 524 ναὸς
1306 493 1386 519 αὐτοῦ
1412 492 1605 527 ὼνομάσμεοα,
1624 491 1691 518 ἀλλὰ
1717 492 1812 527 κυρίως
1827 492 1865 518 καὶ

1096 539 1166 564 κατὰ
1185 538 1323 574 ἀλήθειαν.
1343 538 1422 565 Ὅθεν
1441 539 1454 564 ο
1478 538 1648 569 ’Δπόστολος,
1670 538 1700 564 οὐ
1725 537 1762 572 τῷ
1783 538 1808 563 ὲν
1824 538 1864 563 Ἰε-

1097 584 1255 619 ροσολύμοις
1270 584 1326 619 ναῷ
1349 584 1395 611 καὶ
1414 583 1540 614 ἐκείνοις,
1564 580 1605 615 οἷς
1630 583 1713 609 εἰκόνι
1735 584 1865 618 ἐχρήσαντο

1095 630 1237 665 αἰρετικοὶ,
1255 629 1323 656 ἀλλὰ
1341 632 1395 664 γὰρ
1420 630 1534 660 πιστοῖς,
1558 628 1624 655 Θεδν
1648 629 1739 663 σαφῶς
1760 629 1788 655 τὺ
1801 629 1865 662 ᾶγιον

1096 674 1208 709 Πνεῦμα
1229 673 1299 701 εἶναι
1324 674 1442 706 δεικνὺς,
1461 674 1527 709 ἔφη·
1549 683 1557 699 ι
1573 674 1630 700 Οῦκ
1652 673 1750 704 οἴδατε,
1765 674 1801 700 ὅτι
1814 674 1866 704 ναὸς

1095 720 1162 746 Θεοῦ
1179 721 1250 751 ἐστε,
1265 720 1311 746 καὶ
1329 720 1359 746 τὸ
1376 719 1486 755 Πνεῦμα
1497 719 1544 746 τοῦ
1559 719 1626 746 Θεοῦ
1642 720 1711 746 οἰκεῖ
1729 721 1755 745 ὲν
1771 720 1843 755 ὐμῑν;
1856 729 1864 744 ι

1096 766 1150 792 Καὶ
1180 765 1246 799 πρὸς
1273 764 1431 800 Ἐϐραίους·
1458 764 1594 798 «Μέτοχοι
1622 763 1777 798 Πνεύματος
1801 763 1865 797 ἁγίου

1096 810 1188 844 ἐσμέν.
1206 819 1214 834 ι
1235 810 1265 835 EE
1280 809 1333 844 γὰρ
1347 809 1409 840 ναὸς
1422 808 1468 835 τοῦ
1492 808 1568 842 ἁγίου
1590 808 1758 843 Πνεῦματος,
1778 807 1820 842 οὐχ
1836 807 1865 838 ὡς

261 865 332 884 etme
344 857 436 889 fuisse,
453 862 482 883 ut
500 857 565 884 nihil
578 862 678 883 temere
694 857 940 890 pronuntiaremus.
955 863 1000 883 aut
1011 865 1043 884 ex

1098 856 1172 886 Θεοῦ,
1191 855 1258 881 ἀλλὰ
1274 854 1349 891 παρὰ
1365 855 1395 881 τὸ
1413 855 1499 880 ἐννεῐν
1519 854 1566 880 καὶ
1583 855 1699 880 ἐνοικεῖν
1715 854 1802 888 ἐσμεν,
1818 853 1866 879 οὐδὲ

260 903 322 930 οιΙίο
337 903 363 929 in
395 902 567 937 quempiam,
592 901 694 936 quique
721 901 871 928 etutvicium
895 901 1043 936 quodlibet,

260 948 365 976 tametsi
382 956 433 975 non
454 948 593 982 injustum,
621 947 766 974 vllavimus
791 947 859 982 (27),
878 947 910 974 iis
922 947 1043 982 quidem,

259 994 303 1028 qui
321 994 511 1028 prudentiores
534 999 607 1025 sttnt,
627 994 729 1027 quique
755 993 894 1019 nobiscum
912 992 1044 1024 sentiunt,

259 1048 290 1066 ea
311 1040 336 1066 in
353 1040 512 1066 memoriam
526 1046 654 1066 revocare
674 1038 823 1072 pergimus,
848 1045 907 1072 quae
919 1045 951 1064 ex
969 1037 1045 1064 Scri-

259 1086 345 1119 pturis
359 1086 538 1116 audiverunt;
557 1085 665 1111 caeteris
679 1091 742 1110 vero
757 1083 833 1116 illud,
849 1083 1044 1118 quantum(28)

260 1132 371 1165 quidem
388 1131 416 1157 iu
440 1131 517 1158 nobis
544 1136 597 1163 est,
628 1129 805 1164 persuadere,
821 1134 849 1156 ut
862 1129 941 1155 aliam
958 1129 984 1155 in
998 1136 1045 1164 po-

259 1182 362 1204 sterum
379 1176 413 1203 ab
439 1183 484 1208 ea,
510 1183 591 1210 quam
611 1182 682 1201 nunc
707 1175 819 1206 habent,
836 1174 998 1201 sententiam
1012 1180 1045 1200 ac

259 1222 338 1249 ﬁdem
353 1221 560 1256 amplectantur.
580 1221 630 1254 Qui
647 1221 720 1248 enim
736 1220 807 1254 digni
823 1220 887 1247 facti
898 1227 1000 1254 sumus,
1016 1226 1045 1247 ut

258 1268 425 1295 habitantem
441 1268 467 1294 in
482 1267 558 1293 nobis
575 1266 631 1302 (29)
648 1267 810 1293 haberemus
829 1274 903 1298 cum,
921 1267 966 1301 qui
983 1275 1043 1294 om-

259 1313 303 1340 nia
320 1313 423 1347 implet,
439 1312 628 1339 subsistentem
658 1311 788 1347 Spiritum
813 1311 877 1344 Del;
895 1319 982 1346 neque
997 1320 1045 1347 per

259 1360 472 1395 bomouymiam,
488 1365 534 1386 aut
547 1359 751 1394 synonymiam,
775 1366 863 1394 neque
884 1367 932 1394 per
943 1358 1045 1393 allego-

259 1406 343 1437 riam.
361 1413 448 1440 neque
463 1413 510 1440 per
528 1405 712 1440 metaphoram
729 1404 858 1438 tetnplum
880 1404 939 1438 ejus
959 1404 1045 1431 norni-

259 1453 316 1479 nati
330 1460 432 1485 sumus,
449 1452 496 1479 sed
513 1451 631 1486 proprie,
664 1455 692 1477 et
719 1452 866 1478 secundum
888 1450 1043 1477 veritatem.

258 1497 437 1531 Quamobrem
454 1498 601 1524 manifesto
617 1496 764 1531 Apostolus
772 1496 903 1529 Spiritum
918 1500 1041 1522 sanctum

1095 901 1142 927 τοῦ
1157 901 1225 927 Θεοῦ
1236 901 1298 932 ναὸς
1312 899 1466 934 κληθέντες,
1477 899 1514 930 ὡς
1527 898 1595 925 Θεοῦ
1612 898 1864 934 προσηγορεύοημεν.

1096 947 1150 973 Καὶ
1162 947 1176 972 ὀ
1188 946 1252 977 Θεὸς
1267 946 1296 972 δὲ
1312 945 1416 981 Πατὴρ,
1432 945 1599 976 δεσποτικῶς
1614 945 1689 980 ἡμᾶς
1706 944 1865 979 κεκτημένος,

1095 993 1165 1018 οἰκεῖ
1175 992 1204 1017 ὲν
1222 992 1287 1026 ἡμῖν
1303 991 1376 1025 (ναὸς
1391 990 1445 1026 γὰρ
1457 990 1517 1026 Θεῷ
1534 991 1606 1026 μόνῳ
1620 990 1753 1026 ἁρμόζει),
1770 989 1812 1016 καὶ
1826 997 1866 1014 πα-

1097 1037 1254 1072 ραπλησίως
1270 1035 1362 1068 αὑτοῦ,
1373 1037 1388 1063 ὃ
1403 1045 1431 1062 τε
1453 1036 1600 1072 μονογενὴς
1615 1036 1698 1062 αὑτοῦ
1718 1036 1786 1066 Υἱὸς,
1805 1034 1831 1061 τό
1843 1041 1866 1060 τε

1095 1083 1123 1110 ἓν
1141 1083 1224 1110 αὑτοῦ
1240 1083 1317 1117 ἀγιον
1334 1083 1457 1118 Πνεῦμα.
1481 1083 1536 1109 Καὶ
1559 1082 1588 1108 ὂν
1607 1082 1708 1117 τρόπον
1727 1083 1741 1108 ὁ
1755 1081 1815 1112 Θεὸς
1829 1079 1866 1106 καὶ

1096 1129 1200 1165 Πατὴρ,
1224 1129 1274 1156 κᾶν
1300 1128 1337 1164 μὴ
1359 1129 1522 1164 γέγραπται,
1545 1129 1586 1154 ὅτι
1608 1128 1789 1163 ἐξηγοράσατο
1806 1127 1866 1162 ἡμᾶς

1095 1174 1134 1210 τῷ
1151 1175 1208 1210 ἰδίῳ
1223 1175 1331 1210 αἵματι,
1349 1175 1488 1208 Δεσπότης
1504 1174 1582 1209 ἡμῶν
1599 1175 1673 1200 ἐστιν
1684 1183 1690 1189 ·
1709 1173 1777 1200 οὕτω
1791 1171 1867 1199 καὶτὸ

1096 1221 1206 1256 Πνεῦμα
1219 1221 1299 1247 αὑτοῦ
1315 1220 1345 1247 τὸ
1361 1220 1447 1254 ἅγιον,
1468 1219 1578 1251 Τούτοις
1593 1219 1648 1255 γὰρ
1659 1221 1713 1251 τοῖς
1729 1219 1791 1255 πρὸς
1803 1226 1867 1252 περι-

1095 1266 1201 1303 γραφὴν
1216 1266 1265 1301 τῆς
1279 1265 1404 1300 θεότητος
1420 1265 1467 1291 τοῦ
1486 1265 1564 1300 ἁγίου
1589 1265 1746 1300 Πνεῦματος
1766 1263 1866 1298 λεγομέ-

1095 1321 1150 1344 νοις
1175 1312 1315 1340 ἀκολουθεῖ
1339 1312 1368 1338 τὸ
1391 1312 1588 1348 παραπλησίως
1609 1312 1655 1338 καὶ
1683 1312 1727 1338 ἐπὶ
1751 1310 1794 1337 τοῦ
1809 1308 1865 1335 Θεοῦ

1095 1359 1200 1394 Πατρὸς
1210 1358 1436 1393 ὲκλαμϐάνετοαι.
1452 1358 1500 1390 Τίς
1514 1357 1560 1384 οὖν
1575 1358 1607 1384 ἂν
1620 1357 1739 1384 πείθοιτο
1751 1356 1866 1384 δικαιότε-

1095 1413 1141 1440 ρον
1156 1404 1253 1438 Παύλῳ
1271 1404 1318 1430 καὶ
1335 1405 1390 1435 τοῖς
1406 1403 1495 1435 ἄλλοις
1511 1404 1609 1437 ἁγίοις,
1626 1403 1641 1438 ἦ
1660 1403 1811 1437 Μακεδονίῳ
1829 1402 1866 1427 καὶ

1094 1449 1132 1484 τῷ
1146 1449 1272 1480 πλαστῶς
1289 1449 1484 1484 μετανοήσαντι
1503 1449 1616 1484 ’Δρείῳς
1635 1449 1667 1475 Ei
1681 1449 1729 1484 μὲν
1744 1449 1794 1484 γάρ
1806 1449 1867 1474 ἐστιν

1094 1495 1186 1528 αὐτοῖς
1203 1495 1255 1522 τῶν
1275 1495 1360 1529 ἁγίων
1382 1495 1471 1529 λόγος,
1499 1495 1558 1526 πῶς
1584 1495 1653 1531 [109
1676 1495 1706 1531 α]
1724 1495 1811 1521 ἔλαθον
1830 1494 1866 1520 τά·

258 1544 341 1572 Deum
355 1551 415 1571 esse
427 1545 582 1575 ostendens,
602 1550 654 1570 non
673 1541 772 1576 templo
785 1541 1041 1576 llierosolymitano,

1098 1541 1187 1574 Ξαντες
1219 1542 1332 1573 ἑαυτοὺς
1361 1542 1390 1568 ὲν
1422 1543 1478 1572 τοῖς
1506 1542 1756 1577 ἀντιταττομένοις,
1780 1542 1821 1568 καὶ
1842 1540 1865 1566 οὐ

259 1590 328 1617 iisve
346 1591 437 1620 rebus.
455 1590 552 1624 quibus
568 1593 596 1615 ut
614 1588 745 1622 exemplis
769 1588 809 1614 usi
828 1593 891 1614 sunt
908 1587 1041 1620 haeretici,

259 1638 305 1663 sed
331 1636 453 1662 ﬁdelibus
479 1637 538 1662 ait:
556 1643 565 1660 t
582 1634 700 1662 Nescitis
734 1633 804 1669 (30),
829 1634 900 1668 quod
915 1635 1042 1669 templum

260 1682 306 1708 Dei
321 1682 397 1714 estis,
413 1687 440 1708 et
455 1681 572 1716 Spiritus
586 1681 632 1707 Dei
650 1680 754 1707 habitat
769 1680 795 1707 in
819 1680 915 1707 vobis?
933 1689 942 1706 ι
961 1680 993 1707 Et
1010 1680 1043 1706 ad

260 1727 388 1754 Hebrteos
402 1736 408 1753 :
427 1736 436 1752 ι
452 1726 602 1762 Participes
615 1726 672 1762 (51)
685 1727 803 1760 Spiritus
816 1727 901 1754 sancti
921 1734 1041 1753 sumus.»

260 1771 289 1796 Si
306 1771 378 1797 enim
399 1771 462 1802 ναός
476 1771 513 1806 (id
530 1776 571 1798 est
594 1770 731 1806 templum)
760 1771 877 1806 Spiritus
897 1772 982 1798 sancti
1001 1779 1045 1799 su-

260 1824 322 1844 mus
336 1824 387 1843 non
403 1821 428 1842 ut
450 1817 505 1849 Dei,
521 1818 568 1844 sed
581 1817 784 1844 inhabitationis
800 1825 880 1844 causa
904 1818 1042 1850 duntaxat,

258 1862 341 1889 ducto
366 1862 448 1898 236
475 1862 579 1889 Srilicet
609 1864 718 1890 nomine
738 1864 813 1895 ναός,
835 1864 905 1898 quod
921 1869 963 1891 est
978 1870 1045 1891 tem-

259 1907 344 1941 plum,
361 1915 375 1933 a
394 1908 474 1934 verbo
488 1908 583 1939 ὲννεῖν,
601 1915 696 1942 nempe
721 1908 848 1940 ἐνοικεῖν,
861 1908 931 1943 quod
948 1913 989 1936 est
1004 1909 1046 1936 in-

259 1953 364 1980 colere:
378 1953 510 1988 sequitur,
526 1959 554 1980 ut
571 1961 605 1981 ne
625 1959 688 1980 tunc
705 1954 813 1988 quide
838 1962 899 1981 cum
917 1955 963 1982 Dei
978 1960 1046 1982 tem-

261 1997 333 2032 plum
351 1998 438 2025 vocati
464 1998 576 2030 fuimus,
602 1999 730 2034 templum
749 1999 794 2026 Dei
820 2004 847 2026 ut
866 1999 912 2026 Del
927 2000 1047 2027 denomi-

259 2044 316 2070 uati
343 2044 436 2072 simus.
452 2044 486 2071 At
502 2052 565 2072 vero
577 2048 604 2072 et
619 2045 690 2072 Deus
711 2045 800 2079 Pater,
816 2046 860 2080 qui
876 2053 924 2073 nos
940 2051 969 2074 ut
990 2047 1044 2074 Do-

259 2089 348 2117 minus
363 2089 493 2124 possidet,
508 2090 611 2116 habitat
624 2091 649 2116 in
663 2091 740 2118 nobis
752 2091 825 2126 (nam
839 2091 888 2119 soli
907 2091 962 2119 Deo
976 2097 1046 2119 tem-

260 2135 332 2169 plqu
348 2137 496 2170 convenit),
511 2140 547 2168 et,
560 2136 685 2163 similiter
700 2144 732 2164 ac
755 2137 822 2171 ipse,
841 2145 901 2164 cum
923 2138 1044 2173 unigeni-

261 2187 304 2209 tus
321 2182 405 2216 ipsius
422 2181 517 2212 Filius,
545 2186 600 2207 tum
621 2187 690 2208 unus
705 2181 764 2216 ejus
791 2181 909 2216 Spiritus
922 2187 1042 2210 sanctus.

261 2228 294 2255 Et
307 2228 532 2262 quemadmodum
560 2227 632 2255 Deus
652 2232 679 2254 et
702 2227 795 2258 Pater.
826 2228 950 2262 quamvis
964 2229 996 2256 de
1011 2237 1044 2257 eo

260 2271 391 2304 Scriptum
407 2277 459 2297 non
477 2270 522 2301 sit,
535 2270 606 2304 quod
625 2277 674 2297 nos
691 2271 800 2304 proprio
825 2271 955 2306 sanguine
970 2272 1046 2300 rede-

261 2315 353 2345 merit,
367 2315 495 2341 Dominus
511 2320 603 2342 noster
614 2319 670 2342 est:
690 2316 725 2342 ita
752 2316 834 2342 etiam
863 2322 973 2344 sanctus
988 2318 1046 2351 eius

260 2360 389 2395 Spiritus.
405 2359 466 2386 llu:c
480 2360 564 2394 enim,
579 2368 639 2395 qua:
654 2361 686 2388 ad
701 2361 905 2389 describendam
929 2363 1046 2398 Spiritus

259 2448 325 2480 ctio,
349 2451 378 2474 ut
397 2448 551 2475 inlirmetur
572 2448 643 2483 quod
664 2449 794 2476 catholica
817 2449 895 2477 docet
914 2450 1045 2482 Ecclesia,

260 2491 312 2510 non
336 2484 413 2510 modo
434 2483 529 2510 Filium
551 2491 611 2511 esse
634 2490 755 2510 nostrum
776 2493 784 2509 ι
797 2485 949 2516 Dominum,
965 2495 974 2511 ι
998 2488 1045 2512 sed

259 2525 286 2545 et
314 2517 443 2552 Spiritum
469 2524 591 2545 sanctutn
610 2526 617 2545 :
633 2524 663 2545 ut
685 2519 780 2554 colligo
797 2528 830 2546 ex
850 2521 945 2554 capitis
967 2521 1046 2554 huius

259 2558 429 2589 argui-tento.
446 2559 471 2589 et
490 2560 521 2579 ex
536 2554 581 2589 iis,
595 2561 660 2589 gnte
679 2554 858 2587 subjiciuntur
872 2563 930 2589 pag.
944 2563 1001 2589 seq.

294 2587 349 2625 (ΞΕ)
376 2587 521 2625 Ρενρίειεαπ
535 2588 562 2625 lu
575 2588 696 2625 βῖκοι),
715 2589 825 2625 ἀπόρως
848 2587 895 2616 καὶ
907 2587 1026 2624 ’ἀλόγως
1036 2597 1043 2606 ε

259 2624 329 2658 quod
345 2628 480 2656 sumptum
498 2623 581 2650 videri
604 2629 694 2657 queat,
720 2623 870 2650 ant‘lucem
891 2631 964 2652 certe
979 2623 1045 2652 'mu-

223 2669 227 2673 -
260 2657 350 2694 uratur
360 2666 392 2694 ex
406 2658 522 2694 Polluce,
533 2658 584 2694 qui
599 2657 647 2694 lib.
665 2666 702 2691 vt,
721 2666 780 2692 cap.
796 2659 830 2686 54
845 2660 872 2686 in
894 2667 954 2686 eum
965 2681 972 2691 ,
998 2660 1042 2694 qui

258 2693 335 2726 ὀλίγα
361 2693 406 2729 ὑπ’
430 2692 572 2725 ἀσθενείας
598 2693 688 2726 λέγει,
715 2695 741 2720 id
763 2699 814 2726 est,
827 2695 871 2727 qui
894 2692 1043 2729 perspicuis

260 2727 405 2754 adversarii
435 2728 585 2755 rationibus
615 2729 770 2761 convictus,
799 2727 1042 2763 pauca’dntitaxat

258 2763 392 2799 balbutire
408 2763 487 2799 valet,
503 2763 638 2799 quadrare
650 2763 688 2789 ait
699 2763 753 2790 haec
769 2773 776 2790 :
791 2765 922 2799 ”Δπορος,
938 2764 1044 2798 ἄλογος,

259 2797 383 2834 ᾅφῳνος.
399 2816 408 2824 .
423 2817 430 2824 .
446 2797 494 2834 και
519 2797 552 2823 τὰ
578 2797 764 2834 ιπιρρἡματα,
789 2797 908 2834 ἀπόρως,
930 2797 1045 2833 ἀλόγως,

258 2831 384 2865 ἁφώνως,
402 2841 429 2858 κ.
445 2841 469 2858 τ.
486 2832 511 2858 λ.
537 2840 596 2866 qua:
616 2831 695 2859 verba
717 2833 756 2860 sic
784 2831 863 2860 vertit
891 2831 1046 2868 interpres:

1093 1587 1178 1613 ταῦτὰ
1197 1587 1312 1623 ἐκείνοις
1323 1586 1411 1620 λέγειν
1426 1587 1473 1613 καὶ
1483 1588 1591 1623 φρονεῖν
1605 1587 1742 1620 aito-36w;
1755 1588 1784 1614 Εί
1795 1587 1820 1613 δὲ
1831 1586 1866 1612 ἆλ-

1093 1631 1146 1664 λως
1162 1633 1211 1668 μὲν
1228 1633 1351 1666 ἐκείνοις,
1370 1634 1456 1667 ἄλλως
1473 1635 1500 1662 δὲ
1516 1635 1622 1666 τούτοις
1639 1635 1713 1662 δοκεῖ
1729 1634 1812 1669 (τοῦτο
1822 1633 1865 1667 γὰρ

1093 1679 1292 1713 ἀναμφίλεκτον
1305 1681 1352 1714 ἀφ’
1371 1677 1408 1707 ὧν
1429 1681 1573 1708 δέδεικται.
1597 1682 1634 1707 Ub
1652 1681 1706 1716 γὰρ
1723 1681 1815 1715 τοίχοις
1829 1679 1866 1705 καὶ

1095 1723 1249 1759 θρέμμασιν
1267 1727 1507 1762 καταφρονητικῶς
1527 1727 1574 1753 καὶ
1595 1726 1786 1762 χλευαστικῶς,
1803 1726 1835 1756 ὡς
1847 1725 1865 1749 'Il

1094 1770 1222 1805 ὑϐρισταὶ
1235 1769 1319 1804 οὗτοι,
1335 1772 1565 1808 παραϐάλλοντες,
1583 1773 1599 1808 ἦ
1614 1772 1643 1799 ἓν
1658 1773 1704 1800 καὶ
1717 1772 1808 1798 ταυτὸν
1818 1770 1866 1797 τοῦ·

1093 1824 1149 1847 τοις
1164 1814 1232 1843 εἶναι
1255 1817 1448 1852 δοκιμάζοντες
1467 1818 1512 1844 τὸν
1534 1818 1642 1852 λογικὸν
1664 1819 1736 1850 ναὸν,
1758 1818 1800 1844 τὸν
1815 1814 1864 1842 κατ’

1094 1863 1185 1890 εἰκόνα
1199 1863 1246 1890 τοῦ
1261 1863 1341 1895 Θεοῦ,
1367 1864 1398 1890 τὸ
1415 1864 1494 1900 ἔργον
1520 1864 1573 1891 τῶν
1600 1865 1701 1900 χειρῶν
1725 1863 1812 1892 αὑτοῦ,
1828 1860 1866 1888 καὶ

1094 1908 1148 1935 τῶν
1162 1909 1208 1935 ἐπὶ
1224 1909 1276 1944 γῆς
1289 1909 1319 1936 τὸ
1332 1910 1483 1941 κάλλιστον,
1500 1909 1618 1946 ἔχρησαν
1631 1910 1666 1937 τὰ
1682 1909 1820 1944 ἐκκείμενα
1831 1907 1866 1933 λόε

1094 1954 1162 1988 για),
1182 1954 1212 1980 οὐ
1238 1955 1408 1990 Χριστιανῶν
1436 1956 1495 1990 μὲν,
1520 1956 1580 1982 οὐδὲ
1606 1955 1692 1987 ἄλλως
1715 1954 1798 1988 σοφῶν
1819 1954 1866 1978 ἐστι

1093 2000 1186 2027 τοῦτο·
1202 2000 1262 2027 οὐδὲ
1283 2001 1425 2036 ἀληθεύειν
1449 2001 1560 2028 τοιαῦτα
1587 2002 1685 2033 αὐτοὺς
1708 2001 1865 2028 διδάσκοντας

1095 2045 1128 2072 ἂν
1143 2055 1185 2077 τις
1199 2046 1248 2082 τὴν
1272 2048 1358 2082 ἀρχὴν
1372 2047 1487 2083 νομίσοι.
1514 2047 1607 2079 Οὕτως
1630 2048 1659 2074 δὲ
1685 2047 1754 2082 ἔχειν
1770 2044 1865 2080 γνώμης

1095 2090 1193 2122 αὐτοὺς
1211 2091 1249 2123 ὡς
1263 2092 1370 2127 ἀληθῶς
1388 2092 1492 2128 μαθὼν,
1514 2092 1573 2124 πῶς
1588 2093 1638 2119 οὐκ
1659 2093 1777 2128 οἰήσεται
1799 2088 1865 2115 πλέον

1096 2138 1254 2172 σωφρονεῖν,
1270 2136 1302 2163 ἂν
1320 2137 1354 2163 τὰ
1372 2137 1420 2172 μὲν
1436 2137 1581 2172 αἱρετικῶν
1603 2137 1702 2173 φεύγῃ,
1718 2136 1828 2163 πείθοιτο
1842 2131 1864 2158 δὲ

1095 2179 1135 2213 οἷς
1151 2182 1241 2217 πολλῷ
1260 2183 1380 2218 ἄμεινον,
1397 2184 1469 2219 φημὶ
1490 2185 1545 2216 τοῖς
1564 2184 1663 2218 ἁγίοις,
1680 2184 1708 2220 ἢ,
1723 2184 1752 2210 τό
1764 2191 1793 2216 γε
1810 2179 1866 2213 ἀλη-

1097 2227 1233 2263 θέστερον,
1250 2230 1306 2260 τοῖς
1318 2229 1400 2255 αὑτοῦ
1418 2228 1464 2256 τοῦ
1483 2229 1565 2262 Θεοῦ;
1584 2230 1622 2256 Οὐ
1643 2230 1697 2265 γὰρ
1714 2230 1744 2256 ἄν
1763 2237 1809 2259 τις,
1824 2225 1865 2252 κᾶν

1097 2274 1212 2310 Γραφῶν
1226 2275 1358 2307 παντοίως
1374 2275 1486 2311 ἄπειρος
1499 2273 1526 2312 ᾖ.
1540 2275 1594 2302 ἀπὸ
1613 2277 1658 2311 ιῆς
1673 2275 1759 2302 αὐτῶν
1769 2273 1865 2308 γνώμης

1098 2319 1177 2353 μόνον
1199 2319 1284 2345 ταῦτα
1302 2319 1442 2355 εἰρηκέναι
1468 2321 1531 2351 τοὺς
1557 2320 1683 2355 ἀρίστους
1707 2319 1805 2349 πάντας
1827 2314 1865 2341 καὶ

1098 2364 1219 2396 κλεινοὺς
1234 2365 1354 2396 ἐκείνους
1372 2365 1471 2400 ἄνδρας
1487 2366 1606 2400 φήσειεν,
1625 2366 1681 2392 ἀλλ’
1694 2365 1751 2394 οὺγὶ
1769 2363 1809 2390 διὰ
1825 2361 1864 2389 si:

1101 2461 1110 2476 ε
1128 2452 1278 2486 pcrplexus,
1292 2460 1416 2481 sermone
1433 2460 1539 2485 cat'ens,
1555 2458 1676 2481 mulus...
1695 2457 1770 2487 atque
1783 2449 1865 2477 πάνετ-

1097 2486 1149 2515 bin.
1163 2487 1321 2522 perplexim.
1335 2493 1416 2522 mute,
1428 2488 1554 2519 infanter.
1569 2499 1577 2514 ι
1591 2495 1642 2516 ου’.

1134 2521 1190 2555 (‘27)
1223 2521 1378 2558 Viluvimus.
1414 2523 1503 2550 Codex
1532 2526 1673 2552 tm-mlos-e.
1699 2521 1861 2558 zagsﬁgog-iv-

1097 2556 1167 2593 Lt'go
1191 2556 1376 2593 πεφεύγαμεν.
1402 2558 1470 2593 Quin
1505 2559 1587 2585 etiam
1610 2566 1657 2593 pro
1685 2558 1730 2584 καὶ
1752 2557 1795 2582 τοῦ
1820 2556 1861 2582 ὁτι,

1096 2591 1237 2625 legendum
1251 2591 1355 2620 videtur
1381 2593 1428 2619 καὶ
1441 2592 1471 2618 τὸ
1481 2593 1532 2620 ὃτι.

1112 2623 1190 2687 dlis)
1212 2626 1344 2659 Quantum
1376 2632 1428 2654 etc.
1449 2627 1502 2655 Pro
1528 2627 1567 2663 τῷ
1587 2636 1618 2662 γε
1655 2627 1790 2662 legendum
1805 2623 1862 2650 [om

1095 2669 1126 2687 το
1140 2670 1181 2688 γε.

1132 2670 1188 2730 (ζῇ.)
1204 2696 1238 2723 In
1253 2697 1335 2724 nobis.
1349 2696 1448 2729 Codex,
1463 2697 1493 2724 ὲν
1505 2697 1607 2730 αὐτοῖς.
1625 2698 1692 2732 Lege
1722 2697 1749 2722 ἐν
1760 2692 1860 2721 ἑαυτοῖς.

1095 2737 1139 2757 aut
1155 2731 1183 2757 ὲν
1201 2731 1301 2763 αὐτοῖς.

1134 2766 1189 2800 (5U)
1211 2766 1333 2794 Nasonis.
1350 2767 1358 2793 Ι
1379 2766 1442 2794 Cor.
1459 2773 1500 2798 ιιι,
1513 2767 1556 2794 16.

1134 2794 1190 2835 (51)
1214 2801 1369 2835 Particrpes.
1385 2801 1464 2828 Hebr.
1485 2794 1520 2834 vi,
1536 2803 1562 2828 4.
1580 2802 1671 2829 Gnccn
1686 2799 1764 2827 Biblia
1779 2806 1784 2823 :
1798 2794 1859 2822 Μετ’

1098 2835 1176 2870 exon;
1191 2835 1350 2870 γενηθέντας
1367 2836 1524 2870 Πνεύματος
1537 2837 1626 2872 ἁγίου.
