1933 3064
106 107 171 135 665

634 109 679 138 DE
698 109 887 138 TRINITATE
906 109 1007 137 ιιυΕιι
1028 109 1221 138 SECUNDUS.

1683 112 1739 139 666

107 164 277 197 ἀποδείξεις,
303 166 352 197 τὰς
379 166 422 194 διὲι
456 166 503 193 τοῦ
530 167 655 202 εἰρῆσθαι
690 168 756 194 αὐτὸ
792 167 903 202 Πνεῦμα

964 167 1027 194 lesu.
1051 176 1061 193 ι
1089 167 1160 194 Deus
1189 175 1253 202 ergo
1276 172 1321 195 cst
1344 168 1463 203 Spiritus
1486 173 1604 199 sanctus.
1635 170 1736 196 meriti-

109 209 196 240 οεῖον,
211 210 341 246 δηλούσας
354 213 419 239 αὐτὸ
434 212 509 239 Θεὸν.
524 213 577 239 Καὶ
592 213 638 239 τοῦ
653 214 792 249 προφήτου
812 213 902 248 ’Λμὼς

110 257 148 282 lx
180 256 325 289 προσώπου
363 257 410 284 τοῦ
443 257 521 290 ἁγίου
554 259 712 294 Πνεῦμα-τος
741 259 901 294 εἰρηκότοςθ

114 308 128 326 ε
145 300 211 327 Ἰδοὺ
227 301 281 335 ἐγὼ
296 302 413 338 στερεῶν
425 303 552 338 βροντήν·
566 313 574 329 t
593 304 726 339 περιεῖλον
751 304 782 330 τὸ
793 314 802 330 t
814 304 900 338 ἐγώ¹ι

112 345 161 372 ενα
179 346 215 381 μὴ
229 346 364 374 δείκνυται
377 349 423 374 τοῦ
437 349 513 382 ἁγίου
530 349 688 384 Πνεύματος
703 350 719 384 ἡ
735 349 821 385 φωνὴ,
835 349 904 376 ἀλλὰ

110 391 171 426 γὰρ
194 392 240 418 τοῦ
264 393 385 428 Πατρὸς,
409 394 425 429 ἢ
449 394 496 420 τοῦ
523 395 674 430 προφήτου.
697 396 755 422 Οὐκ
779 395 853 422 ἐστιν
876 396 904 422 δὲ

111 437 187 468 τέως
212 437 258 464 τοῦ
284 439 390 475 Ila-cpe;
412 441 458 466 καὶ
485 440 563 472 Θεοῦ,
579 440 622 466 διὰ
637 441 668 467 τὸ
691 440 763 476 ἔχειν
787 441 903 473 εὐθέωςο

116 491 128 508 ι
151 483 343 518 Ἀπαγγέλλων
360 486 400 516 εἰς
415 485 574 521 ἀνθρώπους
588 487 634 513 τὸν
654 487 770 522 Χριστὸν
785 487 882 514 αὐτοῦ’
892 497 902 513 ι

113 527 166 554 καὶ
187 528 224 563 μὴ
239 530 342 555 εἰπεῖν’
358 530 410 556 Τὸν
425 531 540 566 Χριστόν
557 540 618 566 μου,
637 532 675 563 ὡς
696 532 726 558 ἐν
741 531 840 567 ψαλμῷ
863 532 906 559 λέ-

115 580 176 606 γει·
197 581 206 598 ι
226 574 375 609 Ἦτοίμασα
399 575 495 610 λύχνον
514 576 553 611 τῷ
567 576 676 612 Χριστῷ
692 585 752 612 μου.
766 586 776 602 t
796 577 849 603 Καὶ
872 578 900 604 ὲν

117 618 229 650 πολλοῖς
254 619 283 646 δὲ
314 620 453 654 φαίνονται
492 621 721 656 παρατρώσαντες
751 621 907 657 ἐξεπίτηδες

116 664 277 697 κάντεῦθεν,
294 666 343 702 τὴν
359 666 460 701 ἀκριϐῆ
483 666 628 700 διάγνωσιν
651 667 704 693 τῶν
728 668 908 694 νοθευοέντων

116 710 220 742 τόπων,
242 711 272 737 τό
294 720 324 745 γε
349 713 392 738 ἐπ’
413 713 522 744 αὐτοῖς,
544 713 735 746 ἀφανίσαντες.
752 714 806 740 Καὶ
830 713 908 740 τοῦτο

117 754 197 782 οὔπω
221 754 254 792 ἦν
277 757 371 789 δεινὸν,
399 758 499 794 καίπερ
527 758 556 785 ὃν
582 759 685 794 σφόδρα.
709 759 804 791 δεινὸν,
828 760 852 786 ει
871 759 908 795 μὴ

117 801 193 828 οὕτω
210 804 274 838 παρ’
289 804 399 832 ἐκείνων
417 805 649 840 παραποιηθεῖσαι
664 805 749 840 βίῦλοι
764 803 845 841 ἦλθον
862 807 908 832 καὶ

953 213 1023 239 ciunt
1043 212 1082 247 (‘2)
1095 221 1184 244 omne,
1208 213 1279 248 quod
1294 221 1308 240 a
1333 214 1410 242 nobis
1433 215 1552 241 oblatum
1571 214 1663 246 fuerit,
1684 223 1738 242 una

952 266 1013 285 eum
1030 258 1110 286 Patre
1122 263 1146 285 el
1161 258 1230 285 Filio
1255 260 1403 293 excipiens.
1422 259 1486 286 Nam
1500 261 1659 286 servitutem
1675 268 1737 294 pro-

954 304 1012 338 prie
1032 305 1145 336 dictum,
1164 311 1210 331 seu
1234 305 1367 335 Iutreium,
1386 305 1435 332 soli
1454 306 1507 332 Dco
1522 305 1611 332 deberi
1629 305 1740 332 manife—

953 355 1023 375 stunt
1037 354 1088 376 est.
1106 349 1159 376 Sed
1175 350 1263 376 videte
1278 351 1412 385 quuntodo
1427 351 1546 378 hmrctici
1561 350 1631 377 corvi
1650 351 1737 376 divina

955 394 1034 420 verba
1050 402 1223 429 corrumpere
1238 394 1275 429 (5)
1293 395 1381 422 conati
1397 400 1461 422 sunt
1482 403 1530 430 per
1545 396 1623 422 ttnius
1645 395 1741 422 litterae

944 440 1129 478 ‘ntutationetu
1145 448 1153 467 :
1173 440 1283 475 quidam
1306 441 1377 468 enim
1394 441 1511 475 ipsorum
1536 441 1658 468 fecerunt
1673 440 1713 475 (Δ)
1732 449 1739 466 :

958 493 967 510 ι
985 485 1034 518 Qui
1044 485 1139 519 spiritu
1153 486 1206 512 Deo
1217 486 1367 518 servimus;
1382 496 1393 512 ι
1409 487 1562 513 uesetvitus
1570 486 1681 518 scilicet,
1693 493 1743 512 seu

956 531 1062 562 latreia,
1086 531 1197 566 Spiritui
1214 532 1261 559 Dei
1275 532 1364 560 oblata
1381 532 1522 565 imlicetur,
1541 531 1586 559 sed
1602 532 1626 558 in
1644 531 1740 565 spiritu

955 579 1004 606 soli
1028 580 1082 607 Deo
1095 585 1119 607 et
1136 579 1221 607 Patri.
1247 579 1285 607 Ita
1311 581 1396 607 etiam
1410 580 1436 606 in
1454 579 1571 614 Epistola
1591 580 1624 606 ad
1645 578 1741 606 Corin-

957 625 1028 652 tltios
1046 633 1107 651 cum
1120 624 1219 652 Paulus
1235 625 1374 660 seripserit
1391 634 1397 652 :
1421 633 1430 650 ι
1450 624 1478 652 Si
1496 629 1586 651 autem
1600 623 1638 658 (5)
1651 623 1741 658 Spiri-

957 674 1000 697 tus
1022 669 1103 706 247
1127 671 1195 704 ejus,
1215 671 1261 705 qui
1277 670 1419 698 suscitavit
1437 669 1527 697 Iesum
1548 669 1684 696 Christum
1705 675 1741 696 ex

958 717 1081 749 mortuis,
1106 716 1210 743 habitat
1233 717 1259 743 in
1277 716 1371 748 vobis;
1397 716 1419 744 is
1434 715 1479 750 qui
1505 715 1649 743 suscitavit
1663 715 1742 742 Chri-

957 761 1131 789 stumJesum
1153 770 1186 789 ex
1205 762 1331 793 mortuis,
1352 761 1499 788 viviﬁcabit
1515 761 1597 788 etiam
1618 759 1741 787 ntortalia

960 812 1047 835 vestra
1063 815 1176 842 corpora
1195 815 1243 842 per
1265 807 1461 835 inhabitantem
1482 807 1539 843 ejus
1559 806 1688 841 Spiritum
1710 805 1742 832 in

119 848 164 880 είς
180 848 268 883 ὀρθῶς
294 850 491 883 πιστεύοντας,
520 851 696 886 ἀμαντεύτως
723 851 834 887 ἔχοντας
857 852 907 887 τῆς

964 852 1051 879 vobis:
1071 861 1080 878 ι
1102 853 1138 878 illi
1167 853 1354 885 immutarunt,
1381 860 1414 879 ac
1436 852 1580 879 fecerunt:
1607 861 1615 877 t
1634 855 1743 886 propter

120 893 248 928 τοιαύτης
266 894 450 930 ῥᾳδιουργίας.

961 897 1152 924 inhabitanteut
1178 897 1236 931 ejus
1256 897 1384 932 Spiritum
1405 897 1431 924 in
1449 897 1547 924 vobis:
1567 906 1576 923 t
1594 903 1627 923 ne
1649 895 1744 922 videli-

121 944 166 967 cet
186 940 302 974 Spiritus
329 942 466 970 viviﬁcaris
490 947 518 970 et
546 943 661 971 Creator
684 944 836 971 denotetur.
871 945 903 971 Et
922 952 983 971 cum
1009 944 1138 971 Romanis
1172 944 1241 971 idettt
1276 945 1427 979 scripserit,
1448 943 1746 979 tSempilcrnaque(6)

121 986 182 1020 eius
203 988 287 1016 virtus
313 997 344 1016 ac
370 991 508 1023 divinitas,
531 1000 541 1017 ι
558 991 596 1018 illi
612 991 745 1023 fecerunt,
763 1001 773 1017 ι
786 992 881 1019 deitas.
898 1001 907 1018 ι
931 991 977 1018 Est
991 997 1081 1019 autent
1099 999 1180 1019 unum
1198 997 1226 1020 et
1257 992 1326 1019 ident
1343 1001 1351 1019 :
1375 996 1493 1019 attauten
1513 991 1553 1019 sic
1585 990 1621 1018 illi
1643 991 1743 1017 immu-

124 1038 229 1068 tarunt,
252 1039 281 1062 ut
302 1036 528 1070 testimoniorum,
551 1044 611 1073 qua:
631 1037 664 1065 de
689 1037 788 1073 inclyto
806 1037 908 1072 Spiritu
927 1037 998 1065 dicta
1015 1041 1088 1070 sunt,
1101 1037 1141 1065 vis
1156 1036 1329 1064 imminuatur
1344 1037 1395 1072 (1),
1426 1044 1520 1065 eorum
1552 1036 1665 1068 scilicet,
1683 1042 1744 1070 quat

123 1153 189 1173 vere
210 1146 303 1180 spiritu
324 1146 476 1174 circumcisi
497 1151 570 1175 sunt.
585 1157 595 1174 ι
625 1147 723 1174 Verum
756 1147 783 1181 in
811 1148 907 1177 codice

126 1185 218 1217 uestro
228 1189 278 1208 ms.
293 1182 412 1215 smpiusa
426 1190 468 1208 tne
479 1182 561 1217 citato
570 1182 682 1217 legitur:
698 1191 708 1208 ι
721 1182 748 1209 lu
762 1184 830 1210 hanc
844 1191 909 1210 cou-

128 1216 201 1250 gruit
215 1217 375 1242 voluntatem
391 1221 417 1243 el
431 1217 494 1243 illttd
509 1226 515 1243 :
537 1216 604 1244 Nos,
619 1225 712 1243 smnus
728 1218 907 1248 circumcisio.

127 1250 172 1282 qui
212 1250 312 1284 Spiritu
336 1251 380 1277 Dei
400 1252 559 1282 servientes.
582 1257 607 1279 et
626 1260 676 1278 tton
691 1253 716 1278 itt
733 1260 813 1278 came
826 1253 906 1279 cordi.

126 1286 231 1312 dentes.
248 1285 297 1318 Qui
325 1286 407 1318 enim,
421 1295 430 1311 ι
445 1292 471 1313 et
493 1287 604 1320 reliqua.
619 1286 719 1313 Deinde
740 1288 909 1314 animadver-

128 1320 235 1356 tendunt
256 1325 308 1350 est,
326 1328 468 1356 nonrraro
493 1321 632 1356 Didymum
654 1321 680 1348 in
700 1321 814 1348 diversis
831 1323 909 1349 unius

127 1354 302 1391 ejusdemque
322 1355 412 1388 operis
430 1356 496 1382 locis
517 1354 597 1382 unum
615 1363 647 1383 ac
671 1357 740 1382 idem
763 1357 907 1391 Scriptum

83 1413 91 1418 ,
130 1389 312 1416 testimonium
329 1390 442 1417 diversis
452 1391 536 1417 modis
549 1391 648 1424 legere,
661 1396 706 1417 attt
718 1389 886 1424 interpretari
899 1401 906 1418 :

129 1423 208 1459 gtjus
224 1425 261 1451 rei
282 1424 356 1458 plura
379 1425 499 1458 exempla
520 1426 545 1452 in
570 1426 643 1452 ltisce
673 1426 738 1459 ipsis
765 1426 840 1452 libris
869 1426 907 1453 De

133 1457 261 1485 Triuilate
279 1457 371 1485 videre
387 1457 464 1487 licet.
476 1459 545 1486 Nihil
560 1461 649 1491 itaque
664 1457 745 1492 esset,
759 1469 807 1487 cur
825 1461 907 1487 mira-

130 1501 231 1529 remur,
251 1494 272 1521 si
287 1494 312 1520 in
332 1494 400 1520 libro
412 1495 518 1529 quidem
544 1495 580 1521 De
600 1494 700 1527 Spiritu
721 1500 810 1521 mttclo
827 1503 904 1522 ttuattt

129 1528 271 1555 lectionem
289 1533 397 1556 secutus
417 1528 506 1561 esset,
530 1530 554 1556 itt
577 1529 651 1556 hisce
674 1537 737 1556 vero
762 1530 838 1557 libris
857 1538 909 1557 non

131 1571 231 1597 paucos
244 1568 302 1597 post
318 1571 403 1590 annos
415 1564 580 1597 compositis,
597 1572 624 1591 re
641 1565 770 1591 maturius
788 1565 912 1592 conside-

129 1601 200 1628 rata.
214 1605 272 1624 eam
286 1598 370 1631 ipsam
384 1599 524 1626 lectionem
542 1599 768 1634 reprehendisset,
783 1607 814 1626 ac
831 1600 912 1626 aliam

130 1638 240 1659 secutus
254 1633 332 1659 l‘orct.

166 1666 405 1702 (2)7Sucriﬁriunt.
429 1667 496 1695 Hinc
521 1669 665 1701 colligitur,
691 1669 759 1696 idem
779 1669 912 1696 interdum

131 1701 320 1738 csse_0idyttto
340 1702 435 1729 θυσίαν
460 1712 492 1730 ae
509 1702 647 1738 λατρείαν,
671 1709 785 1738 utroque
810 1704 914 1731 scilicet

131 1736 263 1798 gritcabulo
275 1738 466 1798 é7sacriliciutn
478 1747 486 1763 ι
505 1739 539 1765 ab
553 1736 585 1766 eo
600 1736 748 1773 designari:
770 1738 835 1766 Vide
856 1743 912 1767 not.

171 1790 178 1798 .
196 1779 256 1798 halt.
313 1792 320 1798 .

171 1790 178 1802 ,
196 1779 256 1804 pag.
275 1773 320 1799 67.

169 1780 400 1867 ίῖἑὶῗζᾶηῗιίιλρεγε.
418 1806 518 1839 Codex,
531 1807 719 1844 λοιμήνασθαι.
737 1808 807 1843 Lego
831 1808 915 1844 λυμή-

169 1849 184 1867 σ
202 1849 239 1867 αι.

133 1849 239 1873 vacuat.

169 1876 207 1911 (4)
227 1875 366 1904 Fecerunt.
383 1876 522 1903 Mirahitttr
538 1877 651 1904 fortasse
665 1878 804 1911 quis,eaut
820 1877 914 1904 lectio<

133 1919 206 1948 nent,
227 1919 305 1948 quam
323 1911 455 1948 pleneque
472 1912 567 1948 saltent
592 1911 711 1948 Vulgata:
733 1913 915 1940 translationis

134 1946 266 1973 editiones
285 1947 394 1978 habent,
409 1947 543 1980 suggillari
565 1955 578 1973 a
599 1946 719 1981 Didynto,
738 1948 814 1981 quasi
831 1949 916 1974 Curtii-

133 1986 209 2017 ctatu
221 1981 254 2006 ab
275 1981 417 2008 lunt-elicis.
440 1983 475 2008 At
489 1982 584 2008 licebat
600 1982 702 2017 Dhymi
723 1987 800 2009 actate
815 1982 840 2008 id
854 1989 915 2008 stm~

135 2016 187 2045 tire
203 2015 253 2042 hac
274 2017 306 2042 de
332 2023 369 2045 re.
394 2019 464 2047 quod
487 2017 572 2051 magis
591 2015 733 2044 arrideret.
758 2017 914 2044 Ambrosius

135 2056 304 2086 saneﬂatque
320 2051 485 2085 Augustinus
501 2052 525 2077 id
541 2053 637 2084 ipsum,
654 2053 724 2086 quod
742 2053 783 2079 hic
802 2061 815 2078 υ
834 2051 914 2086 muy-

135 2093 180 2112 mo
191 2085 330 2117 dictatum,
348 2090 374 2111 et
391 2086 424 2112 ab
440 2086 582 2113 Ambrosio
598 2085 714 2114 fortasse
733 2087 830 2114 lectum
858 2085 915 2112 fue-

136 2125 187 2156 rat,
217 2119 345 2156 suﬂ'gtgio
367 2127 415 2147 suo
440 2125 531 2155 postea
554 2123 784 2156 comprobarunt:
801 2126 914 2155 uterque

134 2154 206 2181 ettittt
228 2160 254 2181 et
272 2155 389 2189 Spiritus
408 2154 492 2182 sancti
514 2154 682 2183 divinitatem
710 2165 742 2184 ex
763 2156 813 2183 hoc
838 2154 912 2182 Pauli

135 2189 194 2225 loco
218 2190 420 2225 demonstravit,
449 2196 476 2217 et
500 2190 638 2218 lectionem
662 2191 751 2224 illaut,
777 2190 913 2225 πνεύματι

133 2223 204 2259 Θεῷ,
227 2224 252 2251 id
271 2229 311 2251 est
340 2225 456 2259 «spiritu
481 2226 545 2258 Deo,
558 2235 567 2252 t
599 2231 628 2252 ttt
648 2227 768 2254 ﬁctilium
788 2223 912 2260 explosit.

135 2260 292 2295 Ambrosius
317 2261 424 2294 quidem
449 2261 474 2286 itt
500 2260 567 2287 libro
597 2269 614 2291 ll
632 2261 670 2288 De
691 2262 792 2295 Spiritu
812 2267 913 2292 sancto,

134 2301 196 2328 cap.
215 2294 242 2326 5,
258 2296 313 2320 inec
332 2294 440 2327 scripsit
457 2304 463 2322 :
481 2304 490 2320 ι
507 2295 538 2323 Ει
554 2297 679 2329 quoniam
698 2301 845 2323 creatorem
859 2297 916 2330 Spi-

135 2330 217 2355 ritttttt
238 2335 348 2356 noverat
364 2330 504 2364 (Paulus).
521 2331 598 2357 ducet
615 2331 701 2359 eidem
721 2331 891 2358 serviendmn
906 2339 913 2356 :

137 2373 148 2388 ι
167 2364 258 2390 Videte
274 2371 356 2390 canes
373 2364 470 2396 videte,
485 2365 568 2392 malos
583 2366 730 2399 Opet'at'iOF,
755 2366 841 2392 videte
854 2372 915 2392 con-

134 2399 286 2436 eisioneut:
300 2407 348 2426 nos
360 2400 430 2436 enim
443 2407 535 2436 smnus
548 2401 726 2436 circuturisio,
739 2401 783 2436 qui
804 2400 913 2436 Spiritui

135 2433 182 2461 Dei
200 2434 342 2460 servimus.
357 2443 367 2459 ι
394 2434 468 2467 Quod
484 2435 505 2461 si
524 2435 586 2470 quis
607 2437 640 2462 de
664 2433 915 2467 Latinorum’codi-

133 2477 197 2504 cum
219 2470 349 2504 varietate
375 2471 530 2499 contendit.
557 2478 670 2503 quorum
694 2471 796 2504 aliquos
821 2470 914 2504 perlidi

136 2502 315 2535 falsaverunt,
332 2503 439 2531 Gnaeos
454 2502 578 2537 inspiciat
601 2505 717 2533 codices.
739 2502 770 2531 ἰιι
793 2502 915 2532 advertat

135 2540 199 2571 quia
216 2538 251 2564 ibi
266 2540 394 2572 scriptum
412 2545 453 2566 est
468 2549 474 2566 :
490 2541 521 2566 Ol
539 2540 677 2575 Il‘tatipatt
689 2539 756 2571 Θεοῦ
772 2539 917 2575 λατρεύον-

134 2581 193 2604 εες,
213 2575 284 2607 quod
302 2574 492 2608 interpretatur
504 2575 616 2601 Latinus
631 2585 636 2602 :
653 2583 662 2600 ι
674 2575 723 2608 Qui
741 2574 851 2609 Spiritui
871 2575 915 2601 Dei

134 2608 278 2634 servimus.
293 2618 303 2636 ι
335 2609 403 2643 Ergo
426 2617 485 2636 cum
509 2611 679 2637 serviendum
705 2608 777 2637 dicat
806 2609 916 2644 Spiritui

136 2644 206 2669 idem
228 2643 382 2677 Apostolus,
411 2645 455 2678 qtti
483 2653 535 2671 non
559 2650 701 2676 creaturae,
731 2645 777 2672 sed
795 2643 917 2672 creatori

134 2678 235 2704 asserit
258 2679 443 2714 serviendum;
465 2680 603 2706 evidenter
623 2681 715 2713 utique
736 2683 763 2706 et
783 2681 838 2714 ipse
855 2687 919 2708 san-

134 2719 208 2740 ctttttt
221 2713 334 2740 ostendit
349 2714 476 2747 Spiritum
493 2720 651 2741 creatorem.
667 2725 706 2740 ..t
727 2715 788 2741 Post
806 2716 919 2741 Anthro-

135 2755 205 2783 stuut
225 2755 287 2773 vero
304 2750 467 2782 Augustinus
485 2749 509 2775 iu
529 2750 598 2775 libro
616 2750 723 2783 quidem
742 2757 769 2776 ιιι
787 2751 821 2776 ml
836 2749 918 2775 Botti-

135 2782 246 2816 facium,
262 2791 321 2816 cap.
336 2783 361 2814 7,
384 2791 457 2812 nutu.
473 2784 517 2815 ‘32,
544 2785 613 2812 hunc
625 2782 779 2811 lectionum
804 2786 919 2810 varieta-

136 2822 418 2851 teutconttucnto‘rat,
445 2819 509 2853 quin
537 2820 616 2851 ullam
654 2828 685 2846 cx
722 2821 773 2847 illis
804 2820 917 2854 rcjiciat.

966 1158 975 1175 ι
990 1147 1055 1175 Nam
1073 1153 1104 1175 ex
1120 1156 1172 1183 qtto
1196 1149 1254 1176 loco
1278 1148 1398 1184 (inquit)
1422 1148 1541 1183 suscepit
1561 1147 1619 1184 btrc
1643 1147 1743 1178 dicere.

963 1184 1002 1210 sic
1033 1191 1145 1210 exorsus
1177 1188 1242 1210 est:
1262 1192 1272 1209 ι
1287 1183 1379 1210 Videte
1405 1191 1525 1211 canes..
1539 1203 1547 1211 .
1585 1183 1639 1210 Nos
1672 1183 1744 1209 enint

962 1226 1056 1245 smnus
1068 1219 1249 1250 circumcisio,
1263 1218 1308 1252 qui
1322 1218 1416 1251 spiritu
1435 1217 1490 1245 Deo
1509 1218 1640 1245 servimus
1653 1226 1677 1249 υ
1692 1217 1744 1248 vel,

963 1254 1032 1279 sicut
1049 1253 1168 1279 nonnttlli
1180 1253 1287 1280 codices
1301 1253 1411 1284 habent,
1437 1261 1446 1278 ι
1458 1254 1503 1287 qui
1520 1253 1632 1288 Spiritui
1655 1252 1719 1288 Deo,
1733 1262 1742 1277 ι

963 1287 1014 1317 vel.
1034 1297 1042 1312 ι
1057 1288 1168 1321 Spiritui
1183 1289 1227 1314 Dei
1244 1288 1386 1318 servimus,
1402 1293 1428 1314 et
1444 1288 1591 1322 gloriantur
1603 1288 1628 1314 itt
1639 1287 1746 1314 Christo

964 1331 974 1346 ι
1000 1322 1074 1353 Jcsu,
1095 1325 1122 1348 et
1145 1330 1195 1348 non
1214 1323 1239 1348 in
1255 1330 1338 1349 carne
1365 1323 1487 1350 lidentes.
1501 1332 1511 1348 ι
1533 1322 1630 1349 Verum
1648 1329 1707 1356 cap.
1728 1322 1744 1348 7

961 1356 1022 1383 libri
1039 1365 1045 1383 I
1072 1356 1108 1382 De
1125 1356 1252 1383 Trinitate
1267 1357 1367 1390 aliquot
1380 1362 1443 1383 ante
1458 1365 1543 1384 annos
1557 1358 1615 1384 haec
1627 1356 1743 1390 scripse-

963 1397 1003 1418 rat
1017 1399 1089 1418 num.
1106 1391 1158 1418 l5:
1174 1401 1183 1417 ι
1197 1392 1327 1418 Similiter
1345 1396 1373 1419 et
1393 1393 1425 1419 de
1446 1391 1546 1426 Spiritu
1570 1396 1662 1418 sancto
1686 1391 1743 1417 col-

960 1425 1026 1451 lecta
1047 1431 1109 1452 suttt
1137 1426 1301 1458 testimonia,
1328 1426 1425 1460 quibus
1447 1425 1509 1454 ante
1528 1434 1586 1454 nos.
1614 1426 1657 1458 qui
1687 1425 1744 1452 huic

960 1461 1162 1494 disputaverunt
1174 1460 1362 1492 ahuudantius,
1382 1461 1420 1487 usi
1443 1466 1515 1493 sunt,
1538 1462 1582 1495 (an
1601 1460 1742 1494 Didynunn

964 1502 1070 1529 quoque
1084 1495 1126 1522 ltic
1143 1495 1454 1530 respicitAugustinus?)
1471 1496 1531 1530 quia
1542 1500 1569 1522 et
1589 1496 1644 1529 ipse
1662 1495 1743 1530 Deus,

963 1535 990 1557 et
1014 1538 1067 1557 non
1089 1534 1252 1557 crcatura..
1268 1551 1274 1558 .
1299 1529 1415 1557 Maxime
1436 1529 1498 1557 vero
1521 1530 1565 1557 illo
1594 1530 1652 1557 loco
1679 1529 1744 1556 satis

965 1564 1058 1596 claret,
1075 1565 1145 1599 quod
1163 1564 1279 1599 Spiritus
1298 1571 1408 1592 sanctus
1429 1573 1480 1592 tton
1497 1565 1532 1591 sit
1545 1569 1682 1594 creatura,
1699 1564 1744 1591 ubi

962 1599 1090 1633 jubemnr
1105 1607 1156 1626 tton
1171 1600 1272 1626 servire
1292 1605 1435 1632 creaturas,
1459 1601 1505 1626 sed
1524 1599 1645 1627 Creatori
1664 1606 1671 1625 :
1692 1605 1745 1625 non

966 1642 998 1661 eo
1010 1635 1098 1665 modo,
1117 1642 1169 1668 quo
1180 1634 1308 1668 jnbentur
1322 1643 1368 1667 per
1381 1634 1540 1661 rharitatem
1560 1635 1660 1662 servire
1678 1633 1745 1660 invi-

964 1677 1033 1699 cem,
1050 1669 1119 1703 quod
1131 1673 1171 1695 est.
1187 1669 1280 1697 Gncce
1301 1669 1446 1701 δουλεύειν,
1470 1671 1516 1696 sed
1537 1677 1569 1695 eo
1588 1670 1676 1699 tttodo,
1692 1676 1746 1702 quo

966 1708 1066 1730 tantum
1082 1704 1135 1730 Deo
1150 1705 1276 1733 servitur.
1294 1705 1364 1738 quod
1382 1709 1422 1731 est
1439 1704 1531 1732 Grmce
1545 1704 1684 1738 λατρεύειν
1695 1723 1702 1730 .
1715 1723 1723 1730 .
1736 1722 1744 1730 .

964 1738 1048 1766 Porro
1070 1739 1091 1765 si
1114 1739 1158 1766 tali
1184 1739 1315 1766 servitute
1336 1744 1466 1766 creaturae
1492 1739 1594 1766 servire
1621 1738 1745 1772 prohibe-

966 1781 1025 1800 mur
1037 1793 1045 1801 .
1057 1792 1066 1799 .
1081 1792 1088 1800 .
1103 1793 1110 1801 .
1124 1793 1132 1805 ,
1156 1781 1208 1800 non
1225 1779 1266 1800 est
1281 1774 1373 1809 utique
1397 1779 1522 1801 creatura
1543 1774 1660 1807 Spiritus
1682 1781 1746 1800 sau-

964 1812 1035 1841 ctus,
1048 1809 1090 1835 cui
1109 1810 1142 1835 ab
1155 1809 1281 1835 ontttibtts
1298 1808 1399 1835 sanctis
1418 1809 1479 1835 talis
1501 1809 1617 1835 servitus
1633 1808 1745 1834 exhibe-

969 1847 1023 1874 tur,
1048 1843 1153 1869 dicentc
1169 1843 1296 1875 Apostolo
1311 1852 1317 1870 :
1337 1854 1345 1868 I
1357 1843 1408 1870 Nos
1431 1844 1501 1870 eniut
1519 1851 1613 1870 sumus
1630 1843 1746 1869 circum-

968 1878 1044 1907 cisio.
1057 1878 1174 1912 Spiritui
1192 1878 1237 1904 Dei
1250 1878 1408 1909 servientes,
1422 1887 1431 1903 ι
1449 1879 1518 1912 quod
1552 1877 1634 1912 estin
1651 1876 1746 1904 erco

965 1911 1151 1948 λατρεύοντες.
1167 1912 1271 1948 Plures
1284 1912 1355 1939 enim
1373 1911 1479 1948 codices
1497 1912 1578 1939 etiam
1595 1911 1679 1948 Latini
1706 1911 1746 1948 sic

967 1945 1066 1973 habent
1089 1956 1095 1974 :
1122 1947 1192 1980 «Qui
1228 1946 1337 1981 Spiritui
1372 1947 1415 1974 Dci
1446 1948 1577 1974 servimus
1602 1954 1633 1972 τι
1659 1945 1745 1973 Graaci

965 1986 1054 2007 autent
1069 1989 1173 2014 omnes,
1190 1987 1236 2008 aut
1249 1980 1322 2015 pene
1338 1989 1442 2008 ontues.
1465 1981 1492 2009 In
1505 1980 1642 2009 nonnullis
1655 1986 1743 2008 autem

966 2016 1163 2050 exemplaribus
1197 2015 1300 2043 Latinis
1333 2017 1481 2043 invenimus
1507 2024 1578 2048 tton,
1611 2016 1744 2050 «Spiritui

967 2050 1011 2077 Dei
1038 2052 1201 2082 servintns,I
1223 2052 1281 2083 sed,
1301 2060 1309 2076 ι
1324 2052 1418 2085 spiritu
1438 2051 1491 2078 Deo
1505 2052 1646 2078 servimus.
1659 2060 1668 2076 ι
1691 2050 1745 2076 Sed

964 2085 1009 2120 qui
1023 2085 1048 2111 itt
1064 2086 1114 2112 hoc
1126 2090 1228 2117 errant,
1243 2091 1270 2113 et
1286 2086 1439 2112 auctoritati
1456 2086 1571 2121 graviori
1584 2086 1681 2121 cedere
1697 2086 1744 2112 de<

965 2124 1096 2152 trectaut,
1132 2121 1250 2154 nunquid
1281 2125 1308 2146 et
1334 2121 1397 2147 illud
1427 2122 1530 2148 variqu
1558 2121 1583 2147 itt
1608 2120 1746 2147 codicibus

966 2154 1101 2190 reperiunt
1112 2164 1118 2181 :
1129 2154 1259 2182 «Nescitis
1272 2155 1332 2190 quia
1344 2163 1455 2189 corpora
1470 2161 1583 2187 vestra»
1596 2160 1623 2182 et
1636 2161 1745 2181 ρωποι-ει.

999 2189 1088 2251 (ἥιξό
1102 2195 1199 2217 autent.
1211 2190 1288 2217 ltum.
1308 2197 1364 2223 rut,
1383 2191 1424 2217 tl.
1438 2189 1504 2218 Vide
1521 2196 1597 2218 notas
1613 2190 1648 2218 55
1658 2194 1684 2217 et
1700 2189 1746 2221 56,

999 2232 1024 2251 ιι.
1091 2244 1098 2251 .

983 2232 1024 2258 ag.
1040 2232 1098 2251 ιδυ.

965 2232 1024 2259 pag.
1040 2232 1098 2251 ιδυ.

1001 2260 1038 2293 (ti;
1056 2259 1281 2293 Sempt'ternaque.
1306 2261 1382 2288 lion).
1400 2269 1418 2291 ι.
1433 2261 1478 2288 20.

1014 2294 1039 2329 7)
1055 2294 1252 2331 ﬁlmminnatyr.
1269 2295 1344 2331 illaec,
1374 2297 1400 2322 tti
1428 2296 1515 2327 I'allor,
1539 2295 1643 2331 Didymi
1671 2303 1747 2323 utens

965 2334 1007 2356 est
1025 2337 1031 2356 :
1049 2330 1179 2356 Catholici
1204 2329 1332 2364 Spititttttt
1352 2334 1474 2357 sant-tutu
1499 2329 1660 2358 Deunt‘esse
1683 2338 1747 2365 pro-

966 2365 1030 2400 bapt
1043 2372 1075 2400 ex
1091 2365 1123 2391 iis
1134 2365 1280 2400 Scriptura:
1295 2366 1371 2398 locis,
1387 2366 1413 2392 itt
1423 2367 1519 2400 quibus
1532 2366 1587 2400 ipse
1600 2366 1749 2400 appellatur

969 2407 978 2423 ε
993 2398 1109 2433 Spiritus
1128 2398 1245 2436 divinus.
1258 2409 1267 2425 t
1284 2400 1365 2436 (Vide
1381 2398 1464 2435 segni.
1486 2401 1520 2428 56
1539 2398 1555 2428 ὶι
1574 2405 1601 2428 et
1618 2398 1655 2436 ιζ)
1682 2401 1748 2427 Natu

965 2436 1059 2461 eodem
1073 2435 1151 2460 modo
1171 2443 1180 2460 ι
1194 2435 1313 2462 divinum
1328 2445 1337 2461 ι
1359 2435 1457 2463 Paulus
1478 2441 1553 2463 vocat
1571 2436 1651 2464 etiam
1666 2437 1748 2463 Dcum

967 2468 1084 2501 Patrem,
1099 2469 1161 2495 dum
1173 2469 1231 2501 eius
1253 2479 1262 2495 ι
1277 2471 1444 2497 divinitatem
1459 2480 1469 2496 ι
1493 2472 1614 2498 nominat
1636 2472 1712 2497 ltum.
1728 2477 1748 2502 ι,

967 2503 1002 2530 20
1014 2512 1021 2535 ;
1040 2503 1157 2538 loquitur
1171 2505 1241 2531 ettitn
1255 2505 1289 2532 ibi
1303 2505 1335 2532 de
1352 2506 1404 2532 Deo
1417 2505 1507 2533 Patre.
1525 2505 1648 2533 Ilaeretlci
1661 2506 1750 2539 itaque

968 2543 997 2565 ut
1012 2539 1088 2565 istam
1100 2539 1299 2566 Catholicorunt
1315 2541 1446 2567 ratiottettt
1466 2541 1642 2573 iulirntarcnt,
1659 2541 1684 2566 itt
1698 2542 1750 2567 hoc

968 2573 1042 2603 Pauli
1070 2573 1130 2600 loco
1160 2581 1251 2601 vocem
1279 2573 1394 2610 Θειότης,
1425 2576 1449 2602 id
1480 2580 1521 2602 est
1553 2584 1562 2601 t
1582 2576 1746 2605 divinitas,»

968 2613 1165 2645 expuuxcrunt,
1201 2616 1234 2636 ae
1254 2617 1302 2643 pro
1332 2618 1364 2637 ea
1387 2610 1554 2645 scripserunt
1578 2610 1751 2644 legeruutque

969 2642 1076 2682 056111;,
1092 2643 1116 2669 id
1134 2648 1175 2682 est
1196 2652 1205 2669 ι
1217 2642 1314 2682 ιιιξὶιειιειζ
1329 2653 1339 2682 t_
1361 2646 1418 2682 ipse
1439 2642 1685 2682 l::tlltell_l_)ltl);tl|_l_ls_,
1703 2642 1751 2670 aut

968 2678 1185 2709 certe‘ltbrarius,
1202 2686 1262 2713 pag.
1282 2679 1316 2705 75
1332 2679 1510 2714 legum-.6111;
1528 2678 1752 2714 Illud'ntihiipraef

970 2717 1043 2739 terea
1060 2713 1085 2739 in
1100 2719 1215 2739 mentem
1241 2712 1322 2745 venit,
1342 2712 1484 2748 Didyuunu
1499 2715 1616 2748 fortasse,
1632 2713 1657 2739 itt
1675 2712 1751 2740 Pauli

971 2748 1058 2773 verbis
1077 2756 1086 2773 ι
1100 2747 1205 2774 virtutis
1217 2757 1226 2774 ι
1247 2750 1352 2774 nomine
1374 2747 1480 2780 Filium,
1499 2749 1542 2782 qui
1569 2748 1594 2774 in
1611 2747 1619 2774 l
1634 2748 1666 2773 ad
1687 2748 1750 2774 Cor.

971 2789 990 2813 I,
1004 2782 1050 2816 95,
1065 2783 1162 2808 dicitur
1181 2791 1190 2807 ι
1205 2784 1289 2810 virtus
1301 2793 1309 2808 t
1328 2783 1432 2815 Patris;
1447 2791 1456 2808 ι
1472 2783 1619 2810 divinitatis
1631 2792 1640 2808 ι
1661 2787 1751 2810 autem

973 2817 1099 2847 rutabula
1121 2826 1131 2846 t
1146 2818 1264 2847 divinum
1280 2828 1289 2845 θ
1308 2818 1436 2852 δνὶι-ιιυιιι
1450 2819 1608 2854 inteUigct'e.
