1933 3064
210 140 264 168 679

828 136 946 165 DIDYMI
968 135 1206 165 ALEXANDRINI

1790 141 1838 170 69.0

211 208 339 237 tanquam
359 200 385 228 'm
406 199 515 228 nomine
539 199 598 232 Dei,
621 203 649 227 et
668 197 788 233 Spiritus
803 197 863 232 Dei,
882 207 928 234 qtii
949 207 996 226 na-

1051 198 1171 234 ζόμενοι,
1188 199 1225 230 ὡς
1239 195 1316 225 ὕδατι
1338 198 1409 234 ψιλῴ
1429 198 1579 234 λουόμενοι,
1604 197 1737 236 ἀνόνητον
1754 200 1842 236 ἔχουσι

211 254 271 276 tura
292 253 335 275 est
349 247 466 282 Spiritus
478 246 548 280 ejus,
563 247 580 274 ii
598 250 693 280 utpote
717 253 791 273 mera
813 253 882 281 aqua
901 245 996 277 abluti,

210 302 306 321 vanam
323 298 404 328 atque
425 293 546 320 inutilem
562 299 637 327 spem
662 292 773 319 habent.
790 291 858 319 Cum
878 292 950 318 enim
971 292 998 318 in

210 340 312 374 piscina
335 338 542 373 inimergimur,
565 336 761 372 complaceulia
789 336 835 363 Dei
858 341 885 363 et
910 336 999 363 Patris

210 392 257 418 per
275 384 390 419 gratiam
416 383 534 418 Spiritus
557 383 629 417 ejus,
645 382 763 417 peccatis
784 382 930 414 nudantur,
952 381 1000 409 de-

210 434 339 466 poneiites
355 429 435 465 255
461 435 578 456 veterem
603 428 750 460 hominem,
770 432 798 455 et
816 428 888 462 regia
911 428 999 463 ipsius

210 477 329 511 potentia
368 483 560 510 regeneramur
590 479 670 509 atque
703 474 904 509 obsigiiaiitur;
937 480 998 501 cum

208 529 274 549 vero
308 530 342 549 ex
368 522 414 549 illa
444 520 636 551 ascendimus,
668 519 804 546 induimur
829 519 998 546 Salvatorem

209 569 346 596 Christum
364 571 394 594 ut
413 567 511 594 stolam
530 566 775 600 incorruptibilem,
793 571 820 593 et
839 565 934 599 aequali
951 566 1000 592 lio-

210 621 276 641 nore
300 614 419 648 dignam,
435 620 468 639 ac
490 613 534 639 ille
552 613 650 647 dignus
667 617 719 642 est,
733 612 778 646 qui
793 619 842 638 nos
855 618 999 646 regenera-

209 661 250 687 vit
261 665 288 687 ct
298 659 461 694 obsignavit,
481 665 590 686 sanctus
603 658 720 693 Spiritus
737 667 743 684 :
763 666 772 683 ι
788 658 926 692 Quotquot
940 656 997 692 (65)

209 707 308 736 enim»
323 705 408 739 inquit
418 704 584 739 Scriptura,t
597 705 622 731 iu
634 705 771 732 Christum
783 704 911 738 baptizati
922 704 997 735 estis,

209 750 346 777 Christum
372 750 514 781 induislis;
533 760 541 776 ι
567 755 594 777 et
617 758 688 782 eam,
710 750 744 777 de
770 757 823 784 qua
852 750 1000 784 loquuntur

210 797 367 830 Scriptum,
385 805 396 822 ι
409 796 552 832 imaginem
567 796 624 831 (64)
643 804 675 824 ac
699 796 906 824 similitudinem
926 796 971 822 Dei
987 805 996 822 i

209 843 366 877 accipimus,
396 850 476 877 quam
497 850 690 876 acceperamus
712 850 761 877 per
778 842 897 869 divinant
913 841 998 869 insuf-

209 889 356 921 ﬂatiunein,
374 892 401 916 et
418 889 595 916 ainiseratnus
621 888 677 924 (65)
700 896 749 922 per
779 893 940 923 peccatum:
965 895 996 915 ac
1012 883 1033 910 Β

209 935 298 961 denuo
326 934 419 968 quales
449 934 475 961 in
502 934 669 968 protoplasto
694 934 806 965 fuimus,
830 933 993 964 invenimur,

209 979 311 1013 peccati
327 983 463 1014 expertes,
482 983 518 1006 et.
529 978 637 1013 propria
654 979 756 1014 praediti
772 983 906 1014 potestate
919 978 993 1014 (66):

209 1081 307 1108 dentur
322 1081 380 1107 hinc
393 1080 558 1115 accipienda,
571 1084 601 1107 ut
611 1080 643 1107 de
656 1080 820 1114 suscipiente
831 1079 994 1114 baptismum

209 1116 337 1149 loquatur
352 1115 490 1150 Didymus,
504 1123 555 1141 non
568 1122 633 1142 vero
650 1116 683 1141 de
705 1116 830 1141 ministro
854 1116 995 1149 baptismi,

209 1151 287 1184 quasi
304 1150 462 1182 invalidum,
479 1154 524 1175 aut
539 1150 634 1176 saltcin
659 1150 816 1184 suscipieiiti
844 1150 940 1177 inutile
960 1150 996 1177 sit

210 1186 344 1219 baptisma
358 1185 390 1210 ab
401 1192 433 1211 eo
448 1185 587 1217 collatum,
610 1184 655 1218 qui
672 1192 812 1218 perperam
828 1185 861 1211 de
878 1184 995 1214 Spiritus

209 1220 297 1246 sancti
322 1219 465 1245 divinitate
479 1219 588 1251 sentiat,
607 1219 657 1252 etsi
680 1219 822 1246 formulam
850 1227 863 1245 a
885 1219 996 1246 Christo

210 1254 395 1289 praescriptam
419 1253 576 1288 pronuntiet
601 1254 672 1281 inter
700 1253 901 1289 baptizandtim.
918 1253 997 1289 (Vide

209 1286 294 1323 segni.
322 1286 380 1315 ⁷128
405 1286 452 1323 α’).
484 1289 641 1322 Quanquam
669 1286 769 1315 noruiit
799 1286 927 1323 theologi'
944 1295 996 1323 non

210 1322 329 1351 deiuisse
346 1322 504 1357 etiam'post
522 1323 658 1350 Nieienum
669 1323 813 1350 concilium
826 1322 931 1355 Patres,
950 1322 997 1357 qui

209 1359 373 1394 baptismum
390 1361 424 1385 ab
439 1358 572 1385 haereticis
592 1358 719 1385 collatum
741 1362 770 1384 ut
788 1358 932 1384 invalidum
947 1358 996 1394 h_a_-

211 1391 302 1421 buere.
322 1393 408 1420 Meum
423 1401 474 1419 non
500 1398 542 1420 est
557 1394 607 1420 hae
622 1393 655 1419 de
670 1400 699 1419 re
714 1400 785 1420 nunc
801 1393 944 1420 disserere.
962 1391 997 1418 ll-

210 1428 255 1456 ltid
274 1433 377 1455 tantum
404 1428 600 1460 animadverto,
629 1427 658 1455 S.
676 1428 855 1455 Athanasium
871 1429 997 1455 oratione

209 1463 228 1491 2
252 1469 343 1490 contra
366 1463 490 1495 Arianae,
507 1471 582 1490 ntitu.
598 1462 632 1489 42
649 1468 676 1490 et
688 1463 732 1494 65,
747 1463 772 1488 in
790 1471 820 1490 ea
837 1463 921 1489 videri
939 1463 996 1497 opi-

211 1499 291 1526 nione
306 1498 399 1529 fuisse,
427 1505 455 1524 ut
480 1505 560 1532 prava
578 1498 764 1532 interpretatio
777 1504 858 1532 atque
872 1498 996 1531 acceptio

212 1535 335 1561 formula:
350 1541 364 1560 τι
386 1533 496 1560 Christo
521 1534 683 1567 priescriptm
703 1533 865 1566 baptismum
889 1533 994 1559 irritum

212 1570 358 1596 redderet:
380 1570 417 1594 ait
432 1568 503 1594 enini
523 1576 596 1596 num.
623 1567 668 1599 45,
697 1576 706 1592 ι
726 1568 823 1594 multas
849 1568 964 1594 haereses
984 1576 993 1592 ι

213 1604 293 1630 ιι·ίιιιιι
323 1610 497 1638 personarum
524 1612 532 1628 t
556 1603 664 1629 uontina
687 1611 695 1627 ι
724 1602 749 1628 iii
770 1602 905 1636 baptismo
938 1602 998 1635 qui-

213 1640 272 1664 ilem
300 1646 308 1662 t
339 1638 534 1672 pronuntiare;
567 1639 612 1672 sed
645 1645 705 1672 cum
741 1641 814 1672 recte
838 1645 901 1672 rnon
936 1645 997 1663 seu-

212 1674 277 1699 tiant
289 1692 296 1703 ,
320 1670 452 1706 ι’ἰιιιιιιίι,
473 1671 626 1703 ἀλυσιτελὲς
647 1670 737 1707 ἔχουσι
756 1671 804 1697 καὶ
820 1671 851 1697 τὸ
871 1672 937 1707 παρ’
950 1671 998 1697 αὑ-

212 1707 266 1733 τῶν
275 1707 357 1742 ὓδωρ,
371 1705 396 1733 id
412 1712 464 1738 est,
476 1716 484 1732 ι
497 1708 599 1742 inutilis
615 1705 743 1741 estV—aqua
767 1713 847 1741 quant
861 1705 973 1734 donant.
985 1715 995 1732 ι

250 1743 305 1776 (65)
327 1741 467 1776 Quotquot.
488 1741 576 1769 Galat.
594 1749 635 1773 Itt,
655 1742 699 1769 ‘27.

250 1778 306 1812 tot)
325 1776 481 1811 Imaginem.
513 1776 640 1811 lmagiuis
665 1785 696 1803 ac
715 1777 901 1804 similitudinis
918 1784 998 1803 voca-

213 1811 283 1839 bulis
297 1811 358 1838 'uou
379 1812 499 1838 eamdem
528 1819 583 1838 rein
602 1812 735 1845 designari
756 1812 782 1838 in
805 1812 873 1839 Gen.
893 1820 953 1846 cap.
976 1820 995 1838 ι.

213 1854 285 1874 vers.
303 1847 349 1878 26,
365 1851 459 1880 putant
475 1846 550 1873 intilti
568 1847 670 1878 Patres,
684 1848 727 1873 alii
741 1855 757 1873 e
768 1847 904 1874 contrario
918 1854 996 1873 titiam

213 1881 467 1918 εδιιιιιειιιψιρζιιιε
489 1882 612 1918 assentiri
631 1882 736 1918 videtur
756 1881 894 1918 Didymus.
918 1882 998 1918 Quae:

214 1922 275 1943 runt
299 1917 379 1943 etiam
403 1917 515 1949 Patres,
541 1917 605 1950 quid
632 1917 694 1943 illud
718 1917 771 1948 sit,
795 1917 902 1951 propter
925 1917 996 1950 quml

214 1953 300 1978 dictus
313 1957 352 1977 est
364 1951 442 1977 homo
458 1960 467 1976 ι
486 1953 519 1978 ad
535 1951 677 1985 imaginem
692 1952 748 1978 Dei.
765 1962 774 1978 ι
794 1955 832 1978 Ac
848 1960 873 1978 in
886 1958 998 1983 corpore

214 1987 321 2020 quidem
333 1994 392 2012 eam
412 1988 542 2013 rationem
558 1990 729 2021 quaerendam
750 1994 801 2013 non
817 1994 887 2018 esse,
903 1988 950 2013 sed
969 1987 995 2012 iii

214 2023 318 2053 anima,
347 2023 520 2049 couseutiunt
551 2029 663 2054 omnes,
687 2029 736 2048 ttec
756 2023 790 2048 ab
812 2022 851 2048 eis
874 2021 999 2048 dissentit

216 2057 355 2091 Didymus,
376 2060 403 2083 ut
417 2062 529 2090 apparet
544 2064 576 2083 ex
594 2057 682 2083 verbis
701 2057 752 2084 illis
767 2066 774 2083 :
795 2066 804 2081 ι
820 2065 900 2091 quatit
917 2064 997 2083 acce—

215 2098 341 2125 peratntts
366 2099 414 2125 per
437 2091 553 2117 divinam
577 2091 794 2118 insulllatiouem.
815 2101 825 2117 ι
852 2091 950 2118 Verqu
964 2097 998 2118 ex

213 2133 329 2160 quatiam
352 2127 448 2152 animae
469 2126 632 2160 proprietate
653 2132 699 2152 aut
716 2127 845 2153 attribute
870 2133 901 2153 ea
930 2127 998 2152 ratio

216 2161 360 2195 repetenda
375 2163 420 2192 sit.
435 2168 489 2187 non
505 2161 686 2193 consentiunt,
702 2161 757 2188 iino
771 2162 797 2187 in
815 2161 914 2195 plures,
934 2168 996 2187 eas-

214 2203 268 2230 que
283 2197 352 2222 inter
364 2203 392 2222 se
408 2196 528 2222 diversas
542 2195 632 2222 abiere
647 2196 795 2223 sententias
808 2204 815 2223 :
835 2203 902 2230 quas
917 2203 998 2222 accu-

216 2236 274 2257 rate
297 2231 431 2264 docleque
462 2234 583 2257 recenset
606 2238 637 2257 ac
669 2231 796 2265 expendit
823 2238 864 2257 Vir
889 2231 993 2257 clariss.

217 2265 332 2300 DJoun.
348 2266 444 2300 Chrys.
459 2265 637 2300 'l‘ijomhellius
647 2265 840 2292 Dissertatione
855 2265 906 2291 3i"
918 2265 995 2291 Hila-

216 2302 249 2327 rt'i‘
269 2299 411 2334 Epistolaiii
431 2301 457 2326 iii
479 2299 618 2326 Anecdolis
637 2301 735 2326 nostris
749 2301 830 2327 edita.
848 2300 937 2327 Facile
954 2306 995 2326 ta-

215 2343 276 2363 tneit
291 2336 360 2361 inter
375 2343 414 2367 se,
430 2340 458 2361 ut
473 2342 543 2367 reor,
559 2336 652 2362 Patres
665 2335 700 2362 illi
714 2335 852 2362 conciliari
865 2340 994 2369 pessum:

217 2378 266 2397 tiec
281 2371 352 2396 enim
371 2377 484 2396 necesse
509 2374 550 2395 est
570 2375 598 2396 tit
615 2377 646 2397 ex
666 2378 719 2396 una
737 2375 840 2397 tantum
858 2378 887 2396 re
902 2371 997 2405 imagi-

217 2406 259 2432 nis
275 2412 306 2431 ac
321 2405 504 2440 similitudinis
519 2405 593 2431 notio
616 2410 770 2438 repetatur;
785 2406 837 2432 imo
850 2413 903 2440 quo
919 2406 996 2438 plura

217 2445 281 2466 sunt
306 2447 366 2474 qua:
386 2439 521 2466 hominem
543 2440 597 2466 Deo
618 2441 787 2475 aliquatenus
811 2439 926 2467 similent
958 2442 997 2467 la-

216 2475 300 2507 ciunt,
318 2483 350 2502 eo
365 2475 449 2509 magis
467 2482 557 2501 verum
573 2480 614 2502 est
634 2476 704 2509 quod
728 2476 754 2502 iit
777 2475 873 2502 Genesi
887 2475 995 2508 dicitur,

218 2511 250 2536 ad
271 2511 412 2545 imaginem
427 2509 473 2536 Dei
492 2511 628 2545 conditum
650 2511 785 2537 hominem
804 2511 898 2537 fuisse.

253 2546 310 2581 (65)
330 2544 525 2571 'Aiiii’seramus.
548 2544 726 2580 Hieronymus
751 2547 776 2572 in
791 2545 858 2572 libro
869 2546 996 2572 adversus

217 2580 345 2607 Joannem
359 2580 606 2614 Jerosolymitanum
624 2582 782 2614 episcopum,
797 2588 870 2606 tititii.
889 2581 916 2612 7,
935 2581 996 2608 Ori-

217 2617 347 2651 gctiiaitos
361 2622 467 2642 errores
486 2622 665 2651 euutiieratis,
694 2616 727 2642 de
752 2616 849 2649 quibus
865 2615 996 2642 Joannem

220 2650 304 2685 ipsum
318 2657 344 2677 et
353 2655 471 2683 accusat,
483 2655 510 2676 et
521 2658 534 2676 a
549 2650 579 2677 ὃ.
593 2651 742 2684 Epiphanio
752 2655 906 2677 accusatum
922 2651 996 2683 dicit,

218 2687 387 2720 sicloquitus
401 2693 409 2711 :
430 2694 439 2710 ι
457 2686 602 2720 liitagiiietn
622 2690 649 2712 et
664 2685 866 2712 similitudinem
881 2685 925 2712 Dei
939 2704 947 2716 .
963 2687 997 2712 ad

218 2727 297 2754 quam
319 2722 400 2748 homo
416 2720 539 2747 conditus
559 2720 646 2747 fuerat
657 2740 665 2752 ,
681 2721 747 2746 dicit
759 2723 792 2747 ab
807 2728 839 2747 eo
855 2721 997 2755 perditam,

218 2761 246 2782 et
259 2757 283 2781 iii
299 2756 406 2782 ltuiiiine
421 2761 479 2789 post
494 2757 645 2790 paradisum
665 2762 717 2781 non
734 2755 826 2783 fuisse.
844 2765 853 2781 ι
871 2755 949 2782 Paria
965 2756 999 2782 de

218 2790 334 2825 ()tigetic
354 2791 448 2816 scribit
467 2790 630 2825 Epiphanius
647 2791 703 2824 ipse
725 2790 820 2817 haeresi
836 2797 898 2817 μιν
910 2808 918 2823 ,
937 2798 997 2824 pag.

219 2824 281 2852 528.
298 2827 331 2851 At
346 2825 467 2858 quamvis
484 2824 540 2852 haec
557 2826 591 2851 ita
607 2826 662 2852 sint
673 2845 680 2856 ,
700 2833 752 2852 non
767 2826 895 2852 continuo
910 2831 998 2852 tanien

219 2861 456 2895 reprehendendus
468 2860 570 2888 videtur
582 2860 710 2894 Didymus
723 2865 814 2888 noster
826 2869 833 2887 :
849 2867 910 2887 nam
924 2860 1001 2896 quid-

1049 244 1097 280 τὴν
1120 245 1226 271 ἐλπίδα.
1259 244 1445 276 Καταδὺοντες
1474 245 1523 280 μὲν
1548 245 1602 281 γὰρ
1631 246 1661 273 ἐν
1690 247 1725 282 ἰῇ
1745 247 1842 282 κολυμ-

1049 290 1157 326 ϐήθρᾳ,
1186 290 1296 325 εὐδοκίᾳ
1323 289 1370 316 τοῦ
1404 289 1472 317 Θεοῦ
1504 290 1553 317 καὶ
1581 291 1689 326 Harpe:
1723 293 1841 327 ‘yupvot'i-

1051 336 1132 371 μεθα,
1160 337 1193 371 τῇ
1221 336 1312 372 χάριτι
1329 335 1375 362 τοῦ
1402 336 1559 371 Πνεύματος
1577 337 1673 370 αὐτοῦ,
1685 337 1742 364 τῶν
1756 338 1841 374 ἀμαρδ

1048 382 1124 414 τιῶν,
1150 382 1342 417 ἀποτιθέμενοι
1363 381 1409 409 τὸν
1432 382 1546 410 παλαιὸν
1568 383 1725 419 ἄνθρωπον,
1745 384 1791 411 καὶ
1808 386 1840 420 τῇ

1051 428 1175 464 βασιλικῇ
1196 428 1277 454 αὐτοῦ
1294 428 1407 464 δυνάμει
1426 427 1636 464 ἁναγεννώμεθα
1653 430 1703 456 καὶ
1726 438 1840 466 σφραγιί-

1050 474 1166 510 ζόμεθα·
1187 475 1308 507 ἀνιόντες
1333 475 1362 501 δὲ
1383 474 1532 511 ὲνδυόμεθά
1548 484 1577 502 τε
1588 476 1633 503 τὸν
1647 476 1766 512 Σωτῆρα
1781 478 1841 507 Χριε

1051 520 1122 553 στὸν,
1147 520 1242 556 στολὴν
1257 520 1396 556 ἄφθαρτον
1413 521 1459 547 καὶ
1479 521 1600 556 ἰσότιμον
1621 521 1671 548 τοῦ
1696 522 1842 558 ἀναγεννή-

1050 575 1146 598 caveo;
1169 567 1216 593 καὶ
1242 567 1444 602 σφραγίσαντες
1466 567 1541 602 ἡμᾶς
1561 566 1637 601 ἁγίου
1663 566 1839 602 Πνεύματος,

1050 613 1079 646 (ι
1097 613 1174 640 Ὅσοι
1191 612 1255 648 γὰρ,
1284 622 1292 638 ι
1312 613 1408 648 φησὶν,
1425 622 1435 638 ι
1455 613 1496 644 εις
1512 612 1630 648 Χριστὸν
1645 613 1839 649 ἐϐαπτίσθητε.

1049 658 1167 694 Χριστὸν
1193 657 1372 684 ὲνεδύσασθε·
1393 657 1423 692 i)
1443 658 1490 684 καὶ
1509 657 1558 692 τὴν
1583 658 1783 694 γεγραμμένην
1805 659 1841 684 ει-

1049 703 1116 729 κόνςι
1139 703 1185 729 καὶ
1214 702 1343 737 ὁμοίωσιν
1371 702 1417 729 τοῦ
1447 701 1514 728 Θεοῦ
1544 703 1788 738 ἀπολαμὸἀνομεν,
1809 703 1840 738 ἢν

1049 748 1199 784 ἐδεξάμεθα
1217 748 1262 774 διὰ
1275 748 1322 774 τοῦ
1338 747 1429 774 θεῐκοῦ
1445 749 1644 784 ὲμφυσήματος
1654 768 1662 780 ,
1678 749 1726 775 καὶ
1740 748 1840 775 ἀπωλέ-

1051 804 1137 831 σαμεν
1151 795 1194 822 διὰ
1207 794 1254 821 τοῦ
1268 795 1479 830 ἀμαρτήματος-
1491 795 1538 821 καὶ
1553 793 1631 826 αὖθις
1644 794 1837 830 εὑρισκόμεθα,

1051 842 1115 878 [HS
1136 842 1164 878 tt]
1188 839 1239 868 οἶοί
1261 851 1314 878 περ
1331 842 1378 868 ἐπὶ
1404 841 1451 868 τοῦ
1475 842 1697 877 πρωθπλάστου¹
1715 843 1839 879 ἐγενήθηι

1050 897 1110 924 μεν,
1122 887 1319 924 ·ὰνσ.μάρτητοι
1343 887 1391 914 καὶ
1412 887 1597 920 αὐτεξούσιον
1614 888 1705 915 ταῦτα
1723 889 1776 924 γὰρ
1793 896 1839 923 ση-

1051 935 1140 970 μαίνει
1175 934 1192 969 ἡ
1224 933 1306 960 εικὼν
1331 934 1377 961 καὶ
1407 934 1556 969 ὁμοίωσις·
1577 934 1615 967 ὡς
1637 935 1771 970 ἁρμόζειν
1793 934 1838 970 τὴν

1049 980 1154 1006 Παύλου
1174 979 1238 1014 περὶ
1256 979 1311 1006 τῶν
1333 979 1539 1015 βαπτιζομένων
1565 980 1689 1016 Γριφήν·
1716 990 1726 1007 ‹
1746 981 1838 1011 Ὅπως

1050 1079 1114 1114 quid
1134 1079 1170 1106 sit
1194 1078 1227 1106 de
1249 1078 1373 1113 Origenis
1389 1078 1534 1112 sententia,
1553 1078 1691 1106 catholico
1707 1086 1798 1109 sensu.
1813 1077 1837 1107 ni

1050 1115 1139 1145 fallor,
1156 1114 1209 1141 dici
1231 1119 1335 1148 potest,
1363 1115 1508 1148 imaginem
1525 1121 1556 1140 ac
1573 1114 1779 1142 similitudinem
1794 1114 1837 1141 Dei

1069 1157 1099 1176 er
1126 1155 1269 1184 peccatum
1287 1149 1419 1184 originale
1437 1149 1471 1176 ab
1487 1149 1595 1176 homine
1621 1150 1753 1176 amissam
1770 1156 1835 1176 esse.

1075 1183 1181 1210 iuiiruin
1212 1185 1270 1218 ejus
1302 1183 1375 1210 allati
1400 1185 1519 1215 veritas,
1549 1189 1596 1211 aut
1626 1184 1731 1211 falsitas
1753 1192 1784 1211 ex
1806 1191 1836 1211 eo

1048 1226 1130 1254 sensu
1147 1219 1260 1253 pendet,
1287 1226 1341 1252 quo
1358 1219 1486 1245 voeabula
1505 1219 1549 1245 illa
1571 1228 1580 1244 ι
1606 1219 1733 1254 imaginis
1756 1227 1787 1247 ac
1801 1220 1836 1246 si-

1044 1253 1210 1289 .tnilitudinis
1226 1262 1235 1279 i
1253 1254 1425 1287 accipiuntur
1438 1263 1444 1281 :
1458 1254 1550 1287 siquis
1563 1254 1636 1281 enim
1666 1253 1714 1281 ex.
1730 1262 1769 1289 gr.
1783 1254 1835 1287 ejus

1049 1288 1174 1321 imaginis
1190 1289 1328 1315 notionem
1349 1289 1375 1315 in
1397 1290 1448 1316 hoc
1463 1289 1542 1316 sitam
1562 1289 1689 1320 allii-iuet.
1707 1296 1731 1315 ιιι
1750 1297 1833 1315 anim:

1049 1323 1085 1350 sit
1101 1323 1271 1354 immortalis,
1289 1331 1320 1350 ac
1341 1323 1438 1351 deinde
1457 1323 1610 1358 subjungzit,
1636 1325 1771 1351 hoiiiiiieui
1790 1331 1834 1357 per

1048 1362 1187 1391 peccatum
1206 1358 1250 1384 Dei
1265 1358 1409 1393 imaginem
1427 1359 1561 1389 amisisse,
1580 1360 1601 1385 is
1622 1360 1682 1386 sine
1695 1358 1774 1385 tlubio
1787 1359 1834 1384 erit

1050 1393 1195 1419 haereticus
1210 1401 1217 1419 :
1235 1400 1320 1420 secus-
1331 1401 1395 1420 vero
1406 1401 1436 1420 se
1456 1401 1499 1420 res
1512 1393 1622 1420 habebit
1634 1414 1642 1425 ,
1657 1394 1679 1420 si
1696 1394 1721 1420 iu
1735 1393 1833 1428 justitia

1047 1428 1189 1462 originali,
1206 1433 1253 1454 alit
1270 1429 1356 1462 gratia
1382 1429 1590 1460 sanetilicaute,
1606 1435 1654 1456 aut
1675 1429 1727 1456 alia
1750 1428 1831 1461 aliqua

1047 1461 1129 1497 simili
1146 1470 1175 1490 re
1189 1461 1351 1489 sitaui’e‘am
1374 1469 1458 1497 putet.
1490 1462 1561 1490 Hinc
1584 1464 1614 1490 tit
1645 1469 1675 1491 ut
1692 1464 1735 1490 alii
1757 1463 1832 1489 etiam

1048 1496 1143 1534 Patres
1161 1498 1298 1534 id‘ip‘srum
1316 1496 1491 1534 aiiirinarint,
1512 1499 1582 1532 quod
1605 1499 1747 1534 Didymus.
1769 1497 1826 1534 Ter-

1050 1532 1177 1559 tullianus
1195 1532 1221 1559 iu
1238 1532 1306 1568 libro
1324 1532 1362 1559 De
1383 1533 1525 1568 baptismo,
1542 1541 1604 1568 cap.
1619 1535 1637 1561 5
1654 1532 1664 1561 Ξ
1680 1543 1689 1559 ι
1712 1533 1748 1560 Ila
1762 1532 1832 1559 restis

1049 1567 1132 1593 tuitur
1156 1566 1280 1602 (inquit)
1305 1568 1385 1594 homo
1406 1567 1460 1594 Deo
1483 1569 1515 1594 ad
1539 1566 1745 1595 sitiiilitudineiti
1760 1569 1828 1600 ejul.

1048 1601 1181 1638 qttirrelr’o
1201 1602 1233 1638 ad
1248 1603 1391 1637 imaginem
1409 1603 1454 1629 Dei
1468 1602 1566 1629 fuerat.
1587 1603 1681 1638 imago
1699 1604 1724 1629 in
1740 1601 1830 1637 eiligici

1048 1636 1196 1663 similitudo
1222 1637 1247 1663 iu
1282 1636 1434 1664 aeternitate
1461 1644 1601 1666 censetur.
1633 1636 1741 1669 Recipit
1765 1636 1829 1663 euiiii

1051 1671 1124 1697 illum
1154 1671 1200 1697 Dei
1229 1671 1376 1705 Spiritum,
1401 1679 1481 1706 quem
1512 1679 1574 1699 tunc
1604 1674 1638 1701 de
1665 1673 1755 1700 aillalu
1779 1671 1831 1706 ejus

1048 1711 1201 1740 acceperat,
1216 1708 1263 1733 sed
1275 1712 1335 1739 post
1348 1707 1478 1734 amiserat
1489 1715 1537 1742 per
1554 1708 1695 1735 delictum.
1711 1717 1720 1733 ι
1738 1707 1828 1733 Eadem

1048 1742 1131 1767 sentit
1152 1747 1246 1768 auctor
1268 1742 1385 1769 humilia:
1414 1750 1473 1774 quae
1497 1746 1568 1769 hunc
1593 1745 1676 1770 habet
1710 1742 1828 1769 titulum:

1051 1785 1060 1801 ι
1083 1775 1158 1808 Quod
1171 1776 1252 1802 homo
1267 1777 1410 1810 imaginem
1426 1777 1470 1803 Dei
1487 1785 1535 1811 per
1549 1784 1689 1811 peccatum
1704 1776 1804 1810 abiecit.
1818 1783 1827 1799 i

1049 1811 1148 1837 Eadem
1165 1810 1203 1837 illi
1219 1811 1312 1837 Patres
1324 1831 1331 1842 ,
1348 1812 1392 1845 qui
1411 1813 1435 1838 iti
1453 1810 1556 1838 virtute
1566 1815 1647 1839 sitam
1672 1813 1762 1839 volunt
1778 1810 1829 1844 ejus

1048 1845 1174 1882 imaginis
1190 1881 1195 1882 γ
1214 1846 1364 1873 notionem.
1397 1846 1496 1873 Eadem
1521 1848 1689 1881 Augustinus
1720 1847 1784 1873 libro
1806 1851 1828 1882 fil

1051 1881 1086 1916 De
1101 1880 1195 1906 Genesi
1211 1882 1245 1906 ad
1262 1881 1387 1914 litteram,
1402 1889 1461 1916 cap.
1478 1882 1511 1908 27
1526 1886 1554 1908 et
1566 1880 1612 1909 ΞΒ.
1625 1883 1719 1916 Neque
1733 1880 1828 1916 vero"!

1050 1914 1297 1948 Retraclaliouibus,
1319 1924 1379 1950 cap.
1399 1914 1445 1947 24,
1464 1917 1559 1943 falsum
1583 1914 1695 1944 omniiio
1709 1924 1767 1943 esse
1781 1914 1829 1943 ait.

1048 1951 1119 1984 quod
1138 1951 1174 1977 ibi
1195 1951 1362 1984 scripserat,
1384 1959 1415 1978 ac
1440 1952 1524 1978 multo
1553 1953 1643 1979 minus
1667 1951 1825 1984 lizei'eticuui.

1052 1983 1063 2010 ι
1082 1985 1109 2011 lii
1124 1991 1200 2023 sexto
1215 1983 1324 2023 (inquit)
1343 1986 1422 2017 libro,
1439 1987 1510 2023 quod
1527 1987 1592 2019 dixi,
1612 1995 1621 2012 ι
1640 1988 1723 2014 Adam
1739 1983 1826 2023 iuraui-

1049 2027 1110 2046 iietu
1132 2020 1194 2052 Dei,
1211 2022 1358 2047 secundum
1382 2020 1461 2055 quani
1487 2021 1572 2049 iactus
1597 2027 1659 2053 est,
1687 2020 1830 2055 perdidisse.

1050 2060 1171 2091 peccato,
1193 2066 1202 2081 I
1223 2062 1274 2082 non
1292 2056 1332 2082 sic
1349 2057 1534 2090 accipiendum
1549 2061 1600 2088 est,
1617 2061 1743 2091 tanquam
1760 2055 1787 2091 in_
1796 2059 1825 2079 eo

1049 2090 1122 2117 nulla
1141 2091 1317 2122 remanserit,
1332 2091 1379 2117 sed
1392 2088 1462 2125 quod
1480 2096 1534 2118 tam
1550 2088 1691 2123 deformis,
1709 2095 1737 2117 ut
1749 2088 1825 2115 refor-

1051 2126 1170 2161 litatione
1192 2133 1259 2159 opus
1284 2126 1407 2161 haberet.
1433 2125 1491 2152 Non
1518 2127 1599 2161 igitur
1617 2127 1645 2153 iii
1666 2126 1726 2153 lidei
1745 2128 1825 2161 rete-if

1050 2159 1122 2187 tione
1134 2180 1142 2193 ,
1161 2160 1389 2198 contemplatione
1402 2180 1410 2193 ,
1439 2159 1602 2198 dilectione,
1629 2168 1689 2198 quae
1707 2168 1761 2198 non.
1779 2159 1826 2198 erit

1050 2192 1169 2230 semper,
1188 2196 1234 2222 sed
1259 2192 1284 2221 iit
1303 2203 1354 2228 eo,
1374 2195 1445 2229 quod
1470 2203 1578 2230 semper
1592 2192 1657 2229 erii,
1676 2192 1823 2230 invenienda

1050 2226 1268 2266 estfquatiidici
1286 2226 1409 2266 DpODleill
1425 2226 1568 2265 imaginem
1586 2226 1655 2258 Dei.'
1667 2241 1675 2257 ι
1691 2230 1756 2266 Quin
1773 2226 1825 2266 [iic-

1050 2272 1178 2300 ronyiiius
1202 2265 1259 2300 ipse
1290 2265 1315 2291 in
1341 2265 1492 2293 Comment.
1507 2267 1534 2292 in
1552 2266 1637 2300 Epist.
1651 2267 1684 2292 ad
1695 2265 1822 2300 ΕρΙιεξὶξξιι

1049 2297 1131 2331 Ιίὺ.ἰ,
1155 2297 1256 2334 υιιρξὲ,
1273 2307 1334 2334 pag.
1352 2299 1404 2327 582
1414 2302 1457 2328 ed.
1475 2297 1586 2333 VeronC,
1606 2302 1699 2328 eadem
1715 2297 1824 2334 tradidit.

1049 2342 1109 2368 quae
1132 2335 1260 2370 Didymus
1279 2337 1330 2361 hoc
1351 2335 1377 2361 iu
1391 2336 1461 2362 loco.
1479 2346 1488 2360 ι
1516 2336 1561 2363 δίε
1576 2344 1632 2363 suae
1649 2335 1823 2368 intelligentiae

1049 2371 1187 2404 coaptabit
1211 2370 1334 2404 (inquit)
1354 2375 1383 2396 ut
1400 2371 1473 2397 dicat
1497 2371 1634 2398 hominem
1647 2372 1721 2405 juxta
1737 2373 1821 2405 nnagtf

1049 2402 1111 2430 ueni
1135 2410 1162 2431 et
1186 2402 1389 2432 similitudinem
1416 2405 1463 2432 Dei
1484 2405 1605 2438 factum,
1630 2402 1746 2433 eamdem
1768 2402 1821 2434 pust

1050 2440 1298 2467 reconciliationem
1312 2441 1426 2466 l'orinaiu
1440 2445 1623 2474 recepturum,
1636 2447 1714 2475 quain
1723 2443 1749 2475 et
1759 2442 1820 2462 nunc

1049 2475 1137 2509 angeli
1160 2476 1260 2502 habent
1273 2493 1281 2508 ,
1300 2479 1328 2501 et
1351 2475 1408 2508 ipse
1425 2471 1583 2509 perdiderit.
1611 2471 1621 2502 ἰ
1640 2471 1722 2508 Quem
1743 2471 1820 2509 locum

1051 2507 1213 2545 iitéronymo
1234 2507 1512 2545 exprobratiltuliuus
1527 2511 1574 2537 lib.
1599 2519 1606 2537 I
1632 2507 1720 2545 contra
1745 2507 1820 2539 ipsum

1051 2543 1253 2579 Hieronymum,
1269 2543 1342 2571 iiuui.
1366 2544 1411 2572 59.
1427 2545 1540 2572 Deniqu
1557 2545 1586 2572 S.
1599 2546 1681 2578 Zeno,
1698 2543 1820 2579 Veronen-

1051 2580 1120 2606 siuin
1137 2571 1291 2614 episcopus,
1307 2579 1353 2606 lib.
1370 2588 1401 2612 ii,
1419 2571 1499 2607 tract.
1514 2571 1734 2614 19,7e07deiii'fere
1748 2571 1818 2601 modo

1051 2615 1170 2648 loqttitur
1184 2622 1237 2648 quo
1258 2614 1397 2649 Didymus.

1086 2646 1142 2685 (66)
1172 2646 1542 2685 Ρὸιεειαιεῖη’1“ειίιιΙΙίιιιιιιε,
1568 2650 1635 2678 libro
1662 2657 1678 2677 II
1708 2646 1818 2685 ιιιίυξηίεξ

1051 2682 1297 2721 Μιὶιίεὶοιιειηιοιιρ.
1316 2684 1332 2711 5
1345 2693 1378 2721 ελι
1391 2682 1539 2719 Oportebat.
1552 2685 1674 2721 (inquit)
1690 2682 1818 2721 ιιιιιικιιιφξιι

1051 2726 1078 2746 et
1095 2717 1297 2747 similitudinem
1322 2719 1386 2752 Dei,
1402 2717 1478 2748 liberi
1499 2717 1623 2754 arbitrii",
1644 2717 1669 2747 ei
1686 2717 1817 2754 suaepol‘e‘

1050 2755 1128 2781 statis
1141 2746 1270 2791 institui,
1289 2755 1314 2782 iii
1333 2746 1386 2790 qua
1405 2746 1455 2782 hoc
1470 2746 1672 2791 ipsumpiiiiagro
1690 2757 1715 2791 et
1730 2746 1815 2791 iiilllil;

1051 2791 1116 2817 tudo
1139 2790 1184 2817 Dei
1201 2783 1386 2824 deptitaretiir,
1413 2783 1519 2818 arbit'rii
1545 2783 1654 2818 scilicet?
1666 2783 1815 2826 libertas-Lf

1052 2827 1180 2859 potestas.
1200 2834 1209 2851 i
1226 2821 1361 2852 Cancrum
1375 2821 1428 2860 quo
1442 2833 1521 2853 sensu
1537 2825 1687 2861 accipienda
1701 2822 1750 2848 siltl
1761 2821 1812 2861 tl"):3

1052 2850 1204 2888 nam.
1220 2850 1765 2896 utdyiiids'fit'iior'iiiii,‘Iitii'aiigusuiu
1781 2850 1810 2876 de
