1933 3064
94 116 144 145 777

632 120 675 147 DE
695 120 885 150 TRINITATE
905 122 1006 150 LIBER
1027 122 1187 151 TERTIUS.

1685 130 1701 158 7
1706 131 1737 159 78

93 175 178 202 Οὐδὲν
194 175 222 203 δὲ
252 172 332 212 ἦττον
347 178 394 204 καὶ
412 177 513 213 Πέτως
527 178 670 212 διδάσκων,
683 181 764 207 πόθεν
780 182 872 219 ἁπαοὴ

942 185 1023 212 etiam
1036 193 1095 218 eos,
1111 194 1226 221 quorum
1243 187 1332 216 anima
1348 188 1407 216 zelo
1421 189 1530 219 incensa
1552 192 1653 220 malum
1666 193 1732 224 odit.

91 222 264 257 τυγχάνουσα
280 222 365 259 ψυχὴ,
394 224 487 251 παθῶν
512 225 655 258 ἀνάπλεώς
677 235 743 253 ποτε
770 228 886 262 γίνεται,

91 268 268 304 ἐπιστρέφων
295 269 324 296 δὲ
344 271 384 302 εἰς
398 270 428 297 τὸ
447 271 626 307 μνημονεύειν
643 273 691 308 τῆς
711 273 888 308 ἀποϐιώσεως

90 315 184 350 ἡμῶν,
212 315 343 352 ἔγραφεν·
376 327 385 342 t
415 317 564 353 Ἀπέχεσθε
586 319 640 346 ἀπὸ
663 319 719 346 τῶν
748 322 887 357 σαρκικῶν

74 360 256 396 »ἐπιθυμιῶι
269 362 369 394 αἰτινες
390 363 582 399 στρατεύονται
608 365 680 392 κατὰ
695 366 745 402 τῆς
757 366 855 403 ψυχῆς,
875 378 884 394 ι

91 405 147 432 Καὶ
162 405 288 442 Σολομὼν
303 407 332 434 δὲ
355 408 369 434 ὁ
396 408 444 435 τοῦ
471 409 553 436 Δαυῖδ
579 418 672 446 φησιν·
691 419 700 436 t
720 411 826 448 ’Ὠσπερ
838 412 887 448 οὐχ

88 453 173 486 ὅμοια
188 453 322 488 πρόσωπα
337 453 596 490 ἀνθρώπων,οὖτως
610 456 670 483 οὐδὲ
679 457 706 484 αι
716 457 825 493 καρδίαι
833 458 888 485 τῶν

88 497 244 534 ἀνθρώπων
271 501 331 532 ταῖς
350 501 476 536 καρδίαις
502 502 605 540 ὅμοιαι.
625 512 633 528 ι
660 503 773 540 "Instat
793 496 837 530 δέ’
855 513 888 540 με

88 546 139 572 καὶ
156 547 190 573 ὲκ
203 546 258 573 τῶν
270 547 318 574 τοῦ
339 547 457 582 μεγάλου
475 539 630 584 ἀθληνφόρου
664 538 782 583 ΪΙαύλου,
815 538 887 588 ἅπερ

89 591 185 627 τοιῷδε
199 593 292 629 τρόπῳ
307 593 462 630 ἁνείρηκεν·
482 596 623 631 «Ψυχικὺς
642 597 670 624 δὲ
696 592 839 635 ἄνθρωπος
856 599 886 625 οὺ

87 637 200 674 δέχεται
213 639 307 666 aderat";
332 641 491 677 Πνεύματος
503 642 549 669 τοῦ
568 642 647 670 Θεοῦ·
667 644 731 680 [HG
745 644 771 681 ὁ]
795 645 886 681 μωρία

88 685 146 720 γὰρ
160 685 235 720 αὑτῷ
257 686 340 713 ὲστιν-
360 696 369 713 ι
389 687 436 714 καὶ
451 687 542 715 πάλιν·
563 698 572 715 t
600 690 628 717 '0
640 690 669 717 δὲ
699 691 883 726 πνευματικὸς

87 730 232 766 ἀνακρίνει
247 731 298 766 μὲν
314 731 428 764 πάντας.
447 733 527 766 αὐτὸς
539 734 568 763 δὲ
588 735 634 762 ὑπ’
652 735 760 768 οὐδενὸς
771 737 886 774 ἀνακρί-

88 785 175 803 νεται.
194 787 203 804 1

943 233 1044 267 quique
1060 233 1086 260 in
1099 233 1209 260 virtutis
1224 241 1310 268 agone
1335 239 1473 265 certantes
1489 237 1605 273 palmam
1635 238 1734 266 retule-

942 285 1015 312 runt,
1046 285 1073 307 et
1094 288 1163 314 quos
1194 280 1268 307 nulla
1292 281 1360 316 fugit
1388 290 1419 310 ex
1441 283 1523 312 rebus
1553 284 1734 313 mstimatioue

941 325 1047 360 dignis,
1066 325 1140 353 hisce
1154 326 1220 361 ipsis
1232 327 1323 354 verbis
1340 327 1508 363 alloquitur,
1528 334 1557 357 ut
1576 330 1730 361 hominum,

941 372 986 407 qui
1013 372 1053 400 eis
1086 373 1188 400 similes
1211 380 1264 400 non
1293 374 1381 408 sunt,‘
1404 375 1641 411 intemperantiam
1656 371 1735 405 coer-

941 422 1038 451 ceant,
1059 422 1085 444 et
1097 418 1166 445 alios
1185 418 1267 446 etiam
1283 418 1416 446 bonorum
1429 440 1437 453 ,
1458 428 1521 455 quas
1547 421 1598 457 ipsi
1621 421 1732 451 habent.

944 463 1093 498 participes
1111 463 1212 490 faciant
1230 472 1236 491 :
1256 472 1266 489 t
1283 463 1394 492 Fratres
1405 464 1481 501 (88),
1497 466 1605 501 inquit,
1634 467 1656 494 si
1672 467 1733 502 quis

942 509 1012 544 apud
1026 516 1076 537 vos
1099 509 1233 537 erraverit
1254 517 1270 537 a
1295 511 1422 544 veritate,
1444 515 1471 538 et
1487 513 1654 540 converterit
1670 513 1732 548 quis

941 563 1014 585 eum.
1040 554 1118 588 sciat,
1137 555 1208 589 quod
1234 555 1280 590 qui
1308 558 1670 592 converterit~peccatorem
1697 558 1732 585 ab

941 606 1034 627 errore
1062 599 1114 627 viae
1141 599 1211 634 ejus,
1241 599 1357 627 salvabit
1378 600 1496 628 animam
1515 601 1599 636 ipsius
1627 602 1683 639 (89)
1715 610 1730 629 a

940 650 1027 672 morte
1038 665 1045 677 ,
1059 650 1085 672 et
1099 645 1206 680 operiet
1222 645 1427 673 multitudinem
1445 651 1629 681 peccatorum.
1653 657 1663 674 ι
1682 647 1731 675 Pa-

939 691 960 718 ri
980 691 1060 719 modo
1077 690 1174 718 Petrus
1199 698 1306 727 quoque
1328 699 1376 719 nos
1403 691 1502 719 docens
1515 712 1523 725 ,
1554 700 1672 728 quanam
1691 701 1723 721 ex

942 743 1023 764 causa
1039 736 1096 772 (90)
1118 736 1207 764 anima
1225 745 1286 764 cum
1305 737 1340 764 sit
1357 737 1531 772 impassibilis
1543 759 1552 772 ,
1569 739 1727 774 passionum

939 788 1032 811 tamen
1051 782 1132 819 plena
1152 782 1298 817 aliquando
1319 783 1443 816 exsistat,
1467 789 1495 811 et
1523 791 1571 818 per
1581 786 1726 820 quamdam

91 824 174 852 veluti
189 825 386 859 digressionem
401 826 539 854 interitum
558 832 680 855 nostrum
695 828 752 864 (91)
765 837 993 862 commemorans,
1009 830 1067 857 hzc
1104 830 1233 864 scripsit:
1252 839 1262 856 t
1285 830 1427 858 Abstinete
1440 830 1497 866 (9‘2)
1523 839 1571 859 vos
1595 839 1610 859 a
1629 840 1724 860 carna-

87 869 160 898 libus
180 871 333 906 desideriis,
349 873 431 909 316
455 881 515 909 qua:
538 874 656 902 militant
674 875 804 903 adversus
819 875 948 903 animam.
961 886 970 902 ι
984 875 1095 903 Davidis
1127 883 1190 903 vero
1206 875 1277 903 illius
1309 876 1438 904 Salomon
1469 877 1524 905 ait:
1539 886 1548 903 t
1565 877 1642 905 Sicut
1670 878 1727 914 (95)

87 925 143 945 mn
159 922 223 946 sunt
249 919 352 947 similes
369 920 460 948 vultus
485 921 646 953 hominum,
666 922 703 949 ita
723 930 774 950 nec
812 922 895 950 corda
916 922 1058 950 hominum
1075 921 1203 950 cordibus
1228 921 1339 950 similia.
1363 932 1372 949 ι
1399 915 1439 950 Ex
1473 922 1515 951 his
1548 930 1612 951 vero
1630 925 1725 958 etiam,

86 973 150 999 qua
174 973 286 999 magnus
303 985 312 998 ,
330 966 502 1001 invictusque
517 965 616 994 athleta
638 967 734 995 Paulus
755 967 928 1002 conscripsit,
947 975 977 995 ea
992 967 1058 994 mihi
1083 967 1109 994 in
1128 972 1247 995 mentem
1275 968 1404 1001 veniunt,
1437 975 1498 1004 qua:
1531 969 1573 997 sic
1602 971 1726 1005 promul-

87 1012 184 1045 gavit:
210 1021 220 1037 ι
242 1011 374 1039 Animalis
396 1010 452 1047 (94)
485 1015 575 1043 autem
602 1010 684 1039 homo
704 1020 757 1040 non
787 1012 882 1047 recipit
902 1019 933 1039 ea
946 1019 1005 1046 qua:
1018 1010 1287 1046 suntSpiritusDei;
1305 1012 1419 1040 stultitia
1432 1012 1505 1041 enim
1535 1013 1586 1049 ipsi
1615 1022 1723 1050 sunt;r

87 1064 116 1085 et
134 1065 226 1084 rursus
243 1067 250 1084 :
269 1066 279 1082 ι
302 1056 439 1092 Spiritalis
465 1056 521 1093 (95)
537 1062 627 1085 autem
641 1057 745 1093 judicat
767 1059 877 1094 quidem
893 1065 999 1091 omnes,
1012 1058 1070 1092 ipse
1081 1066 1145 1086 vero
1157 1065 1171 1085 a
1189 1059 1298 1086 nemine
1313 1058 1480 1092 iudicatur.»

130 1103 200 1132 ’ἀλλ’
216 1106 284 1141 ὅπερ
302 1105 351 1141 μὲν
369 1105 471 1139 ελεγον,
493 1106 510 1141 ή
531 1105 691 1142 προαίρεσις
705 1106 774 1142 αὕτη
788 1107 835 1134 καὶ
849 1109 876 1136 τὸ

969 1105 1033 1138 Sed.
1056 1110 1084 1133 ut
1101 1105 1180 1133 modo
1204 1106 1343 1139 dicebam,
1364 1106 1459 1134 isthtec
1477 1105 1535 1143 (98)
1551 1107 1658 1142 quidem
1675 1115 1724 1135 vo-

86 1152 170 1187 σῶμα
187 1152 316 1183 πολλάκις
342 1150 485 1178 καθέλκειν
498 1152 544 1178 ἐπὶ
555 1152 590 1178 τὰ
605 1152 677 1187 πάθη
696 1153 801 1187 πέφυκε
831 1153 882 1188 τὴν

86 1198 188 1233 ψυχήνο
204 1197 268 1224 ποτὲ
281 1198 309 1224 δὲ
324 1198 371 1224 καὶ
385 1197 566 1233 ωνεισφέρει,
576 1198 644 1234 αὐτῇ
666 1207 736 1234 φημι
752 1199 784 1233 τῇ
796 1198 880 1234 ψυχῇ,

85 1243 178 1278 ἀγαθὰ
190 1244 239 1270 οὐκ
254 1243 341 1278 ὀλίγα·
365 1243 395 1270 τὸ
409 1243 458 1279 μὲν
481 1243 571 1278 σῶμα,
593 1244 643 1280 τὴν
660 1245 714 1271 τῶν
743 1244 881 1280 αἰσθητῶν

86 1289 189 1324 γνῶσιν
205 1290 252 1316 καὶ
270 1289 320 1324 τὴν
343 1289 425 1325 ἄλλην
439 1290 602 1326 ὑπηρεσίαν·
629 1292 646 1326 ἡ
672 1291 700 1318 δὲ
720 1291 881 1328 προαφεσις

87 1336 183 1370 αὐτῆς,
211 1335 259 1370 τὴν
272 1335 326 1361 ἀπὸ
335 1335 384 1370 τῆς
395 1335 537 1368 εὐϐουλίας
552 1337 598 1362 καὶ
617 1336 772 1372 ὀρθοδοξίας
790 1346 880 1373 μακα-

85 1382 211 1417 ριότητα·
227 1381 321 1417 ὥσπερ
335 1381 416 1408 πάλιν
442 1381 554 1417 ἡψυχὴ,
570 1382 634 1409 ὅταν
645 1380 674 1409 εὖ
690 1383 723 1418 ζῇ
741 1382 811 1418 μετὰ
828 1382 880 1409 σώ-

86 1437 183 1463 ματος,
198 1427 245 1454 καὶ
257 1429 426 1463 κατακρατῇ,
441 1428 489 1454 καὶ
505 1428 573 1464 πρὸς
586 1428 652 1455 Θεὸν
669 1429 876 1465 ὲπιστρέςηται,

83 1474 198 1501 καὶτῶν
218 1473 300 1501 attito?
319 1473 468 1509 πληροῦται
483 1475 614 1509 νοήσεων,
633 1475 742 1502 πλείονα
762 1476 809 1502 καὶ
832 1485 878 1502 σε·

85 1521 206 1557 μνότερα
222 1520 338 1547 δίδωσιν.
366 1521 402 1546 Ἰὸ
424 1521 474 1556 μὲν
493 1521 547 1556 γὰρ
564 1521 667 1556 γήινον.
692 1522 796 1554 ἀπαθὲς
822 1520 878 1549 οἷον

82 1567 247 1601 ἀποφαίνειν
268 1566 422 1598 σπουδάζει,
442 1566 582 1602 κοσμοῦσα
610 1568 676 1594 αὐτὸ
702 1568 804 1604 ἱδρῶτι,
830 1570 877 1596 καὶ

83 1613 229 1649 καρτερία,
247 1613 294 1639 καὶ
315 1614 396 1639 πᾶσιν
408 1614 463 1644 τοῖς
485 1613 515 1645 ἐξ
530 1613 631 1648 ἀρετῆς
643 1613 745 1646 πόνοις,
761 1615 807 1641 καὶ
821 1615 877 1642 δια-

83 1657 256 1692 κυῦερνῶσα,
274 1657 322 1683 καὶ
343 1657 386 1684 διὰ
400 1657 450 1692 τῆς
468 1657 523 1684 τῶν
541 1657 674 1691 ἀλγεινῶν
694 1658 801 1694 πείρας,
830 1659 876 1686 ἐπὶ

82 1704 135 1740 τὴν
159 1697 272 1738 θεοσεϐῆ
286 1702 357 1738 ζωὴν
377 1702 567 1737 ἀνεγείρουσαο
582 1702 632 1738 τὴν
651 1702 680 1729 δὲ
697 1703 764 1730 ἰδίαν
779 1705 876 1740 προαί-

87 1757 171 1784 ρεσιν,
189 1749 236 1775 καὶ
255 1747 305 1784 τὴν
320 1747 420 1780 πίστιν,
439 1748 588 1775 ἄπταιστον
599 1749 751 1785 διακρατεῖ,
771 1750 817 1776 καὶ
827 1750 873 1776 τδν

933 1151 1004 1179 lendi
1016 1150 1187 1186 eligendique
1206 1150 1322 1178 facultas
1334 1155 1362 1178 et
1377 1157 1487 1187 corpus,
1506 1157 1578 1185 sazpe
1604 1151 1723 1179 animam

931 1204 1040 1232 quoque
1059 1196 1186 1224 deorsum
1214 1195 1341 1228 trahere,
1362 1199 1388 1223 et
1417 1195 1451 1222 ad
1476 1196 1616 1231 passiones
1643 1197 1720 1224 incli-

932 1249 996 1270 nare
1020 1245 1237 1274 consueverunt;
1269 1240 1414 1276 aliquando
1433 1245 1524 1268 tamen
1546 1241 1627 1269 etiam
1655 1243 1722 1270 bona

931 1289 1078 1323 important
1095 1287 1145 1321 ipsi
1170 1286 1266 1314 anima:
1282 1293 1336 1314 non
1355 1286 1518 1320 mediocria;
1541 1294 1639 1323 nempe
1659 1296 1720 1316 cor-

930 1340 979 1366 pus
991 1332 1112 1367 quidem,
1138 1331 1279 1359 sensilium
1295 1330 1490 1366 cognitionem,
1511 1336 1540 1359 et
1558 1331 1640 1359 alium
1658 1340 1717 1359 om-

930 1386 990 1406 nem
1014 1377 1189 1409 famulatum,
1215 1384 1295 1412 quem
1317 1382 1427 1411 prtestat
1447 1377 1568 1411 animze;
1601 1378 1719 1413 eligendi

930 1432 994 1451 vero
1009 1423 1140 1456 facultas,
1166 1430 1226 1458 quae
1242 1423 1292 1458 ipsi
1317 1422 1415 1450 animae
1446 1423 1536 1457 inest,
1564 1423 1719 1452 felicitatem

930 1470 1028 1502 illam,
1060 1477 1117 1504 qua:
1133 1476 1166 1496 ex
1191 1475 1256 1496 sana
1290 1468 1484 1496 deliberatione
1522 1474 1550 1496 et
1568 1477 1600 1497 ex
1624 1471 1720 1498 ortho-

930 1517 1010 1544 doxia
1028 1517 1176 1543 derivatur.
1192 1516 1230 1543 Ac
1245 1515 1366 1543 vicissim
1387 1514 1477 1542 anima
1500 1515 1527 1544 si
1546 1520 1620 1543 recte
1647 1516 1720 1543 vixe-

929 1564 963 1590 rit
979 1570 1040 1590 cum
1056 1570 1182 1598 corpore,
1199 1566 1227 1590 et
1243 1561 1306 1589 illud
1322 1561 1372 1588 sibi
1385 1560 1586 1596 obtemperans,
1603 1569 1635 1589 ac
1650 1562 1719 1589 sub-

924 1609 1029 1645 jectum
1050 1614 1150 1642 teneat,
1170 1612 1197 1636 et
1211 1609 1245 1635 ad
1259 1607 1343 1636 Deum
1364 1612 1547 1641 convertatur,
1570 1613 1597 1636 et
1613 1608 1658 1636 Dei
1677 1615 1718 1637 co-

927 1654 1102 1689 gitationibus
1118 1654 1274 1689 impleatur,
1287 1653 1363 1688 plura
1381 1658 1409 1681 et
1423 1653 1578 1687 augustiora
1594 1655 1694 1690 praebet
1710 1664 1717 1682 τ

926 1709 988 1729 nam
1000 1701 1072 1736 quod
1099 1706 1234 1728 terrenum
1256 1705 1307 1733 est,
1325 1700 1350 1727 id
1373 1707 1405 1728 ea
1419 1700 1532 1728 reddere
1548 1701 1643 1728 nititur
1657 1701 1718 1729 vel-

927 1747 965 1775 uti
989 1747 1124 1782 passionis
1146 1754 1256 1782 expers,
1276 1747 1374 1774 sudore
1389 1746 1454 1774 illud
1469 1753 1502 1774 ac
1517 1746 1675 1780 tolerantia,
1689 1754 1717 1776 ct

83 1794 228 1830 ἄνθρωπον
247 1795 316 1830 ὑπὲρ
342 1793 486 1830 ἄνθρωπον
503 1796 586 1827 ποιεῖ,
605 1795 696 1822 πίστει
719 1795 766 1822 καὶ
787 1795 876 1831 λόγοις

933 1793 1066 1826 munibus,
1092 1801 1160 1828 quos
1187 1793 1298 1821 virtutis
1313 1800 1394 1820 causa
1418 1793 1546 1826 sustinet,
1578 1793 1718 1822 laboribus

83 1841 166 1868 αὖτ’δν
178 1841 218 1873 εἰς
246 1840 276 1867 τὸ
295 1840 393 1876 σεμνὸν
422 1839 636 1876 προϐιὸἀζουσα,
660 1842 707 1868 καὶ
729 1842 797 1877 πρὸς
821 1843 877 1869 {xs-

84 1888 146 1914 σίαν
165 1888 214 1922 τῆς
230 1888 346 1923 Τριάδος
372 1887 504 1923 ῥέπουσα,
527 1888 575 1914 καὶ
598 1887 702 1924 τροφὴν
728 1889 875 1926 ποιουμένη

82 1934 134 1969 τὴν
147 1933 202 1960 ἀπὸ
223 1933 326 1960 τούτων
342 1933 487 1968 ὠφέλειαν.
501 1934 533 1960 Et
545 1933 599 1969 γὰρ
608 1934 756 1970 νομιοῦμεν
775 1934 874 1970 ψυχὴν,

83 1979 246 2015 κοσμεῖσθαι
259 1980 306 2007 καὶ
318 1979 467 2016 τρέφεσθαι
480 1979 531 2006 οὑκ
549 1979 651 2012 ἄλλοις,
679 1980 763 2016 ἀλλ’ἢ
785 1980 875 2015 λόγοις

80 2026 130 2053 καὶ
144 2025 236 2052 πίστει
255 2026 385 2059 πέφυκεν.
411 2025 558 2061 ’Λνθρώπῳ
571 2025 624 2061 γὰρ
638 2026 724 2061 τροφὴ
741 2026 834 2061 ἄμφω,
853 2026 871 2062 ἦ

80 2080 110 2099 τε
120 2071 153 2098 ἐκ
164 2071 215 2106 τῆς
230 2071 378 2107 γεωργίας,
389 2071 407 2107 ἦ
429 2080 459 2098 τε
476 2071 508 2098 ἐκ
522 2072 576 2098 τῶν
592 2071 679 2106 λόγων
698 2071 746 2099 καὶ
763 2072 811 2108 τῆς
826 2072 883 2099 ’πί-⁷

80 2126 177 2148 στεως·
195 2117 253 2144 ἀλλ’
270 2117 286 2152 ή
304 2117 352 2152 μὲν
366 2117 396 2144 τὸ
409 2117 487 2153 σῶμα
500 2114 569 2144 εἷναί
584 2125 613 2144 τε
627 2117 672 2144 καὶ
697 2117 829 2153 ἀντέχειν,
854 2119 871 2154 ἡ

77 2164 106 2190 δὲ
124 2165 184 2195 ταῖς
207 2163 306 2198 ψυχαῖς
332 2163 362 2190 τὸ
379 2163 479 2199 ἑτέρων
495 2163 621 2199 προέχειν
636 2163 752 2195 δίδωσιν,
774 2164 821 2190 καὶ
829 2163 872 2190 διὰ

79 2202 199 2241 πίστεως
216 2210 263 2236 καὶ
276 2210 364 2244 λόγων
376 2209 422 2236 καὶ
438 2211 454 2245 ἡ
470 2209 537 2245 ἄλλη
549 2209 680 2245 σύμπασα
693 2209 873 2246 κατορθοῦται

78 2255 149 2290 ζωή.
170 2255 236 2291 [147
248 2255 275 2291 a}
295 2257 391 2291 Φωρᾷν
414 2255 502 2282 ἔνεστι
522 2255 606 2282 ταῦτα
623 2255 660 2291 μὴ
677 2255 764 2288 ἄλλως
789 2255 871 2291 ἔχειν,

76 2302 310 2338 ἑπιπορευόμενον
320 2302 359 2336 τῷ
372 2301 420 2336 νῷ,
441 2301 479 2333 ὡς
507 2301 606 2329 αὐτίκα
620 2301 659 2337 τῷ
670 2301 788 2340 ¹τοιούτῳ
810 2303 871 2328 ἐπι-

76 2347 181 2383 λάμπει
205 2347 251 2374 καὶ
273 2347 398 2382 συνεργεῖ
416 2347 430 2374 ὁ
449 2346 622 2382 ἐπιϐεϐηκὼς
640 2349 695 2379 τοῖς
720 2347 791 2378 ὅλοις
806 2347 871 2378 Υἱὸς

113 2459 171 2494 (88)
195 2458 314 2486 Fratres.
344 2459 403 2487 Jac.
435 2468 462 2492 v,

77 2502 126 2534 pro
142 2495 208 2530 παρ’
222 2494 287 2529 ὑμῖν
298 2495 380 2523 habet
395 2495 426 2523 ὲν
436 2495 512 2531 ὑμῖν,
525 2495 549 2523 id
563 2501 605 2522 est
618 2504 627 2521 ι
643 2495 667 2522 iu
677 2495 762 2526 vobis,
775 2503 785 2520 ι
799 2493 865 2525 sive,

79 2538 89 2556 1
104 2535 173 2556 1111οΓ
183 2537 238 2556 VOS.
255 2539 265 2556 1

112 2575 169 2610 (89)
186 2573 282 2610 Ipsius.
307 2575 386 2603 Deest
398 2576 455 2604 haec
468 2584 519 2603 vox
532 2575 558 2602 in
573 2575 676 2603 Grmcis
687 2574 793 2602 Dibliis.
812 2575 864 2603 Sed

75 2608 136 2638 eam
150 2611 213 2644 legit
228 2608 306 2645 Vulg.
318 2611 461 2646 interpres,
477 2616 506 2639 ut
521 2611 661 2647 Didymus.

75 2656 168 2719 πάθω)
197 2657 319 2690 Quanam
352 2665 384 2685 ea:
416 2665 504 2687 causa.
519 2658 620 2690 Codex,
647 2657 740 2684 ποθέν.
774 2657 854 2692 Lego,

102 2705 111 2719 1
130 2701 168 2719 εν.

102 2701 168 2719 πεν.

111 2737 167 2772 (91)
184 2735 322 2764 Interitum
337 2742 465 2766 nostrum.
481 2737 562 2768 Libro
578 2745 684 2772 quoque
707 2737 742 2764 De
764 2736 811 2772 Sp.
835 2737 864 2765 S.

77 2780 152 2800 nutu.
166 2772 212 2804 59,
232 2781 241 2797 t
258 2774 353 2800 Carnis
369 2773 511 2807 sapientia.
523 2774 619 2807 inquit,
632 2773 703 2799 illico
716 2778 800 2800 murte
817 2773 866 2799 sibi

74 2808 188 2847 sociata,
202 2808 330 2836 interficit
342 2815 398 2841 eos,
413 2808 458 2842 qui
476 2807 552 2841 juxta
573 2816 682 2835 carnem
695 2809 866 2843 gradiuntur,

74 2848 100 2870 ct
117 2848 235 2878 sapiunt,

237 2889 369 2920 PATROL.
395 2888 452 2919 Gn.
478 2889 624 2920 XXXIX.

496 2460 529 2488 t9
546 2464 573 2487 et
596 2460 641 2486 eo.
667 2459 759 2486 οιοςρεει
785 2458 866 2485 editio
888 2451 909 2478 D
960 2457 1015 2492 (ιιι)
1029 2456 1274 2485 AbstineteJPetr.
1297 2465 1328 2489 ιι,
1347 2457 1389 2485 ιι.
1406 2456 1491 2485 Biblia
1506 2456 1618 2486 Graeca:

928 1847 1077 1872 exornans,
1091 1844 1119 1866 et
1134 1840 1221 1873 ipsum
1252 1845 1350 1873 regens
1367 1845 1399 1866 ac
1432 1838 1588 1872 moderans,
1618 1844 1645 1867 ct
1670 1847 1717 1874 per

930 1887 1117 1914 molestiarum
1134 1886 1329 1920 dolorumque,
1353 1893 1421 1920 quos
1437 1886 1591 1921 experitur,
1609 1893 1717 1921 perpes-

925 1933 1042 1964 sionem,
1066 1932 1099 1959 ad
1117 1932 1272 1967 religiosam
1294 1938 1326 1959 ac
1345 1932 1416 1966 piam
1436 1932 1520 1958 vitam
1545 1931 1609 1959 illud
1641 1934 1715 1960 citri-

927 1968 997 2012 tatis,
1018 1985 1050 2006 ac
1074 1977 1158 2006 veluti
1186 1981 1293 2005 sursum
1319 1977 1426 2013 erigens
1448 1987 1455 2005 :
1479 1977 1616 2012 propriam
1651 1986 1714 2005 veru

926 2025 1092 2052 voluntatem
1114 2024 1165 2052 sibi
1192 2023 1341 2058 subiectam
1356 2027 1439 2056 tenet,
1458 2031 1491 2052 ae
1515 2024 1595 2052 ﬁdem
1625 2031 1716 2053 servat

928 2070 1110 2105 inculpata'm,
1121 2074 1148 2097 et
1158 2069 1294 2097 hominem
1304 2077 1387 2104 supra
1394 2069 1530 2098 hominem
1542 2070 1642 2104 evehit,
1664 2072 1715 2099 tida

926 2120 953 2143 et
967 2115 1099 2143 doctrinis
1115 2123 1176 2143 eum
1193 2116 1379 2143 venerandum
1394 2115 1512 2144 reddens
1523 2135 1531 2149 ,
1550 2120 1577 2144 et
1596 2117 1628 2144 ad
1646 2125 1712 2152 sup-

926 2161 1080 2196 plicandum
1099 2161 1226 2188 Trinitati
1242 2169 1271 2189 se
1286 2161 1430 2195 inclinans,
1459 2166 1487 2189 et
1513 2162 1713 2198 adjumentnm.

923 2207 994 2242 quod
1009 2215 1040 2235 ex
1066 2208 1142 2235 hisce
1167 2208 1249 2235 rebus
1275 2208 1400 2243 percipit,
1421 2215 1499 2235 suum
1516 2208 1597 2236 veluti
1623 2209 1713 2236 cibum

924 2253 1045 2288 faciens;
1071 2262 1133 2282 nam
1152 2255 1175 2281 si
1193 2254 1311 2282 animam
1339 2259 1411 2282 recte
1435 2255 1623 2290 :estimemus;
1641 2255 1713 2283 nulla

921 2300 974 2328 alia
991 2308 1020 2328 re
1042 2300 1134 2328 ornari
1163 2301 1219 2335 ipsa
1247 2308 1279 2328 ac
1298 2301 1395 2328 nutriri
1416 2305 1524 2336 potest,
1556 2309 1637 2337 quam
1665 2303 1714 2330 do-

902 2358 906 2363 ~
922 2347 1010 2375 ctrina
1025 2352 1051 2376 et
1075 2347 1128 2375 fide
1141 2356 1147 2374 :
1160 2347 1264 2376 homini
1277 2347 1350 2376 enim
1367 2347 1445 2375 antibo
1463 2348 1519 2376 haec
1538 2349 1615 2376 cibus
1628 2354 1691 2376 sunt
1705 2370 1712 2380 .

1652 2459 1709 2485 Λπ-

921 2493 1029 2528 έχεσθαι
1043 2492 1098 2519 τῶν
1112 2492 1261 2528 σαρκικῶν,
1269 2496 1323 2528 etc.

958 2529 1013 2563 (95)
1032 2528 1117 2555 διε-ιιι.
1149 2527 1211 2555 llaec
1230 2528 1276 2563 Vini
1296 2527 1407 2562 Vulgata
1434 2527 1611 2555 translatione
1633 2527 1711 2554 Lati-

921 2572 954 2590 na
973 2572 1024 2589 non
1044 2567 1162 2594 exstant,
1189 2562 1236 2590 sed
1258 2562 1352 2589 Grazca
1369 2563 1452 2590 editio
1473 2570 1505 2590 ea
1522 2563 1600 2590 habet
1627 2563 1708 2589 Prov.

921 2607 1007 2634 xxv",
1024 2597 1064 2630 19,
1081 2597 1389 2634 ubi_legilttr_:__"ﬂsr:sp
1410 2598 1460 2634 οὐχ
1471 2597 1710 2634 ὅμοιαπρόσωπα

921 2633 1092 2669 προσώποις,
1111 2631 1197 2665 οὕτως
1226 2632 1287 2660 οὐδὲ
1306 2632 1334 2659 αἱ
1353 2631 1463 2668 καρδιάὶ
1481 2631 1536 2660 τῶν
1556 2631 1709 2668 ἀνθρώπων

916 2677 1016 2696 οιιοιαι.

933 2678 1161 2739 μῖιῖῗῖιιηίιπαιίε.
1180 2702 1259 2739 ιβεπ.
1273 2710 1303 2736 η,
1319 2703 1362 2731 ιι.

954 2736 1009 2773 {95)
1025 2739 1171 2772 Spiritu/is.
1197 2738 1296 2766 ibidem
1311 2746 1379 2766 vers.
1404 2737 1446 2765 15.
1458 2737 1550 2766 Graeca
1565 2736 1648 2765 editio
1660 2745 1708 2773 pro

918 2772 1022 2805 πάντας
1039 2775 1118 2800 habet
1134 2772 1233 2803 πάντα.
1248 2774 1273 2800 id
1293 2778 1335 2801 est
1347 2782 1357 2799 ι
1374 2774 1474 2800 omnia.
1495 2782 1505 2799 ι

953 2809 1010 2843 (96)
1023 2808 1129 2836 Isllm’c.
1139 2808 1228 2836 Codex
1240 2809 1299 2836 sine
1312 2809 1408 2841 spiritu
1432 2813 1512 2843 atqtte
1526 2813 1648 2842 accentu,
1663 2817 1707 2838 at»

917 2843 1225 2880 τη.1ω(ιιιρΙι-εααΰτη,
1244 2847 1290 2871 aut
1308 2843 1388 2879 auat),
1406 2850 1434 2870 ut
1453 2844 1548 2871 mavis.

1514 2891 1553 2921 25
