1933 3064
211 100 263 128 779

833 96 948 122 DIDHII
967 95 1205 123 ALEXANDKINI

1794 96 1849 123 780

213 168 306 193 Itutnpt:
329 165 390 184 cum
411 156 464 188 illc,
479 155 523 189 qui
539 162 571 182 ex
589 154 765 189 agricultura,
782 159 837 181 tum
849 155 905 186 ille,
918 155 1002 189 quiet

1062 154 1147 190 Λιὸγος
1163 155 1211 181 τοῦ
1233 154 1313 186 Θεοῦ,
1331 155 1345 181 ό
1368 153 1480 190 μηδενὸς
1508 153 1573 189 μηδὲ
1594 153 1682 180 αὐτῶν
1698 153 1750 180 τῶν
1765 162 1851 181 κατα-

211 205 336 233 doctrina
348 209 376 231 et
386 203 440 230 ﬁde
452 205 645 237 comparatur:
657 201 705 229 sed
717 201 763 229 ille
771 201 880 236 quidem
893 202 1000 235 corpori

211 251 263 278 hoc
282 249 391 282 tribuit,
404 253 433 276 ut
444 247 570 279 exsistat,
587 252 614 275 et
629 247 768 282 perduret,
786 247 838 275 iste
861 254 926 274 vero
951 246 1002 274 hoc

211 297 354 324 animabus
369 294 486 327 confert,
512 298 541 321 ut
554 293 615 321 aliis
634 293 800 322 antecellant
822 304 828 321 :
849 301 881 320 ac
904 301 951 329 per
970 293 1001 320 ii-

212 343 271 370 dem
287 343 408 377 insuper,
433 341 641 375 doctrinamque
663 341 790 368 universa
816 340 871 367 vita
898 344 1001 370 nostra.

215 389 303 423 quoad
319 388 371 414 alia
388 388 482 419 etiam,
501 386 563 413 felix
587 386 688 419 evadit,
717 390 744 413 et
768 390 855 413 recta.
875 385 932 412 Non
953 384 1002 412 ali-

1056 201 1226 236 φρονούντων
1247 199 1329 227 αὑτοῦ
1358 199 1550 236 καταφρονῶν,
1570 200 1584 226 ὁ
1599 200 1633 236 τῇ
1650 199 1790 234 ψυχῇ,“εξς
1818 200 1852 234 ἣν

1055 246 1098 273 διὰ
1110 245 1157 273 τοῦ
1179 247 1340 282 φυσήματος
1365 246 1396 273 τὸ
1410 245 1488 280 ἅγιον
1508 245 1591 273 αὐτοῦ
1608 245 1720 281 Πνεῦμα
1734 245 1854 280 κατῴκι-

1056 301 1112 324 σεν,
1126 292 1172 319 τὸν
1185 291 1262 327 λόγον
1273 292 1328 319 τῶν
1343 292 1451 318 πάντων
1468 292 1498 318 τὸ
1514 291 1678 327 τιμιώτατον
1700 291 1853 318 κατασπεί-

1057 347 1117 374 ρας.
1129 339 1175 366 Διὸ
1188 339 1235 366 καὶ
1251 338 1418 374 θαυμαστῶς
1434 338 1487 365 ὑπὸ
1494 338 1548 365 τῶν
1560 337 1613 373 ἔξω
1623 338 1664 369 εις
1678 337 1770 372 στίχου
1780 336 1852 367 τινὸς

1056 384 1260 421 ἁκροτελεύτιον
1279 385 1397 420 εῖρηται·

213 443 254 465 ter
265 434 671 470 haecsebabere,317quam
702 433 769 466 dixi,
802 433 945 469 perspicue
977 433 1128 468 comperiet
1145 433 1232 467 quis,
1256 433 1279 460 si
1316 432 1379 460 illm]
1407 432 1498 459 animo
1528 434 1643 465 reputet.
1672 429 1718 457 tali
1748 428 1851 456 homini

210 483 301 510 statim
332 481 502 514 illucescere,
533 486 559 508 et
585 485 788 515 eooperatorem
807 481 901 508 adesse
932 487 1005 512 eum,
1027 479 1072 514 qui
1092 480 1182 507 omnia
1197 480 1331 515 pervadit,
1347 487 1379 518 ac
1411 486 1493 514 supra
1523 479 1613 506 omnia
1626 476 1780 508 extollitur,
1800 474 1849 503 Dei

212 528 328 556 Verbum
356 527 472 559 Filium,
491 527 536 562 qui
557 527 704 559 nemiuem,
720 535 754 554 ne
782 534 815 554 ex
834 527 868 554 iis
878 526 1006 558 .quidem,
1027 534 1041 553 a
1061 526 1159 561 quibus
1180 527 1329 561 spernitur,
1362 525 1522 558 contemnit,
1550 525 1650 559 quique
1675 523 1787 554 animm,
1823 521 1850 548 in

211 581 262 608 qua
283 581 331 607 per
345 562 552 600 insutllatiouem
569 577 692 600 sanctqu
722 579 800 599 suum
833 571 965 607 Spiritum
983 572 1106 600 habitare
1132 572 1208 605 fecit,
1242 573 1374 600 rationem
1389 591 1395 602 .
1425 578 1485 606 qua:
1506 577 1550 597 res
1568 575 1610 596 est
1629 569 1750 596 omnium
1779 574 1850 603 pra:-

211 621 393 653 stautissima,
415 620 541 647 inseruit.
567 618 630 648 Ideo
661 628 675 647 a
712 620 834 654 profanis
869 628 976 655 quoque
1006 621 1134 656 przrclare
1157 622 1184 649 iu
1208 621 1353 656 cujusdam
1380 627 1474 647 versus
1498 623 1619 646 extrema
1645 623 1722 653 parte
1747 617 1849 644 dictum

166 2833 174 2835 ’
215 2829 287 2864 gitur
309 2839 316 2858 :

211 666 262 692 fuit
280 674 286 692 :
803 670 815 683 ο

354 712 506 748 Ubicunque
517 718 554 740 est
566 713 646 741 Ιιοηιο
662 734 669 747 ,
682 714 718 741 ibi
735 718 774 741 es!
787 715 864 742 ratio.

212 759 265 787 Sed
294 759 331 786 ita
360 760 467 794 quidem
498 760 556 786 haec
581 767 612 787 se
644 760 755 789 habent.
787 760 912 793 llaeretici
942 769 1006 789 vero

211 805 277 833 nihil
304 806 355 833 nisi
384 807 455 841 quod
478 807 644 833 immumlum
676 807 720 841 sit,
750 807 895 842 spirantes,
925 807 1005 835 allata

210 852 244 880 de
268 851 448 886 Rcdemptore
480 852 534 879 Deo
562 852 650 880 Verbo
671 861 762 881 rerum
783 855 903 881 omnium
933 854 1006 881 Cou-

212 898 300 926 dilore
311 898 437 925 sublimia
469 898 635 931 testimonia,
666 899 778 934 ejusque
798 900 868 928 dona
895 905 922 928 et
947 909 1002 927 ma-

210 945 307 980 gniliea
331 951 414 979 opera
447 953 499 971 non
531 945 711 977 attendentes,
736 947 769 973 ad
799 946 884 980 ipsius
917 947 1005 973 deita-

211 995 265 1017 tem
288 989 408 1016 referunt
433 995 514 1024 atque
530 990 675 1024 applicant
692 997 723 1017 ea
751 990 898 1026 Scriptura:
923 991 980 1019 loca
994 1012 1000 1024 ,

212 1043 271 1069 qtm
295 1037 328 1063 de
343 1043 448 1063 summe
466 1035 605 1070 inelfnbili,
620 1041 647 1063 et
669 1043 803 1063 summam
825 1037 884 1073 ejus
902 1037 1004 1064 immn-

212 1081 372 1109 labilimtem
390 1089 442 1109 non
460 1081 573 1109 lmdente
592 1082 711 1117 benigna
730 1081 919 1110 lncarnatioue
933 1083 1003 1110 dicta

211 1131 285 1161 sinit,
318 1135 432 1163 quaeque
449 1127 504 1156 illis
522 1127 633 1154 humilia
663 1129 800 1160 videntur,
825 1132 909 1163 atque
923 1129 1002 1155 inde-

211 1180 275 1200 cora
293 1181 299 1200 :
325 1178 352 1200 et
373 1173 472 1207 quibus
492 1181 524 1200 ex
541 1173 621 1200 rebus
639 1173 751 1207 gloriam
775 1173 820 1200 Dei
839 1175 1001 1209 perspicere,

211 1217 325 1252 ejusque
344 1218 370 1244 in
390 1217 515 1245 homines
535 1218 731 1253 benignitatem
753 1219 841 1254 magis
863 1219 1003 1248 Celebrate

216 1264 347 1291 deberent
372 1271 420 1299 per
445 1264 493 1291 has
510 1264 583 1300 ipsas
606 1265 684 1300 longe
699 1272 713 1291 a
734 1266 850 1293 veritate
864 1265 942 1293 alieni
956 1266 1001 1294 de-

215 1310 428 1344 prehenduntur,
453 1317 484 1337 ac
506 1318 538 1338 eo
564 1311 722 1343 deveniunt,
744 1315 773 1338 ut
799 1311 1001 1339 benefactorem

213 1363 246 1382 ac
260 1355 428 1383 Salvatorem
450 1356 627 1384 contumeliis
639 1356 779 1385 alliciant:
796 1364 846 1386 nec
862 1366 924 1387 eum
945 1359 1002 1394 pla-

1147 711 1304 747 Πανταχσῦ
1319 712 1420 746 λόγος,
1436 710 1508 736 ἔνθα
1521 709 1567 736 καὶ
1578 708 1742 749 ἅνθρωπος.

1063 759 1142 786 uim
1156 759 1242 786 ταῦτα
1265 758 1313 793 μὲν
1341 754 1392 784 ὦδὲ
1408 766 1445 792 πη
1468 756 1533 791 ἔχει.
1551 754 1688 790 Αἱρετικοὶ
1705 753 1744 786 δὲ,
1766 753 1850 788 μηδὲν

1056 805 1237 837 ἀναπνέοντες
1252 804 1384 840 καθαρὸν,
1402 804 1463 835 ταῖς
1485 801 1630 838 κειμέναις
1650 800 1716 836 περὶ
1733 799 1782 826 τοῦ
1802 800 1851 826 λυ·

1055 851 1158 887 τρωτοῦ
1176 850 1243 878 Θεοῦ
1267 851 1364 884 Λόγου,
1380 850 1427 876 τοῦ
1441 849 1550 875 πάντων
1566 846 1850 883 γενεσιουργοῦ,ΰψη-

1055 898 1115 929 λαῖς
1133 896 1298 932 μαρτυρίαις
1317 904 1347 922 τε
1366 895 1413 923 καὶ
1429 895 1555 930 δωρεαῖς,
1570 893 1616 920 καὶ
1635 892 1851 929 μεγαλουργίαις

1055 944 1085 970 οὐ
1102 943 1292 979 προσέχοντες,
1311 941 1347 968 τὰ
1360 942 1423 978 περὶ
1436 941 1486 977 τῆς
1503 940 1692 977 ἀρῤητοτάτης
1708 939 1754 965 καὶ
1768 938 1851 974 ἀτρε-

1056 990 1191 1025 πτοτάτης
1209 988 1399 1024 φιλανθρώπου
1424 987 1656 1023 ὲνανορωπήσεως
1669 985 1755 1012 αὺτοῦ
1771 993 1851 1020 νομι-

1055 1037 1155 1072 ζόμενα
1181 1035 1293 1067 ἐκείνοις
1313 1032 1382 1062 εἶναι
1407 1033 1583 1070 μικροπρεπῆ
1602 1033 1722 1068 ῥήματα,
1745 1033 1778 1067 τῇ
1790 1031 1852 1058 θεό-

1053 1090 1116 1118 τητι
1134 1081 1218 1109 αὐτοῦ
1232 1081 1446 1117 προσάπτουσιν
1466 1081 1512 1107 καὶ
1527 1080 1573 1115 ἀφ’
1593 1076 1630 1106 ὧν
1649 1078 1775 1113 ὤφειλον,
1795 1078 1849 1113 τήν

1052 1134 1084 1155 ’τε
1098 1128 1178 1162 δόξαν
1192 1127 1379 1154 διειδέναιτοῦ
1403 1127 1482 1159 Θεοῦ,
1499 1127 1546 1154 καὶ
1564 1127 1692 1161 ἀνυμνείν
1712 1124 1793 1151 πλέον
1817 1124 1851 1150 διδ

1055 1174 1245 1210 φιλάνθρωπον
1258 1173 1350 1206 αὐτοῦ,
1366 1173 1409 1200 διὰ
1420 1173 1524 1200 τούτων
1541 1172 1594 1206 ἔξω
1607 1181 1636 1198 τε
1651 1172 1699 1208 τῆς
1715 1170 1851 1206 ἀληθείας

1055 1220 1200 1256 φερόμενοι
1227 1220 1394 1251 ἁλίσκονται,
1419 1219 1466 1245 καὶ
1493 1216 1615 1255 ὗΰρίςειν
1636 1217 1682 1244 τὸν
1699 1217 1850 1253 εὐεργέτην

1054 1267 1101 1294 καὶ
1112 1267 1225 1302 Σωτῆρα
1240 1265 1416 1301 προάγονται·
1434 1265 1543 1301 φροντίς
1555 1273 1584 1290 τε
1602 1264 1704 1296 αὐτοῖς.
1716 1263 1764 1298 οὺχ
1773 1263 1851 1295 ὅπως

1054 1311 1251 1346 ὲξιλεώσωνται
1270 1311 1350 1338 αὑτὸν
1369 1311 1406 1343 ὡς
1426 1311 1531 1346 κριτήν·
1560 1309 1618 1336 ἀλλ’
1633 1310 1707 1340 ὅπως
1721 1309 1773 1335 ὑπὸ
1786 1309 1851 1345 κρί-

1055 1368 1096 1385 σιν
1117 1358 1191 1390 ὖντα,
1212 1358 1249 1390 ὡς
1269 1357 1388 1389 κτιστὸν,
1416 1357 1463 1384 καὶ
1490 1356 1559 1392 μετὰ
1586 1355 1635 1391 τὴν
1657 1356 1697 1387 εἰς
1716 1355 1851 1391 οὐρανοὺς

212 1409 275 1430 rare
289 1403 398 1430 student
413 1407 441 1429 ut
460 1402 591 1437 iudicem,
609 1404 656 1431 sed
670 1411 685 1431 e
698 1405 840 1432 contrario
854 1407 997 1433 ostendere

1055 1403 1146 1432 ἄνοδον
1155 1403 1202 1430 καὶ
1214 1403 1264 1438 τὴν
1283 1403 1316 1429 ἐκ
1334 1401 1428 1434 δεξιῶν
1449 1401 1495 1428 τοῦ
1518 1401 1615 1428 ἑαυτοῦ
1634 1400 1741 1436 Πατρὶς
1765 1399 1851 1426 ἰσότι-

212 1453 357 1481 conantur,
374 1449 474 1483 ipsum,
502 1454 596 1484 utpote
622 1455 743 1477 creatum
757 1470 765 1484 ,
784 1451 887 1486 judicio
913 1452 1004 1486 subje-

212 1500 285 1520 ctum
316 1501 376 1522 esse
410 1493 482 1522 nunc
506 1503 623 1530 quoque,
652 1501 793 1531 postquam
818 1502 846 1524 et
868 1497 894 1524 in
919 1498 1004 1525 ccelos

213 1540 346 1572 ascendit,
358 1545 385 1568 et
401 1542 433 1567 ad
448 1541 588 1568 dexteram
603 1541 692 1569 Patris
708 1543 748 1569 sui
766 1543 889 1570 considet
904 1543 1003 1578 aequali

213 1593 244 1612 ne
257 1586 301 1613 ille
322 1587 424 1613 honore
442 1586 608 1614 adiciendus.
627 1587 697 1620 Quin
715 1588 798 1615 etiam
817 1596 1004 1622 saepenumero

213 1639 273 1664 qua:
292 1631 324 1658 de
345 1632 403 1666 ipso
424 1631 504 1663 Filio,
526 1637 573 1658 aut
590 1633 624 1659 ab
648 1633 706 1667 ipso
729 1633 801 1660 dicta
818 1641 871 1660 non
895 1633 1004 1662 fuerunt

213 1682 261 1703 aut
284 1684 344 1711 qua:
361 1685 460 1704 arcano
487 1682 567 1712 atque
586 1678 759 1713 aenigmatico
789 1686 870 1707 sensu
900 1681 1002 1714 scripta

214 1728 288 1756 sunt,
314 1730 344 1749 ea
367 1723 425 1750 sine
451 1724 587 1756 exatuine,
606 1724 684 1758 quasi
712 1729 806 1752 contra
829 1727 929 1760 ipsum,
958 1731 1003 1753 aut

214 1769 249 1796 ab
276 1769 334 1802 ipso
353 1771 528 1804 pronuntiata
544 1775 707 1806 proponunt,
729 1777 756 1799 et
772 1780 885 1807 pravam
910 1780 1003 1808 quain-

213 1815 280 1842 libet
302 1821 382 1850 atque
407 1815 541 1842 inﬁrmam
559 1817 811 1851 interpretationem
827 1818 936 1853 plurimi
963 1818 1004 1845 fa—

213 1861 287 1889 ciunt
298 1870 308 1889 ι
325 1869 358 1889 ac
372 1862 530 1895 semetipsos
542 1862 607 1890 nihil
625 1862 660 1891 ab
676 1862 879 1890 irrationalibus
899 1865 1004 1890 anima-

212 1908 284 1936 libus
295 1908 478 1944 discrepantes
502 1908 722 1937 exhibent-huic
747 1908 920 1943 optatissimo
949 1908 1003 1935 Do-

214 1955 287 1982 mino
298 1975 305 1987 ,
321 1955 366 1990 qui
383 1955 524 1982 credentes
539 1954 612 1981 ducit
632 1954 690 1980 sine
702 1953 831 1981 violentia
848 1954 876 1981 in
890 1954 978 1981 Patris
994 1975 1002 1987 ,

213 2005 242 2026 et
256 2000 296 2026 sui
315 1999 417 2034 ipsius.
438 2004 466 2026 et
490 1999 576 2026 sancti
593 1998 712 2033 Spiritus
728 2006 809 2025 unum
834 1999 1000 2026 individuum

213 2053 341 2080 regnum,
370 2044 472 2079 quique
495 2045 529 2071 ob
555 2038 630 2071 suam
652 2052 715 2078 erga
743 2045 1002 2087 nosiudulgentiam

1056 1458 1105 1485 μον
1120 1448 1260 1484 συνεδρίαν
1271 1447 1459 1480 ἀποδείξωσιν.
1480 1447 1612 1479 Πολλάκις
1627 1447 1656 1473 δὲ
1676 1446 1723 1473 καὶ
1736 1445 1771 1472 τὰ
1783 1447 1851 1480 περὶ

1054 1496 1147 1527 αὐτοῦ,
1166 1495 1182 1531 ἦ
1196 1494 1259 1530 παρ’
1286 1493 1368 1520 αὑτοῦ
1390 1493 1427 1529 μὴ
1441 1493 1580 1528 λεχθέντα,
1593 1491 1652 1528 ἣδι*
1673 1491 1850 1527 ἐπικρύψεως

1054 1542 1199 1578 ᾐνιγμένα,
1219 1542 1257 1573 ὡς
1276 1542 1337 1567 κατ’
1354 1540 1474 1574 αὐτοῦ,ἥ
1495 1540 1558 1575 παρ’
1576 1539 1638 1574 [147
1649 1539 1674 1575 b]
1690 1538 1772 1566 αὐτοῦ
1783 1539 1852 1565 ἀπο-

1055 1578 1218 1624 πεφασμένα
1250 1588 1443 1618 ἀϐασανίστως
1472 1586 1650 1618 διατιθέασιν,
1683 1585 1729 1612 καὶ
1758 1585 1850 1611 πάντα

1055 1633 1154 1670 σαθρὸν
1174 1634 1220 1660 καὶ
1234 1633 1348 1660 ἄναλκιν
1375 1630 1571 1668 ἐκτετιμήκασι
1592 1631 1665 1658 νοῦν·
1686 1631 1762 1658 οὐδὲν
1781 1630 1850 1658 καλ-

1054 1679 1129 1711 λίους
1147 1679 1251 1713 ἀλόγων
1264 1678 1341 1711 ζώων
1366 1679 1480 1709 ἑαυτοὺς
1494 1677 1676 1713 προσάγοντες
1695 1677 1782 1712 τούτῳ
1808 1677 1850 1712 τῷ

1055 1725 1230 1761 περιποθήτῳ
1256 1725 1390 1762 Δεσπότῃ,
1411 1724 1450 1759 τῷ
1479 1725 1571 1758 ἄγοντι
1603 1724 1665 1758 δίχα
1695 1722 1755 1758 βίας
1783 1722 1850 1754 τοὺς

1055 1771 1233 1806 πειθομένους
1249 1772 1289 1803 είς
1304 1770 1355 1807 τὴν
1384 1770 1434 1797 τοῦ
1455 1769 1572 1805 Πατρδς,
1593 1770 1640 1796 καὶ
1662 1769 1771 1800 ἑαυτοῦ,
1799 1770 1851 1796 καὶ

1054 1817 1100 1844 τοῦ
1124 1817 1201 1852 ἁγίου
1231 1817 1399 1853 Πνεύματος,
1436 1817 1501 1852 μίαν
1525 1817 1676 1853 ἀδιαίρετον
1697 1815 1850 1851 βασιλείαν,

1054 1864 1101 1891 καὶ
1114 1864 1198 1898 φειδοῖ
1222 1866 1255 1900 τῇ
1266 1864 1333 1900 προς
1345 1864 1420 1900 ἡμᾶς
1433 1863 1621 1900 παραινοῦντι’
1645 1872 1654 1888 t
1676 1863 1721 1898 Μὴ
1739 1862 1850 1896 γίνεσθε

1054 1910 1092 1942 ὡς
1117 1910 1262 1943 ἵππος-καὶ
1281 1910 1403 1946 ἡμίονος,
1421 1908 1462 1942 οἷς
1476 1911 1526 1937 οὐκ
1547 1911 1618 1937 ἔστιν
1641 1910 1757 1941 σύνεσις.
1775 1919 1784 1935 ι
1807 1910 1850 1937 Τὰ

1053 1956 1107 1992 γὰρ
1118 1957 1202 1991 ἄλογα
1219 1957 1286 1989 ζῶα,
1303 1958 1396 1993 φησιν,
1419 1955 1458 1989 οἷς
1472 1959 1487 1992 ἡ
1502 1957 1574 1993 ψυχὴ
1592 1957 1622 1983 τὺ
1638 1957 1667 1989 ἐξ
1686 1957 1752 1992 ’ύλης
1764 1953 1848 1991 αἷμα,

1053 2003 1124 2030 κατὰ
1135 2003 1180 2030 τὸν
1188 2003 1299 2030 εἰπόντα
1324 2005 1352 2031 ὲν
1367 2005 1399 2040 τῇ
1422 2004 1541 2036 Γενέσει,
1558 2012 1567 2029 t
1590 2004 1626 2030 Τὸ
1647 2002 1715 2039 αἷμα
1733 2003 1817 2031 αὑτοῦ
1831 2006 1847 2039 ἡ

1053 2048 1126 2084 ψυχὴ
1142 2048 1236 2081 αὑτοῦ,
1255 2059 1264 2075 ι
1284 2050 1323 2081 εἰς
1337 2050 1389 2084 γῆν
1402 2048 1538 2082 νένευκεν,
1561 2050 1604 2076 ἀεὶ
1616 2052 1648 2086 τῇ
1658 2050 1757 2086 γαστρὶ
1778 2050 1847 2086 μόνῃ

213 2098 263 2118 nos
284 2090 320 2117 ita
345 2090 489 2120 hortatur:
504 2098 514 2116 ι
533 2089 622 2117 Nolite
638 2089 695 2124 (97)
710 2089 766 2117 ﬁeri
782 2091 849 2117 sicut
866 2099 951 2125 equus
975 2095 1002 2118 et

1054 2094 1225 2128 δουλεύοντα,
1242 2095 1288 2122 καὶ
1303 2096 1352 2137 ουκ
1372 2097 1521 2131 ἀνέστηκεν
1543 2096 1582 2132 τῷ
1608 2097 1714 2132 σώματι
1731 2097 1777 2123 καὶ
1808 2097 1848 2132 τῷ

213 2136 311 2169 mulus,
334 2136 432 2171 quibus
451 2143 504 2162 non
521 2140 564 2163 est
585 2136 746 2163 intellectus.
769 2146 779 2162 ι
798 2137 880 2170 Quasi
907 2137 999 2164 dicat:

213 2191 275 2209 nam
304 2182 408 2209 ratione
424 2182 552 2210 destituta
579 2183 737 2215 animantia,
766 2191 881 2218 quorum
910 2184 1000 2210 anima

213 2233 255 2256 est
266 2228 376 2263 sanguis
388 2228 549 2262 tuaterialis,
566 2228 643 2264 juxta
660 2237 732 2262 eum,
752 2230 796 2264 qui
812 2231 852 2257 ait
867 2230 894 2258 in
913 2232 1004 2259 Gene-

213 2275 235 2301 si
247 2273 301 2308 (98)
321 2283 328 2301 :
350 2283 359 2299 σ
382 2273 496 2309 Sanguis
516 2274 574 2309 ejus
587 2279 629 2301 est
645 2275 734 2302 anima
749 2276 807 2310 ejus
821 2295 828 2307 ,
848 2285 857 2301 ι
876 2276 902 2303 in
922 2276 1005 2312 318

215 2328 312 2348 terram
327 2328 410 2355 prona
428 2325 490 2348 sunt
506 2329 623 2356 semper,
640 2322 726 2350 ventri
743 2327 850 2350 tantum
877 2324 1003 2350 servien—

214 2368 262 2399 lin,
293 2373 380 2401 neque
406 2374 520 2400 corpore
536 2375 567 2395 ac
589 2372 678 2395 mente
702 2370 846 2404 eriguntur
861 2373 890 2396 ut
911 2370 1002 2403 homo,

213 2413 258 2447 qui
275 2417 300 2439 et
319 2417 425 2439 terrena
442 2413 534 2444 sentit,
548 2418 574 2439 et
597 2414 721 2441 sublimia
742 2415 822 2446 videt,
835 2420 862 2441 et
875 2414 908 2442 ad
923 2415 1004 2442 c-ele‘

214 2463 281 2484 stem
296 2457 497 2484 serenissimum
507 2478 516 2491 ,
531 2462 558 2484 et
573 2458 693 2493 cujusvis
707 2459 785 2493 plane
802 2460 937 2493 passionis
955 2468 1004 2487 cx-

214 2507 316 2536 portent
328 2507 428 2529 statum
444 2502 573 2535 festinat,
588 2509 670 2538 atque
700 2505 726 2532 in
746 2507 846 2532 tuundo
874 2506 947 2532 velut
972 2506 998 2533 in

215 2547 321 2580 publico
332 2547 448 2582 quodam
465 2547 582 2582 hospitio
598 2549 732 2583 hospitem
750 2557 779 2577 se
795 2549 928 2577 diversari
948 2558 999 2585 pu-

215 2600 265 2629 tat,
286 2599 313 2623 et
324 2595 444 2630 quotidie
461 2603 521 2623 sese
535 2596 593 2632 (99)
609 2597 642 2624 ad
657 2598 758 2624 exitum
775 2605 807 2624 ex
829 2597 878 2624 hac
891 2598 946 2624 vita
959 2606 1003 2626 sa-

216 2644 321 2680 pienter
337 2644 441 2680 agendo
471 2650 621 2679 praeparat;
644 2645 759 2681 ideoque
775 2645 828 2673 lide
852 2650 880 2673 et
913 2653 1004 2675 meme

251 2723 308 2761 (Ἦ)
323 2723 422 2761 Nolite.
437 2723 509 2761 Psal:
525 2732 600 2761 ηδε,
614 2725 644 2751 H
663 2725 720 2760 (seu
733 2725 771 2761 9).

252 2758 308 2794 (98)
326 2759 359 2786 1η
371 2758 474 2786 Genesi.
500 2759 528 2786 ln
551 2759 648 2787 Genesi
667 2758 730 2788 haec
751 2758 803 2790 non
823 2762 922 2788 iuveni.
947 2761 1000 2788 Ru-

215 2794 307 2827 spicil,
327 2799 357 2821 ut
380 2800 453 2828 pulo,
478 2794 590 2822 Levitie.
613 2803 679 2827 xvrl,
704 2795 733 2823 Η
766 2802 793 2823 ct
821 2796 865 2828 14,
896 2799 938 2824 ubi
962 2799 1000 2823 lc-

349 2829 381 2856 Ἡ
406 2829 460 2865 γὰρ
485 2829 558 2864 ψυχὴ
586 2830 676 2862 πάσης
702 2831 802 2866 σαρκὸς
827 2830 895 2867 αῗμα
918 2831 1000 2859 αὑτοῦ

1051 2141 1101 2176 νῷ,
1126 2140 1163 2173 ὡς
1179 2142 1193 2167 ὁ
1214 2141 1367 2177 ἄνθρωπος,
1392 2144 1406 2169 ὸ
1431 2143 1478 2169 καὶ
1497 2143 1551 2170 τῶν
1572 2143 1701 2177 ἐπιγείων
1721 2143 1848 2170 αισθανό-

1054 2196 1143 2223 μενος,
1158 2188 1205 2214 καὶ
1224 2188 1258 2215 τὰ
1283 2189 1408 2225 μετέωρα
1431 2189 1547 2224 βλέπων,
1573 2190 1620 2216 καὶ
1643 2189 1689 2216 ἐπὶ
1720 2189 1770 2225 τὴν
1791 2190 1848 2216 ἂνω

1053 2234 1241 2269 γαληνοτάτην
1258 2235 1306 2261 καὶ
1320 2235 1514 2270 ἁπαθεστὰτην
1526 2235 1694 2263 κατάστασιν
1711 2235 1847 2267 σπεύδων,

1053 2280 1100 2306 καὶ
1124 2280 1162 2312 ὡς
1193 2281 1221 2306 ὲν
1244 2281 1380 2316 πανδοκίῳ
1399 2282 1453 2308 τινὶ
1472 2283 1500 2308 ἐν
1522 2282 1560 2317 τῷ
1583 2283 1677 2318 κόσμῳ
1695 2282 1849 2318 ἡγούμενος

1054 2325 1277 2358 καταλελυκέναι,
1297 2327 1344 2353 καὶ
1364 2327 1645 2363 παρασκευαζόμενος
1669 2328 1703 2354 ἵν’
1728 2329 1846 2364 εὐφρονῇ

1054 2372 1095 2405 ἐφ’
1115 2371 1232 2407 ἑκάστης
1248 2372 1316 2406 πρὸς
1331 2372 1380 2408 τὴν
1397 2374 1428 2400 ὲκ
1446 2373 1541 2400 τούτου
1555 2373 1706 2406 ἔξοδον-διά
1719 2383 1749 2400 τε
1768 2374 1848 2400 τοῦτο

1055 2417 1155 2449 ἁπλοῦς
1166 2417 1214 2452 τὴν
1224 2418 1313 2445 πίστιν
1331 2419 1378 2445 καὶ
1395 2420 1443 2455 τὴν
1455 2419 1568 2456 γνώμην
1585 2420 1599 2446 ό
1612 2419 1693 2455 σοφὸς
1717 2420 1846 2455 ὑπάρχει.

1054 2463 1138 2488 Παντὶ
1149 2462 1203 2498 γάρ
1224 2470 1263 2497 τῳ
1277 2463 1368 2498 δῆλον,
1384 2463 1422 2495 ὼς
1436 2464 1526 2499 πάσης
1542 2463 1592 2499 τῆς
1617 2464 1661 2490 διὰ
1681 2463 1774 2497 ,λόγων
1800 2463 1847 2489 καὶ

1055 2508 1082 2533 ἐν
1093 2508 1182 2542 λόγοις
1192 2509 1291 2545 τέχνης
1310 2511 1327 2545 ἠ
1355 2510 1468 2545 ἀλήθεια
1490 2510 1623 2544 κρείττων
1637 2510 1689 2542 ἀεὶ,
1704 2510 1765 2544 ἥτις
1778 2518 1845 2544 συμ-

1056 2555 1178 2589 πέφυκεν
1190 2555 1221 2591 τῇ
1240 2556 1380 2592 ἁπλότητι.
1398 2557 1551 2593 Ταράττειν
1567 2556 1595 2584 δὲ
1607 2556 1654 2584 καὶ
1665 2555 1846 2592 ταράττεσθαι

1057 2600 1181 2628 δοκοῦσιν
1197 2602 1221 2628 οἱ
1241 2603 1360 2638 τεχνικοὶ
1376 2602 1460 2637 λόγοι,
1479 2603 1504 2630 οἳ
1525 2602 1719 2635 πλεονάζουσιν
1741 2602 1846 2637 αἱρετι-

1058 2649 1116 2680 κοῖς
1129 2649 1186 2681 τοῖς
1208 2649 1258 2684 τῆς
1275 2649 1433 2685 θεολογικῆς
1448 2649 1575 2686 θεωρίας,
1592 2651 1630 2682 ὡς
1649 2649 1697 2676 καὶ
1716 2647 1847 2685 Ἕλληνες

1053 2727 1121 2768 ἐστι,
1141 2728 1165 2754 id
1180 2733 1231 2762 est,
1249 2738 1258 2754 ι
1276 2729 1364 2758 anima
1381 2729 1453 2756 enim
1467 2730 1557 2757 omnis
1578 2730 1669 2758 carnis
1682 2735 1721 2758 est
1736 2729 1844 2765 sanguis

1051 2770 1145 2835 avlai-9;
1161 2798 1424 2835 Hospitia.7Codex,
1452 2799 1599 2826 πανδοκίω.
1621 2799 1672 2826 Alii
1688 2799 1844 2835 πανδοχεῖον

1054 2833 1186 2862 scribunt.
1209 2833 1380 2870 Phrynichus
1398 2835 1498 2862 mavult
1516 2835 1685 2863 πανδοκεῖον.
