1933 3064
107 123 163 151 ’193

646 116 690 143 DE
712 114 902 143 TRINITATE
923 113 1023 141 LIBER
1043 111 1207 141 TERTIUS.

1689 112 1742 139 795

107 181 158 211 τοῦ
175 179 242 207 Tia-3
258 179 304 206 τὸν
317 178 385 205 θεὸν
401 179 447 205 καὶ
463 175 572 213 Πατέρα
588 176 668 211 μόνον
683 176 852 209 ἐγνωκότας·
874 173 904 199 οὐ

970 172 1068 204 ‘aulns,
1089 179 1120 199 ac
1131 170 1153 198 si
1169 171 1192 198 is
1212 174 1342 205 praeterea
1364 169 1474 202 atheos,
1506 161 1596 209 i.lviest
1610 170 1666 196 sine
1681 168 1748 204 Deo,

108 229 214 263 κτίσμα
227 227 241 253 ὁ
254 226 320 258 Θεὸς
337 225 434 260 Λόγος.

145 367 198 393 IE'.
215 365 247 392 Εῑ
267 364 401 396 Ἰουδαῖοι,
425 362 625 397 ἀπιστήσαντες
649 359 688 395 τῷ
705 358 828 395 Χριστῷ,
850 357 906 384 ἴσον

107 412 207 440 ἑαυτὸν
235 411 358 438 ποιοῦντι
377 409 416 445 τῷ
441 409 513 444 Θεῷ,
536 407 584 434 καὶ
605 406 650 434 διὰ
673 405 753 433 τοῦτο
781 403 906 439 σταυρώ-

109 465 206 488 σαντες
227 456 308 482 αὑτὸν
327 453 542 489 κατεκρίθησαν,
562 449 723 486 Χριστιανοὶ
743 448 773 475 δὲ
794 446 906 474 πιστεύ-

109 511 207 534 σαντες
221 501 356 536 λάνωτέρω
372 499 484 526 ἐκείνων
499 497 660 533 γέγόνασιν-
687 495 718 522 οὺ
744 493 907 530 μικρότερος

108 549 139 576 εν
151 558 206 576 τινι
218 548 266 575 τοῦ
284 548 349 574 ἰδίου
364 546 472 582 Πατρδς
486 546 500 572 ὁ
517 544 590 576 Υἱός.

145 596 207 629 IG’.
223 595 255 621 Εἰ
277 593 325 620 τοῦ
354 593 434 629 μόνου
453 591 520 618 Θεοῦ
548 589 686 625 ἐξαίρετον
706 587 739 615 τὸ
763 586 907 622 ὑμνεῖσθαι

111 651 122 668 ‹
143 641 230 676 μέγας
243 639 308 671 Θεὸς
318 659 325 671 ,
347 648 356 664 ι
370 636 571 672 ἀναφθέγγεται
593 634 615 661 δ’
635 633 696 670 [151
712 632 739 669 ὁ]
755 634 770 660 ὁ
782 631 906 664 Παῦλος,

112 698 122 714 ι
136 687 191 714 Τοῦ
211 686 329 722 μεγάλου
348 683 415 711 Θεοῦ
429 683 476 710 καὶ
492 682 618 716 Σωτῆρος
636 679 716 715 ἡμῶν
736 678 824 714 Ἰησοῦ
839 678 908 714 Χρι-

109 734 187 765 στοῦ,
201 742 210 758 ι
235 732 282 759 καὶ
294 732 308 758 ὁ
322 730 418 763 Δαυῒδ,
437 739 446 755 ι
459 729 508 761 Τίς
529 728 622 764 ὅμοιός
645 735 684 753 σοι
699 726 728 752 ὲν
747 724 818 757 θεοῖς
828 745 835 758 ,
851 725 908 752 Κύ-

108 786 169 814 ριε;
184 788 193 804 ι
220 777 271 804 οὐκ
288 776 452 812 ἐξοχώτερος
467 774 513 801 τοῦ
539 772 616 805 Υἱοῦ,
630 772 690 799 οὐδὲ
713 770 907 807 ἁπαράόλητος

111 825 183 861 πρὸς
202 824 294 852 αὐτόν.

957 218 1020 246 illos
1033 222 1126 249 vocat,
1157 217 1202 251 qui
1230 221 1309 243 antea
1324 223 1377 243 non
1404 214 1514 247 Filium,
1545 215 1593 243 scd
1619 215 1700 242 Deum
1721 220 1749 242 et

958 264 1067 291 Patrem
1083 263 1218 290 duntaxat
1241 266 1392 295 noverant;
1412 269 1466 290 non
1486 267 1527 289 est
1543 269 1609 289 sane
1623 267 1748 289 creatura

958 310 1030 337 Dens
1046 308 1177 336 Verbum.

992 354 1051 382 XV.
1068 355 1097 381 Si
1110 353 1207 387 Judzci,
1221 354 1267 389 qui
1284 353 1395 381 Christo
1404 358 1579 388 semetipsum
1595 353 1649 381 Deo
1657 361 1749 389 aequa.

958 402 1009 429 lem
1027 401 1136 428 facienti
1155 408 1208 428 non
1225 400 1509 435 credinlerunt,eaqne
1526 400 1558 428 de
1574 408 1657 428 causa
1671 401 1746 428 illum

958 447 1169 480 crucifixerunt,
1199 446 1373 474 condemnati
1403 451 1480 480 sunt;
1512 446 1657 473 Christiani
1673 454 1748 480 vero,

957 495 1005 529 qui
1025 495 1050 521 ei
1067 493 1255 525 crediderunt,
1268 500 1350 528 supra
1375 493 1435 520 illos
1449 492 1545 520 elevati
1564 492 1657 527 fuere;
1677 493 1750 521 nulla

961 541 988 568 in
1005 547 1033 567 re
1055 539 1168 575 proprio
1181 539 1260 566 Patre
1276 532 1368 566 niinor
1381 544 1422 566 est
1436 538 1531 566 Filius.

993 586 1064 614 XVI.
1084 586 1112 614 Si
1127 586 1176 614 soli
1191 586 1245 614 Deo
1261 586 1371 619 eximie,
1402 589 1484 620 atque
1505 585 1672 613 excellenter
1685 593 1750 613 con-

958 632 1042 666 venit,
1058 638 1086 660 ut
1101 632 1232 668 (Magnus
1241 633 1311 660 Deus
1325 642 1334 659 ι
1348 636 1519 666 nuncupetur
1537 639 1568 659 ac
1577 632 1748 667 prmdicetur,

959 679 998 706 ait
1017 686 1082 706 vero
1101 677 1212 710 Paulus,
1227 687 1237 704 ‹
1250 677 1341 712 Magni
1353 677 1400 718 Dei
1417 677 1472 713 (50)
1495 681 1522 705 et
1538 677 1687 704 Salvatoris
1699 684 1751 703 no-

959 725 1009 752 stri
1024 724 1090 752 Iesu
1102 724 1215 755 Christi,
1234 733 1243 750 ι
1258 728 1284 752 et
1301 723 1396 756 David,
1423 732 1432 749 ι
1446 723 1511 757 Quis
1527 723 1623 751 similis
1635 723 1690 758 (5i)
1703 723 1751 750 tibi

960 772 986 800 in
1001 772 1063 804 diis,
1080 766 1237 798 Domine‘ii
1267 778 1320 798 non
1336 775 1378 797 est
1393 777 1458 797 sane
1473 769 1555 797 Pater
1574 769 1752 797 excellentior

960 818 1039 850 Filio,
1057 825 1146 852 neque
1163 816 1387 851 incomparabilis
1401 822 1526 851 respecru
1547 816 1642 851 ipsius.

145 854 194 900 lZ".
216 872 248 897 Ei
265 871 279 897 ὸ
295 870 376 901 αὐτὸς
392 867 498 899 Παῦλος
514 867 545 894 οὐ
562 865 724 902 συναριθμεῖ
744 863 827 891 αὑτὸν
843 865 906 895 ,τοῖς

996 863 1078 893 XVII.
1100 863 1127 891 Si
1147 864 1219 892 idem
1247 863 1347 891 Paulus
1373 863 1445 891 inter
1472 867 1580 891 creatos
1592 863 1655 890 deos
1677 863 1751 890 illum

109 919 230 950 κτιστοῖς
246 917 327 949 θεοῖς,
350 915 492 942 συντάττει
511 914 540 941 δὲ
558 913 628 949 μετὰ
649 911 696 938 τοῦ
713 911 831 946 Πατρδς,
848 911 904 937 Ko-

113 964 226 1001 ρινθίοις
250 963 374 1000 γράφων,
395 971 405 987 ι
424 961 480 988 Καὶ
503 960 559 996 γὰρ
583 959 662 994 εἴπερ
686 958 739 984 εἰσὶ
765 957 907 992 λεγόμενοι

110 1011 169 1037 θεοὶ
181 1010 284 1042 πολλοὶ,
299 1009 346 1035 καὶ
364 1008 454 1043 κύριοι
470 1006 562 1033 πολλοὶ
575 1005 604 1032 ἐν
623 1013 653 1032 τε
669 1004 778 1040 οὐρανῷ
795 1005 842 1030 καὶ
862 1003 908 1030 ἐπὶ

110 1058 174 1092 γῆς,
191 1056 248 1082 ἀλλ’
270 1056 336 1091 ἡμῖν
355 1051 395 1086 εἷς
409 1053 476 1084 Θεὸς
490 1053 504 1078 ὁ
522 1052 626 1087 Πατὴρ,
649 1050 679 1083 ὲξ
696 1048 726 1078 οὗ
743 1049 778 1076 τὰ
796 1050 887 1077 πάντα
899 1057 905 1064 ·

110 1103 160 1130 καὶ
178 1100 217 1134 εἷς
233 1101 336 1137 Κύριος
355 1099 459 1135 Ἰησοῦς
473 1097 602 1134 Χριστὸς,
627 1097 661 1124 δι⁸
680 1093 710 1123 οὒ
727 1096 762 1123 τὰ
776 1096 881 1123 δπάντα·
896 1105 904 1122 ι

111 1149 163 1176 οὐκ
177 1149 205 1175 ὲν
222 1148 356 1184 ποιήμασι
371 1144 574 1178 συντετάξεται,
591 1143 661 1180 μετὰ
678 1143 706 1170 δὲ
722 1143 830 1179 Harpe;
847 1151 909 1169 συν-

112 1194 324 1230 δοξασθήσεται.

151 1242 205 1269 III’.
226 1243 258 1268 El.
291 1239 458 1277 δημιουργὸς
489 1238 619 1271 πάντων,
647 1237 696 1264 καὶ
730 1236 820 1262 αὐτῶν
854 1235 910 1264 τῶν

113 1289 220 1317 αἰώνων
242 1288 316 1315 ἐστὶν
336 1287 351 1313 ὁ
368 1287 443 1319 Υἱὸς,
461 1285 498 1317 ὡς
514 1284 635 1320 ἐγράφη,
657 1283 711 1319 πρὸ
728 1283 818 1318 πάσης
834 1283 910 1318 ἐνερ-

113 1335 194 1370 γείας
217 1334 309 1360 ἐστίν·
334 1334 347 1360 ὁ
364 1333 392 1359 δὲ
417 1331 470 1368 πρὸ
493 1331 582 1365 πάσης
607 1329 749 1365 ἐνεργείας
775 1328 824 1355 οὐκ
850 1328 911 1367 ἐδη-

117 1380 282 1417 μιουργήθη.
295 1379 379 1407 Οὐδὲν
399 1379 454 1414 γὰρ
468 1377 642 1414 προαιώνιον,
664 1376 682 1412 ἢ
701 1375 754 1412 πρὸ
770 1375 911 1411 ἐνεργείας

114 1428 219 1454 νοεῖται
245 1425 365 1458 κτιστὺν,
392 1424 448 1452 ἀλλ’
470 1425 487 1459 ἡ
511 1424 540 1450 ὲν
565 1423 638 1450 ὲνάδι
667 1422 800 1457 ἀγένητος
826 1420 911 1457 Τριὰς

116 1474 198 1509 μόνη.
212 1473 267 1499 Καὶ
281 1472 385 1503 ἄλλωςο
402 1471 434 1498 Εἰ
451 1471 561 1498 πάντων
575 1468 767 1504 γενεσιονργὸς
783 1468 842 1493 ἐστι
856 1466 910 1493 τῶν

115 1519 213 1551 δντων,
233 1518 284 1545 οὐκ
301 1517 374 1544 ἔστιν
388 1517 427 1549 ὡς
444 1515 532 1543 ταῦτα
549 1515 668 1546 κτιστός.
682 1513 750 1540 Κατ’
765 1512 842 1540 οὐδὲν
857 1512 911 1548 γὰρ
927 1529 948 1557 C

115 1568 172 1599 Ιτοῖς
191 1566 344 1601 ¹κτίσιν-τισιν
362 1566 376 1592 ὁ
390 1563 504 1599 κτίστης
520 1561 715 1598 παραπλήσιος
731 1557 802 1586 εἶναι
828 1558 910 1586 δύνα-

114 1620 174 1644 ται,
191 1611 208 1646 ἢ
230 1610 342 1646 ὀφείλει.
362 1609 430 1636 Ἀλλ’
449 1609 509 1636 οὐδὲ
533 1608 637 1643 κτίσμα
659 1604 842 1642 δημιουργοῦν
865 1604 911 1631 οὺ-

117 1659 183 1691 σιοί,
196 1657 214 1694 ἢ
228 1656 336 1692 λογικὸν
349 1655 486 1683 ἀποτελεῖ.

154 1787 205 1816 ιΘσ.
224 1787 254 1814 Εἰ
270 1784 304 1822 ἦν
317 1787 346 1813 ἐν
362 1787 395 1822 τῇ
411 1786 481 1821 ἀρχῇ
500 1784 566 1816 Θεὸς
588 1783 657 1820 πρὸς
673 1783 720 1810 τὸν
733 1782 810 1814 Θεὸν,
826 1780 912 1817 ἀρχὴν

117 1834 202 1869 ἄλλην
217 1833 298 1864 αὐτὸς
311 1833 362 1859 οὐκ
372 1832 439 1867 ἔχει,
455 1830 634 1867 ἀρχαιότερος
647 1829 683 1856 ὢν
704 1829 796 1863 πάσης
813 1828 910 1864 ἀρχῆς.

125 1880 202 1907 Ἐπεὶ
223 1878 331 1914 ἀνάγκη
356 1878 432 1904 πᾶσα
455 1877 547 1904 δοῦναι
571 1875 658 1911 ἀρχὴν
681 1875 728 1902 καὶ
750 1874 789 1909 τῷ
814 1873 911 1908 Πατρί.

121 1937 133 1952 ι
146 1923 201 1952 Ἦν
215 1935 224 1951 ι
245 1925 311 1960 γὰρ,
332 1925 426 1960 φησὶν,
453 1933 461 1949 ι
476 1925 505 1950 ὲν
527 1924 560 1958 τῇ
587 1923 658 1958 ἀρκῇ
688 1921 754 1952 Θεὸς
774 1920 842 1956 πρὸς
867 1919 912 1945 τὸν

118 1972 198 2000 Θεόν.
213 1981 222 1998 ι
246 1972 303 1998 Οὐκ
320 1970 391 1997 ἐστιν
418 1969 446 1996 δὲ
463 1969 534 2005 ἀρχὴ
551 1968 602 2004 τῆς
619 1968 684 2004 μιᾶς
708 1967 838 2003 θεότητος
862 1965 912 2001 τῆς

119 2017 204 2053 οὔσης
218 2018 246 2044 ὲν
262 2018 295 2053 τῇ
313 2017 396 2053 ἀρχῇ.

156 2065 199 2092 ις’.
216 2064 248 2091 Εί
263 2063 308 2090 νοῦ
331 2062 431 2095 παντὸς
447 2061 608 2097 ἁνῴκισται,
627 2059 686 2091 πῶς
702 2059 841 2095 Παρθένος
855 2058 914 2094 ῥεύ-

122 2119 192 2142 σεως
208 2109 285 2141 ἐκτὸς
307 2109 411 2142 ἔτεκεν,
427 2108 542 2144 μείνασα
562 2107 643 2134 πάλιν
658 2106 806 2142 παρθένος·
825 2105 914 2142 πολλῷ

123 2156 224 2193 μᾶλλον
237 2155 453 2190 ἅνεφικτότερον,
469 2154 529 2186 πῶς
544 2153 694 2188 αὑτογενὴς
711 2153 776 2184 Θεὸς
792 2152 839 2178 καὶ
858 2152 914 2179 Πα-

122 2204 186 2239 τὴρ,
199 2203 338 2239 ἀνάρχως,
356 2202 403 2228 καὶ
416 2201 477 2236 δίχα
493 2200 598 2232 πάθους
618 2199 647 2233 ἐξ
664 2199 725 2226 ὅλου
740 2198 838 2243 ἑαυτοῦ
855 2198 914 2225 ὅλον
931 2212 954 2241 ο

125 2248 276 2285 ἰσομέτρως
292 2249 385 2275 τέτοκε
398 2247 443 2274 τὸν
457 2247 532 2275 Υίόν.

160 2339 227 2365 KA'.
246 2338 278 2364 El
307 2338 381 2374 ἡμᾶς
410 2337 532 2369 πλάσας,
558 2336 750 2368 αὑτεξουσίους
783 2335 854 2372 [152
882 2334 915 2371 α]

128 2383 268 2419 ἐποίησεν,
290 2385 382 2419 κρίσιν
405 2383 499 2419 ὁρίσας
521 2383 568 2410 ἐπὶ
590 2383 660 2418 καλῇ
679 2383 726 2409 καὶ
743 2383 815 2418 κακῇ
843 2381 915 2417 πρά-

126 2430 182 2463 ξει·
207 2430 266 2462 πῶς
288 2429 367 2461 αὐτὸς
393 2430 443 2456 οὐκ
467 2429 523 2464 ἔχει
547 2429 636 2461 τοῦτο,
657 2428 671 2455 ὃ
693 2428 793 2455 ἔδωκεν
808 2430 875 2463 ἡμῖν
902 2428 916 2455 ὁ

127 2474 199 2502 κατὰ
219 2474 268 2508 τὴν
292 2474 461 2509 προφητείαν
478 2473 518 2501 ὣν
539 2474 622 2507 Θεὸς,
646 2473 771 2509 ίσχυρδς,
796 2473 918 2506 ἐξουσια-

128 2522 209 2556 στής⁸

163 2611 229 2642 KB'.
246 2612 279 2638 El
307 2612 401 2644 πιστός
432 2612 490 2638 ἐστι
522 2611 624 2647 Πέτρος
653 2612 682 2637 ἐν
710 2611 769 2642 ταῖς
797 2611 916 2647 Πράξεσι

165 2680 222 2712 (Ξὶο)
243 2680 334 2716 Magni
354 2681 411 2709 Dei.
432 2682 485 2709 Tit.
499 2689 529 2712 tt,
547 2681 590 2709 I3.

167 2716 223 2751 ('31)
245 2713 310 2749 Qui:
338 2717 441 2745 similia.
468 2716 539 2743 Psal.
566 2723 665 2747 Lxxxv,
690 2715 717 2744 7.
743 2713 841 2751 VBiblia
871 2722 919 2749 pro

127 2750 189 2783 τίς,
215 2750 240 2778 id
255 2755 298 2779 est
314 2761 323 2777 ε
338 2751 409 2786 quis,
424 2761 433 2777 ι
456 2752 554 2778 habent
576 2751 626 2778 οὐκ
640 2751 723 2783 ἔστιν,
742 2750 767 2777 id
786 2754 828 2777 est
841 2758 850 2775 ι
866 2757 918 2786 non

131 2790 185 2814 est.
200 2795 210 2813 ι
231 2786 283 2814 Sed
300 2784 360 2813 vide
375 2786 446 2814 Psal.
460 2794 592 2817 Lxxxvut,
607 2786 633 2814 7.
876 2784 880 2789 ”

168 2820 226 2856 (52)
247 2821 317 2848 Nam
335 2822 395 2849 etsi.
430 2821 438 2848 l
473 2821 535 2848 Cor.
565 2829 623 2853 wn,
640 2821 667 2851 5.
693 2821 719 2848 6.
747 2821 850 2856 Sextus
876 2825 916 2847 ta—

133 2863 195 2884 men
214 2855 360 2886 rersiculus
375 2856 452 2892 paulo
467 2856 545 2884 aliter
560 2865 588 2885 sc
604 2857 682 2884 Imhct
698 2857 724 2884 in
745 2855 837 2884 Bibliis
853 2863 914 2884 cum

959 917 1012 938 non
1031 913 1219 941 connumerat,
1242 909 1289 937 sed
1313 909 1399 944 ipsum
1427 916 1487 936 cum
1510 908 1592 936 Patre
1618 913 1707 943 aequat
1725 912 1753 937 et

959 956 1085 988 collocat,
1111 956 1235 984 scribens
1253 956 1414 988 Corinthiis,
1441 965 1450 981 ι
1468 955 1533 982 Nam
1549 955 1598 982 etsi
1617 955 1673 990 (52)
1690 961 1752 983 sunt

959 1003 1004 1038 qni
1022 1003 1150 1030 dicuntur
1177 1002 1214 1030 dii
1232 1002 1319 1033 multi,
1334 1006 1360 1028 et
1375 1001 1478 1029 domini
1500 1002 1576 1029 multi
1592 1001 1618 1030 et
1633 1002 1658 1029 in
1672 1001 1752 1034 caelo,

960 1054 988 1075 ct
1001 1049 1029 1075 in
1047 1053 1138 1076 terra:
1156 1052 1244 1075 tamen
1272 1047 1350 1075 nobis
1371 1056 1441 1075 unus
1462 1047 1534 1075 Deus
1544 1048 1634 1082 Pater,
1648 1052 1681 1076 ex
1699 1055 1753 1083 quo

961 1095 1065 1126 omnia,
1084 1099 1112 1122 et
1130 1102 1200 1122 unus
1213 1094 1343 1121 Dominus
1353 1093 1432 1122 Jesus
1448 1094 1582 1134 Christus,
1602 1103 1651 1129 per
1674 1103 1752 1129 quem

960 1141 1068 1173 omnia;
1082 1149 1090 1166 ι
1109 1148 1162 1168 non
1176 1144 1218 1168 est
1232 1141 1313 1175 igitur
1326 1140 1397 1167 inter
1408 1144 1550 1168 creaturas
1564 1141 1753 1173 collocandus,

960 1187 1007 1214 sed
1025 1194 1086 1214 cum
1100 1186 1184 1214 Patre
1199 1186 1459 1222 congloriﬁcandus.

998 1233 1081 1269 326
1100 1232 1192 1260 XVIII;
1205 1233 1234 1260 Si
1249 1240 1341 1260 rerum
1351 1233 1523 1265 omnium,“
1541 1233 1660 1268 ipsorum
1672 1233 1754 1261 etiam

961 1280 1122 1306 Sil‘CllIOl'lIln
1140 1279 1266 1315 conditor
1280 1284 1322 1306 cst
1345 1278 1443 1310 Filius,
1456 1279 1528 1306 sicut
1544 1279 1674 1314 scriptum
1687 1279 1755 1314 legi-

962 1331 1006 1353 tur
1023 1326 1090 1361 (55),
1110 1325 1215 1352 exstitit
1239 1333 1304 1361 ergo
1327 1330 1472 1360 antequam
1493 1325 1640 1360 quidquam
1665 1325 1753 1354 ﬁeret.

961 1371 995 1397 At
1018 1371 1063 1405 qui
1090 1370 1195 1398 exstitit
1223 1375 1367 1404 antequam
1397 1370 1545 1405 quidquam
1577 1371 1670 1402 iieret,
1701 1378 1754 1397 non

963 1415 1013 1443 fuit
1026 1416 1172 1447 conditus;
1198 1415 1264 1442 niltil
1285 1415 1371 1447 enim,
1387 1415 1461 1450 quod
1489 1419 1611 1442 creatum
1625 1416 1670 1447 sit,
1692 1422 1755 1442 ante

963 1461 1076 1493 smcula,
1088 1465 1135 1488 aut
1152 1465 1215 1488 ante
1229 1461 1396 1488 creationem
1420 1460 1559 1488 cxsistens
1578 1461 1754 1496 intelligitur;

965 1507 1013 1535 sed
1033 1515 1064 1534 ea
1079 1507 1223 1540 duntaxat,
1250 1513 1308 1540 quae
1331 1506 1357 1533 in
1377 1506 1480 1533 unitate
1495 1507 1611 1539 exsistit,
1625 1507 1753 1534 'increata

965 1551 1097 1579 Trinitas.
1114 1551 1149 1578 Et
1164 1552 1263 1579 aliter:
1282 1551 1310 1578 Si
1323 1552 1455 1583 omnium,
1474 1559 1534 1586 qua:
1547 1556 1619 1586 sunt,
1631 1553 1755 1580 conditor

964 1603 1016 1630 est,
1027 1606 1079 1625 non
1091 1602 1133 1627 est
1147 1602 1265 1629 creatus,
1279 1597 1428 1631 cujustnodi
1446 1597 1490 1624 illa
1505 1604 1583 1631 sunt;
1601 1598 1674 1625 nullo
1683 1599 1754 1626 enim

967 1646 1046 1673 modo
1058 1645 1193 1673 creaturis
1201 1644 1316 1673 Creator
1323 1644 1418 1672 similis
1427 1652 1486 1672 esse
1498 1649 1585 1680 potest
1605 1646 1754 1679 autdehet;

966 1698 1015 1718 nec
1030 1695 1161 1725 praeterea
1176 1695 1300 1718 creatura
1317 1690 1434 1718 creando
1445 1690 1510 1717 dare
1523 1690 1755 1725 potestexsistcu-

968 1737 1044 1769 tiam,
1062 1745 1150 1772 neque
1166 1738 1279 1765 rationis
1304 1738 1463 1773 participem
1484 1738 1637 1772 quempiam
1655 1737 1753 1765 facete.

1001 1783 1071 1811 XIX.
1094 1783 1122 1812 Si
1134 1789 1193 1811 erat
1210 1784 1236 1811 in
1253 1784 1385 1819 principio
1399 1784 1469 1812 Dens
1486 1785 1558 1818 apud
1575 1785 1668 1817 Deum,
1683 1783 1755 1811 aliud

968 1830 1134 1866 principium
1149 1830 1234 1858 Filius
1248 1831 1304 1865 ipse
1319 1838 1370 1858 non
1387 1830 1468 1858 habet
1488 1837 1549 1858 cum
1570 1830 1606 1857 sit
1620 1830 1757 1865 antiquior

969 1877 1045 1904 omni
1058 1876 1213 1912 principio:
1232 1876 1352 1911 alioquin
1372 1876 1483 1904 omnino
1509 1876 1690 1904 necessarium
1704 1877 1757 1904 erit

967 1923 1106 1958 assignare
1113 1922 1272 1958 principium
1279 1923 1359 1949 etiam
1367 1922 1452 1949 Patri.
1462 1931 1471 1948 ‹
1479 1922 1540 1949 Erat
1547 1932 1556 1948 ›
1564 1922 1648 1956 enim,
1658 1922 1756 1956 inquit,

971 1978 980 1995 ι
995 1969 1022 1996 in
1039 1968 1173 2003 principio
1187 1968 1258 1996 Deus
1275 1969 1344 2003 apud
1363 1969 1445 1996 Deum
1459 1968 1526 2004 (54).
1538 1978 1547 1994 ι
1567 1968 1675 1996 Nullum
1692 1976 1756 1996 vero

967 2013 1130 2049 principium
1147 2014 1228 2042 habet
1243 2022 1295 2042 una
1318 2015 1409 2042 Deitas
1421 2015 1556 2042 exsistens
1570 2015 1596 2042 in
1610 2015 1754 2050 principio.

1005 2058 1064 2086 XX.
1086 2059 1113 2086 Si
1130 2058 1202 2086 nulla
1227 2059 1367 2094 percipere
1393 2067 1470 2087 mens
1497 2063 1596 2094 potest,
1621 2061 1755 2094 quomodo

976 2104 1055 2140 Virgo
1086 2105 1148 2132 sine
1163 2104 1236 2132 ﬂuxu
1254 2105 1401 2140 pepererit,
1419 2113 1531 2133 manens
1556 2113 1650 2133 rursus
1663 2106 1755 2140 virgo:

968 2154 1071 2185 quanto
1087 2150 1178 2177 minus
1211 2150 1324 2185 intelligi
1351 2150 1460 2185 poterit,
1488 2150 1624 2186 quomodo
1641 2150 1685 2178 ille
1709 2158 1758 2186 per

969 2204 999 2224 se
1015 2196 1151 2224 exsistens
1168 2197 1238 2224 Deus
1253 2205 1284 2224 ac
1296 2196 1389 2230 Pater,
1403 2198 1436 2225 ab
1454 2201 1565 2229 a-terno,
1581 2201 1608 2225 et
1623 2197 1681 2225 sine
1696 2205 1758 2232 pas-

969 2242 1046 2269 sione
1061 2249 1094 2269 ex
1109 2246 1166 2270 toto
1180 2243 1327 2278 semetipso
1350 2247 1435 2270 totum
1458 2243 1509 2271 sibi
1528 2243 1649 2279 perfecte
1664 2251 1758 2279 aequa-

968 2289 1022 2316 lem
1035 2289 1160 2324 genuerit
1181 2289 1300 2316 Filium?

1006 2335 1078 2363 XXI.
1098 2335 1127 2363 Si
1144 2343 1206 2363 cum
1229 2335 1315 2363 Filius
1340 2335 1398 2370 ipse
1430 2343 1478 2363 nos
1492 2335 1634 2369 formavit,
1649 2336 1758 2372 propria

970 2382 1096 2410 libertate
1111 2382 1240 2418 prmditos
1254 2380 1325 2414 fecit,
1338 2381 1462 2416 judicare
1485 2389 1532 2410 nos
1548 2387 1670 2410 statuens
1680 2388 1759 2418 prout

971 2429 1050 2457 home
1064 2434 1113 2457 aut
1129 2429 1207 2456 mala:
1232 2433 1331 2456 nostra:
1348 2428 1469 2456 actiones
1491 2428 1608 2463 fuerint;
1624 2429 1759 2464 quomodo

973 2475 1030 2511 ipse
1042 2475 1068 2503 id
1085 2483 1137 2503 non
1151 2475 1244 2507 habet,
1265 2474 1337 2510 quod
1353 2475 1428 2502 dedit
1440 2474 1534 2502 nobis?
1551 2475 1619 2509 ipse,
1639 2476 1757 2511 inquam,

971 2522 1016 2557 qui
1041 2521 1118 2556 juxta
1146 2521 1315 2557 prophetiam
1343 2526 1385 2548 est
1410 2520 1482 2548 Deus
1510 2520 1608 2554 fortis,
1635 2522 1758 2549 domina-

970 2572 1012 2595 tor
1025 2567 1080 2603 (εδ)
1092 2567 1103 2594 2

1005 2612 1090 2640 XXII.
1113 2613 1140 2640 Si
1158 2613 1210 2641 lide
1224 2613 1321 2649 dignus
1337 2618 1380 2642 est
1390 2613 1486 2641 Petrus
1501 2613 1528 2640 in
1542 2613 1618 2640 Actis
1626 2612 1758 2641 clamans:

971 2679 1083 2713 Graecis,
1099 2685 1153 2707 tuin
1166 2679 1279 2708 Latinis.

1005 2715 1062 2748 (55)
1082 2715 1199 2749 Legitur.
1220 2715 1300 2743 IIebr.
1315 2723 1334 2749 ι,
1347 2716 1375 2743 2.

1004 2747 1061 2784 (54)
1083 2747 1152 2777 Dens
1166 2751 1236 2785 apud
1258 2747 1351 2778 Deum.
1369 2750 1442 2778 Citat
1463 2756 1575 2785 sensum
1597 2747 1675 2776 Joan.
1691 2756 1711 2781 ι,
1725 2748 1754 2776 2.

966 2819 974 2848 1
995 2785 1059 2848 1(_55)
1082 2785 1248 2815 Dominator.
1268 2785 1319 2814 ἔω.
1336 2793 1374 2819 ix,
1388 2785 1416 2819 ϐ,
1429 2785 1506 2820 juxta
1523 2784 1646 2814 Graecam
1669 2789 1756 2813 trans-

977 2828 990 2848 a
1005 2828 1104 2848 Ionem.

977 2825 1104 2849 stionem.
