1933 3064
221 79 272 118 sus
838 83 957 110 manu
979 81 1214 111 ALEXANDRINI
1415 99 1417 101 .
1808 79 1872 106 eet

223 149 294 177 nulla
309 153 430 177 creatura
455 154 503 174 nos
524 145 575 173 hoc
595 145 675 172 modo
690 149 736 172 aut
751 145 878 179 adoptare
891 145 917 171 in
937 143 1004 170 ﬁlios

1076 145 1103 170 αὶ
1128 144 1203 171 οὐδὲν
1238 144 1288 171 τῶν
1312 138 1427 170 γίτιστῶν
1452 142 1490 177 τῷ
1512 142 1604 177 τρῦπῳ
1629 140 1715 175 τούτῳ
1737 139 1802 175 ἔχει.
1839 141 1871 166 τὸ

215 187 320 230 potest,
336 199 381 221 aut
395 194 459 221 deos
478 193 585 220 facere;
600 191 736 227 quomodo
754 199 806 218 non
828 195 870 218 est
884 191 940 225 ipse
960 196 1007 216 ve-

1074 190 1189 215 »ionotsiv
1211 189 1227 224 ἢ
1255 189 1398 215 θεοποιεῖν·
1416 187 1474 218 πῶς
1492 187 1572 218 αὐτὸς
1586 187 1637 213 οὐκ
1659 185 1732 212 ἔστιν
1757 184 1871 221 ἁληοιο

223 250 268 270 rus
283 241 371 268 Dens?

1074 234 1108 266 ιδς
1122 235 1202 267 Θεός;

213 292 216 303 ι
258 285 346 312 XLIII.
369 284 397 311 Si
415 283 485 310 nulla
502 290 534 310 ex
555 283 688 310 creaturis
709 282 736 309 in
756 281 900 310 creationis
923 281 1007 309 histo-

1099 281 1165 309 Ml".
1183 282 1214 308 Εί
1236 281 1316 316 μηδὲν
1336 280 1390 307 τῶν
1413 280 1569 316 κτισμάτων
1593 279 1633 310 εὶς
1651 277 1866 313 δημιουργίαν,

224 332 281 363 ria,
299 336 345 358 aut
369 331 394 357 in
416 329 625 364 gloriﬁcatione,
651 334 698 355 aut
722 328 748 355 in
769 328 903 363 baptismo
928 328 1009 355 simul

1074 334 1078 362 ι
1093 329 1132 359 εἰς
1143 326 1307 361 δοξολογίαν,
1322 326 1338 362 ἦ
1352 327 1391 357 εἰς
1408 325 1438 352 τὸ
1452 325 1593 360 βάπτισμα
1610 322 1863 357 συνεμνημονεύοη

223 384 282 403 runt
306 377 358 403 Deo
374 375 451 402 Patre
467 379 704 406 commemoratur,
720 373 836 404 Spiritus
852 380 916 400 vero
935 381 1009 400 cont-

1074 373 1100 408 ﬁt
1117 372 1176 407 Θεῷ
1194 372 1296 408 Πατρὶ,
1313 372 1343 398 τὸ
1359 372 1387 398 δὲ
1411 370 1524 406 Πνεῦμα
1551 368 1752 405 μνημονεύεται
1767 375 1776 383 ·
1787 392 1791 398 ,
1804 367 1864 403 ἄρα

223 426 409 449 memoratur:
425 425 466 447 est
483 427 546 454 ergo
564 420 620 453 ipse
643 419 697 447 Deo
714 418 797 451 Patri,
818 423 846 445 et
867 417 1009 453 Unigenito

1074 428 1098 451 κ
1122 419 1243 454 ἰσότιμος
1258 418 1304 445 καὶ
1329 417 1467 452 ίσοσῦενὴς
1486 416 1525 452 τῷ
1542 416 1630 452 Harp).
1647 415 1693 442 καὶ
1707 414 1747 449 τῷ
1763 414 1863 442 Μονο-

223 467 334 501 a‘qnulis
350 466 430 498 Deus,
447 469 473 492 et
490 465 586 500 aequali
604 465 722 499 polentia
738 465 877 499 pnedilus.

259 511 350 539 XLIV.
368 511 396 538 Si
413 511 568 546 prophetas,
580 515 607 537 et
624 510 758 545 apostolos
773 511 935 536 auctoritate
946 517 1008 544 pro-

230 558 287 593 pria
304 557 410 584 misisse
427 557 524 583 dicitur
536 556 562 582 in
582 556 732 590 Scriptura,
747 555 815 582 sicut
827 554 906 581 Pater
920 559 948 582 et
964 554 1008 581 Fi-

224 604 298 630 lius:
313 604 370 630 hree
389 602 451 629 fecit
471 606 499 629 ut
514 602 584 628 Dens
607 601 679 628 Patri
701 601 726 627 in
743 601 868 627 omnibus
892 608 1008 628 consen-

228 651 306 681 tiens,
322 654 349 676 ct
366 654 394 676 ut
409 656 498 676 rerum
513 647 662 675 futurarum
681 647 817 681 prtescitts,
830 653 857 673 et
873 652 1010 674 creatura-

227 701 285 720 rum
300 693 439 720 Dominus.

261 738 341 765 XLV.
358 737 387 764 Si
409 745 451 770 ea,
469 745 528 772 qua:
546 737 642 764 alicubi
663 737 695 763 de
710 737 790 764 Patre
820 741 866 763 aut
890 737 922 763 de
943 736 1011 763 Filio

226 785 252 811 in
272 784 420 818 Scripturis
444 783 513 810 dicta
542 787 619 814 sunt,
649 782 711 810 alibi
735 783 767 809 de
793 782 894 817 Spiritu
917 787 1011 809 sancto

1063 467 1144 500 γενεῖ,
1158 465 1224 497 Θεός
1237 465 1321 493 ἐστιν.

1096 511 1160 537 MA’.
1182 511 1212 537 Εἰ
1234 510 1298 542 τοὺς
1327 509 1469 545 προφήτας
1486 508 1533 536 καὶ
1555 508 1619 544 [155
1639 507 1666 543 a]
1683 505 1865 536 ἀποστόλους

1063 556 1274 589 ἑξουσισστικῶς
1297 556 1517 588 ἀπεσταλκέναι,
1542 555 1603 582 καθ’
1630 555 1781 590 ὁμοιότητα
1808 553 1862 579 τοῦ

1063 603 1169 638 Πατρδς
1185 602 1232 629 καὶ
1247 602 1295 629 τοῦ
1309 601 1387 634 Υίοὶλ,
1408 602 1631 637 μεμαρτύρηται*
1651 600 1688 631 ὡς
1702 599 1770 630 Θεὸς
1785 597 1864 632 σύμ-

1063 655 1150 683 φωνος
1169 649 1239 675 κατὰ
1258 647 1346 675 πᾶντα
1368 648 1407 683 τῷ
1425 648 1526 683 Πατρὶ,
1551 647 1598 673 καὶ
1617 646 1654 678 ὡς
1672 645 1862 681 προγνώστης

1063 695 1110 721 καὶ
1124 695 1174 729 τῆς
1189 694 1305 725 κτίσεως
1323 693 1461 728 Δεσπότης
1477 692 1564 720 ταῦτα
1578 692 1738 726 πεποίηκεν.

1099 741 1165 768 ME’.
1193 741 1235 773 Ei,
1259 740 1330 776 ἅπερ
1350 739 1398 766 νῦν
1417 739 1524 775 εἴρηται
1542 738 1606 774 περὶ
1635 737 1681 764 ’τοῦ
1705 735 1819 770 [ἰατρὸς
1841 735 1858 770 ἢ

1063 786 1109 813 τοῦ
1130 786 1210 817 Υἱοῦ,
1227 785 1320 813 ἄλλοτε
1337 786 1401 821 περὶ
1421 785 1468 812 τοῦ
1485 785 1563 819 ἁγίου
1580 783 1737 818 Πνεύματος
1752 782 1859 815 ἀναγέ-

226 829 324 864 scripta
348 829 467 861 fuerunt,
496 828 552 855 fieri
579 829 688 855 omnino
712 829 816 863 nequit,
842 833 870 856 ut
895 829 1011 862 Spiritus

1074 841 1200 869 'pstmat,
1219 832 1370 867 ἀμήχανον,
1384 831 1524 863 ἀδύνατον,
1545 831 1581 866 μὴ
1600 828 1670 856 εἶναι
1693 827 1860 863 ἀπαραλλὰ-

227 877 283 910 ipse
303 884 354 902 non
377 876 411 903 sit
427 876 506 909 unius
521 883 568 910 per
585 883 613 903 se
631 874 756 910 perfecta:
772 875 879 902 deitatis
894 883 926 902 ac
940 875 1012 908 ejus-

230 923 290 949 dem
310 922 464 954 voluntatis,
487 926 514 949 ct
536 921 627 957 gloria.-
649 929 708 949 cum
728 921 807 948 Patre
826 926 853 948 et
868 921 937 949 Filio
955 922 1013 949 sine

227 968 280 994 ulla
307 968 498 1002 discrepantia.
518 966 584 994 Nam
606 975 664 1002 quae
688 971 752 994 sunt
776 966 862 994 eidem
884 966 1011 1001 aequalia,

226 1020 289 1042 sunt
301 1015 382 1041 etiam
396 1013 508 1048 mqualia
522 1014 592 1041 inter
603 1020 644 1045 se,
659 1018 688 1040 ut
706 1013 791 1041 aiunt.

262 1059 354 1087 XLVI.
373 1059 400 1086 Si
424 1059 495 1086 nulla
511 1066 543 1086 ex
565 1059 719 1086 cmlestibus
738 1057 918 1092 potestatibus
933 1057 1013 1093 332

218 1106 346 1143 ~cmlestia
364 1106 433 1132 dona
448 1105 539 1140 largiri
554 1109 650 1139 potest,
673 1103 789 1139 Spiritus
810 1111 874 1131 vero
891 1105 937 1131 Dei
956 1112 1016 1138 pro~

228 1150 285 1184 pria
303 1154 435 1183 potestate
458 1156 488 1176 ea
509 1148 633 1184 largitur,
653 1156 711 1183 quae
732 1148 796 1175 dare
816 1148 899 1175 solius
918 1149 1016 1175 divitne

228 1200 330 1222 naturae
346 1199 404 1222 est:
421 1199 462 1222 est
487 1202 551 1229 ergo
573 1194 641 1222 Deus
666 1195 790 1222 omnibus
815 1194 960 1227 sufﬁciens,
989 1201 1015 1222 et

227 1240 356 1271 omnium.
379 1244 458 1274 atque
494 1240 560 1266 a-leo
588 1247 680 1266 eorum
709 1240 802 1273 etiam,
822 1240 867 1275 qui
897 1246 960 1268 sunt
990 1241 1015 1268 iu

228 1286 314 1319 rmlis,
346 1286 507 1318 dominator,
537 1290 564 1313 et
593 1285 666 1313 Patri
693 1293 725 1313 ae
747 1285 815 1313 Filio
841 1288 1014 1314 consubstan-

232 1331 315 1359 lialis.

265 1376 366 1404 XLVII.
385 1375 412 1403 Si
432 1376 503 1404 nulla
522 1385 553 1404 ex
580 1377 758 1405 inrisibllihus
796 1382 843 1405 aut
865 1378 1017 1405 visiliilibus

228 1422 386 1450 substantiis
403 1422 428 1449 in
439 1422 525 1449 sacris
545 1421 692 1457 Scripturis
705 1427 798 1450 vocata
817 1428 858 1450 est
874 1423 956 1454 Deus,
968 1431 1017 1450 nec

229 1469 341 1500 veritas,
358 1467 409 1495 nisi
430 1467 516 1498 Pater,
532 1471 559 1493 et
576 1472 685 1494 sanctus
697 1468 755 1502 ejus
763 1467 890 1502 Spiritus,
906 1472 932 1493 et
950 1467 1016 1494 Uni-

229 1513 350 1548 geuitus;
367 1512 545 1539 indubitatum
559 1516 610 1544 est,
627 1518 687 1537 cum
700 1512 731 1538 ad
741 1512 868 1539 unitatem
880 1512 978 1539 divina:
987 1517 1015 1539 et

235 1556 500 1592 supersuhstantialis
518 1556 642 1583 essentia:
656 1556 802 1590 pertinere.

265 1602 377 1630 XLVIII.
395 1603 422 1629 Si
438 1603 550 1629 virtutes
564 1601 703 1633 ccelorum,
717 1601 763 1636 qui
774 1602 892 1629 omnium
909 1608 1014 1630 creatu-

232 1657 324 1675 rarum
348 1648 456 1674 maximi
477 1653 550 1680 sunt,
572 1651 598 1674 et
614 1647 783 1680 lucidissimi,
800 1647 826 1674 in
845 1646 946 1682 Spiritu
969 1648 1014 1675 Dei

232 1698 306 1726 sunt,
329 1701 382 1720 non
412 1698 499 1726 potest
527 1692 595 1724 ﬁeri,
618 1696 647 1718 ut
672 1691 729 1728 ipse
752 1692 787 1719 sit
810 1698 944 1726 creatura,
969 1693 1015 1721 sed

234 1739 370 1768 Creatoris
394 1743 553 1773 cooperator
579 1742 637 1771 est,
661 1742 688 1766 et
711 1739 852 1774 aequaliter
875 1746 936 1766 cum
959 1739 1016 1774 ipso

230 1788 368 1818 operatur.

265 1829 358 1856 XLIX.
377 1829 406 1856 Si
424 1829 515 1855 orbem
536 1832 670 1856 terrarum
694 1828 796 1863 implet,
811 1833 837 1856 et
850 1829 938 1855 omnia
953 1837 1017 1857 eon-

231 1877 306 1907 tim-l,
321 1881 347 1901 ut
375 1875 492 1909 loquitur
511 1874 648 1909 Sapientia
666 1874 735 1910 (85),
754 1879 794 1901 est
814 1874 937 1908 profecto
961 1875 1016 1909 ipse

231 1921 310 1947 unius
329 1928 473 1954 supremaz,
491 1926 621 1955 augustae,
644 1926 671 1948 et
687 1921 976 1955 incomprehensibilis,
991 1926 1017 1947 et

231 1966 441 1999 inaeeessihilis,
468 1972 495 1993 et
525 1967 702 2002 intangihilis,
733 1971 760 1994 et
787 1966 872 1993 forma
900 1967 1017 1994 carentis

229 2011 364 2044 essentire,
382 2016 408 2037 et
426 2016 467 2038 est
481 2011 620 2042 Conditor,
635 2018 684 2038 nec
700 2011 758 2037 loco
773 2011 1016 2044 circumscribitur,

229 2059 275 2084 sed
293 2057 349 2091 ipse
371 2057 421 2083 hoc
440 2057 594 2084 universqu
609 2057 822 2091 comprehendit.

265 2102 295 2130 L.
313 2102 340 2129 Si
367 2103 396 2131 in
411 2102 542 2128 Trinitate
561 2106 685 2128 naturam
714 2110 766 2128 non
785 2102 927 2136 distinguit
945 2102 1017 2129 Scri-

1064 887 1135 910 κτως
1149 879 1198 913 τῆς
1216 879 1280 913 μιᾶς
1298 876 1458 909 αὐτοτελοῦς
1477 876 1614 913 Θεότητος,
1631 876 1677 902 καὶ
1694 875 1839 909 Θελήσεως
1850 893 1858 903 .

1064 924 1109 950 καὶ
1123 923 1201 958 δόξης
1215 922 1262 949 τοῦ
1277 922 1383 958 Πατρὸς
1395 921 1498 948 καὶτοῦ
1514 921 1592 948 Υίοῦ.
1606 921 1645 948 Τὰ
1659 920 1713 956 γὰρ
1725 919 1766 955 τῷ
1779 917 1860 954 αὐτῷ

1066 970 1120 1002 ῐσα,
1141 969 1217 1005 φασὶ,
1232 969 1279 996 καὶ
1293 968 1418 1004 ἀλλήλοις
1433 968 1508 995 ἐστὶν
1523 968 1579 995 ἴσα.

1100 1060 1175 1093 Μετ’.
1195 1060 1226 1086 El
1251 1059 1334 1094 μηδὲν
1357 1059 1410 1085 τῶν
1431 1058 1564 1094 οὐρανίων
1581 1058 1720 1093 δυνάμεων
1739 1056 1858 1092 οὐράνια

1065 1105 1222 1141 χαρίσματα
1236 1105 1347 1131 δύναται
1363 1105 1504 1141 παρέχειν,
1516 1104 1546 1130 τὸ
1557 1104 1586 1131 δὲ
1599 1103 1646 1130 τοῦ
1658 1103 1724 1130 Θεοῦ
1741 1102 1859 1137 Πνεῦμα.

1067 1150 1126 1176 κατ’
1145 1150 1268 1181 ἐξουσίαν
1292 1149 1435 1185 δωρεῖται,
1451 1149 1468 1176 ἃ
1492 1149 1582 1175 δοῦναι
1602 1149 1685 1184 μόνης
1706 1148 1756 1183 τῆς
1776 1147 1856 1177 θείας

1067 1194 1172 1229 φύσεώς
1185 1195 1257 1221 ἐστιν
1270 1203 1275 1208 ·
1295 1195 1348 1230 ἄρα
1365 1195 1504 1230 παναρκὴς
1519 1194 1593 1226 Θεὸς,
1611 1194 1658 1220 καὶ
1673 1193 1854 1226 ἐξουσιαστής

1067 1241 1140 1272 ἐστι,
1153 1241 1200 1267 καὶ
1216 1241 1269 1268 τῶν
1283 1241 1312 1267 ὲν
1326 1241 1464 1277 οὐρανοῖς,
1486 1241 1533 1268 καὶ
1555 1239 1696 1276 ὁμοούσιος
1711 1239 1749 1275 τῷ
1766 1238 1857 1272 Πατρὶ

1067 1287 1113 1313 καὶ
1129 1286 1168 1322 τῷ
1188 1286 1245 1322 Υἰῷ
1263 1287 1403 1322 τυγχάνει.

1102 1373 1167 1401 MZ’.
1189 1373 1220 1400 Et
1236 1374 1318 1410 μηδὲν
1332 1374 1385 1400 τῶν
1399 1373 1522 1409 ἀοράτων
1533 1372 1548 1409 ἦ
1561 1372 1666 1409 ὁρατῶν
1682 1371 1748 1408 ἱερῷ
1763 1371 1854 1407 γράμ-

1070 1418 1134 1454 ματι
1148 1419 1367 1454 προσηγόρευται
1383 1418 1453 1445 Οεῖον
1470 1410 1516 1445 καὶ
1531 1418 1654 1454 ἀλήθεια,
1671 1419 1695 1445 εί
1714 1417 1751 1453 μὴ
1771 1419 1785 1444 ὁ
1798 1418 1855 1443 Πα-

1068 1465 1129 1500 τὴρ,
1147 1465 1193 1492 καὶ
1211 1465 1240 1491 τὸ
1253 1465 1330 1499 ἆγιον
1346 1465 1457 1500 Πνεῦμα
1475 1464 1568 1497 αὐτοῦ,
1585 1465 1632 1491 καὶ
1650 1465 1664 1491 ὁ
1680 1464 1852 1498 Μονογενής-

1067 1511 1281 1546 ἁναμφήριστον,
1300 1510 1337 1542 ὡς
1352 1510 1401 1546 τῆς
1418 1510 1509 1542 ἐνάδος
1531 1509 1604 1542 Θείας
1629 1510 1676 1536 καὶ
1692 1508 1853 1545 ὑπερουσίου

1066 1555 1139 1581 ἐστὶν
1155 1555 1258 1586 οὐσίας.

1100 1601 1170 1627 MH’.
1192 1601 1222 1626 Εί
1242 1600 1296 1626 τῶν
1314 1600 1582 1636 παμμεγεθεστάτων
1597 1599 1644 1626 καὶ
1660 1599 1850 1634 φωτοειδεστέ-
1867 1618 1872 1622 -

1069 1654 1120 1680 ρων
1139 1646 1245 1672 πάντων
1261 1646 1289 1672 ὲν
1313 1647 1464 1680 ποιήμασιν
1486 1645 1608 1680 οὐρανῶν
1624 1646 1652 1672 at
1673 1645 1801 1680 δυνάμεις
1823 1645 1851 1671 ἐν

1066 1690 1105 1726 τῷ
1128 1690 1265 1726 Πνεύματι
1294 1690 1337 1717 τοῦ
1366 1690 1433 1717 Θεοῦ
1461 1691 1540 1722 εἰσιν,
1571 1691 1621 1718 οὐκ
1645 1692 1763 1726 ἐγχωρεῖ
1788 1691 1852 1717 αὒ;ὺ

1067 1737 1171 1771 ποίημα
1186 1736 1366 1770 καθεστάναι,
1380 1737 1448 1764 ἀλλὰ
1466 1737 1596 1772 συνεργὸν
1616 1737 1661 1764 καὶ
1676 1737 1797 1772 ισουργδν
1813 1737 1851 1772 τῷ

1067 1782 1240 1817 Δημιουργῷ-

1102 1828 1168 1854 MS’.
1194 1829 1226 1854 Et
1241 1826 1289 1864 τὴν
1304 1828 1466 1864 οἰκουμένην
1481 1829 1588 1864 πληροῖ,
1604 1829 1651 1856 καὶ
1669 1829 1756 1856 πάντα
1768 1829 1851 1864 ἐμπε-

1062 1873 1163 1908 ριέχει,
1182 1873 1252 1900 κατὰ
1270 1874 1318 1910 τὴν
1340 1874 1472 1908 λέγουσαν
1489 1874 1569 1901 τοῦτο
1584 1875 1698 1910 Σοφίαν·
1715 1875 1763 1910 τῆς
1781 1875 1850 1901 ἀνω-

1067 1919 1139 1945 τάτω
1151 1918 1261 1954 σεπτῆς
1273 1940 1280 1950 ,
1305 1921 1352 1946 καὶ
1379 1921 1574 1956 ἀπερινοήτου,
1590 1921 1736 1956 ἀπροσίτου
1753 1929 1781 1946 τε
1804 1921 1849 1947 καὶ

1067 1965 1215 1999 ἀνεπάῃου,
1329 1965 1354 2002 b]
1375 1967 1421 1993 καὶ
1442 1967 1565 2002 ἀμόρφου
1589 1968 1652 2002 μιᾶς
1670 1967 1762 1999 οὐσίας
1779 1969 1848 1994 ἐστὶν

1067 2011 1255 2046 Δημιουργόν·
1275 2011 1321 2037 καὶ
1347 2011 1420 2046 τόπῳ
1443 2011 1472 2038 οὐ
1499 2013 1718 2047 περιγράφεται,
1738 2013 1799 2039 αὐτὸ
1821 2013 1848 2039 δὲ

1068 2056 1244 2091 περιείληφεν
1262 2057 1321 2082 τόδε
1339 2056 1369 2082 τὸ
1387 2058 1451 2083 πᾶν.

1102 2101 1142 2127 Ν’.
1164 2101 1194 2126 El
1215 2101 1310 2136 Γραφὴ
1329 2101 1359 2127 οὺ
1383 2101 1495 2137 διορίζει
1516 2103 1549 2138 τῇ
1569 2101 1648 2136 φύσει
1669 2102 1719 2138 τὴν
1739 2102 1846 2138 Τριέεα,

226 2154 318 2182 plura,
344 2155 394 2174 nec
412 2147 508 2181 prima.
529 2151 556 2173 et
571 2147 700 2178 secunda,
718 2152 745 2173 et
769 2147 847 2173 tertia
876 2154 969 2174 natura
991 2148 1014 2175 in

1074 2146 1121 2172 >ὑδ“
1138 2146 1258 2181 ὁρίζεται
1273 2147 1316 2173 ἐπ’
1332 2147 1416 2182 αὐτῆς
1431 2147 1552 2183 πρώτην,
1571 2149 1617 2174 καὶ
1639 2148 1779 2184 δευτέραν,
1802 2149 1846 2175 καὶ

231 2194 287 2226 ipsa
315 2192 451 2220 Trinitate
483 2192 677 2227 distinguitur:
705 2199 851 2226 quamuam
883 2193 1015 2220 rationem

230 2239 326 2265 alIerre
343 2243 452 2272 possunt
466 2237 584 2263 lucretici
599 2237 728 2264 adversus
743 2244 789 2263 eos
814 2237 858 2271 qui
874 2228 945 2263 illam
958 2245 1017 2264 cre-

230 2286 297 2312 dunt
317 2284 496 2311 essentialiter
507 2283 614 2317 quidem
630 2290 709 2310 unam
730 2291 800 2316 esse,
818 2284 843 2310 in
863 2285 1016 2318 proprieta-

231 2330 302 2356 tibus
318 2336 380 2356 varo
395 2328 579 2363 hypostasium
592 2327 769 2355 distinctam?

266 2375 307 2402 LI.
329 2374 354 2401 Si
371 2375 483 2408 primatu
499 2378 648 2400 creaturam
667 2373 802 2401 diabolum
821 2381 880 2400 esse
895 2373 1015 2400 ostendit

230 2421 297 2446 liber
307 2419 378 2450 Jobi,
394 2418 511 2453 Spiritus
527 2426 578 2445 non
593 2423 634 2444 est
648 2423 780 2449 creatura,
802 2419 848 2445 sed
869 2418 902 2445 ad
922 2418 1016 2445 Uuita-

231 2471 283 2492 tem
298 2464 420 2492 essentia
436 2464 552 2499 pertinet
565 2473 571 2490 :
589 2472 637 2492 nec
655 2465 727 2491 enim
742 2471 808 2491 sane
820 2464 949 2496 dixerint,
962 2464 1016 2490 dia-

230 2511 319 2538 bolum
347 2516 410 2537 ante
431 2510 504 2537 illutn
533 2510 669 2537 conditum
688 2511 780 2543 fuisse,
806 2515 834 2538 et
853 2511 877 2538 ei
902 2511 1013 2545 quidem

229 2557 374 2591 aliquando
394 2555 612 2583 excellentiorem
632 2556 718 2584 locum
749 2556 890 2591 obtigisse,
924 2557 1015 2583 divino

229 2608 317 2630 autem
336 2602 448 2636 Spiritui
476 2601 643 2629 inferiorem.

266 2649 317 2676 Lll.
329 2648 357 2676 Si
376 2648 600 2683 quemadmodum
621 2649 654 2673 ad
671 2647 716 2674 Dei
734 2647 858 2682 gloriam,
873 2652 900 2675 et
917 2647 1014 2674 adora-

230 2694 340 2725 tiouem,
355 2693 456 2720 Pascha
469 2692 503 2719 ab
515 2692 592 2718 initio
604 2691 684 2719 etiam
703 2698 717 2718 a
732 2691 830 2718 Judmis
846 2690 1011 2718 celebratum

267 2781 321 2815 ι85)
347 2780 410 2814 Cap.
429 2788 447 2814 ι,
472 2787 542 2807 vers.
566 2779 591 2806 7.

1067 2192 1162 2227 τρίτην
1176 2191 1256 2226 φύσιν
1269 2201 1275 2207 ·
1292 2194 1367 2223 ποῖος
1384 2193 1474 2224 αὐτοῖς
1492 2193 1589 2220 ὕπεστι
1604 2193 1682 2228 λόγος
1707 2194 1773 2230 πρὸς
1788 2195 1846 2225 τοὺς

1072 2238 1260 2270 πιστεύοντας,
1278 2238 1398 2273 ἡνῶσθαι
1415 2239 1463 2274 μὲν
1490 2240 1575 2274 αὐτὴν
1598 2240 1744 2272 οὑσιωδῶς,
1764 2240 1847 2266 διακε-

1068 2284 1174 2319 κρίσθαι
1190 2284 1217 2310 δὲ
1234 2285 1263 2310 ὲν
1277 2285 1404 2320 ἰδιότησιν
1417 2285 1608 2318 ὑποστάσεων;

1101 2373 1164 2400 NA’.
1189 2375 1221 2400 EI
1242 2374 1271 2400 τὸ
1288 2374 1394 2410 πρῶτον
1412 2375 1514 2410 κτίσμα
1529 2376 1543 2402 ὁ
1562 2375 1683 2406 διάϐολος
1703 2374 1804 2410 ἐδείχθη
1820 2376 1845 2401 ὲν

1066 2419 1104 2454 τῷ
1130 2419 1198 2451 Ἰὼϐ,
1224 2420 1253 2446 οὖ
1276 2421 1388 2455 κτίσμα,
1410 2421 1478 2447 ἀλλὰ
1498 2421 1548 2455 τῆς
1565 2421 1685 2452 Μονάδος
1706 2421 1796 2452 οὐσίας
1818 2421 1846 2447 τὸ

1066 2466 1186 2501 Πνεῦμα.
1202 2467 1239 2492 Οὺ
1252 2467 1306 2502 γὰρ
1318 2469 1395 2501 φαῖεν
1408 2466 1440 2493 ἂν
1457 2467 1501 2493 τὸν
1511 2467 1633 2494 διάϐολον
1644 2467 1846 2503 προδεδημιουρ-

1065 2511 1174 2546 γῆσθαι,
1191 2512 1238 2538 καὶ
1260 2512 1339 2538 αὑτὸν
1355 2512 1403 2546 μέν
1424 2521 1488 2539 ποτε
1504 2513 1552 2548 τὴν
1572 2513 1757 2548 ὑπερέχουσαν
1777 2512 1845 2543 τάξιν

1065 2557 1210 2592 είληχέναι,
1224 2558 1254 2584 τὺ
1267 2557 1295 2584 δὲ
1310 2558 1380 2584 θεῖον
1393 2558 1504 2593 Πνεῦμα
1517 2558 1565 2594 τὴν
1585 2559 1744 2593 ὑφειμένην.

1099 2637 1162 2663 NB’.
1186 2637 1230 2666 Εἰ.
1245 2637 1369 2672 καθάπερ
1389 2637 1429 2669 εἰς
1441 2637 1518 2669 δόξαν
1539 2639 1586 2665 καὶ
1605 2638 1787 2674 προσκύνησιν
1801 2637 1842 2664 τοῦ

1064 2682 1131 2708 Θεοῦ
1146 2683 1175 2708 τὺ
1193 2683 1287 2717 Πάσχα
1304 2681 1334 2714 ἐξ
1348 2682 1436 2718 ἀρχῆς
1449 2684 1496 2709 καὶ
1520 2684 1584 2719 παρ’
1608 2683 1742 2710 Ἰουδαίων
1756 2684 1842 2710 ἐπετε-
