1933 3064
86 98 140 127 809
216 122 222 126 .
619 97 660 125 DE
683 81 865 128 'DRINITATE
885 100 984 128 LIBER
1005 101 1165 130 τΕιιτιυδ.

1660 108 1710 135 810

86 156 171 188 hunc,
189 163 200 180 ι
214 153 345 182 Dominus
359 153 461 181 creavit
479 160 531 185 me,
550 162 559 179 ι
576 155 748 189 antecedunt,
760 163 791 184 ac
812 157 1021 192 subsequuntur,
1035 158 1182 192 prudenter
1212 158 1272 193 quis
1303 166 1334 186 ac
1365 159 1408 194 pie
1437 161 1610 189 considerare
1622 163 1713 191 volue-

84 202 133 234 rit,
150 202 214 235 cito,
234 201 289 228 imo
304 200 394 228 statim
407 201 500 228 eodem
522 201 547 228 in
565 201 625 229 loco
639 203 721 229 multa
739 203 866 236 inveniet.
889 205 986 239 quibus
1000 205 1119 232 lueretici
1153 205 1236 233 refelli
1268 211 1378 240 queant.
1396 206 1463 234 Nam
1486 212 1566 236 antea
1591 208 1649 237 hac
1665 217 1714 244 pne

85 253 178 274 suerat
204 247 331 274 Salomon
357 256 364 274 :
386 246 518 274 «initium
540 247 777 283 (2-4l)sapienti:e
792 250 873 278 timor
892 250 1014 284 Domini,
1031 251 1205 286 intelligentia
1224 251 1279 287 (62)
1301 258 1390 279 autem
1411 253 1479 280 b0na
1511 253 1638 281 omnibus
1667 255 1712 289 qui

85 292 192 319 faciunt
216 299 295 324 eam;
312 301 321 317 ι
337 296 365 318 et
380 299 496 318 rursus:
515 301 524 317 ι
541 292 593 319 Per
613 300 655 321 tne
677 293 734 329 (ιὸ)
758 301 834 330 reges
855 300 979 330 regnant,
1011 301 1040 324 et
1068 297 1188 332 dynastae
1208 297 1330 324 scribunt
1349 297 1479 331 justitiam
1493 307 1500 329 ;
1514 305 1561 333 per
1584 306 1626 326 me
1659 308 1715 327 me-

84 339 208 372 gistancs
224 338 279 374 (Η)
294 337 511 372 inagnilicantur,
525 343 551 365 et
568 340 753 368 dominatores
767 349 816 376 per
831 349 874 369 me
893 342 1028 377 imperant
1041 347 1130 370 terrm.
1146 353 1154 369 ι

125 385 206 411 ’Ἄνευ
219 385 246 411 δὲ
259 385 365 418 σοφίας,
387 386 481 420 φησὶν,
500 386 562 421 ἥτις
578 387 652 414 ἐστὶν
665 388 682 423 ἡ
703 389 876 424 μεταδοθεὶσα

968 390 1033 417 Sine
1059 391 1191 424 sapientia
1213 397 1286 422 vero,
1313 390 1411 424 inquit,
1434 391 1485 419 hoc
1506 395 1556 424 est,
1583 392 1641 420 sine
1656 393 1713 423 illa.

83 433 152 468 ἡμῖν
175 430 277 458 ἄνωθεν
303 431 449 466 φρόνησις,
476 431 523 458 καὶ
549 433 691 468 νουνεχία,
720 435 767 461 καὶ
793 435 879 469 λόγων

83 477 181 513 ἀρετὴ,
203 476 278 503 οὐδὲν
301 476 355 502 τῶν
380 476 493 504 δεόντων
518 478 717 513 κατορθοῦται·
740 480 879 515 διαφεύγει

84 523 140 558 γὰρ
155 523 188 549 τὰ
206 522 291 548 πολλὰ
315 522 363 548 καὶ
382 522 453 550 καλὰ
476 522 530 549 τῶν
547 525 691 559 νοημάτων
713 525 759 552 τὸν
778 526 880 562 ταύτης

83 568 277 603 ἐστερημένον.
302 567 332 594 '0
359 567 387 594 δὲ
415 568 518 602 ταύτης
533 590 539 596 .
554 569 711 606 μεταλαχὼν
736 571 879 607 ἄνθρωπος

83 613 131 639 τόν
143 622 174 639 τε
188 613 265 644 Θεὸν,
281 613 320 644 ὡς
331 613 393 648 χρὴ,
412 614 545 647 φοϐεῖται,
560 616 607 642 καὶ
624 616 688 650 φίλα
706 617 780 652 αὐτῷ
796 618 879 652 πράτ-

83 667 136 692 τει,
152 659 198 686 καὶ
217 658 352 694 ἀνθρώπῳ
368 660 518 695 νομοθετεῖ,
537 661 584 688 καὶ
602 658 680 694 οὗτος
694 665 790 698 κρατεί
806 664 879 690 ὲκεί-

85 714 145 736 νου,
160 705 207 732 καὶ
223 705 411 732 πολλαπλάσια
425 707 569 741 ἐκτήσατο,
589 708 635 734 καὶ
649 709 679 735 οὐ
697 709 776 744 μόνον
793 710 879 744 λέγων

87 751 171 782 αὐτὸς
182 751 229 777 καὶ
243 751 328 777 ποιῶν
340 751 443 786 ἥδεται,
458 752 525 778 ἀλλὰ
545 753 592 779 καὶ
609 754 672 786 τοὺς
687 755 878 790 ἀκροωμένους

86 797 183 830 αὑτοῦ,
201 797 217 832 ἢ
239 796 319 833 ἔργον
342 797 527 832 μανθάνοντας
536 799 570 826 τὰ
595 800 689 833 αὐτοῦ,
707 802 876 837 σωφρονίζει.

90 843 136 870 Ἐν
152 842 180 868 δὲ
200 844 256 874 τοῖς
273 842 373 877 ἐφεξῆς
397 843 506 875 ἐξέθετο
523 845 661 881 σποράδην
676 846 762 873 ταῦτα
775 855 781 861 ν
796 857 806 873 ι
820 847 878 874 Κύ-

86 896 143 923 ριος
156 887 284 922 ἐποίησεν
298 888 389 923 χώρας
407 889 560 924 ἀοικήτους,
581 891 628 916 καὶ
647 891 720 927 ἄκρα
733 892 878 928 οἰκούμενα

82 933 133 968 τῆς
165 934 210 959 ὑπ’
236 933 359 968 οὐρανόν.
390 933 485 961 Ἠνίκα
512 935 643 970 ἡτοίμαζε
681 937 726 963 τὸν
745 937 876 972 οὺρανὺν,

83 979 272 1015 συμπαρήμην
286 978 382 1014 αὺτῷκ
397 978 478 1014 ἡνίκα
492 979 614 1016 ἁφώριζε
643 982 688 1008 τὸν
702 983 798 1010 ἑαυτοῦ
816 983 877 1019 θρό-

82 1032 128 1050 νον
143 1024 186 1050 ὲπ³
202 1024 320 1059 ἀνέμων,
343 1024 425 1059 ἡνίκα
446 1025 544 1061 ισχυρὰ
566 1027 652 1053 ἐποίει
674 1027 709 1054 τὰ
726 1028 782 1055 ἄνω
797 1029 876 1065 νέφη,

83 1070 130 1096 καὶ
145 1069 183 1100 ὡς
199 1069 329 1103 ἀσφαλεῖς
346 1069 428 1096 ἐτίθει
452 1067 543 1106 πηγὰς
564 1072 614 1106 τῆς
634 1072 680 1098 ὑπ’
704 1073 827 1108 οὐρανὸν,
849 1075 878 1100 ὲν
893 1084 914 1111 Β

81 1114 122 1149 τῷ
135 1114 238 1141 τιθέναι
259 1114 341 1141 αὑτὸν
360 1116 391 1149 τῇ
415 1115 537 1151 θαλάσσῃ
561 1116 734 1152 ἀκριὸασμὸν
753 1118 846 1145 αὐτοῦ.
867 1128 875 1144 ι

89 1159 120 1185 '0
135 1160 164 1186 δὲ
179 1161 291 1194 ποιήσας
313 1160 362 1195 τὴν
374 1160 426 1195 γῆν
439 1162 471 1187 ἐκ
490 1161 527 1196 μὴ
544 1162 607 1197 γῆς,
622 1162 669 1188 καὶ
687 1163 777 1195 καλῶς
791 1172 879 1199 τεχνι-

81 1205 185 1236 τεύσας
198 1206 318 1241 οὐρανῶν
341 1209 499 1242 περιφερεῖς
517 1207 635 1239 κύκλους
649 1208 681 1234 ἐκ
695 1208 733 1244 μὴ
746 1210 878 1245 οὐρανῶν,

82 1251 131 1277 καὶ
147 1253 210 1282 τοὺς
229 1251 346 1287 δρόμους
367 1253 460 1287 ταχεῖς
484 1252 613 1279 τελοῦντα
637 1253 722 1289 ἣλιον,
739 1255 878 1291 πανταχοῦ

82 1297 114 1323 οὐ
119 1297 199 1332 ρανοῦ
206 1298 252 1324 καὶ
264 1299 314 1333 τῆς
321 1298 373 1333 γῆς
383 1299 522 1333 φαίνοντα,
533 1299 580 1326 καὶ
589 1299 681 1332 ἁπλῶς
689 1300 761 1335 λόγῳ
772 1297 879 1328 ἅπαντα

82 1343 182 1378 φήνας,
198 1345 344 1380 μονογενής
358 1346 431 1371 ἐστιν
440 1345 504 1377 Υίδς
511 1346 596 1380 Λόγος
611 1346 658 1373 τοῦ
675 1347 753 1379 Θεοῦ.
765 1349 779 1374 ό
801 1349 878 1375 ἀνευ-

83 1388 222 1423 φημηθεὶς
249 1389 317 1415 Θεοῦ
347 1389 472 1425 δύναμις,
498 1390 546 1417 καὶ
567 1391 635 1417 θεοῦ
652 1392 742 1427 σοφία,
767 1393 814 1419 καὶ
840 1394 878 1425 ὡς

83 1433 147 1469 [157
163 1434 188 1470 b]
203 1435 290 1461 ταῦτα
297 1435 479 1471 ὑπάρχωντοῦ
486 1436 605 1472 ἁνάρχου
617 1437 665 1464 καὶ
675 1438 782 1473 ἀληθῶς
795 1439 878 1466 αὐτοῦ

84 1480 202 1515 Πατρὸς,
221 1480 257 1514 μὴ
280 1475 349 1515 ἔχων
375 1482 473 1517 ἀρχὴν,
491 1481 563 1508 καθά
581 1482 763 1513 διδάσκουσιν.
789 1485 878 1511 Ἰωάν-

83 1533 135 1559 νης
150 1524 198 1559 μὲν
213 1524 313 1558 λέγων’
335 1534 343 1550 ι
358 1525 450 1552 Πάντα
463 1526 496 1552 δι’
508 1527 590 1553 αὑτοῦ
605 1527 731 1561 ἐγένετο·
746 1537 754 1552 ι
772 1527 878 1560 Παῦλος

83 1570 114 1596 δὲ
134 1570 269 1606 Ἑϐραίοις
281 1570 409 1606 γράφων*
429 1580 439 1597 ι
452 1573 526 1607 Πρὺς
541 1572 568 1599 δὲ
578 1572 624 1600 τὸν
638 1573 703 1600 Υίόν
724 1582 806 1608 φησιν
819 1582 826 1588 ·
851 1574 879 1600 '0

85 1617 180 1651 θρόνος
196 1625 253 1648 σου,
265 1618 279 1643 ό
293 1617 369 1648 Θεὸς.
385 1618 425 1649 εἰς
439 1617 485 1644 τὸν
506 1617 592 1644 αἰῶνα
609 1619 657 1645 τοῦ
674 1620 781 1651 αἰῶνος.
801 1629 810 1644 ι
824 1619 879 1646 Καὶ

85 1662 189 1698 μεταξύ
215 1670 314 1698 φησιν·
340 1672 349 1688 ι
365 1663 419 1690 Καὶ
446 1663 479 1689 σὺ
502 1664 563 1689 κατ’
580 1664 684 1700 ἀρχὰς,
707 1664 811 1697 Κύριε,
831 1664 879 1699 τὴν

83 1709 138 1743 γῆν
151 1708 342 1743 ἐθεμελίωσας,
362 1710 408 1735 καὶ¹
428 1708 496 1744 ἔργα
517 1708 571 1735 τῶν
593 1709 693 1745 χειρῶν
710 1709 755 1736 σού
771 1711 841 1736 εἰσιν
855 1710 878 1735 oi

931 441 992 469 qua:
1016 434 1132 469 desuper
1154 434 1232 461 nobis
1262 435 1488 467 communicatur,
1508 438 1660 471 prudentia,
1686 442 1715 465 et

930 479 1044 507 consilio
1063 499 1070 512 ,
1093 485 1120 508 et
1142 481 1262 508 scientia:
1288 480 1470 515 doctrittteque
1497 483 1572 516 copia
1599 483 1669 510 nullo
1688 484 1714 511 iu

931 523 984 549 vita
1008 522 1096 550 cilicio
1115 528 1187 550 recte
1208 525 1268 558 quis
1282 523 1412 559 fungitur.
1433 525 1483 558 Qui
1506 527 1576 554 enim
1598 527 1648 554 ista
1671 536 1716 555 sa-

930 568 1030 602 pientia
1044 573 1144 600 careat,
1163 575 1223 595 eum
1238 569 1343 604 fugiunt
1361 570 1458 602 multa,
1483 575 1509 597 et
1522 571 1649 606 praeclara
1669 581 1715 600 co-

929 614 1028 648 gitata;
1052 613 1097 648 qui
1113 621 1177 641 vero
1193 614 1264 642 hanc
1283 615 1363 642 homo
1378 616 1489 643 sortitus
1502 621 1554 649 est,
1573 622 1600 644 et
1620 617 1714 650 Deum,

907 666 909 668 '
930 665 959 687 ut
977 664 1095 694 oportet,
1117 661 1204 694 timet,
1224 665 1252 688 et
1267 665 1341 695 grata
1358 661 1382 688 ei
1399 660 1474 692 facit,
1499 667 1527 689 et
1542 663 1644 689 homini
1658 663 1714 698 (65)

929 705 1002 740 leges
1017 706 1142 740 imponit,
1155 709 1182 733 et
1201 705 1237 733 ita
1254 705 1309 741 (46)
1325 706 1397 733 illum
1414 706 1465 734 sibi
1480 706 1601 740 subjicit,
1617 712 1642 734 et
1657 707 1715 742 pln-

929 751 998 777 rima
1014 750 1064 778 sibi
1086 755 1236 785 comparat,
1259 756 1285 778 ct
1306 759 1357 778 uon
1375 751 1459 778 solum
1478 751 1628 778 oblectatur
1647 753 1714 787 ipsc,

929 796 992 823 dum
1020 796 1150 831 loquitur,
1181 796 1298 831 dumque
1323 797 1387 831 agit,
1412 797 1458 824 sed
1480 797 1560 824 etiam
1585 805 1641 830 eos,
1669 798 1714 831 qui

932 842 1020 876 ipsum
1037 842 1159 880 audiunt,
1178 846 1225 869 aut
1243 841 1301 877 eius
1322 842 1441 870 actiones
1454 842 1509 877 (47)
1525 847 1633 876 norunt,
1649 851 1713 877 pru-

929 888 1025 916 dentes
1049 888 1146 915 reddit.
1161 887 1190 915 In
1206 888 1432 922 subsequentibus
1447 896 1510 916 vero
1525 889 1582 919 brec
1599 890 1713 925 sparsim

929 933 1053 967 exposuit
1068 933 1124 967 ipse
1140 932 1267 960 Salomon
1283 933 1338 968 (48)
1353 942 1359 960 :
1379 942 1387 958 ι
1405 933 1534 961 Dominus
1550 934 1613 961 fecit
1627 935 1714 970 regio-

929 985 978 1004 nes
1002 978 1192 1005 iubabitabiles
1214 978 1282 1013 (49),
1311 983 1339 1006 et
1367 980 1553 1007 extremitates
1578 980 1714 1007 habitatas

930 1023 998 1057 ejus,
1018 1031 1078 1058 qua:
1099 1025 1149 1051 sub
1165 1024 1234 1051 caelo
1251 1030 1302 1052 est.
1331 1025 1442 1057 Quando
1465 1026 1634 1059 praeparabat
1656 1034 1714 1053 cm-

930 1069 996 1101 lum,
1013 1070 1093 1096 simul
1117 1077 1176 1096 cum
1197 1077 1229 1096 eo
1244 1069 1371 1102 aderam;
1395 1071 1502 1104 quando
1516 1070 1571 1105 (50)
1587 1078 1714 1106 ξρετε-ει-

930 1115 978 1142 bat
993 1116 1118 1143 thronum
1134 1123 1211 1142 suttm
1228 1123 1309 1150 super
1325 1121 1435 1149 ventos;
1452 1117 1558 1150 quando
1574 1117 1657 1144 fortes
1672 1117 1714 1144 fa-

929 1161 1020 1188 ciebat
1047 1161 1169 1188 excelsas
1197 1161 1298 1194 nubes;
1324 1167 1351 1189 et
1374 1169 1435 1188 cum
1459 1169 1570 1189 securos
1597 1162 1714 1197 ponebat

930 1207 1019 1234 fontes
1045 1207 1119 1242 ejus,
1157 1215 1216 1241 qua:
1245 1208 1294 1234 sub
1327 1206 1395 1234 cmlo
1424 1211 1485 1239 est;
1512 1207 1574 1234 dum
1603 1211 1716 1241 poneret

930 1252 987 1287 ipse
999 1252 1054 1287 (5|)
1074 1252 1140 1279 mari
1161 1251 1244 1287 legem
1270 1257 1396 1280 accurate
1419 1252 1453 1279 ab
1470 1260 1501 1278 eo
1521 1253 1688 1279 servandam.
1703 1262 1712 1278 ι

928 1299 963 1324 At
977 1298 1029 1330 ille,
1047 1298 1092 1332 qui
1111 1303 1209 1325 terram
1230 1297 1294 1325 fecit
1310 1305 1342 1324 ex
1361 1305 1414 1324 non
1429 1302 1510 1330 terra,
1527 1298 1571 1333 qui
1586 1299 1715 1325 rotundo;

929 1345 1058 1371 caelorum
1076 1345 1155 1371 orbes
1167 1352 1199 1371 ex
1220 1351 1272 1371 non
1288 1344 1364 1372 caelis
1382 1344 1491 1379 pulchre
1503 1344 1655 1377 fabricavit,
1668 1345 1713 1379 qui

929 1390 1012 1417 solem
1028 1389 1134 1416 veloces
1145 1397 1240 1417 cursus
1253 1390 1448 1425 perﬁcientetn,
1465 1397 1496 1417 ac
1510 1390 1599 1416 omnia
1616 1389 1714 1424 ubique

929 1436 1070 1467 crelorum,
1087 1435 1169 1470 336
1184 1440 1211 1462 et
1235 1440 1369 1462 terrarum
1396 1435 1600 1466 illuminantcm,
1627 1439 1663 1467 et,
1685 1440 1715 1462 ut

929 1481 1047 1508 breviter
1058 1481 1155 1513 dicam,
1175 1480 1221 1514 qui
1235 1480 1358 1506 universa
1376 1480 1458 1506 verbo
1473 1480 1602 1512 condidit,
1621 1487 1652 1506 ac
1665 1487 1713 1514 ap-

930 1533 1026 1561 parere
1041 1526 1114 1558 fecit,
1130 1526 1162 1556 is,
1179 1526 1299 1560 inquam,
1320 1529 1360 1552 est
1382 1525 1535 1560 unigenitus
1550 1525 1634 1552 Filius
1648 1524 1714 1553 Ver-

930 1572 992 1599 bum
1007 1571 1064 1604 Dei,
1080 1571 1124 1606 qui
1145 1570 1295 1598 celebrattts
1310 1570 1360 1598 fuit
1379 1579 1409 1598 ac
1426 1575 1537 1598 vocatus
1554 1570 1600 1598 Dei
1617 1577 1712 1605 poten—

931 1618 977 1651 tia,
998 1621 1026 1645 et
1038 1617 1083 1644 Dei
1105 1617 1245 1651 sapientia,
1265 1616 1409 1650 quique’ut
1433 1617 1525 1643 :cterni
1543 1617 1584 1644 sui
1610 1622 1638 1644 et
1657 1618 1712 1645 veri

929 1663 1018 1690 Patris
1032 1663 1150 1697 potentia
1167 1667 1193 1689 et
1207 1662 1339 1696 sapientia
1355 1666 1405 1694 est,
1423 1663 1529 1689 initiutn
1548 1670 1600 1690 non
1621 1663 1713 1694 habet.

930 1708 1000 1736 sicut
1015 1708 1112 1735 docent
1125 1708 1241 1735 Joannes
1253 1707 1360 1742 quidem
1377 1715 1438 1735 cum
1451 1708 1515 1735 dicit
1526 1708 1581 1743 (52)
1597 1717 1604 1735 2
1623 1718 1632 1734 ι
1648 1709 1712 1736 Oni-

82 1754 203 1788 οὐρανοί.
223 1763 231 1779 ι
250 1754 332 1780 Ὥστε
358 1755 395 1789 μὴ
419 1754 510 1786 αὑτὸν,
536 1753 604 1781 ἀλλὰ
623 1755 677 1790 γὰρ
698 1755 790 1791 ἕτερον
809 1753 876 1781 εἶναι

932 1754 972 1781 nia
985 1761 1033 1788 per
1052 1754 1138 1787 ipsum
1156 1752 1226 1780 facta
1248 1757 1328 1785 sunt;
1346 1762 1355 1778 ι
1372 1752 1469 1779 Paulus
1483 1761 1559 1785 vero,
1582 1762 1641 1780 cum
1667 1753 1714 1780 lle-

84 1800 231 1835 πρόσωπον
245 1800 275 1826 τὸ
291 1800 379 1827 πάντα
393 1799 490 1833 ταῦτα,
507 1799 554 1826 καὶ
571 1800 612 1832 τὸ,
633 1810 643 1826 ι
663 1801 765 1836 Κύριος
787 1801 878 1827 Emtae

87 1854 132 1881 με,
149 1855 158 1871 ι
175 1846 295 1882 εἰρηκός.
306 1844 364 1872 Εἶτ’
380 1846 536 1881 ἐπήγαγεν·
553 1855 562 1871 ‹
581 1846 637 1872 Καὶ
650 1845 734 1872 ὕδατα
747 1846 778 1872 οὐ
807 1854 878 1881 παρ-

85 1891 225 1918 ελεύσεται
243 1891 330 1927 στόμα
342 1891 450 1918 αὑτοῦ.»
470 1892 540 1927 Ἀρα
551 1889 597 1918 οὖν
609 1891 648 1923 ὡς
662 1891 772 1927 ἐκτίσθη
786 1892 876 1926 σοφία.

85 1937 151 1973 περὶ
167 1938 213 1964 τοῦ
226 1938 321 1973 νοητοῦ
341 1937 473 1973 στόματος
489 1937 537 1964 τοῦ
560 1937 727 1973 δημιουργοῦ
744 1937 811 1964 Θεοῦ
826 1937 878 1964 Λό-

85 1991 135 2017 γου
165 1982 310 2017 ἐξηγεῖται.
330 1981 413 2015 Αὖθίς
436 1991 486 2010 τε·
507 1993 516 2009 ι
542 1983 638 2010 Ἦνίκα
669 1983 768 2019 ισχυρὰ
790 1984 876 2011 ἐποίει

83 2029 121 2056 τὰ
135 2029 246 2064 θεμέλια
267 2030 317 2065 τῆς
335 2029 402 2064 γῆς,
423 2030 497 2065 ήμην
517 2030 581 2065 παρ’
603 2029 676 2064 αὺτῷ
698 2029 874 2065 ἁρμόζουσα·

85 2075 143 2109 ἐγὼ
157 2075 231 2110 ἥμην
280 2075 460 2111 προσέχαιρεν
475 2074 535 2101 καθ’
549 2075 671 2110 ἡμέρανο
692 2075 876 2110 εὐφραινόμην

85 2121 115 2147 δὲ
127 2121 155 2146 ὲν
174 2119 312 2155 προσώπῳ
327 2120 408 2146 αὑτοῦ
428 2121 457 2146 ἐν
473 2121 554 2146 παντὶ
577 2119 679 2156 καιρῷ·
698 2120 742 2146 ὅτε
766 2121 878 2156 εὐφραί-

85 2174 148 2192 νετο
168 2166 218 2201 τὴν
244 2166 406 2201 οἰκουμένην
430 2166 598 2198 συντελέσας,
625 2167 672 2192 καὶ
689 2167 878 2202 ὲνευφραίνετο

87 2213 118 2238 ὲν
134 2212 202 2242 υἱοῖς
215 2212 374 2247 ἀνθρώπων.
391 2221 400 2237 ι
420 2212 448 2238 Ὀ
459 2212 513 2248 γὰρ
530 2212 694 2247 δημιουργὸς
705 2212 769 2244 Υἱὸς
781 2212 875 2247 Λόγος,

84 2259 102 2284 ὁ
121 2257 210 2284 πάντα
229 2258 276 2293 μὲν
296 2257 429 2294 προειδὼς
450 2258 497 2284 καὶ
515 2257 726 2294 προδυνάμενος,
744 2257 878 2292 μακροθυ-

124 2346 211 2381 (2-H)
230 2346 349 2374 Initium.
370 2347 448 2374 Prov.
467 2355 488 2377 ι,
501 2347 527 2374 7.

123 2381 179 2414 (42)
207 2382 397 2416 ΙηιυΙΙίῃεηιὶα.
422 2382 544 2409 Secunda
576 2382 634 2409 haec
659 2381 783 2408 versiculi
807 2388 870 2415 pars

889 2349 910 2376 τ’
960 2346 1016 2415 ξιξ)

927 1799 1006 1827 brazis
1022 1798 1145 1826 scribens
1162 1798 1199 1825 ait
1215 1807 1222 1825 :
1239 1807 1250 1823 ι
1266 1799 1304 1824 Ad
1323 1797 1418 1825 Filium
1433 1798 1487 1833 (55)
1501 1803 1591 1826 autem
1606 1808 1611 1825 :
1629 1798 1713 1825 ’Πιτθ-

928 1852 980 1872 nus
999 1849 1070 1877 tuus,
1091 1845 1169 1876 Deus,
1186 1844 1211 1870 in
1226 1843 1354 1870 sacculum
1375 1843 1478 1871 smcuii.
1497 1853 1506 1869 ι
1522 1844 1560 1870 Ac
1578 1844 1713 1871 nonnullis

927 1890 1075 1925 iulerjectis
1097 1899 1104 1916 :

928 1935 1056 1967 fundasti,
1086 1939 1113 1962 et
1137 1941 1219 1969 opera
1240 1941 1367 1960 manuum
1392 1939 1498 1960 tuarum
1525 1938 1587 1960 sunt
1611 1934 1683 1961 ca'li.
1700 1942 1710 1960 ι

930 1981 1024 2015 Itaque
1037 1987 1164 2015 persona,
1179 1987 1239 2014 quat
1254 1980 1308 2007 lucc
1321 1980 1411 2006 omnia
1426 1979 1452 2006 in
1467 1979 1620 2006 Praverbiis
1633 1980 1712 2010 dixit.

930 2026 982 2053 alia
1002 2031 1044 2053 est
1062 2026 1096 2053 ab
1110 2033 1140 2052 ea
1162 2025 1306 2060 sapientia,
1323 2032 1382 2060 qua:
1397 2025 1444 2056 ait,
1464 2033 1474 2050 ι
1490 2025 1618 2052 Dominus
1638 2032 1713 2052 crea-

928 2072 968 2098 vit
990 2078 1044 2102 me,
1061 2081 1070 2096 ›
1089 2079 1141 2097 non
1162 2078 1225 2098 vero
1240 2075 1280 2097 est
1307 2071 1410 2097 eadem.
1437 2069 1581 2105 Subjuugit
1598 2076 1712 2104 postea:

931 2126 940 2142 ι
956 2117 989 2143 Ει
1006 2125 1081 2150 aqua!
1092 2116 1147 2151 (55)
1163 2124 1215 2143 non
1234 2116 1406 2150 praneribunt
1421 2123 1451 2142 os
1463 2115 1528 2149 ejus.
1546 2125 1555 2141 ι
1576 2115 1713 2151 Sapientia

928 2170 1002 2197 ergo,
1019 2168 1155 2197 quatenus
1170 2167 1260 2189 creata
1278 2166 1329 2194 est,
1349 2162 1420 2196 quod
1435 2162 1512 2194 dixit,
1531 2162 1570 2189 sic
1591 2163 1711 2195 exponit.

929 2215 958 2237 ut
974 2211 1007 2237 de
1024 2209 1186 2244 intclligibili
1203 2217 1250 2236 ore
1267 2208 1430 2240 Conditoris,
1449 2216 1545 2242 nempe
1559 2208 1604 2236 Dei
1620 2208 1711 2237 Verbi.

929 2264 958 2284 se
973 2256 1045 2292 loqui
1069 2257 1204 2284 ostendat.
1226 2255 1260 2282 Et
1277 2263 1389 2282 rursus:
1407 2263 1417 2280 ι
1434 2255 1545 2288 Quando
1561 2255 1640 2282 fortia
1657 2255 1711 2290 (δῦ)

1039 2346 1175 2374 Dominus.
1199 2345 1278 2372 Prov.
1295 2353 1354 2377 vnt,
1372 2345 1469 2373 26-29.

972 2381 1015 2416 49)
1035 2381 1236 2408 Inlmbitabt'les.
1262 2381 1353 2408 Grmca
1370 2381 1412 2408 ed.
1433 2381 1522 2412 habet,
1549 2379 1596 2406 καὶ
1615 2379 1713 2416 ἀοιχή-

87 2417 186 2450 lcgitur
206 2417 232 2443 in
255 2415 347 2444 Graeca
367 2417 426 2444 libri
446 2416 651 2443 Proverbiorum
673 2417 801 2445 editione.
823 2417 870 2442 sed
924 2424 999 2447 τους,
1019 2417 1042 2442 id
1059 2420 1101 2443 est
1123 2417 1224 2443 tetiam
1239 2415 1438 2442 inhabitabiles.
1453 2425 1462 2440 ι

86 2453 164 2478 deest
197 2452 223 2478 in
244 2451 374 2479 llebraico
393 2451 466 2478 fonte
488 2457 567 2485 atque
591 2452 617 2478 in
641 2451 743 2478 Latinis
768 2450 869 2478 Bibliis.

86 2487 144 2512 lluc
157 2493 221 2512 vero
237 2487 364 2513 translata
378 2491 419 2513 est
435 2494 467 2513 ex
489 2487 591 2520 psalmo
605 2494 648 2513 cx.

122 2521 179 2554 (45)
199 2521 250 2547 Per
267 2529 315 2547 me.
332 2521 410 2548 l’rov.
424 2529 485 2553 Vttt,
501 2521 535 2547 15
549 2526 576 2547 et
590 2521 634 2547 iii.

122 2556 178 2590 (Η)
200 2556 367 2590 .ifegistaues.
383 2555 483 2588 Codex,
501 2556 673 2591 μεγιστᾶνες,
685 2563 744 2583 cum
761 2559 871 2582 accentu

84 2595 178 2618 acuto.

123 2626 179 2659 (45)
196 2625 316 2653 Homini.
330 2626 430 2658 Codex,
443 2626 508 2654 ἄνω.
530 2625 601 2660 Lego
619 2625 687 2661 ἁνῲ,
709 2625 734 2652 id
755 2629 805 2656 est,
828 2625 869 2651 ἀν-

85 2659 197 2697 θρώπῳ.

123 2691 180 2730 (ἀΰ)
203 2691 253 2723 Ῐιη.
270 2695 369 2727 Codex,
385 2692 471 2727 οὗτος.
487 2694 588 2727 Malim,
603 2696 700 2727 οὕτως.

122 2730 264 2770 (47)_Ejus
279 2731 405 2770 qctiones.
423 2731 525 2770 (ludes,
543 2730 642 2770 {pm}.
661 2750 690 2770 ._.
707 2751 713 2757 .
728 2731 762 2757 τὰ
777 2729 869 2770 αὑτοῦ..

85 2764 239 2808 ιςειιιιιιιιιιι
252 2785 259 2795 ,
285 2764 369 2799 ἔργα.
384 2785 391 2791 .
403 2784 411 2791 .
433 2765 467 2791 τὰ
486 2764 578 2798 αὐτοῦ,
599 2766 652 2798 vel,
674 2766 753 2801 ἔργον
768 2787 774 2792 .
791 2785 797 2792 .
813 2785 819 2792 .
842 2765 872 2791 τὸ

85 2808 177 2826 αυτου.

249 2845 384 2875 ΡΑτιιοι.
401 2845 458 2875 Gtt.
479 2845 627 2875 XXXIX.

961 2450 1016 2485 (50)
1043 2451 1165 2486 Quando.
1195 2450 1332 2485 Didymus,
1356 2451 1447 2486 ἡνίκα.
1468 2450 1572 2485 Compl.
1586 2450 1642 2484 ed.,
1664 2450 1712 2477 καὶ

924 2486 980 2512 ὅτε.
1001 2485 1243 2516 Fraucofurtensis,
1257 2486 1313 2512 ὅτε.

910 2535 912 2537 >
961 2521 1017 2556 (51)
1037 2520 1107 2556 Ipse.
1125 2521 1192 2555 vox,
1208 2520 1301 2554 αὐτόν,
1321 2520 1397 2548 deest
1412 2521 1437 2548 in
1454 2521 1555 2548 Bibliis.

963 2556 1020 2590 (5'2)
1039 2555 1146 2590 Capit,
1163 2563 1233 2581 vers.
1250 2556 1276 2582 5.

964 2589 1019 2626 (55)
1040 2590 1079 2626 Aid
1096 2589 1205 2626 Filium.
1226 2590 1306 2616 llehr.
1327 2599 1347 2620 ι,
1363 2591 1389 2617 8.

964 2624 1020 2659 (54)
1043 2625 1075 2650 Ει
1088 2633 1097 2651 ;
1114 2624 1152 2651 Tu
1185 2625 1357 2656 Ilebr.t,10.

964 2657 1020 2694 (55)
1042 2659 1074 2685 Et
1102 2668 1187 2694 aquae.
1218 2660 1295 2687 Prov.
1322 2668 1380 2693 viti,
1407 2659 1451 2686 29.
1484 2659 1568 2686 Bililia
1611 2657 1711 2685 habent

929 2695 1061 2729 στόματος
1090 2702 1138 2728 pro
1160 2694 1256 2729 στόμα.

962 2728 1016 2766 (56)
1046 2730 1157 2766 Quando
1176 2728 1279 2766 fortia.
1307 2730 1386 2757 Prov.
1415 2736 1472 2760 vui,
1499 2728 1596 2756 29-51.
1625 2729 1709 2756 Biblia

926 2764 1025 2792 habent
1038 2764 1083 2791 καί
1110 2772 1158 2799 pro
1172 2765 1260 2800 ἡνίκα.

1537 2842 1575 2872 96

1133 1898 1142 1915 ι
1173 1889 1205 1916 Ει
1229 1893 1256 1916 tu
1281 1889 1336 1924 (54)
1357 1889 1444 1920 initio,
1463 1888 1591 1919 Domine,
1614 1893 1712 1915 terram
1755 1904 1757 1907 ι
