1925 3063
222 110 272 139 8U

838 101 956 129 DIDYMI
973 99 1207 128 ALEXANDRINI

1798 101 1853 128 Ri‘!

222 165 339 194 faciebat
352 163 525 192 fundamenta
539 165 630 194 terrae,
652 165 726 187 eram
753 158 822 193 apud
844 159 932 194 ipsum
960 158 1010 186 ad-

1066 157 1122 192 μῶν
1137 165 1167 183 τε
1182 156 1228 184 καὶ
1239 155 1285 183 ἐπὶ
1300 156 1385 191 ἀδίκῳ
1407 156 1453 183 καὶ
1474 155 1612 192 κακοδόξῳ
1628 154 1725 191 πλήθει
1740 156 1787 183 καὶ
1801 165 1854 184 κιο

223 216 319 248 aptans
333 220 338 237 :
355 217 404 244 ego
419 215 506 240 eram,
523 207 548 234 in
567 213 619 241 qua
629 205 762 241 gaudebat
772 211 820 238 per
832 203 918 237 diem;
933 203 1008 231 lieta«

223 258 273 284 bar
298 262 362 283 vero
375 253 431 290 (57)
447 253 474 280 in
494 258 610 287 persona
634 251 692 286 eius
716 250 744 277 in
767 250 843 278 omni
869 253 1007 283 tempore;

222 300 329 337 quando
352 299 538 327 oblectabatur
555 296 612 332 (58)
635 300 779 331 postquam
809 293 903 322 orbem
931 299 1010 322 term

221 345 427 382 perfecisset,et
437 342 622 371 delectabatur
633 342 659 370 in
673 341 734 369 ﬁliis
747 341 898 369 hominum.
913 349 924 366 ι
940 339 1009 368 Nam

221 391 352 419 Conditor
379 390 489 426 quidem
512 388 597 416 Filius
617 387 748 422 Verbum,
779 386 825 422 qui
848 385 938 413 omnia
959 392 1008 412 an-

221 442 266 464 tea
287 442 315 464 et
337 435 519 472 praesciebat,
550 437 579 462 et
596 437 721 469 poterat,
746 433 847 468 quique
868 438 932 467 erga
954 431 1007 459 ini.

1062 203 1178 240 ριμένων
1203 203 1361 239 μετάνοιαν,
1390 202 1550 234 συντελέσας
1575 202 1610 229 τὰ
1642 203 1742 235 πάντα,
1766 211 1855 238 τιροσ-

1059 250 1150 286 έχαιρε
1171 251 1203 286 τῇ
1234 249 1332 286 ὲνούσῃ
1358 250 1414 281 τοῖς
1439 249 1585 284 κτίσμασιν
1601 248 1682 276 αὑτοῦ
1699 249 1788 284 σοφίᾳ,
1808 250 1856 276 καὶ

1060 296 1251 332 ὲνευφραίνετο
1265 297 1294 322 ὲν
1311 296 1391 331 αὐτῇ,
1409 294 1623 330 ὲπιγαννύμενος
1638 294 1676 330 τῷ
1692 295 1750 330 ίδίῳ
1761 294 1837 330 ἔργῳ
1847 303 1854 311 -

1059 342 1218 378 εὐφραίνετο
1232 342 1260 369 δὲ
1272 341 1318 368 καὶ
1330 341 1396 376 αὑτὴ
1411 341 1439 366 ὲν
1453 339 1591 376 προσώπῳ
1604 340 1697 367 αὑτοῦ.
1714 339 1781 367 Εἶτα
1795 340 1854 376 μεθ’

1059 388 1142 423 ἕτερά
1155 395 1251 423 φησιν’
1268 397 1278 413 ι
1295 387 1327 413 Αἱ
1343 386 1371 413 δὲ
1386 385 1468 420 ἔξοδοί
1488 394 1540 421 μου
1562 386 1591 412 ὲν
1617 385 1687 417 ὁδοῖς
1705 385 1787 420 ζωῆς,
1808 385 1855 411 καὶ

1062 433 1234 469 ὲτοιμάζεται
1245 433 1352 468 θέλησις
1361 432 1436 468 παρὰ
1445 432 1559 468 Κυρίου.
1568 432 1598 459 Οἱ
1611 431 1638 458 δὲ
1652 431 1854 467 ἁμαρτάνοντες

221 491 302 519 quam
321 483 415 515 etiam,
429 485 456 509 et
471 487 553 516 prave
570 479 731 509 sentientem
753 479 952 508 multitudinem
968 478 1009 507 le-

1066 480 1102 512 είς
1118 480 1169 515 ἐμὲ
1197 479 1376 515 ἀσεϐήσουσιν
1397 479 1438 510 είς
1454 478 1503 510 τὰς
1520 478 1624 505 ἑαυτῶν
1642 477 1749 512 ψυχάς’
1766 477 1815 504 καὶ
1828 476 1855 503 οἱ

221 530 266 557 nis
286 533 340 562 est,
363 535 395 556 ac
411 527 488 555 tarde
500 526 640 559 irascitur,
656 529 683 553 et
704 526 894 561 paenitentiam
913 531 1009 560 exspe-

1066 524 1204 561 μισοῦντές
1218 534 1252 560 με
1278 525 1451 560 ἀγαπήσουσι
1481 523 1605 550 θάνατον.
1625 532 1634 549 ›

220 579 294 608 ctat,
321 579 465 610 postquam
496 572 587 600 omnia
613 571 790 607 perfecisset,
816 571 951 606 gaudebat
976 570 1009 598 de
1029 570 1209 599 inexsistente
1241 571 1377 599 creaturis
1393 569 1450 598 suis
1482 569 1625 604 sapientia,
1642 573 1670 597 et
1686 569 1712 596 in
1731 575 1764 596 ea
1780 567 1855 595 deie-

219 623 354 654 ctabatur,
368 621 395 648 in
410 627 459 648 suo
474 619 558 654 ipsius
570 625 652 653 opere
665 625 724 645 sese
736 617 873 645 obiectans
885 616 953 652 (59).
964 615 1000 644 At
1019 615 1076 652 ipsa
1096 617 1178 644 etiam
1200 617 1333 652 sapientia
1357 621 1448 645 creata
1483 617 1509 644 in
1542 623 1657 651 persona
1676 615 1763 650 ipsius
1777 614 1856 642 oble-

220 668 356 697 ctabatur.
378 666 448 693 Tum
469 669 530 700 pest
546 664 598 691 alia
616 662 726 698 inquit:
746 672 756 689 ι
772 662 867 690 Exitus
878 661 933 698 (60)
965 668 1030 689 vero
1048 662 1101 689 mei
1124 662 1151 689 in
1173 662 1225 690 viis
1245 662 1329 690 vitae:
1345 666 1373 689 et
1395 665 1505 697 paratur
1537 661 1663 689 voluntas
1691 668 1706 687 a
1725 659 1854 688 Domino;

220 719 272 753 Qui
292 723 382 746 autem
398 719 513 752 peccant
536 713 562 742 in
578 721 632 748 me,
648 711 722 748 impii
738 715 819 740 erunt
834 710 891 748 (61)
902 711 929 738 iu
949 718 1012 739 suas
1032 710 1149 746 ipsorum
1184 710 1298 744 animas,
1333 714 1361 738 et
1380 709 1425 745 qui
1448 710 1564 738 oderunt
1585 715 1639 741 me,
1656 708 1766 743 diligent
1781 714 1854 735 more

221 771 287 793 tem.
304 776 314 791 ι

255 812 289 839 Et
298 810 394 838 merito
401 808 507 843 quidem
518 806 558 835 sic
568 804 699 840 loquitur.
710 804 761 838 Qui
770 803 842 831 enim
849 809 926 831 suam
935 802 1009 837 ipso~

1094 799 1149 827 Καὶ
1176 799 1249 835 μάλα
1273 798 1395 829 εἰκότως.
1420 798 1451 823 οί
1475 796 1530 832 γὰρ
1549 796 1594 823 τδν
1613 795 1717 823 ἑαυτῶν
1738 795 1795 831 βίον
1816 796 1855 831 μὴ

221 865 280 885 rum
293 857 376 884 vitam
391 853 524 890 sapientia
537 853 606 880 duce
620 858 673 878 non
688 851 849 886 gubernant,
860 849 877 876 ii
891 848 1012 876 sibimet-

222 903 287 938 ipsis
295 902 468 932 insidiantur,
475 904 502 926 et
512 906 567 926 suae
575 898 695 933 ipsorum
704 895 866 930 insipientia:
885 900 966 929 atque
975 894 1011 920 in-

222 949 310 978 seitiae
320 952 513 983 congruentem
526 943 677 972 mercedem
690 942 830 970 inveniunt
838 945 964 969 mortem.
976 939 1012 968 Ut

223 999 326 1022 rectam
344 999 419 1024 vero,
444 998 477 1018 ac
497 997 593 1018 sanam
617 988 868 1022 interpretationem
890 991 1010 1014 nostram

221 1039 301 1075 337
319 1044 380 1066 esse
395 1036 450 1073 (62)
464 1035 579 1070 quisque
593 1033 695 1065 videat,
710 1040 743 1060 ac
759 1040 792 1059 ne
811 1032 874 1059 caici
886 1031 1007 1066 quidem,

222 1091 252 1113 ut
267 1084 319 1112 dici
337 1083 416 1116 solet.
435 1082 468 1109 de
487 1081 539 1108 hac
556 1088 586 1108 re
604 1079 743 1113 ambigere
759 1081 878 1112 queant;
909 1077 942 1104 de
964 1076 1010 1104 illo

222 1133 291 1167 ipso,
305 1130 338 1158 de
353 1136 407 1164 quo
421 1127 490 1155 dixit
501 1126 620 1154 Joannes
640 1124 711 1160 (65),
727 1134 736 1150 ι
757 1123 791 1150 Ει
811 1122 929 1150 Verbum
944 1129 1011 1149 caro

223 1177 323 1205 factum
340 1178 392 1207 est,
408 1177 436 1201 et
451 1171 583 1199 habitavit
597 1170 623 1197 in
638 1169 727 1201 nobis,
745 1178 754 1195 ι
771 1167 903 1202 sapientia
919 1171 1011 1194 creata

223 1220 319 1256 inquit,
337 1228 346 1245 ‹
364 1217 504 1253 Sapientia
525 1215 580 1251 (δι)
596 1215 740 1242 aediﬁcavit
765 1214 816 1241 sibi
836 1214 958 1245 domum,
984 1217 1012 1240 et

222 1264 338 1293 suﬂ‘uisit
353 1262 492 1290 columnas
517 1265 630 1295 septem.
654 1269 663 1285 ι
697 1259 735 1286 De
762 1266 815 1294 qua
846 1258 926 1286 domo
956 1259 1013 1293 ipse

224 1310 352 1339 Dominus
367 1309 406 1336 ait
424 1316 431 1335 :
455 1317 465 1333 σ
482 1306 585 1334 Solvite
599 1305 656 1342 (65)
682 1305 811 1340 templum
834 1305 894 1336 hoc,
909 1308 937 1331 et
963 1311 1012 1338 ego

223 1358 249 1384 in
265 1357 351 1384 tribus
364 1354 459 1382 diebus
475 1353 601 1381 excitabo
618 1351 693 1379 illud.
716 1360 726 1377 ι
746 1350 800 1378 Sed
812 1353 841 1377 ut
858 1350 944 1384 magis
956 1356 1013 1376 ma-

223 1403 317 1438 gisque
341 1400 467 1428 ostendat
493 1398 631 1431 Salomon,
649 1398 682 1425 de
697 1396 847 1424 conditrice
873 1395 1012 1430 Sapientia

225 1455 254 1475 se
271 1454 323 1475 non
350 1445 435 1480 loqui,
456 1444 482 1471 in
503 1442 678 1478 sequentibus
698 1442 734 1469 ita
747 1441 882 1468 disserere
899 1441 986 1476 pergit
1003 1449 1011 1467 ε

224 1502 234 1518 1
256 1491 306 1519 Fili
330 1475 398 1527 (66).,
428 1475 450 1517 si
476 1475 584 1524 sapiens
607 1487 700 1519 fueris,
729 1486 884 1521 tibimetipsi
901 1475 1047 1520 sapiensc

223 1537 288 1569 eris,
306 1541 333 1564 et
352 1534 512 1571 propinquis
525 1533 580 1568 (67)
602 1544 608 1560 :
629 1532 652 1559 si
667 1535 756 1559 autem
779 1530 865 1558 malus
880 1531 1011 1562 evaseris,

222 1583 297 1610 solus
314 1581 460 1609 exhauries
479 1579 561 1606 mala.
584 1588 592 1604 ι
621 1578 653 1604 Ει
672 1583 766 1604 rursus
788 1584 796 1603 :
822 1585 831 1601 ι
848 1575 933 1604 Filius
957 1575 1012 1611 (68)

223 1629 353 1658 eruditus,
371 1627 480 1661 sapiens
505 1614 573 1656 erili;
593 1622 737 1657 insipiente
774 1626 863 1648 autem
891 1621 1014 1649 ministro

223 1679 331 1707 utetur;
351 1682 361 1699 ι
387 1677 413 1700 et
430 1678 522 1698 rursus
541 1680 547 1698 :
567 1679 576 1695 ι
589 1669 705 1704 Sapiens
719 1667 773 1704 (69)
792 1667 874 1695 corde
900 1667 1015 1702 suscipit

223 1723 373 1755 praecepta;
395 1726 404 1743 ι
424 1721 451 1744 et
473 1724 479 1743 :
502 1725 511 1741 ι
529 1715 580 1742 llic
600 1713 656 1748 (70)
673 1721 705 1740 ex
734 1712 814 1740 labiis
840 1712 943 1747 profert
967 1719 1013 1739 sa-

223 1764 378 1800 pientiam:
403 1763 479 1797 virga
506 1760 619 1788 verbera
641 1759 696 1795 (7i)
720 1759 807 1785 virum
833 1758 977 1785 vecordem
1004 1764 1011 1784 :

225 1810 362 1845 sapientes
378 1807 544 1835 abscondent
569 1812 698 1838 sensum;
718 1813 727 1830 ι
747 1809 775 1831 et
800 1810 893 1830 rursus
910 1813 916 1831 :
937 1812 946 1829 ‹
963 1802 1013 1831 Sa-

227 1856 329 1892 pientia
346 1854 403 1890 (72)
419 1855 478 1881 viro
501 1852 573 1888 parit
598 1850 786 1886 prudentiam;
807 1859 816 1876 ›
841 1854 868 1877 et
890 1856 985 1877 rursus
1005 1857 1012 1876 :

229 1912 239 1928 ι
256 1901 292 1929 Os
309 1900 373 1936 justi
391 1900 447 1934 (75)
466 1898 576 1926 distillat
589 1896 765 1931 sapientiam;
786 1904 796 1921 ι
816 1900 841 1922 et
856 1903 862 1921 :
881 1903 890 1920 t
902 1893 1012 1929 Lingua:

227 1947 284 1984 (74)
303 1946 454 1980 sapientum
474 1947 584 1976 sanant;
607 1951 616 1968 ι
633 1946 661 1969 et
685 1951 691 1968 :
716 1950 725 1966 t
745 1941 795 1974 Qui
819 1940 939 1967 ambulat
956 1939 1012 1975 (75)

225 2001 288 2021 eum
317 1991 502 2026 sapientibus,
535 1989 642 2024 sapiens
668 1988 729 2015 erit.
747 1997 757 2013 ι
790 1986 892 2014 Deinde
917 1993 984 2013 vero
1005 1995 1011 2012 :

226 2049 236 2066 ε
254 2039 364 2072 Qua-res
379 2036 435 2073 (76)
453 2036 614 2071 sapientiam
630 2035 699 2069 apud
716 2032 812 2064 malos,
826 2036 853 2059 et
868 2039 920 2059 non
940 2031 1015 2059 inve-

259 2129 317 2164 (57)
332 2127 535 2164 Latgparyero.
553 2124 638 2151 Biblia
659 2122 739 2164 paulo
753 2121 859 2164 ’ζῆλοι-,1
870 2120 1010 2164 praemissa

1062 846 1144 882 σοφίᾳ
1158 844 1354 881 κυϐερνῶντες,
1371 844 1476 875 ἑαυτοῖς
1494 841 1714 870 ἐπιϐουλεύουσιν
1733 841 1796 877 [158
1813 841 1855 877 ιι],

1061 892 1109 918 καὶ
1124 892 1173 926 τῆς
1195 889 1299 917 ἑαυτῶν
1322 888 1478 924 ἀφροσύνης
1506 888 1554 915 καὶ
1577 887 1754 919 ἀπαιδευσίας
1779 886 1857 920 ἀξιον

1061 936 1217 972 εὑρίσκουσι
1236 935 1361 962 θάνατον.
1377 934 1459 959 Ὥστε
1482 933 1510 959 δὲ
1523 933 1570 960 καὶ
1592 931 1718 967 τυφλοὺς,
1731 931 1809 959 τοῦτο
1820 931 1855 968 δὴ

1061 981 1092 1008 τὸ
1104 979 1151 1008 τοῦ
1170 980 1261 1014 λόγου,
1287 979 1323 1015 μὴ
1340 978 1522 1014 ἀμφιϐάλλειν
1546 977 1631 1011 ὑγιῶς
1647 977 1695 1013 τὴν
1716 977 1856 1012 ἡμετέραν

1062 1026 1220 1063 ἑρμηνείαν,
1237 1027 1254 1062 ὴ
1271 1025 1367 1062 κτιστὴ
1379 1024 1459 1059 σοφία
1470 1024 1568 1059 φάσκει
1580 1023 1646 1059 περὶ
1658 1023 1774 1056 ἐκείνου,
1790 1024 1857 1059 περὶ

1061 1070 1092 1100 οὗ
1105 1071 1181 1100 εἶπεν
1203 1072 1340 1106 Ἰωάννης,
1358 1066 1368 1097 ἆ
1384 1071 1439 1097 Καὶ
1455 1070 1469 1096 ὁ
1485 1070 1571 1104 Λόγος
1588 1069 1656 1105 σὰρξ
1674 1069 1791 1104 ἐγένετο,
1807 1070 1857 1096 καὶ

1062 1119 1217 1155 ἐσκήνωσεν
1241 1119 1269 1144 ὲν
1281 1118 1356 1153 ἡμῖν·
1374 1126 1383 1141 ι
1404 1125 1413 1142 t
1433 1117 1465 1143 Ἡ
1485 1116 1564 1150 σοφία
1585 1115 1758 1151 ᾠκοδόμησεν
1771 1116 1856 1152 ἑαυτῇ

1062 1163 1145 1197 οἷκον,
1161 1165 1207 1192 καὶ
1236 1164 1369 1199 ὐπήρεισε
1390 1162 1500 1194 στύλους
1518 1162 1614 1189 ἑπτά.»
1633 1162 1701 1197 Περὶ
1715 1157 1745 1188 οὗ
1756 1161 1830 1188 οἴκου
1841 1163 1858 1189 ὁ

1062 1210 1143 1241 αὐτὸς
1160 1208 1297 1244 Δεσπότης
1312 1208 1364 1243 ἔφη
1374 1215 1380 1223 ·
1396 1217 1406 1233 ι
1421 1206 1526 1234 Λύσατε
1541 1206 1587 1233 τὸν
1607 1206 1670 1233 ναὸν
1688 1206 1792 1238 τοῦτον,
1808 1207 1858 1234 καὶ

1063 1255 1118 1289 ἐγὼ
1130 1255 1158 1281 ὲν
1169 1253 1257 1290 τρισὶν
1275 1253 1395 1289 ἡμέραις
1409 1252 1497 1287 ἐγερῶ
1514 1251 1604 1279 αὐτόν.
1620 1261 1629 1277 ι
1647 1251 1755 1278 Μᾶλλον
1768 1251 1797 1278 δὲ
1807 1252 1858 1278 καὶ

1064 1300 1164 1335 μᾶλλον
1178 1300 1284 1331 δεικνὺς
1296 1298 1432 1334 Σολομὼν,
1447 1298 1485 1330 ὡς
1502 1298 1532 1324 οὐ
1546 1298 1609 1333 περὶ
1621 1298 1671 1333 τῆς
1687 1297 1857 1333 δημιουργοῦ

1062 1346 1216 1381 διαλέγεται
1240 1345 1346 1380 σοφίας,
1372 1345 1400 1370 ὲν
1431 1345 1486 1376 τοῖς
1512 1344 1656 1378 ἑπομένοις
1687 1343 1858 1379 διεξέρχεται

1062 1391 1164 1423 οὕτως·
1189 1401 1197 1418 ι
1215 1391 1273 1422 Υἱὲ,
1292 1391 1339 1417 έὰν
1361 1390 1442 1425 σοφὸς
1464 1390 1545 1426 γένῃ.
1569 1390 1676 1426 σεαυτῷ
1702 1391 1782 1425 σοφὸς
1805 1391 1857 1427 ἔσῃ

1063 1437 1177 1468 καὶτοῖς
1190 1436 1319 1472 πλησίον·
1334 1436 1381 1463 ἐὰν
1406 1436 1434 1462 δὲ
1461 1436 1544 1468 κακὸς
1570 1436 1686 1472 ἀποδῇς,
1708 1436 1787 1472 μόνος
1806 1437 1858 1463 ἁν-

1063 1483 1170 1518 τλήσεις
1194 1482 1284 1509 κακά·
1303 1491 1313 1507 ι
1341 1482 1388 1508 καὶ
1414 1481 1509 1508 πάλιν·
1532 1491 1542 1507 ι
1560 1482 1624 1513 Υίδς
1641 1482 1858 1517 πεπαιδευμένος

1062 1528 1143 1562 σοφὸς
1158 1527 1245 1559 ἔσται,
1259 1527 1298 1562 τῷ
1314 1527 1342 1553 δὲ
1357 1527 1454 1562 ἄφρονι
1475 1527 1592 1562 διακόνῳ
1615 1527 1747 1562 χρήσεται
1759 1536 1766 1542 ·
1784 1536 1793 1553 ι
1808 1528 1858 1554 ut

1062 1570 1153 1604 αὖθις·
1169 1582 1178 1598 ι
1195 1573 1279 1607 Σοφὺς
1296 1573 1394 1608 καρδίᾳ
1411 1572 1516 1607 δέχεται
1531 1572 1656 1603 ἐντολάς·
1674 1581 1684 1597 r
1702 1572 1760 1605 καὶ,
1780 1582 1789 1599 ι
1804 1570 1858 1600 Οὖ-

1062 1628 1107 1651 τος
1123 1620 1155 1645 ὲκ
1172 1618 1283 1654 χειλέων
1311 1618 1442 1653 προφέρει
1461 1618 1567 1652 σοφίαν.
1589 1618 1692 1653 Ῥάὸδῳ
1709 1618 1795 1645 τύπτε
1810 1619 1857 1646 ἄν-

1063 1664 1114 1700 δρα
1145 1663 1295 1698 ἁκὰρδιον”
1323 1664 1399 1698 σοφοὶ
1429 1663 1579 1700 κρύψουσιν
1606 1664 1748 1700 αἴσθησιν·
1769 1673 1779 1690 ι
1809 1666 1857 1692 καὶ

1062 1710 1158 1736 πάλιν·
1183 1719 1191 1735 ι
1212 1710 1245 1736 Ἦ
1269 1709 1349 1743 σοφία
1375 1708 1451 1744 ἀνδρὶ
1469 1709 1556 1736 τίκτει
1581 1710 1725 1745 φρόνησιν·
1743 1719 1753 1736 ›
1776 1707 1857 1743 αὖθίς

1061 1764 1091 1782 τε
1102 1764 1108 1772 ·
1126 1755 1233 1790 (Στόμα
1249 1755 1354 1782 δικαίου
1367 1755 1516 1787 ἀποστάζει
1529 1756 1624 1791 σοφίαν
1635 1765 1642 1772 ·
1653 1765 1662 1781 ι
1677 1757 1733 1788 καὶ,
1750 1757 1858 1784 «Γλῶσ-

1062 1810 1107 1828 σαι
1130 1801 1219 1836 σοφῶν
1241 1801 1350 1828 ἰῶνται·
1368 1810 1377 1826 ι
1394 1801 1452 1833 καὶ,
1471 1810 1480 1827 ι
1505 1802 1534 1828 Ὀ
1554 1803 1792 1838 συμπορευόμενος
1811 1812 1858 1831 σο-

1062 1849 1121 1883 φοῖς
1147 1848 1228 1882 σοφὸς
1245 1847 1321 1874 ἔσται
1334 1856 1340 1863 ·
1360 1857 1369 1873 ι
1400 1845 1459 1875 εἶτα
1479 1848 1557 1883 ἑξῆςσ
1578 1858 1587 1874 ι
1605 1849 1738 1884 Ζητήσεις
1759 1850 1857 1884 σοφίαν

1061 1894 1136 1930 παρὰ
1151 1895 1256 1926 κακοῖς,
1278 1894 1326 1920 καὶ⁷
1344 1894 1393 1929 οὐχ
1414 1894 1556 1930 εὑρήσεις·
1575 1903 1584 1919 ι
1608 1894 1655 1921 καὶ
1673 1894 1732 1929 μεθ’
1753 1895 1856 1930 ἕτερα·

1065 1949 1075 1965 ‹
1088 1939 1173 1973 Σοφία
1198 1938 1360 1974 πανούργων
1386 1938 1566 1973 ἐπιγνώσεται
1592 1938 1642 1970 τὰς
1658 1938 1734 1970 ὁδούς
1747 1947 1754 1953 ·
1773 1938 1857 1972 φόϐος

1062 1985 1176 2021 Κυρίου,
1194 1985 1304 2011 παιδεία
1320 1985 1366 2012 καὶ
1381 1985 1462 2019 σοφία
1474 1993 1480 2001 ·
1500 1993 1510 2010 t
1537 1983 1615 2016 αὖθίς
1631 1993 1661 2011 τε
1672 1993 1680 2000 ·
1702 1994 1711 2011 ι
1725 1984 1858 2016 Νεοσσοῖς

1063 2030 1243 2066 αἱρετώτεραι
1268 2030 1398 2066 χρυσίου·
1417 2030 1538 2056 νεοσσιαὶ
1557 2029 1585 2056 δὲ
1604 2029 1771 2065 φρονήσεως,
1786 2029 1857 2065 ὐήρ

1101 2118 1158 2155 (67)
1178 2119 1212 2146 Ει
1231 2120 1394 2155 propinquis.
1411 2118 1510 2155 Voces,
1524 2119 1572 2146 καὶ
1594 2119 1651 2155 τοῖς
1666 2118 1794 2155 πλησίον,
1808 2117 1857 2146 de-

223 2153 370 2200 pai'iielulia”
384 2161 429 2194 δέ,
455 2161 482 2188 in
511 2161 582 2187 hunc
607 2153 714 2185 modum
731 2166 737 2183 :
752 2156 822 2184 Καθ’
848 2153 956 2191 ἡμέραν
983 2155 1012 2182 δὲ
1031 2187 1052 2200 n
1067 2153 1320 2200 frllrl‘lliillicgi‘IIP-iill.
1337 2154 1467 2182 editione.
1493 2154 1730 2182 Frattcol'urlensis
1752 2153 1854 2180 habet:

223 2198 419 2235 ὲύφρφινὲμην-

259 2224 686 2269 (158)70bli’etabatur.Complut.
709 2226 764 2259 ed.,
785 2224 967 2261 ηὐφραίνετο,
988 2229 1016 2252 et

224 2265 312 2305 paulo
321 2272 390 2305 post,
407 2265 610 2305 ἐνηυφραίνετο.

261 2295 399 2338 (59)’δεδὲ
413 2295 556 2328 obiectans.
581 2298 682 2330 Codex,
708 2295 920 2331 ὲπιγανύμενος.
944 2295 1015 2330 Lego

225 2337 475 2373 ἑπίγαννύμενος.-
628 2367 661 2373 η
703 2365 765 2373 .-Α
798 2365 815 2373 ἢ
929 2366 945 2373 ν

261 2365 317 2408 (60)
341 2365 443 2408 lgibus:
460 2371 539 2408 Pro_v_.
553 2367 665 2408 ξιιμ-’55
684 2365 777 2408 ιιι-56.
791 2365 888 2408 rGrazca
904 2366 987 2408 editio
1007 2375 1014 2393 :

227 2401 424 2446 Ai‘ya'pﬁgoooi
439 2415 488 2442 μου
506 2404 591 2438 ἔξοδοι
613 2401 696 2437 ζωῆς,
717 2402 741 2429 id
759 2407 810 2434 est,
826 2410 836 2427 ι
850 2409 911 2428 nam
927 2402 1016 2428 exitus

227 2445 278 2471 mei
296 2442 383 2470 exitus
400 2442 470 2468 vitae.
486 2449 496 2466 ι

262 2478 317 2513 (61)
338 2477 427 2513 lmpii_
437 2480 522 2513 erunt.
545 2473 641 2505 Biblia,
655 2471 820 2513 .aaaiigﬁatvn
834 2471 860 2513 id
877 2476 928 2513 est,
943 2480 951 2496 ι
964 2470 1017 2513 ini-

227 2505 357 2550 pii‘su’nt.
374 2505 386 2539 ί
407 2511 440 2538 Et
456 2510 536 2545 paulo
557 2514 626 2545 post,
650 2506 787 2541 ἀγαπῶσι,
814 2506 840 2533 id
856 2511 908 2540 est,
934 2505 1017 2533 «dili-

246 2553 303 2576 unl.
317 2558 326 2574 ι

228 2559 326 2620 guiliié;
339 2581 472 2620 Sanam...
492 2588 556 2620 esse.
571 2579 636 2620 Post
660 2585 764 2620 vocem,
778 2575 951 2620 ..ἑρμηνείαῃ

228 2610 336 2647 brat-itis
352 2618 430 2644 vacui
453 2617 531 2650 spatii
558 2619 660 2642 tantum
688 2610 958 2650 reliquit_,'_quantmn
975 2610 1016 2636 ιΙί-

226 2645 344 2684 Εέὶοιιθιιι
362 2652 434 2687 ἔχειν
452 2645 549 2687 capere
561 2653 654 2687 queat,
670 2645 752 2682 quam
769 2645 918 2674 addendam
935 2650 1010 2680 pulo.

274 2689 318 2723 65)
333 2685 399 2722 cap;
416 2695 435 2718 ι,
450 2694 520 2723 vers.
537 2685 579 2712 14.

275 2719 319 2755 δι)
337 2719 484 2755 Sapientia.
500 2720 579 2748 l’rov.
597 2727 634 2750 lx,
653 2719 678 2755 l._

265 2749 321 2794 (65)
339 2749 446 2784 Suiuite.
468 2755 546 2784 Joan.
567 2762 598 2787 ll,
616 2755 660 2781 l9.
675 2753 730 2782 Vox
745 2751 800 2786 ἐγώ
815 2751 891 2780 deest
916 2750 942 2779 in
973 2749 1016 2777 Bi-

228 2794 299 2820 hliis.

264 2827 320 2863 (66)
338 2826 400 2854 Fili.
415 2825 493 2854 Prov.
509 2834 545 2859 ix,
566 2825 608 2852 ιε.

1031 2187 1052 2214 D
1067 2190 1122 2216 Καὶ
1135 2192 1192 2222 τοῖς
1201 2187 1321 2225 ἐπλησὶον
1336 2198 1393 2216 σου.

1103 2226 1159 2260 (68)
1196 2226 1291 2251 Filius.
1317 2226 1379 2252 Haec
1408 2226 1434 2251 in
1461 2226 1574 2251 Hebraeo
1599 2226 1746 2258 exemplari
1773 2227 1802 2250 et
1830 2226 1856 2249 in

1069 2260 1181 2295 Vulgata
1205 2260 1390 2295 translatione
1402 2260 1603 2295 desiderantur.
1615 2258 1857 2295 Francofurtensis

1067 2292 1149 2322 editio
1167 2295 1260 2322 eadem
1284 2295 1327 2322 bis
1349 2294 1431 2321 habet
1448 2294 1474 2321 in
1495 2294 1659 2324 Proverbiis.
1675 2300 1737 2327 cap.
1753 2300 1791 2324 ix,
1811 2292 1855 2324 12,

1067 2329 1189 2364 proxime
1209 2334 1270 2364 post
1293 2330 1482 2364 prmcedentia,
1510 2334 1537 2356 et
1560 2336 1619 2363 cap.
1644 2336 1760 2364 κεῖθι-ς.
1775 2328 1802 2364 5.
1821 2327 1856 2353 At

1067 2362 1266 2398 Complutensis
1279 2362 1309 2392 ea
1327 2369 1430 2391 tantutn
1450 2364 1531 2391 habet
1555 2371 1615 2398 cap.
1638 2371 1666 2390 it.
1681 2362 1787 2397 Didymi
1808 2370 1854 2388 ve-

1067 2407 1097 2427 ro
1113 2399 1198 2426 Biblia
1223 2399 1460 2434 Complutensibus
1492 2400 1542 2426 hac
1563 2399 1589 2425 in
1615 2405 1644 2425 re
1670 2402 1853 2425 consentanea

1068 2434 1162 2466 fuisse.
1176 2435 1298 2462 indicant
1310 2442 1390 2462 voces
1407 2442 1414 2460 :
1434 2443 1443 2460 ι
1458 2434 1492 2461 Ει
1506 2441 1608 2460 rursus.
1624 2442 1633 2458 ι

1104 2464 1160 2504 (69)
1174 2470 1293 2504 Sapiens.
1314 2470 1394 2497 Prov.
1417 2477 1445 2501 x,
1466 2468 1492 2496 9.
1510 2469 1603 2496 Greca
1617 2467 1700 2495 editio
1712 2466 1793 2494 habet
1806 2464 1850 2492 δέ-

1068 2504 1141 2537 ξεται
1157 2513 1204 2538 pro
1219 2505 1337 2540 δέχεται.
1404 2539 1407 2540 ν
1423 2539 1428 2540 7
1581 2537 1594 2540 Α
1717 2514 1725 2540 ς

1103 2536 1164 2575 (70)
1181 2536 1339 2567 ΙΙίε.Ῥι“υν.
1355 2547 1382 2571 x,
1400 2539 1433 2566 H-
1455 2543 1482 2566 et
1506 2538 1551 2565 15.
1576 2537 1668 2566 ereca
1694 2536 1777 2564 editio
1804 2543 1852 2571 pro

1066 2572 1239 2606 o'ﬁ'roc'liabct
1256 2576 1295 2607 ὃς,
1308 2575 1333 2601 id
1349 2580 1399 2606 est,
1418 2584 1426 2599 ι
1441 2574 1497 2609 qui.
1509 2584 1517 2599 ι

1102 2610 1158 2645 (7|)
1180 2606 1301 2638 Verbera.
1317 2609 1400 2637 Biblia
1412 2606 1519 2645 τύὲττει,
1539 2608 1565 2636 id
1579 2613 1630 2641 est,
1649 2617 1658 2634 ι
1674 2606 1809 2636 verberat.
1821 2613 1832 2631 ι

1101 2644 1157 2680 (7⁵2)
1173 2645 1317 2680 Sapientia.
1335 2645 1412 2672 Prov.
1432 2653 1459 2675 Χ,
1473 2644 1518 2670 24.

1102 2680 1158 2714 (75)
1175 2680 1210 2708 05
1222 2681 1299 2715 justi.
1317 2680 1399 2715 Prov.
1417 2688 1444 2713 x,
1456 2680 1500 2706 52.

1114 2715 1159 2749 74)
1177 2715 1296 2749 Linguw.
1314 2714 1395 2741 Prov.
1414 2722 1464 2746 xu,
1479 2715 1522 2741 19.

1114 2747 1157 2785 75)
1177 2747 1372 2782 ριιῖαηιὺιιίιιι.
1391 2749 1472 2776 l’r0v.
1486 2757 1553 2785 Al‘lll,
1569 2747 1616 2776 21.

1102 2783 1158 2820 (76)
1177 2786 1292 2818 Quane».
1311 2785 1389 2812 Prov.
1407 2792 1462 2818 xtv,
1480 2783 1506 2811 6.

1196 2223 1291 2251 Filius.
1317 2225 1379 2252 Haec
1408 2225 1434 2251 in
1461 2224 1574 2251 Hebraeo
1599 2225 1746 2258 exemplari
1773 2227 1802 2250 et
1830 2223 1856 2249 in
