1925 3063
180 108 232 136 815

811 106 928 135 DIDYMI
947 105 1180 134 ALEXANDRI‘NI

1746 109 1800 138 848

182 169 263 196 tleare
276 167 392 199 Videtur,
407 166 454 194 sed
467 173 514 201 per
527 172 606 192 unam
623 172 689 198 rem,
700 169 894 200 autpersonam
907 165 961 199 ple-

1015 164 1096 192 ὲστίν.
1111 166 1179 201 Περὶ
1200 165 1302 201 ταύτης
1315 165 1344 192 δὲ
1368 164 1417 200 τῆς
1443 163 1547 198 σοφίας,
1566 163 1636 198 φημὶ
1652 163 1700 199 τῆς
1717 164 1748 192 ἐν
1763 167 1799 200 τῇ

182 221 295 247 rumque
311 213 361 240 alia
375 213 401 240 in
416 219 448 239 eo
460 211 615 246 designetur
631 220 638 238 :
653 210 781 238 Salomon
794 218 857 238 vero
868 210 965 238 Parce-

182 259 300 291 miastes,
319 258 345 285 id
359 262 399 285 est
411 257 616 285 Proverbiorum
636 257 753 292 scriptor
769 256 813 289 sit,
829 263 881 284 non
900 263 965 290 pro-

181 304 260 338 pheta
278 303 344 339 (9i).
359 302 397 330 De
410 303 462 330 hac
480 309 559 337 porro
572 302 713 337 sapientia,
731 303 764 330 de
775 309 817 335 ea,
843 302 964 337 inquam,

180 356 239 384 qua:
264 353 305 376 est
332 349 359 375 in
388 352 528 381 creatura,
550 355 610 375 cum
634 347 716 382 339
752 348 965 383 sapientissimus

183 393 289 421 Sirachi
309 393 379 420 ﬁlius
396 393 453 420 ait:
474 402 483 418 ι
503 392 583 420 Prior
595 393 651 427 (92)
667 393 905 420 omnibusereata
924 396 965 420 est

174 439 320 474 sapientia,
334 443 360 466 et
378 438 528 466 intellectus
542 439 689 473 prudentia:
704 438 737 465 ab
756 445 813 465 aevo
829 446 836 465 :
853 447 862 464 ι
881 438 965 465 Dein-

179 485 213 513 de
237 485 327 513 subdit
343 493 350 512 :
365 494 375 510 ‹
391 484 458 512 Cum
477 484 600 512 tidelibus
613 483 669 519 (95)
683 483 709 510 in
722 483 799 510 vulva
823 488 964 511 concreata

175 535 221 558 est
244 539 304 558 cum
331 531 413 565 ipsis;
436 535 463 558 et
487 538 548 557 cum
576 529 729 557 hominibus
761 529 963 556 fundamentum

180 577 272 606 saiculi
297 576 463 604 nidiﬁcavit:
480 585 490 602 ι
510 580 564 602 tum
595 575 739 610 Apostolus
761 575 786 602 in
810 576 896 609 prima
930 574 964 601 ad

180 623 335 651 Corinthios
352 623 388 650 ita
402 622 510 657 scripsit
524 630 530 648 :
542 631 551 648 ι
570 621 702 654 Quoniam
718 621 855 656 (94)_enim
874 621 899 647 in
918 620 963 648 Dei

183 669 320 703 Sapientia
347 675 401 695 non
430 667 557 702 cognovit
587 667 701 693 mundus
725 673 773 701 per
803 665 963 700 sapientiam

175 714 281 748 Deum,
300 714 401 749 placuit
423 713 483 740 ~Deo
511 720 558 747 per
584 712 725 739 stultitiam
764 711 964 746 praedicationis

179 758 268 786 salvos
292 758 382 785 facere
401 757 542 784 credentes
556 764 564 784 :
577 766 590 782 ι
607 762 634 783 et
650 765 655 782 :
676 765 685 782 ‹
696 756 810 784 Stultam
827 756 884 791 (95)
902 756 964 784 fecit

179 805 250 832 Deus
265 804 423 839 sapientiam
435 803 536 830 mundi.
555 812 565 828 ι
578 802 646 836 Quin
668 803 748 830 etiam
774 802 824 830 Job
840 803 876 830 ita
901 810 959 830 eam

179 856 348 878 memoratu
355 849 489 884 Sapientia
499 849 555 885 (96)
567 857 628 877 vero
636 849 706 876 unde
715 849 821 876 inventa
831 849 960 883 est?qua-
976 844 997 871 Β

179 896 213 924 lis
239 900 328 923 autem
349 899 391 922 est
415 894 491 922 locus
515 894 664 930 prudentiae
689 894 770 929 (9'1)?
788 903 797 919 ι
826 894 859 921 Et
873 894 959 922 alibi:

176 950 192 968 »ι
209 941 346 977 Sapientia
355 940 410 977 (98)
422 941 556 976 )pauperis
569 945 736 974 contempta;
749 949 758 965 τ
772 943 798 967 et
809 949 815 967 :
828 940 891 967 «Hic
904 940 960 975 (99)

176 987 317 1022 sapientia;
343 991 384 1014 est
404 987 568 1014 moderator.
589 995 598 1011 ι
627 985 739 1018 Quidam
762 992 828 1012 vero
852 985 962 1012 Creato-

178 1039 235 1059 rem
252 1035 382 1066 putarunt
408 1038 441 1058 ex
463 1038 578 1066 persona
602 1035 700 1058 creata:
722 1031 860 1065 sapientia:
881 1031 962 1059 dixis-

177 1083 218 1110 se,
236 1085 247 1102 (
274 1076 405 1104 Dominus
423 1076 525 1104 ereavit
542 1083 585 1103 me
609 1084 617 1103 ε
643 1084 652 1101 ι
676 1082 738 1102 nam
768 1075 814 1109 qui
841 1076 961 1103 omnium

177 1123 307 1150 Conditor
317 1130 350 1150 ac
371 1122 500 1150 Servatur
516 1126 570 1155 est,
585 1121 682 1155 saepius
697 1125 882 1148 creaturarum
898 1128 959 1156 per—

179 1176 274 1197 sonam
290 1175 431 1196 assumens
445 1167 575 1202 loquitur,
602 1172 632 1194 ut
651 1174 710 1193 cum
727 1173 760 1193 ex
781 1172 895 1201 persona
911 1166 962 1193 Ec-

177 1215 267 1242 clesiaz
278 1214 342 1242 olim
357 1221 373 1241 a
392 1213 475 1241 Paulo
494 1218 596 1240 vexatae
613 1213 651 1240 ait
674 1221 682 1240 :
700 1222 709 1238 ‹
728 1212 792 1239 Saul
813 1213 863 1248 (ί),
885 1212 960 1246 Saul,

1016 210 1119 243 κτίσει.
1135 211 1149 237 ὃ
1165 220 1194 237 τε
1220 211 1373 246 σοφώτατος
1395 210 1451 242 υἱὸς
1472 211 1570 246 Σειρὰχ
1586 210 1673 245 λέγει·
1694 220 1704 237 ι
1725 212 1801 247 Προ-

1015 256 1082 292 τέρα.
1098 257 1205 284 πάντων
1221 257 1343 284 ἔκτισται
1364 257 1443 292 σοφία
1458 258 1504 285 καὶ
1519 257 1626 289 σύνεσις
1641 258 1800 293 φρονήσεως

1015 301 1045 334 ἐξ
1060 302 1174 334 αίῶνοςο
1197 312 1207 328 ι
1228 303 1275 330 καὶ
1295 303 1419 339 ἐπιφέρει
1442 303 1545 338 τούτῳ·
1567 312 1576 328 t
1596 303 1674 329 Μετὰ
1695 303 1800 330 πιστῶν

1014 346 1043 373 ὲν
1060 348 1152 384 μήτρᾳ
1175 348 1334 384 συνεκτίσθη
1356 349 1465 381 αὐτοῖς,
1489 349 1536 375 καὶ
1554 348 1622 384 μετὰ
1648 349 1800 383 ἀνθρώπων

1015 391 1138 427 Θεμέλιον
1151 393 1246 425 αἰῶνος
1260 394 1431 420 ὲνόσσευσεν·
1452 404 1461 420 ι
1483 394 1497 420 ὅ
1514 403 1543 420 τε
1568 394 1727 426 ’Λπόστολος
1742 395 1799 421 Κο-

1016 438 1127 474 ρινθίοις
1149 439 1179 466 τὺ
1213 439 1321 475 πρῶτον
1354 440 1491 467 ἐπέστειλε
1513 440 1586 467 τόνδε
1608 440 1653 466 τὸν
1678 440 1797 474 τρόπον·

1017 494 1027 510 ι
1048 485 1157 521 Ἐπειδὴ
1171 486 1235 522 γὰρ,
1252 496 1262 513 ι
1279 487 1371 522 φησὶν,
1389 496 1398 513 ι
1417 487 1445 514 ἐν
1459 487 1492 522 τῇ
1511 487 1592 522 σοφίᾳ
1606 485 1652 512 τοῦ
1666 480 1799 512 Θεοῦνοὺκ

1014 531 1084 565 ἔγνω
1100 531 1114 557 ὁ
1130 531 1232 567 κόσμος
1250 532 1295 558 διὰ
1316 532 1365 568 τῆς
1381 532 1474 566 σοφίας
1493 532 1536 558 τὸν
1559 531 1634 564 Θεὸν,
1652 532 1796 567 εὐδόκησεν

1013 578 1027 603 ὁ
1042 577 1107 609 Θεὸς
1122 577 1165 604 διὰ
1181 578 1231 613 τῆς
1254 578 1358 614 μωρίας
1371 578 1418 605 τοῦ
1433 578 1609 614 κηρύγματος
1631 578 1716 604 σῶσαι
1734 578 1797 609 τοὺς

1014 622 1206 654 πιστεύοντας·
1229 633 1237 649 ι
1261 624 1319 655 καὶ,
1345 632 1354 648 t
1387 623 1542 659 Ἐμώρανεν
1562 624 1575 649 ὁ
1594 622 1660 654 Θεὸς
1677 623 1726 658 τὴν
1751 632 1797 649 σο-

1014 667 1077 703 φίαν
1094 668 1139 694 τοῦ
1161 669 1276 703 κόσμου.
1295 678 1304 693 ι
1323 669 1377 695 Καὶ
1390 668 1421 703 δὴ
1439 668 1486 695 καὶ
1507 669 1521 694 ὁ
1543 668 1602 694 Ἰὼΰ
1621 668 1730 694 τοιῶσδε
1749 668 1798 703 μὲ-

1015 722 1113 749 μνηται
1128 714 1244 748 ταύτης·
1267 723 1276 740 ι
1301 714 1333 740 Ἠ
1345 713 1374 740 δὲ
1393 713 1471 745 σοφία
1487 713 1568 740 πόθεν
1582 713 1699 748 εὑρέθη;
1720 715 1798 746 ποῖος

1012 759 1040 785 δὲ
1051 759 1132 790 τόπος
1159 759 1217 785 ἐστὶ
1230 759 1281 794 τῆς
1297 759 1470 794 φρονήσεως;
1487 768 1496 784 ι
1509 758 1556 785 καὶ
1580 758 1692 793 ἑτέρωθι
1704 767 1710 773 ·
1725 767 1734 783 ι
1750 759 1800 784 Σο-

1013 804 1062 838 φὶα
1073 804 1119 830 τοῦ
1134 804 1247 839 πένητος
1264 804 1489 840 ἐξουθενουμένη·
1515 814 1524 830 ι
1544 804 1598 836 καὶ,
1620 813 1629 830 ι
1649 800 1732 835 Οὗτος
1747 803 1799 838 τῆς

1013 849 1108 883 σοφίας
1121 849 1178 875 ἐστὶ
1209 849 1365 885 διορθωτής.
1386 859 1395 875 ι
1411 849 1488 881 Τινὲς
1503 849 1531 875 δὲ
1547 849 1591 876 τὸν
1607 849 1798 885 γενεσιουργδν

1015 894 1128 930 ἐνόησαν
1142 895 1174 921 ὲκ
1188 894 1333 930 προσώπου
1351 895 1400 930 τῆς
1421 895 1532 929 κτιστῆς
1547 895 1686 930 εἰρηκέναι
1701 895 1798 929 σοφίας

1013 939 1053 971 τὺ,
1070 949 1078 965 ι
1096 939 1196 973 Κύριος
1214 940 1304 966 ἓκτισέ
1334 949 1378 975 με.
1398 950 1407 966 ι
1425 940 1557 972 Πολλάκις
1571 940 1624 976 γὰρ
1639 940 1798 975 κτισμάτων

1015 985 1159 1020 πρόσωπον
1174 987 1188 1012 ὁ
1205 983 1312 1012 πάντων
1329 986 1482 1022 ὑποστάτης
1502 987 1548 1013 καὶ
1564 986 1658 1022 Σωτὴρ
1673 986 1798 1021 ἀναλαμ-

1015 1031 1103 1058 ὃάνων
1124 1032 1292 1066 διαλέγεται·
1312 1033 1350 1063 ὡς
1364 1033 1427 1060 ὅταν
1444 1033 1477 1059 ὲκ
1494 1033 1639 1068 προσώπου
1663 1033 1713 1068 τῆς
1730 1041 1798 1059 ποτε

1013 1077 1173 1113 διωχθείσης
1216 1078 1378 1113 Ἐκκλησίας
1421 1078 1496 1114 παρὰ
1537 1078 1642 1105 Παύλου
1681 1079 1796 1112 φάσκει·

1017 1131 1026 1148 ι
1046 1123 1141 1154 Σαοὺλ,
1157 1123 1251 1155 Σαοὺλ,
1267 1124 1293 1150 τί
1311 1132 1345 1159 με
1361 1123 1488 1156 διώκεις;
1509 1133 1518 1150 ι
1542 1125 1656 1155 καὶτοῖς
1675 1122 1704 1151 εὖ
1718 1125 1798 1159 ποιή-

1015 1176 1103 1196 σασιν·
1129 1178 1139 1195 ι
1163 1170 1323 1202 Ἐπείνασα,
1340 1170 1387 1196 κο.)¹
1409 1169 1527 1196 ἐδώκατέ
1547 1179 1592 1205 μοι
1606 1171 1718 1204 φαγείνο
1741 1169 1797 1196 ὲδί-

1014 1213 1097 1249 ψησα,
1120 1215 1167 1241 καὶ
1179 1215 1321 1242 ἐποτίσατέ
1343 1224 1376 1250 με
1387 1223 1395 1230 ·
1418 1225 1428 1241 ι
1445 1216 1492 1242 καὶ¹
1506 1215 1555 1242 ὅσα
1570 1215 1691 1242 τοιαῦτα.

175 1259 242 1295 quid
256 1266 298 1286 me
311 1259 499 1294 persequeris?
517 1262 568 1298 iet
579 1258 622 1290 iis,
635 1258 680 1293 qui
702 1257 814 1285 beneﬁci
831 1257 962 1286 fuerunt:
987 1268 996 1285 ι
1017 1259 1124 1287 Esurivi
1158 1260 1207 1296 (Ξ),
1225 1265 1252 1288 et
1276 1261 1388 1288 dedistis
1409 1261 1475 1288 mihi
1511 1261 1690 1295 manducare;
1711 1261 1796 1293 sitiii,

173 1310 206 1333 ct
221 1305 330 1333 dedistis
344 1305 408 1332 mihi
423 1304 524 1332 bibere.
544 1313 555 1330 ι
574 1303 607 1330 Et
618 1304 668 1330 alia
686 1303 727 1331 his
741 1303 848 1332 similia.

205 1353 281 1382 .Cum
298 1353 370 1380 enim
391 1353 497 1387 propria
516 1352 721 1387 exsplendescat
734 1352 908 1387 benignitate,
934 1355 960 1380 et
975 1355 996 1384 c

175 1403 251 1426 totus
262 1398 298 1424 sit
313 1397 432 1429 bonitas,
449 1401 486 1430 ct,
504 1397 574 1424 sicut
587 1396 724 1431 apostolus
743 1396 826 1424 Judas
849 1397 895 1430 ait,
921 1404 963 1424 so-

179 1443 220 1470 ltts
236 1442 365 1470 Dominus
380 1441 417 1478 (3)
432 1442 556 1474 exsistat,
572 1441 659 1476 parcit
673 1441 797 1469 omnibus
809 1441 858 1477 (4),
869 1446 895 1469 et
910 1441 962 1469 sibi

176 1489 250 1516 {acta
269 1488 343 1515 ducit
355 1494 416 1521 qua:
431 1487 492 1521 quis
508 1487 534 1514 in
551 1493 631 1521 opera
653 1494 779 1514 manuum
793 1486 852 1521 ejus
866 1494 961 1522 pecca-

179 1534 259 1561 verit.
278 1533 359 1568 Atqui
377 1533 429 1559 alia
454 1533 535 1559 etiam
557 1532 676 1559 humano
694 1532 773 1559 modo
793 1532 863 1560 dicta
885 1533 961 1559 inve-

181 1579 286 1606 niemus
316 1579 349 1605 de
372 1576 633 1612 incomprehensibili
660 1576 733 1609 Deo;
758 1581 787 1603 ut
804 1584 863 1604 cum
881 1583 960 1612 para-

178 1624 265 1651 bolice
291 1623 418 1650 scribitur
435 1630 442 1648 :
460 1631 469 1647 ‹
492 1621 579 1648 Homo
598 1621 637 1656 (Ei)
656 1621 766 1655 quidam
789 1626 848 1648 erat
871 1627 962 1655 pater-

179 1669 314 1703 familias;
332 1678 342 1694 »
363 1672 392 1695 et
416 1674 532 1695 rursus:
555 1676 564 1692 ι
588 1666 674 1693 Homo
701 1666 738 1701 (6)
767 1667 874 1702 quidam
903 1671 962 1695 erat

179 1715 282 1742 habens
297 1715 420 1746 vineam;
444 1723 453 1740 ι
483 1718 511 1741 et
529 1720 592 1741 cum
611 1712 723 1740 caeleste
732 1720 854 1747 Iregnum
875 1720 961 1747 grano

177 1760 290 1795 sinapis,
308 1765 336 1788 et
360 1760 455 1787 semini
477 1759 651 1786 assimilatur.
671 1758 747 1792 Quod
767 1759 789 1786 si
810 1759 960 1787 conceden-

179 1806 242 1833 dum
257 1805 338 1833 etiam
355 1804 434 1838 foret,
454 1803 625 1831 Salomonem
647 1810 700 1830 non
722 1810 753 1829 ex
775 1809 889 1837 persona
917 1809 962 1829 sa-

179 1851 296 1886 pientiai,
313 1857 372 1885 qua:
385 1850 412 1878 in
428 1850 505 1877 nobis
520 1854 570 1882 est,
587 1849 704 1875 locutum
729 1847 825 1880 fuisse;
853 1847 892 1875 sic
921 1848 961 1875 in-

180 1897 321 1932 telligenda
341 1901 429 1923 tamen
450 1900 542 1923 essent
559 1895 617 1930 ejus
633 1895 724 1927 verba,
741 1899 770 1920 ut
786 1902 818 1921 ex
834 1901 959 1928 persona,

179 1950 212 1970 ac
226 1947 349 1978 respectu
367 1942 507 1976 sapientis,
527 1945 553 1968 et
570 1939 852 1975 incomprehensibilis
869 1939 960 1966 lucar-

180 1989 298 2017 nationis
311 1989 382 2016 dicta
397 1988 494 2021 forent,
512 1987 585 2014 nullo
601 1991 691 2013 autem
707 1986 785 2013 modo
800 1986 832 2013 de
859 1986 959 2021 sempi—

1053 1351 1117 1387 Ίδίᾳ
1135 1351 1189 1387 γὰρ
1208 1351 1356 1387 ἑκλάμπων
1380 1351 1586 1387 φιλανθρωπίᾳ,
1612 1351 1658 1378 καὶ
1679 1351 1738 1382 ὅλος
1758 1351 1797 1378 ὢν

1012 1396 1156 1431 ἀγαθότης,
1178 1397 1226 1423 καὶ
1251 1397 1288 1427 ὡς
1306 1397 1320 1422 ὁ
1340 1397 1485 1428 ἀπόστολος
1515 1396 1614 1428 Ἰούδας
1633 1396 1700 1431 ἔφη,
1716 1396 1797 1431 μόνος

1011 1441 1157 1476 Δεσπότης,
1181 1441 1298 1476 φείδεται
1314 1441 1432 1473 πάντων,
1449 1442 1497 1468 καὶ
1517 1442 1685 1469 ίδιοποιεῐται
1702 1443 1736 1469 τὰ
1755 1444 1796 1474 εἰς

1010 1487 1045 1514 τὰ
1060 1487 1128 1523 ἔργα
1144 1487 1198 1513 τῶν
1213 1487 1312 1523 χειρῶν
1325 1487 1407 1514 αὑτοῦ
1424 1488 1618 1523 ἁμαρτήματα.
1634 1489 1688 1515 Καὶ
1704 1489 1796 1524 μέντοι

1011 1534 1057 1559 καὶ
1085 1533 1166 1569 ἔτερα
1184 1533 1246 1569 [159
1270 1533 1296 1570 b]
1314 1535 1588 1571 ἁνθρωπολογηθέντα
1604 1537 1667 1572 περὶ
1682 1537 1727 1563 τοῦ
1750 1538 1797 1564 ἀν-

1011 1578 1122 1612 εφίκτου
1138 1578 1209 1604 θείου
1222 1578 1385 1614 εὑρήσομεν·
1395 1579 1432 1611 ὡς
1449 1580 1512 1606 ὅταν
1525 1580 1714 1614 παραϐολικῶς
1728 1582 1796 1616 γρά-

1011 1629 1071 1656 φει·
1092 1630 1101 1647 t
1130 1622 1290 1658 Ἄνθρωπός
1311 1631 1353 1654 τις
1374 1621 1408 1658 ἦν
1424 1624 1629 1660 οἰκοδεσπότης·
1649 1634 1658 1650 ι
1680 1625 1725 1651 καὶ
1741 1625 1795 1652 πά-

1011 1667 1051 1694 λιν
1061 1676 1068 1682 '
1091 1676 1100 1692 ι
1122 1668 1281 1703 Ἀνορωπός
1295 1677 1336 1700 τις
1348 1667 1381 1704 ἦν
1399 1668 1468 1704 ἔχων
1484 1669 1632 1704 ἀμπελῶνα
1645 1679 1652 1685 ·
1669 1680 1678 1696 ι
1694 1671 1740 1697 καὶ
1756 1671 1795 1702 ὼς

1011 1712 1074 1739 ὅταν
1096 1713 1144 1748 τὴν
1166 1713 1290 1748 οὐράνιον
1314 1714 1452 1749 βασιλείαν
1478 1715 1569 1751 κόκκῳ
1596 1716 1729 1748 σινάπεως
1748 1717 1794 1743 καὶ

1011 1757 1103 1793 σπόρῳ
1120 1758 1291 1793 παρεικάζει.
1308 1759 1338 1785 El
1353 1759 1379 1785 δὲ
1394 1759 1441 1785 καὶ
1456 1760 1644 1796 συγχωρητέον
1664 1761 1694 1787 τὸ
1709 1761 1746 1797 μὴ
1763 1762 1795 1788 ἐκ

1011 1802 1155 1839 προσώπου
1175 1803 1223 1838 τῆς
1245 1804 1273 1830 ὲν
1291 1804 1356 1839 ἡμῖν
1380 1804 1475 1839 σοφίας
1495 1805 1637 1840 Σολομῶνα
1659 1806 1795 1842 γεγραφέ-

1010 1857 1064 1880 ναι,
1082 1848 1138 1875 ἀλλ’
1155 1847 1201 1876 οὖν
1219 1849 1327 1884 νοητέον
1352 1849 1385 1876 ὲκ
1402 1849 1547 1884 προσώπου
1567 1851 1615 1886 τῆς
1643 1851 1726 1886 σοφῆς
1747 1852 1794 1877 καὶ

1010 1894 1187 1929 ἀπερινοήτω
1206 1894 1451 1930 ἑνανθρωπήσεως,
1468 1896 1517 1931 οὐχ
1536 1896 1609 1929 ἆπαξ
1623 1896 1651 1923 δὲ
1667 1897 1730 1931 περὶ
1744 1898 1794 1932 τῆς

1010 1938 1126 1974 ἀνάρχου
1140 1939 1186 1965 καὶ
1198 1939 1354 1975 ἀθεωρήτου
1371 1939 1477 1973 φύσεως
1490 1939 1537 1966 τοῦ
1553 1941 1714 1975 μονογενοῦς
1725 1941 1793 1968 Θεοῦ

1010 1984 1157 2020 εἰρηκέναι.
1176 1984 1233 2011 Οὐκ
1254 1985 1403 2016 αὐτοτελῶς
1412 1985 1465 2020 γὰρ
1481 1985 1543 2020 ἔφη,
1561 1986 1687 2013 «Ἐκτισέ
1716 1995 1760 2022 με,
1781 1997 1791 2013 ι

180 2041 254 2062 terna
276 2039 303 2061 et
322 2033 447 2062 invisibili
475 2038 570 2060 natura
595 2031 725 2066 unigeniti
743 2031 800 2058 Dei.
818 2031 872 2058 Nec
887 2032 958 2059 enim

1015 2030 1080 2064 ἀλλ’,
1097 2040 1105 2056 ι
1123 2032 1163 2062 είς
1179 2030 1245 2066 ἔργα
1261 2031 1356 2058 αὑτοῦ·
1374 2041 1383 2058 ι
1400 2031 1466 2057 ὡσεὶ
1482 2031 1587 2065 ἔλεγεν·
1604 2031 1715 2058 Ἔκτισέ
1747 2041 1792 2067 με,

179 2081 217 2107 ait
241 2081 299 2108 sine
319 2079 512 2111 additamenta,
531 2078 632 2105 creavit
647 2083 699 2109 me,
727 2076 774 2103 sed
798 2076 904 2110 adjecit,
931 2077 957 2104 in

179 2133 259 2161 opera
284 2125 358 2159 ejus;
379 2123 490 2159 perinde
520 2130 552 2151 ac
575 2123 598 2149 si
622 2123 722 2149 diceret
747 2131 753 2148 :
775 2121 882 2149 Creavit
903 2130 955 2155 me,

180 2173 286 2207 quando
304 2172 336 2198 ad
350 2170 481 2202 homines,
501 2170 545 2204 qui
565 2173 628 2196 sunt
643 2176 724 2202 opera
746 2167 813 2202 ejus,
830 2168 898 2201 veni,
912 2174 958 2196 aut

216 2295 270 2331 (9|)
289 2295 350 2322 Non
368 2295 504 2328 propheta.
525 2293 620 2319 Mirum
638 2292 744 2331 ridetur
766 2290 805 2331 sic
819 2289 902 2331 loqui"
912 2290 958 2331 Di-

180 2325 299 2364 tlyinuin,
320 2325 467 2363 prtesertiin
489 2336 551 2355 cum
571 2333 623 2354 tam
642 2327 696 2353 late
720 2330 807 2364 pateat
827 2326 862 2364 _in
887 2325 961 2352 Scri-

181 2360 266 2398 piuris
282 2360 419 2398 prophetae
434 2371 541 2398 nomen,
559 2367 586 2398 ut
611 2369 704 2398 omnes
719 2360 833 2398 theologi
849 2365 959 2398 norunt,

179 2395 206 2425 ιιι
219 2395 288 2433 apud
303 2395 419 2425 (Erret-os.
442 2399 469 2425 In
494 2396 652 2430 Mcnologio,
668 2396 737 2433 quod
755 2399 845 2433 exstat
863 2395 889 2421 in
905 2395 959 2421 Na-

180 2431 261 2460 niano
275 2433 367 2460 codice
383 2433 444 2466 177,
465 2433 594 2462 Adamus,
608 2436 634 2457 et
656 2431 839 2466 aliiquinque
858 2437 899 2466 eo?
912 2437 959 2456 nov

181 2469 251 2495 mine
265 2469 396 2494 donantur
415 2476 421 2493 :
438 2475 497 2494 nam
520 2467 552 2492 ad
570 2467 683 2500 primam
700 2465 787 2492 Martii
805 2465 874 2491 diem
894 2465 958 2498 legi-

181 2510 224 2529 tur
236 2503 308 2529 :Tti'w
317 2502 402 2536 ἁγίων
417 2502 562 2537 προφητῶν
576 2501 668 2537 Ἀδὰμ,
683 2500 775 2532 Ἅϐελ,
787 2499 851 2534 Σὴθ,
874 2500 957 2537 Ἐνδς,

183 2538 280 2573 Ἑνὼχ,
299 2536 474 2572 Μελχισεδέκ,
491 2538 516 2573 l_tl
531 2541 581 2573 est,
595 2545 613 2573 _t
631 2536 790 2573 Sanctorum
816 2536 959 2573 propheta—

179 2581 238 2599 rum
255 2569 374 2605 'lidam,‘
389 2572 464 2603 Abel.
492 2571 568 2602 Setli,
593 2571 673 2601 Enos,
699 2569 802 2599 Ennch.
818 2569 958 2605 Melchise-

179 2610 258 2635 dech.
275 2618 283 2633 ι
310 2603 381 2634 Nihil
402 2607 472 2633 aliutl
499 2614 562 2640 ergo
588 2605 655 2632 velle
682 2605 788 2631 videtur
810 2603 956 2640 pitlymus,

178 2651 258 2676 quam
275 2643 446 2669 Salomonem
463 2642 487 2668 in
503 2638 708 2676 Prioverbiorum
730 2639 798 2676 libro
810 2638 959 2666 Parcemiu-

178 2675 226 2704 sta!
243 2678 410 2710 potissimum
423 2676 508 2703 oﬂicio
525 2675 608 2709 fungi,
623 2683 674 2701 non
693 2675 839 2709 prophetas.

226 2713 269 2745 9'2)
290 2712 373 2739 Prior.
389 2711 567 2739 Ecclesiastic.
583 2718 603 2742 ι,
617 2710 643 2737 4.

226 2714 269 2745 92)
290 2714 373 2739 Prior.
389 2714 567 2739 Ecclesiastic.
583 2718 603 2742 ι,
617 2714 643 2737 4.

215 2714 268 2780 ίιιὸ)
284 2747 348 2773 Cum
366 2747 494 2780 ﬁdelibus.
514 2746 590 2775 ll)itl.,
606 2745 639 2771 1‘2
655 2751 710 2779 (seu
726 2743 780 2778 16).

214 2781 269 2813 (94)
285 2782 423 2812 Quoniam.
438 2781 444 2807 I
460 2780 520 2807 Cor.
539 2788 557 2808 i,
574 2781 616 2805 ‘21.

218 2815 270 2850 (νδ)
289 2816 412 2842 Stultum.
430 2815 506 2848 lbid.,
521 2816 563 2840 σεο.

1011 2077 1055 2103 ὅτε
1063 2077 1101 2108 εἰς
1111 2075 1269 2112 ἀνθρώπους
1277 2077 1310 2103 τὰ
1319 2076 1385 2111 ἔργα
1397 2076 1476 2103 αὺτοῦ
1484 2077 1649 2113 ὲγενόμην,ἢ
1659 2078 1794 2113 κατεσκή-

1011 2130 1083 2148 νωσα
1107 2121 1257 2157 σαρκωοεὶς
1273 2122 1303 2153 ἐξ
1318 2122 1417 2148 αὐτῶν.
1440 2122 1467 2148 'U
1484 2121 1538 2158 γὰρ
1557 2122 1605 2154 ὢν,
1621 2123 1668 2149 καὶ
1690 2123 1793 2158 προὼν,

1009 2167 1057 2194 καὶ
1079 2168 1116 2203 μὴ
1134 2168 1167 2194 δι’
1183 2167 1286 2200 ἑαυτὸν,
1307 2168 1341 2195 δι’
1362 2168 1458 2200 ἄλλους
1481 2168 1508 2195 δὲ
1528 2169 1682 2204 γενόμενος,
1706 2170 1794 2196 ἐκεῖνο

1049 2290 1103 2324 (96)
1113 2290 1259 2324 Sapientia.
1276 2291 1328 2318 Job
1345 2299 1440 2324 xxvtn,
1458 2291 1499 2318 η.

1049 2325 1103 2365 (Q7)
1123 2325 1288 2365 Ῥηιίιεηιίιῑν.
1317 2325 1400 2353 Biblia
1425 2335 1432 2352 :
1468 2325 1648 2361 Ἐπιστήμης,
1683 2325 1708 2352 id
1738 2330 1791 2359 est,

1014 2369 1023 2386 t
1036 2361 1163 2386 scientim.
1177 2370 1186 2386 ι

1048 2395 1103 2428 (98)
1120 2395 1266 2429 Sapientia.
1283 2395 1451 2423 Eeclesiastis
1466 2403 1524 2429 cap.
1544 2403 1581 2425 ix,
1604 2402 1672 2422 vers.
1693 2393 1735 2420 16.

1047 2430 1102 2465 (99)
1118 2429 1180 2458 llic.
1196 2430 1260 2464 Sap.
1278 2438 1326 2463 vn,
1341 2430 1374 2457 l6
1397 2430 1453 2465 (seu
1482 2430 1536 2462 i5),
1551 2432 1597 2457 sed
1616 2429 1789 2465 llllklt‘gllllt:

1011 2463 1096 2500 ante;
1118 2464 1164 2491 καὶ
1188 2463 1239 2500 τῆς
1257 2465 1351 2500 σοφίας
1372 2463 1466 2500 ὁδηγός
1486 2467 1553 2494 ἐστι,
1574 2463 1686 2490 καὶτῶν
1703 2464 1791 2497 σοφῶν

1012 2499 1167 2534 διορθωτής,
1187 2499 1219 2527 id
1235 2505 1286 2530 est.
1308 2509 1318 2525 ι
1332 2500 1390 2534 Ipse
1412 2499 1553 2533 sapientia:
1575 2501 1629 2526 dux
1644 2503 1694 2532 est,
1706 2502 1731 2526 et
1746 2507 1789 2525 sa-

1011 2534 1142 2568 pientium
1157 2534 1317 2566 moderator,
1332 2545 1340 2561 I
1363 2535 1420 2562 sive
1439 2544 1448 2560 ι
1461 2535 1624 2562 emendator.
1639 2543 1648 2560 ι

1061 2568 1086 2601 1)
1102 2568 1175 2595 Suttl.
1189 2570 1248 2596 Act.
1266 2578 1303 2601 Ix,
1317 2569 1344 2596 4.

1061 2573 1072 2595 1
1102 2573 1175 2595 dum.
1189 2573 1248 2596 Act.
1266 2578 1303 2601 Ix,
1317 2573 1344 2596 4.

1048 2573 1086 2639 (τί
1106 2603 1218 2639 Ijsnrivt.
1235 2604 1329 2631 Matth.
1345 2612 1405 2636 XXV,
1420 2604 1465 2631 ’55-

1050 2637 1087 2673 (5)
1103 2637 1179 2664 Solus
1193 2638 1329 2665 Dominus.
1348 2639 1430 2673 lipisl.
1450 2639 1511 2666 .ltttl.
1529 2646 1598 2667 vers.
1613 2638 1638 2665 πί.

1048 2673 1086 2709 (4)
1106 2673 1192 2709 garrit
1211 2674 1337 2709 omnibus.
1356 2674 1417 2709 Sap.
1433 2683 1470 2707 λι,
1485 2675 1528 2704 Ἦ.

1048 2707 1085 2742 (ὃ)
1106 2707 1199 2734 llomo.
1214 2707 1307 2735 Matth.
1322 2717 1379 2740 xxi,
1393 2707 1439 2736 33.

1046 2742 1086 2782 (t5)
1103 2742 1196 2782 ιζοηιο.
1211 2742 1274 2782 Luc.
1288 2751 1332 2782 xx,
1343 2744 1372 2782 _9.
1390 2743 1482 2782 Graeca
1508 2744 1593 2782 editio
1607 2754 1613 2772 :
1629 2743 1790 2782 Ἄνθρωπός

1009 2776 1055 2816 τις
1075 2776 1223 2816 spot-aues»;
1246 2778 1408 2812 ἀμπελῶνα,
1431 2779 1456 2806 id
1481 2785 1530 2812 est,
1573 2779 1657 2810 llomo
1680 2776 1787 2816 quidam

1007 2813 1138 2847 plantavit
1156 2813 1270 2840 vineam.
1286 2823 1294 2838 ι
