1925 3063
119 168 173 197 817

652 167 696 194 DE
716 165 901 195 TRINITATE
920 167 1021 195 LIBER
1041 168 1202 199 TERTIUS.

1692 174 1744 201 818

118 226 179 258 πῶς
192 225 251 252 ἐστι
264 225 369 260 νοῆσαι,
380 224 413 251 δι’
427 223 474 256 οὒς
488 224 535 251 καὶ
549 223 610 251 καθ’
621 223 667 256 οὓς
677 223 784 258 ἐγένετο
795 232 803 256 ;
823 223 867 255 Ὠς
879 232 893 250 τ

961 224 1031 252 inter
1045 231 1092 253 eos
1109 226 1242 259 habitavi,~
1267 233 1348 254 carne
1378 234 1409 254 ex
1440 226 1522 262 3M}
1544 227 1608 262 ipsis
1629 233 1745 263 sumpta.

115 271 251 300 ἀνάπαλιν
260 272 358 298 ἐκεῖνοι
371 270 541 306 εὑρίσκονται
553 269 730 305 τρόποντινὰ,
742 269 756 295 ὅ
767 270 840 295 ἐστιν
852 270 866 295 ό
875 269 909 295 δι’

115 317 216 348 αὐτοὺς
232 316 378 351 γενόμενος
397 314 581 346 xum-“aurati;
596 314 746 350 Τοιγαροῦν
766 314 794 340 ὲν
816 314 906 349 μορφῇ

113 362 185 389 θεοῦ
200 362 340 396 ὑπάρχων,
358 361 467 396 μορφὴν
490 360 569 387 ἔλαϐε
583 360 676 386 δούλου
687 367 693 374 ·
706 360 787 394 ἡμεῖς
806 368 836 385 τε
849 360 910 393 ὲτε-

113 408 217 443 νόμεθα
232 409 293 435 κατ’
308 408 399 434 εἰκόνα
422 407 468 434 τοῦ
483 407 624 438 κτίσαντος
639 407 727 442 ἡμᾶς,
742 406 780 437 ὡς
804 405 908 437 ἐδίδαξε

112 453 230 485 Παῦλος.
245 454 280 480 Ἦ
291 453 345 490 ἄρα
358 453 406 479 καὶ
415 453 448 487 τῇ
462 461 471 477 t
487 451 578 478 ἔκτισε
594 461 604 478 ι
631 451 702 483 λέξει
721 451 835 477 ἐνταῦθα
848 451 907 477 ἀντὶ

109 498 355 534 τοῦ,κατέστησεν,
365 497 393 533 ἢ,
407 496 562 530 κατέταξεν,
571 497 768 532 ὲχρήσατο,ὅτε
779 495 847 531 ὁμοῦ
861 495 907 522 ἐπι

109 553 143 571 τε
168 544 223 571 τῶν
235 543 368 579 χερουὸὶμ
389 543 435 569 καὶ
459 544 487 569 ὲν
500 543 587 578 φάτνῃ
606 540 651 578 ἦν,
665 542 702 574 ὡς
724 542 758 568 τὰ
769 543 834 577 περὶ
856 542 907 577 τῆς

110 590 193 616 ὲνανθ
197 589 274 625 ρωπὴ
279 598 345 620 σεως
355 588 437 615 αὑτοῦ
449 588 656 623 αἰνιγματωδῶς
666 587 753 622 δηλῶν
766 589 905 623 προεῖπεν

113 645 123 660 ι
150 635 221 669 Ἐγὼ
237 635 265 661 δὲ
280 634 451 669 κατεστάθην
472 633 598 669 βασιλεὺς
614 634 659 660 ὑπ’
676 633 757 659 αὐτοῦ
772 633 817 659 ἐπὶ
837 632 906 660 Σιὼν

108 679 175 715 δρος
191 680 220 706 τὺ
235 680 311 714 ἅγιον
326 679 422 706 αὑτοῦ·
443 689 452 704 ›
468 679 514 705 καὶ
526 679 563 710 ὡς
580 680 593 705 ό
616 678 778 713 ’Υμνολόγος
790 678 886 713 ψάλλει
897 687 903 693 ·

113 735 122 750 ι
148 725 178 751 '0
200 724 299 760 Κύριος
314 725 498 756 ὲῦασίλευσεν,
514 724 682 760 εὐπρέπειαν
705 723 859 750 ἐνεδύσατο·
892 733 902 750 ι

109 770 201 796 καίτοι
229 770 320 802 ἀϊδίως
344 771 504 805 προϋπῆρχε
530 769 656 804 βασιλεὺς
695 769 903 804 βασιλευόντων,

107 819 278 854 εὐπρέπειαν
295 818 486 853 ἀκατάληπτον
500 817 583 852 ἔχων.
609 817 725 852 Ὁμοίως
744 817 796 843 οὑκ
815 814 901 849 εἶπεν,

107 865 138 890 ὲν
159 864 242 899 ἀρχῇ,
257 864 285 899 ἢ,
304 864 356 898 πρὸ
375 863 462 899 ἀρχῆς
483 863 550 890 ὁδῶν
569 862 662 895 αὑτοῦ,
694 862 750 888 ἀλλ’
776 871 786 888 ι
815 862 902 897 ἀρχὴν

105 909 178 935 ὁδῶν
195 908 258 945 [160
272 909 300 945 a]
318 908 410 935 αὐτοῦ.
431 918 442 935 ι

962 269 1027 298 Nam
1044 271 1089 305 qui
1104 276 1146 299 est
1163 273 1309 306 assistens,
1329 278 1354 301 et
1365 274 1564 308 prteexsistens,
1580 274 1680 309 quique
1693 282 1747 303 non

961 322 1070 351 propter
1099 318 1228 353 seipsum,
1251 319 1298 346 sed
1318 324 1428 354 propter
1446 319 1513 347 alios
1531 319 1625 347 factus}
1644 325 1696 353 est,
1714 320 1746 347 il-

959 361 1014 389 lum
1026 362 1081 395 jam
1097 363 1180 391 fuisse
1201 372 1283 391 unttm
1300 372 1334 391 ex
1357 365 1401 397 iis,
1429 369 1539 400 propter
1563 373 1632 400 quos
1656 366 1746 394 factus

959 413 1010 441 est,
1027 413 1054 435 et
1068 409 1165 443 quibus
1178 410 1274 437 similis
1292 411 1378 437 Iactus
1395 415 1446 444 est,
1472 413 1606 446 quomodo
1631 412 1745 447 intelligi

958 454 1062 488 potest?
1081 454 1116 481 At
1132 455 1271 483 haereticos
1286 455 1324 490 (7)
1337 455 1395 483 vice
1409 463 1486 483 versa
1503 456 1528 483 id
1546 456 1744 490 quodammodo

958 499 1026 526 velle
1037 504 1154 533 constat,
1171 506 1200 527 ut
1217 502 1239 529 is
1255 506 1334 529 antea
1363 502 1444 529 fuerit
1467 502 1537 537 quod
1559 509 1667 537 propter
1684 503 1743 531 illos

958 544 1046 573 factus
1065 550 1115 578 est,
1130 547 1224 582 eisque
1242 547 1347 574 similis.
1379 547 1462 582 Igitur
1479 548 1526 582 qui
1542 548 1567 574 in
1583 547 1667 575 forma
1695 549 1740 576 Dei

956 594 1024 624 eral,
1049 591 1162 618 formam
1195 593 1265 620 servi
1292 593 1414 628 accepit;
1438 600 1486 620 nos
1509 601 1572 620 vero
1595 594 1741 620 secundum

956 635 1100 671 imaginem
1127 637 1195 671 ejus,
1214 638 1259 672 qui
1273 638 1375 665 creavit
1392 645 1451 671 nos,
1467 638 1536 665 sicut
1551 638 1641 665 docuit
1670 638 1741 665 Pau-

955 681 997 708 lus
1012 681 1061 716 (8),
1077 682 1140 709 facti
1167 691 1270 713 sumus.
1291 683 1417 711 Fortasse
1431 684 1511 710 etiam
1539 691 1604 716 vox,
1629 684 1738 717 creavit,

955 728 1097 755 adhibetur
1115 728 1159 756 hic
1186 737 1235 763 pro
1248 730 1398 762 constituit,
1411 729 1452 756 vel
1467 729 1616 762 collocavit,
1633 730 1741 764 quando
1778 757 1784 766 Α

953 773 1033 801 simul
1047 778 1074 800 et
1089 781 1170 808 super
1192 775 1329 802 cherubim
1345 781 1412 808 erat,
1439 780 1465 802 et
1480 775 1505 802 in
1528 776 1641 810 prtesepi
1660 783 1667 803 :
1687 783 1740 810 qtto

954 819 1044 851 modo,
1073 817 1290 846 Incarnationem
1306 827 1381 847 suam
1401 827 1449 854 per
1468 821 1581 854 aenigma
1606 821 1737 852 indicans,

952 863 1075 897 praedixit
1091 872 1098 890 :
1123 873 1132 889 ε
1152 863 1207 899 Ego
1224 869 1311 892 autem
1328 864 1364 900 (9)
1380 865 1544 892 constitutus
1563 872 1621 891 sum
1642 865 1738 892 rcxrab

858 929 865 932 .
916 907 937 933 B
951 915 984 935 eo
1000 915 1081 942 super
1097 908 1162 936 Sion
1184 914 1302 936 montem
1322 915 1445 937 sanctum
1469 910 1543 944 ejus;
1566 920 1576 936 ι
1604 915 1631 937 et
1653 910 1737 945 Hym—

106 956 223 991 ttologus
237 957 327 991 psallit
345 965 352 984 :
373 965 382 982 ‹
401 956 530 983 Dominus
549 955 605 991 (10)
623 955 755 991 regnavit,
772 955 896 982 decorem
917 954 1025 982 indutus
1061 961 1111 983 est.
1129 965 1139 982 ›
1171 956 1252 991 Atqui
1285 959 1319 984 ab
1345 962 1447 984 mter-no
1473 958 1677 992 pratexsistebat
1690 965 1736 985 rex

107 1011 202 1036 regum
228 1003 352 1029 decorem
379 1002 480 1029 habens
523 1001 835 1036 incomprehensibilem.
857 1000 969 1035 Insuper
1000 1009 1054 1029 nott
1088 1002 1135 1035 ait,
1171 1002 1197 1029 in
1231 1002 1318 1035 initio,
1344 1007 1399 1036 aut,
1419 1007 1480 1030 ante
1506 1003 1611 1031 initium
1633 1005 1736 1031 viarum

105 1058 235 1082 suarum;
256 1050 313 1082 sed,
332 1059 341 1075 ἰ
357 1049 461 1076 initium
475 1050 577 1076 viarum
596 1057 716 1077 suarum.
744 1059 753 1076 I

144 1096 227 1122 Ὥστε
243 1096 323 1123 πάλιν
334 1096 384 1131 τῆς
397 1096 629 1132 ἑνανϐρωπήσεως
642 1096 725 1123 αὑτοῦ
736 1096 821 1132 ἀρχὴν
834 1105 899 1131 προ-

104 1141 245 1175 λέγεσθαι,
273 1141 318 1168 καὶ
341 1141 371 1167 οὐ
401 1141 449 1176 τὴν
476 1141 556 1176 φύσιν
585 1141 635 1176 τῆς
671 1142 787 1177 ἀνάρχου
816 1141 897 1167 αὑτοῦ

107 1187 248 1221 Θεότητος.
271 1187 473 1214 Ἀπολεσάντων
486 1187 541 1223 γὰρ
550 1187 604 1214 τῶν
615 1187 765 1222 ἀνθρώπων
777 1187 826 1222 τὴν
840 1186 898 1213 ὁδὸν

103 1234 158 1268 τὴν
174 1232 293 1267 ἄγουσαν
311 1233 379 1268 πρὸς
394 1233 470 1266 Θεὸν,
484 1233 564 1265 αὐτὸς
587 1235 654 1268 ἡμῖν
666 1234 695 1260 ὲν
709 1234 741 1268 τῇ
758 1233 898 1268 οἰκονομίᾳ

103 1279 165 1310 ὁδὸς
188 1279 296 1313 ἐγένετο
317 1279 473 1314 πρόσφατος
498 1279 545 1305 καὶ
562 1279 655 1310 ζῶσα·
676 1279 723 1306 καὶ
749 1279 779 1306 ὃν
798 1279 898 1314 τρόπον

105 1324 154 1350 διὰ
170 1325 219 1359 τὴν
239 1326 267 1351 ἐν
286 1325 367 1360 σαρκὶ
383 1325 540 1359 οἰκονομίαν
557 1324 632 1351 εἶπεν
643 1333 651 1340 ’
678 1334 688 1350 ι
716 1324 786 1358 Έγώ
802 1326 858 1360 εἰμι
880 1325 897 1360 ἡ

103 1369 165 1401 ὁδός
175 1378 183 1384 ·
205 1379 215 1394 ι
240 1369 288 1395 καὶ
304 1369 385 1396 πάλιν
398 1377 404 1383 ·
427 1378 436 1395 ι
462 1370 556 1401 Οὐδεὶς
579 1369 687 1405 ἔρχεται
703 1370 770 1405 πρὸς
784 1370 828 1396 τὸν
842 1370 897 1396 Πα-

101 1416 182 1450 τέρα,
198 1416 222 1441 εἰ
241 1415 277 1450 μὴ
298 1415 331 1441 δι’
354 1415 431 1450 ἐμοῦ,
452 1425 461 1441 ι
479 1415 550 1441 τοῦτ’
576 1415 633 1442 ἔστι
670 1415 714 1442 διὰ
730 1415 779 1450 τῆς
795 1417 834 1447 εἰς
848 1415 897 1451 τὴν

101 1460 176 1496 ἐμὴν
199 1460 404 1496 ἐνανθρώπησιν
424 1461 542 1492 πίστεως
560 1460 671 1497 βαδίσῃ·
689 1461 723 1487 δι’
744 1461 828 1496 αὐτὴν
845 1461 895 1497 ἔφη

103 1505 155 1532 καὶ
175 1504 216 1536 τὸ,
236 1513 245 1529 t
271 1504 374 1540 Κύριος
411 1505 502 1531 ἒκτισέ
524 1514 557 1540 με
574 1505 659 1540 ἀρχὴν
681 1505 748 1532 ὁδῶν
763 1505 857 1533 αὑτοῦ.
883 1515 894 1532 ι

109 1549 225 1584 Ἐτέχθη
241 1550 294 1585 γὰρ
305 1570 312 1582 ,
329 1550 361 1576 ὲκ
383 1550 431 1585 μὲν
451 1551 501 1586 τῆς
526 1551 700 1582 ὑποστάσεως
714 1550 761 1576 τοῦ
779 1551 895 1586 Πατρδς,

101 1595 244 1630 ἀνάρχως.
259 1595 405 1629 ἀφράστως
415 1604 422 1610 “
438 1596 469 1622 ἐκ
482 1596 510 1622 δὲ
530 1596 580 1630 τῆς
596 1596 728 1631 ἀμιάντου
746 1595 895 1631 Παρθένου,

100 1640 144 1675 τῷ
159 1641 207 1675 μὲν
220 1641 371 1675 προειδέναι
383 1642 472 1668 πάντα
487 1642 524 1673 ὡς
539 1642 614 1675 Θεὸς,
628 1642 676 1668 καὶ
693 1642 732 1677 τῷ
753 1642 895 1678 προορίσαι

101 1686 156 1720 τὴν
177 1686 340 1720 οἶκονυμίαν,
358 1686 411 1721 πρὸ
430 1686 477 1712 τοῦ
495 1686 591 1718 αἰῶνος
619 1686 712 1722 (καθὰ
726 1687 896 1714 ἐπιστέλλου-

991 1094 1097 1121 Rursus
1113 1101 1177 1129 ergo
1194 1094 1390 1122 lncarnatiouis
1409 1095 1467 1129 ejus
1492 1095 1596 1122 initium
1612 1101 1737 1128 praenun-

954 1139 1012 1174 tiat,
1039 1148 1091 1167 non
1119 1148 1184 1167 vero
1213 1146 1336 1167 naturam
1363 1145 1471 1168 mternte
1500 1140 1586 1174 ipsius
1617 1140 1735 1168 deitalis.

951 1185 1019 1212 Nam
1036 1193 1096 1213 cum
1117 1186 1188 1212 viam
1205 1186 1326 1212 homines
1345 1186 1509 1218 amisissent,
1534 1193 1593 1220 quae
1607 1185 1682 1213 ducit
1702 1187 1735 1213 ad

952 1229 1048 1262 Deum,
1065 1230 1121 1264 ipse
1137 1229 1217 1257 nobis
1238 1229 1265 1256 in
1283 1229 1469 1257 lucarnatione
1482 1230 1569 1257 factus
1580 1234 1622 1257 est
1634 1231 1675 1258 via
1692 1238 1737 1258 no-

951 1281 983 1301 va
1015 1282 1047 1302 ac
1064 1275 1124 1301 viva
1141 1283 1147 1301 :
1164 1279 1191 1301 et
1213 1275 1284 1302 sicut
1298 1279 1407 1309 propter
1426 1274 1640 1302 incarnationem
1655 1275 1734 1307 dixit.

954 1329 964 1346 ‹
981 1320 1037 1355 Ego
1058 1328 1118 1348 sum
1142 1320 1197 1356 (11)
1211 1321 1268 1352 via;
1289 1330 1298 1347 ι
1321 1325 1347 1348 et
1365 1329 1468 1352 rursus,
1488 1330 1497 1346 ι
1515 1320 1598 1348 Nemo
1614 1321 1668 1357 (12)
1683 1329 1728 1349 ve-

951 1367 990 1393 nit
1003 1366 1036 1393 ad
1055 1366 1174 1400 Patrem,
1191 1367 1240 1393 nisi
1255 1374 1301 1399 per
1315 1374 1367 1399 me,
1390 1376 1398 1392 ι
1416 1367 1441 1394 id
1459 1371 1511 1399 est,
1529 1367 1580 1394 nisi
1596 1375 1644 1402 per
1655 1367 1734 1395 [idem

952 1412 979 1439 in
996 1419 1082 1438 meam
1107 1411 1332 1444 Iucaruationem,
1348 1412 1428 1439 vadat
1450 1421 1457 1439 :
1488 1413 1524 1438 ita
1549 1413 1583 1439 ob
1612 1413 1734 1439 eamdem

950 1458 1018 1486 dixit
1031 1458 1111 1485 etiam
1126 1464 1134 1484 :
1155 1466 1164 1482 ‹
1185 1457 1315 1484 Dominus
1326 1457 1429 1484 creavit
1446 1464 1488 1483 me
1508 1457 1614 1483 initium
1629 1457 1734 1483 viarum

950 1511 1071 1531 suarum.
1090 1512 1099 1529 ι
1119 1502 1232 1530 Gcnitus
1249 1503 1321 1530 enim
1343 1502 1392 1529 fuit
1405 1510 1437 1529 ex
1462 1503 1600 1538 hypostasi
1625 1503 1732 1537 quidem

950 1548 1047 1581 Patris,
1063 1549 1096 1575 ab
1117 1552 1228 1580 mterno,
1245 1547 1437 1581 ineliabiliter;
1464 1555 1497 1574 ex
1514 1548 1674 1575 intenterata
1690 1555 1735 1576 au-

950 1599 1005 1622 tem
1021 1594 1143 1628 Virgine,
1158 1598 1293 1628 quatenus
1308 1594 1416 1629 quidem
1437 1594 1526 1621 omnia
1544 1594 1679 1629 praescivit
1691 1599 1735 1622 ut-

950 1646 1013 1676 pote
1040 1641 1120 1673 Deus,
1136 1645 1162 1668 et
1189 1645 1322 1675 quatenus
1346 1641 1545 1675 prmdestinavit
1568 1640 1734 1669 Incamatio-

949 1695 1022 1719 nem,
1051 1691 1114 1714 ante
1141 1687 1269 1714 saaculum
1299 1687 1407 1721 genitus
1429 1685 1482 1713 fuit
1508 1686 1591 1722 (sicut
1614 1687 1735 1713 scribunt

103 1740 160 1762 σιν,
192 1731 296 1762 Παῦλος
322 1731 370 1766 μὲν
393 1731 609 1760 Κολοσσαεῦσιν-
641 1741 651 1758 ι
684 1731 721 1758 Τὸ
749 1733 896 1768 μυστήριον

952 1731 1046 1758 Paulus
1068 1732 1175 1766 quidem
1203 1730 1411 1758 Colossensibus
1432 1740 1439 1757 :
1468 1739 1477 1757 t
1496 1731 1652 1766 Mysterium
1676 1730 1733 1766 (13)

101 1776 194 1808 τοῦτο,
215 1776 245 1802 τὸ
263 1777 510 1812 ἀποκεκρυμμένον
525 1777 577 1812 πρὸ
591 1777 645 1804 τῶν
660 1777 766 1804 αἰώνων
781 1778 828 1804 καὶ
842 1778 896 1805 ἀπὸ

102 1823 159 1848 τῶν
182 1821 300 1856 γενεῶν,
319 1822 366 1850 νῦν
388 1822 548 1858 ἐφανερώθη
574 1824 629 1854 τοῖς
653 1823 742 1857 ἁγίοις
762 1823 860 1849 αὑτοῦ·
883 1833 893 1850 ι

103 1868 209 1903 Πέτρος
219 1868 247 1895 δὲ
263 1869 291 1894 ὲν
304 1869 336 1904 τῇ
352 1868 447 1904 πρώτῃ
468 1869 610 1904 Ἐπιστολῇ
628 1870 690 1903 περὶ
705 1868 752 1895 τοῦ
766 1869 893 1905 Χριστοῦ⁶

106 1924 115 1940 ι
138 1914 367 1949 Προεγνωσμένου
382 1915 431 1950 μὲν
447 1915 500 1950 πρὸ
517 1914 669 1950 καταϐολῆς
686 1915 800 1950 κόσμου,
817 1923 896 1949 φανε-

105 1960 238 1995 ρωθέντος
262 1960 290 1985 δὲ
317 1960 359 1986 ἐπ’
389 1961 510 1995 ἐσχάτων
537 1961 590 1987 τῶν
614 1960 716 1996 χρόνων
731 1960 776 1995 ι),
804 1959 843 1995 τῷ
867 1960 896 1986 δὲ

104 2006 266 2041 πράγματι,
285 2006 330 2033 ὅτε
349 2006 483 2041 ὲπέφανεν
512 2006 541 2039 ea
564 2006 647 2041 ὕψους
669 2007 726 2038 τοῖς
754 2006 783 2032 ἐν
806 2006 895 2033 σκότει

103 2052 153 2078 καὶ
171 2053 234 2087 σκιᾷ
254 2052 368 2078 Θανάτου
389 2053 453 2078 ποτὲ
475 2052 659 2079 καθεσθεῖσιν·
688 2052 732 2079 ὅτε
754 2052 826 2084 λίθος
844 2061 895 2078 πα-

105 2097 257 2133 ραϐολικῶς
277 2098 439 2133 ὠνομάσθη·
461 2098 505 2124 ὅτε
529 2098 637 2132 ἐγένετο
662 2098 734 2134 ἀρχὴ
757 2098 824 2125 ὁδῶν
848 2098 895 2124 καὶ

104 2143 230 2179 Οεμέλιος
250 2144 346 2179 ἡμῶν·
363 2141 438 2178 ᾧτινι
460 2144 576 2180 Θεμελίῳ
597 2145 643 2171 καὶ
662 2144 728 2180 λίθῳ
744 2145 895 2180 ἐπιμαρτυ-

105 2190 199 2225 ροῦσιν
218 2189 314 2222 οὕτως,
340 2190 446 2222 Παῦλος
471 2191 519 2226 μὲν
546 2191 658 2226 γράφων
683 2190 838 2226 Κορινθίοις
863 2190 894 2216 τὸ

103 2234 215 2268 πρῶτον
224 2242 231 2248 ·
250 2243 259 2259 ι
279 2234 410 2270 Θεμέλιον
422 2236 476 2271 γὰρ
487 2235 576 2267 οὐδεὶς
596 2235 707 2262 δύναται
720 2235 804 2262 θεῖναι
819 2235 895 2270 παρὰ

103 2281 151 2306 τὸν
169 2280 304 2315 κείμενον,
320 2281 349 2312 ὃς
364 2282 437 2308 ἐστιν
458 2282 560 2316 Ἰησοῦς
574 2281 700 2317 Χριστός.
721 2290 730 2307 ι
751 2281 851 2316 Ἀρχὴν
865 2279 894 2307 δὲ

103 2324 152 2351 τοῦ
179 2325 319 2352 καλεῖσθαι
338 2326 454 2361 Χριστὸς
479 2325 582 2362 Ἰησοῦς
612 2327 641 2353 ὲν
660 2327 692 2362 τῇ
717 2325 893 2361 ὲνανθρωπή-

105 2379 147 2397 σει
161 2371 265 2399 ἐλαὸεν.
279 2372 360 2399 Ὅθεν
373 2374 401 2399 ὲν
412 2373 451 2408 τῷ
460 2373 551 2408 Λουκᾷ
563 2374 576 2400 ὁ
589 2372 703 2408 ἅγγελος
715 2373 765 2409 τὴν
777 2373 840 2409 [160
865 2372 890 2408 b]

104 2417 252 2451 ὀνομασίαν
272 2418 353 2445 αὐτοῦ
372 2418 409 2450 ὡς
426 2419 471 2445 ἐπὶ
497 2419 638 2454 μέλλουσιν
655 2420 788 2452 ποιεῖται,
805 2419 892 2454 λέγων

104 2464 137 2497 τῇ
153 2463 300 2499 Παρθένῳ’
320 2473 328 2490 ι
351 2464 441 2497 "Eget;
462 2465 530 2497 υἱὸν,
546 2465 593 2491 καὶ
612 2465 740 2497 καλέσεις
761 2465 791 2491 τὸ
810 2464 896 2499 ὄνομα

104 2508 187 2535 αὑτοῦ
204 2509 317 2544 Ἰησοῦν.
333 2507 416 2542 Οὗτος
429 2510 504 2537 ἔσται
519 2511 616 2546 μέγας,
628 2510 675 2537 καὶ
687 2510 751 2541 Υἱὸς
766 2510 892 2544 Ὑψίστου

105 2554 288 2590 κληθήσεται·
309 2565 318 2582 ι
335 2557 382 2582 καὶ
398 2557 455 2592 μεθ’
473 2557 554 2592 ἕτερα
566 2565 572 2572 ·
594 2566 604 2583 ‹
624 2557 669 2583 Διὸ
685 2557 732 2583 καὶ
750 2556 780 2583 τὸ
793 2555 892 2590 γεννώ-

143 2643 181 2679 ('l.)
197 2643 230 2687 ᾼι
242 2644 385 2686 hwreticot.
402 2646 464 2687 Ilaec
477 2646 602 2687 divinans
624 2646 724 2687 potius,
741 2653 832 2687 quam"
844 2645 887 2672 in-

105 2682 259 2722 terpretans
270 2681 365 2714 scripsi
381 2690 387 2708 :
405 2679 668 2722 adeo‘obscurusest
684 2679 797 2722 locu'sin
813 2679 888 2721 G'raz-

105 2720 148 2740 co.
166 2714 263 2748 Aliqua
280 2722 344 2741 vero
363 2716 462 2743 omissa
475 2716 560 2744 fuisse
580 2716 698 2743 arbitror
714 2725 727 2743 a
745 2716 868 2743 librario.

141 2747 178 2788 (ξ)
193 2747 304 2788 gaulus.
321 2750 485 2788 Philipp._n,
498 2751 556 2788 6Aet
571 2751 598 2784 7,
624 2755 655 2779 et
666 2751 769 2780 Coloss.
788 2759 830 2785 ιιι,
845 2750 887 2778 10.

152 2782 178 2817 9)
195 2782 250 2844 Ego
270 2789 367 2825 autem.
389 2782 459 2812 Psal.
472 2782 502 2817 ιι,
518 2785 545 2812 6.

156 2818 195 2844 101
238 2827 349 2844 animus.
368 2820 437 2844 Psal.
451 2828 514 2844 ιιῖιι.
535 2821 545 2844 1

156 2818 195 2853 10)
212 2818 349 2846 Dominus.
368 2820 437 2846 Psal.
451 2828 514 2853 xc".
535 2821 560 2848 1.

155 2852 196 2889 11)
214 2852 268 2887 Ego
283 2862 350 2880 sum.
364 2854 442 2883 Joau.
458 2863 512 2889 xw,
528 2855 554 2882 6.

142 2887 199 2922 (1‘2)
222 2889 313 2916 Nemo.
331 2889 439 2918 lbidcut.

948 1778 1001 1805 hoc
1020 1777 1206 1804 absconditum
1222 1781 1285 1804 ante
1302 1777 1410 1809 saecula,
1429 1781 1456 1804 et
1469 1784 1483 1803 a
1502 1776 1732 1812 generationibus,

946 1831 1019 1851 nunc
1034 1823 1238 1850 manifestatum
1253 1827 1295 1850 est
1308 1823 1412 1850 sanctis
1431 1823 1506 1856 ejus;
1528 1831 1537 1848 ι
1560 1822 1655 1849 Petrus
1670 1829 1734 1850 vero

946 1868 974 1896 in
1009 1869 1095 1903 prima
1122 1868 1250 1903 Epistola,
1277 1868 1309 1895 de
1338 1868 1447 1895 Christo
1474 1867 1622 1902 inquiens:
1652 1877 1662 1893 ι
1683 1868 1735 1900 Qui

946 1914 1127 1950 prrecognitus
1150 1914 1207 1949 (11)
1224 1914 1331 1948 quidem
1345 1918 1387 1940 est
1405 1918 1468 1941 ante
1487 1914 1578 1940 mundi
1597 1914 1732 1941 constitu-

948 1961 1061 1994 tionem,
1080 1960 1271 1987 manil‘estalus
1293 1963 1382 1986 autem
1399 1959 1426 1986 in
1446 1959 1604 1987 novissimis»
1630 1964 1732 1994 tempo«

947 2007 1032 2042 ribus)
1062 2016 1068 2033 :
1090 2006 1136 2033 sed
1168 2013 1199 2032 re
1223 2005 1278 2040 ipsa
1298 2005 1403 2040 genitus
1432 2005 1492 2038 fuit,
1519 2005 1626 2039 quando
1651 2013 1734 2040 appa-

946 2053 1009 2084 ruit,
1029 2060 1059 2080 ac
1072 2052 1159 2079 illuxit
1173 2059 1205 2079 ex
1224 2051 1278 2078 alto
1310 2050 1364 2086 (15)
1395 2051 1446 2083 iis,
1480 2051 1525 2085 qui
1563 2051 1590 2078 in
1616 2051 1734 2078 tenebris

945 2103 972 2125 et
984 2099 1009 2127 in
1025 2098 1118 2126 umbra
1131 2098 1226 2125 mortis
1237 2097 1339 2133 pridem
1354 2097 1501 2131 sedebant;
1517 2107 1525 2123 I
1541 2096 1732 2132 quando351

947 2143 1002 2179 (16)
1020 2143 1086 2178 lapis
1113 2143 1268 2178 parabolice
1278 2143 1432 2172 nominatus
1446 2148 1507 2176 est;
1521 2143 1629 2177 quando
1646 2142 1735 2169 factus

946 2195 989 2218 est
1005 2190 1112 2218 initium
1126 2190 1244 2223 viarum,
1258 2194 1285 2217 et
1312 2189 1516 2217 fundamentum
1530 2193 1651 2216 nostrum
1668 2188 1734 2216 :-cui

945 2236 1130 2268 fundamento,
1149 2244 1180 2263 ac
1200 2236 1282 2270 lapidi
1308 2235 1492 2264 testimonium
1524 2236 1559 2262 ita
1591 2235 1736 2269 perhibent

946 2282 1103 2317 Scripturte.
1121 2282 1220 2308 Paulus
1235 2282 1342 2316 quidem
1368 2282 1394 2308 in
1419 2282 1504 2315 prima
1533 2281 1566 2307 ad
1580 2281 1734 2308 Corinthios

945 2327 1064 2362 Epistola
1091 2327 1187 2354 scribit
1205 2334 1212 2353 :
1230 2336 1239 2352 ‹
1255 2326 1470 2354 Fundamentum
1492 2327 1548 2363 (1'7)
1564 2327 1635 2354 enim
1653 2334 1733 2355 nemo

944 2378 1033 2407 potest
1049 2380 1159 2411 ponere,
1171 2377 1277 2407 praeter.
1301 2373 1326 2400 id
1346 2374 1417 2408 quod
1436 2373 1552 2409 positunt
1573 2373 1680 2408 cst,qui
1693 2378 1735 2400 cst

944 2418 1022 2445 Jesus
1030 2418 1163 2445 Christus.
1179 2427 1189 2443 ι
1199 2418 1306 2446 Initium
1318 2424 1409 2446 autem
1422 2419 1632 2452 nuncupationis
1643 2418 1732 2453 hujus,

944 2464 1007 2498 quia
1021 2463 1120 2490 dicitur
1133 2463 1258 2492 Christus
1278 2464 1367 2497 J'csus,
1397 2465 1423 2491 in
1451 2465 1640 2492 Incarnalione
1655 2471 1733 2491 acce-

945 2510 995 2544 pit.
1011 2509 1112 2538 Idcirco
1124 2510 1235 2545 angelus
1254 2511 1502 2538 deuominationem
1522 2510 1581 2545 ejus
1600 2514 1728 2544 tauquam

946 2556 1063 2584 futuram
1089 2556 1213 2583 enuntiat
1238 2556 1309 2592 apud
1335 2555 1435 2584 Lucam
1456 2556 1581 2591 inquiens
1610 2554 1730 2589 Virgini:

978 2653 1044 2690 (15)
1061 2643 1227 2688 Mysterium.
1248 2654 1352 2683 Coloss.
1383 2663 1404 2687 1,
1424 2655 1468 2682 eo.
1493 2654 1559 2681 Vide
1585 2661 1645 2688 pag.
1668 2653 1731 2687 197,

944 2689 1105 2759 nozigibui
1120 2725 1304 2759 prwcognitus.
1321 2724 1329 2751 1
1349 2724 1420 2750 Petr.
1437 2731 1455 2759 ι,
1468 2723 1512 2752 ‘20.

981 2757 1036 2793 (15)
1054 2757 1147 2793 Illuxit
1162 2767 1194 2785 ea:
1207 2757 1276 2787 ἰιίιο.
1292 2759 1358 2787 Luc.
1380 2767 1399 2791 ι,
1419 2758 1456 2785 78.
1467 2763 1494 2786 et
1507 2759 1550 2787 79.

983 2793 1039 2861 (16)
1052 2792 1139 2828 Lapis.
1158 2794 1218 2821 Act.
1238 2802 1274 2826 tv,
1294 2795 1336 2822 11.

983 2828 1028 2861 (17
1058 2826 1288 2857 Fundamentum.
1303 2829 1313 2856 1
1330 2829 1349 2857 (Σ

946 2826 1288 2899 Ρῃὲιῖὲλθίιηιίαιηεηιυηι.
1303 2829 1313 2856 1
1330 2829 1392 2857 Cor.
1409 2836 1450 2863 tu,
1466 2828 1509 2856 11.
1535 2828 1600 2857 Vide
1614 2833 1671 2857 not.
1685 2829 1731 2863 3C,

1000 2883 1005 2890 .
1040 2872 1065 2891 ο-
