1925 3063
117 133 176 160 8⁸21

658 133 701 160 DE
720 132 908 161 TRINITATE
928 132 1030 160 LIBER-
1048 133 1211 162 TERTIUS.

1694 137 1746 165 822

116 186 159 214 τὰ
179 186 275 222 ἱμάτιά
296 195 347 222 μου
365 187 484 221 ἑαυτοῖς,
502 188 548 215 καὶ
565 188 611 216 ἐπὶ
626 189 672 216 τὸν
693 189 839 225 ἱματισμόν
862 198 906 225 μοι

963 190 1122 218 vestimenta
1133 197 1191 217 mea
1203 189 1266 223 sibi,
1284 194 1311 218 et
1324 198 1405 226 super
1417 196 1518 221 vestem
1528 199 1614 220 meam
1621 192 1747 227 iecerunt

117 232 222 259 ἔϐαλον
236 231 352 268 κλῆρον·
368 241 378 258 ι
391 232 439 259 καὶ
453 234 480 259 ἐν
494 232 555 268 ριζ·
572 242 582 259 ι
597 233 687 266 Λίθον,
703 234 732 261 ὃν
745 234 913 270 ἀπεδοκίμα-

118 286 178 305 σαν
204 278 230 304 οι
256 277 472 312 οἰκοδομοῦντες,
490 274 567 310 οὗτος
592 279 708 315 ἐγενήθη
735 281 775 312 εἰς
793 280 913 316 κεφαλὴν

116 323 244 358 γωνίας,
259 324 305 350 κα)¹
326 323 402 350 ἔσται
422 325 565 360 θαυμαστὴ
581 325 611 351 ὲν
627 325 775 360 ὀφθαλμοῖς
786 326 865 361 ἡμῶν
877 333 884 341 ο
901 335 910 351 ι

116 370 173 396 καὶ
200 369 329 401 Ἡσαΐας·
352 379 362 396 ι
380 370 489 397 Παιδίον
503 371 633 406 ἐγεννήθη
656 372 733 406 ἡμῖν.
759 381 768 397 ι
788 371 869 405 Λέγει
882 371 913 398 τὸ

119 415 240 450 μηδέπω
254 415 358 450 τεχθέν.
371 416 427 442 Kal
440 416 536 442 πάλιν·
552 425 562 442 ‹
585 416 629 447 Ὠς
640 416 774 452 πρόϐατον
787 417 833 443 ἐπὶ
846 425 913 451 σφα-

115 460 177 496 γὴν
194 461 281 496 ἢχθη·
302 469 311 486 ι
326 460 415 488 καίτοι
434 461 540 488 οὐδέπω
554 459 588 497 ἦν
610 463 642 488 ὲκ
655 462 763 498 Μαρίας
775 462 880 498 τεχθεὶς
897 462 911 488 ὁ

117 506 221 540 ἀμνός.
242 507 297 533 Καὶ
311 506 392 533 πάλιν
405 514 413 522 ⁸
436 515 446 533 ι
465 507 570 542 Ἴδομεν
592 507 682 539 αὑτὸν,
697 509 744 534 καὶ
770 508 820 534 οὐκ
841 506 912 544 εἶχεν

119 547 206 583 εἶδος,
224 551 284 577 οὐδὲ
305 551 412 583 κάλλος.
435 561 444 577 ι
461 552 517 578 Καὶ
538 551 590 587 μὴν
609 552 678 587 μετὰ
701 552 800 584 πολλὰς
815 553 911 587 γενεὰς

119 595 203 631 ὤφθη
219 596 340 628 τοιοῦτος
359 598 388 623 ὲν
405 596 444 632 τῷ
460 598 585 633 σωτηρίῳ
599 598 690 625 πάθει.
710 598 762 625 Καὶ
777 599 892 634 ἀλλαχοῦ
903 606 909 614 ·

122 650 135 667 ί
156 641 214 673 Τὰς
233 641 378 677 νεομηνίας
401 642 488 678 ὑμῶν,
507 644 554 669 καὶ
574 643 606 670 τὰ
624 643 749 670 Σάϐϐατα
763 644 850 679 ὑμῶν,
865 645 911 672 καὶ

118 687 174 718 τὰς
184 687 282 722 ἑορτὰς
296 688 478 723 μισεῖήψυχή
499 697 558 723 μου.
578 698 588 714 ›
613 689 743 724 Ἐμίσησε
773 690 801 716 δὲ
822 690 911 726 πολλῷ

121 730 249 766 ὕστερον,
262 731 306 757 ὅτε
320 731 352 767 δὴ
368 731 447 767 ὲνηνο
453 732 589 767 ρώπησεν,
607 733 653 759 καὶ
666 733 714 768 τὴν
731 734 834 770 Καινὴν
848 735 911 761 Δια-

121 775 212 811 θήκην
227 777 292 811 ἡμῖν
310 777 419 804 διέθετο.
438 778 492 804 Kal
506 777 540 804 τὰ
559 778 728 813 παρελθόντα
746 779 790 812 δὲ,
805 779 843 812 ὡς
866 781 910 807 ὲν-

121 821 240 853 εστῶτα,
262 822 332 849 καθὰ
346 822 463 857 εἴρηται,
489 822 634 858 διηγεῖται,
652 823 690 855 ὡς
716 824 779 850 ὅταν
807 825 908 862 φράζῃ·

123 874 134 891 ι
167 866 196 892 ’0
216 866 301 893 ποιῶν
319 866 436 893 Πλειάδα
449 866 496 892 καὶ
514 857 650 902 Ἕσπερον
662 875 670 884 ο
695 877 704 893 ι
722 868 779 899 καὶ,
927 857 948 887 Β

124 919 135 936 ι
159 911 188 938 '0
211 911 294 938 ποιῶν
315 913 378 944 τοὺς
392 912 525 946 ἀγγέλους
539 913 621 939 αὑτοῦ
637 913 798 949 πνεύματα·
821 923 829 940 ι
850 914 910 941 ἀντὶ

119 957 181 989 τοῦ,
202 958 217 984 ὸ
238 959 363 993 ποιήσας.
385 958 459 990 Καὶ,
485 967 495 983 ι
530 958 559 984 '0
579 957 711 992 Θεμελιῶν
727 959 776 994 τὴν
794 959 845 994 γῆν
864 959 910 986 ὲπὶ

121 1003 173 1039 τὴν
187 1003 337 1037 ἀσφάλειαν
349 1003 444 1038 αὐτῆς·
462 1013 471 1029 ι
490 1004 504 1030 ὅ
521 1005 604 1036 ἐστιν⁷
618 1005 632 1030 ὁ
644 1004 823 1040 θεμελιώσας.

174 1090 213 1116 Δι’
243 1090 260 1118 ὃ.
290 1091 321 1126 δὴ
355 1091 530 1127 ἐπάναγκες,
560 1093 584 1119 εί
607 1093 643 1129 μὴ
668 1094 707 1125 είς
730 1094 778 1129 τὴν
803 1095 831 1121 ἐν
854 1096 910 1127 τοῖς

120 1136 334 1171 ἐπιτηδεύμασιν
370 1137 448 1172 ἡμῶν
493 1138 604 1173 σοφίαν,
639 1139 680 1170 είς
704 1139 770 1173 γοῦν
793 1139 842 1175 τὴν
869 1140 911 1166 δε-

122 1182 258 1218 σποτικὴν
279 1183 471 1219 ἀναμάρτητον
492 1185 639 1219 σάρκωσιν.
666 1185 715 1220 τὴν
748 1186 910 1221 ἐκκειμένην

118 1227 276 1262 Παροιμίαν
301 1228 412 1263 φέρειν,
433 1229 557 1264 οὐδαμῶς
578 1230 605 1256 δὲ
624 1231 666 1262 είς
686 1230 731 1256 τὸν
756 1231 805 1266 τῆς
825 1232 910 1267 ἀρρή-

120 1280 168 1298 του
190 1272 265 1304 θείας
296 1273 403 1308 φύσεως
436 1272 499 1300 Υῖὸν
539 1274 636 1308 Λόγον,
665 1275 710 1301 τὸν
738 1275 769 1301 δι’
796 1273 836 1308 οὗ,
864 1277 911 1303 καὶ

121 1319 187 1354 παρ’
218 1315 259 1351 οὗ,
281 1321 326 1346 καὶ
350 1321 377 1346 ὲν
397 1316 419 1353 ᾧ
452 1320 541 1347 πάντα
569 1322 771 1357 κατεκοσμήθη.
801 1322 837 1348 Τὸ
856 1323 910 1358 γὰρ

120 1364 217 1395 εἰπεῖν,
247 1374 256 1389 ι
272 1365 373 1401 Κύριος
402 1364 492 1391 ἑκτισέ
526 1375 570 1401 με,
595 1376 604 1392 ι
626 1367 720 1394 καὶτὸ
743 1368 907 1402 ἐπαγαγεῖν,

124 1418 133 1434 ι
153 1409 210 1444 Πρὸ
246 1410 273 1436 δὲ
295 1411 403 1437 πάντων
429 1410 531 1445 βουνῶν
557 1413 639 1447 γεννᾷ
661 1421 705 1447 με,
727 1422 736 1438 ι
767 1413 824 1439 ἴσον
852 1413 910 1439 ἐστὶ

120 1454 159 1490 τῷ
175 1455 260 1487 λέξαι·
280 1457 364 1482 Ὄντα
382 1465 415 1491 με
437 1456 466 1489 ἐξ
483 1456 565 1483 αὐτοῦ
582 1457 793 1492 συνυφεστὼτως
804 1457 910 1485 ἔκτισεν

122 1500 247 1536 ὕστερον,
270 1501 337 1528 καθὸ
353 1500 459 1537 θελήσει
477 1502 560 1528 αὐτοῦ
576 1502 741 1538 ἐκοινώνησα
756 1504 908 1538 ἀτρέπτως,
922 1523 943 1552 c

120 1547 329 1582 ἀναμαρτήτως,
353 1547 506 1583 ἀνθρώποις
522 1548 571 1583 τῆς
594 1548 711 1583 φύσεως,
725 1548 763 1580 ὡς
776 1549 829 1584 πρὸ
842 1549 908 1585 βρα-

121 1591 181 1626 χέος
203 1591 320 1627 εἴρηται.
355 1592 411 1628 Πρὸ
437 1592 465 1618 δὲ
491 1593 598 1619 πάντων
635 1593 736 1628 βουνῶν
765 1593 908 1630 ἐγέννησεν

121 1636 245 1669 ἀπαθῶς,
262 1638 308 1663 καὶ
329 1638 464 1674 ἀνάρχως,
489 1638 535 1665 καὶ
550 1639 686 1677 ἀρρήτως,
711 1638 777 1665 διότι
792 1639 862 1675 ὑπὲρ
878 1639 908 1666 τὸ

121 1681 265 1717 ἀσώματον
279 1684 295 1717 ὴ
307 1683 410 1718 θεότης.
418 1684 454 1710 Τὸ
465 1684 518 1718 γὰρ
533 1693 542 1708 ι
562 1683 615 1719 πρὸ
637 1693 646 1709 ι
660 1684 775 1718 μάλιστα
794 1685 840 1710 ἐπὶ
857 1685 907 1711 αὑ-

121 1726 171 1762 τῆς
191 1728 318 1763 τυγχάνει
350 1729 485 1764 ἀόριστον,
505 1729 545 1756 ἔτι
568 1729 597 1755 δὲ
630 1730 676 1756 καὶ
694 1730 708 1755 ό
731 1739 740 1755 t
759 1730 787 1756 δὲ
808 1739 817 1755 ι
844 1730 908 1757 σόν-

121 1769 217 1805 δεσμος
243 1771 319 1797 τοῦτο
336 1772 508 1807 παρίστησιν.
532 1773 563 1799 Εἰ
579 1773 633 1808 γὰρ
648 1774 694 1800 καὶ
714 1773 829 1805 ἔκτισεν,
850 1775 908 1806 πῶς

121 1815 280 1851 ὲγέννησεν;
301 1817 332 1843 El
356 1817 384 1843 δὲ
399 1817 551 1853 ἐγέννησεν,
578 1819 637 1850 πῶς
657 1819 779 1852 έκτισεν;
805 1820 841 1846 Τὸ
858 1820 906 1855 μὲν

121 1860 174 1896 γὰρ
196 1862 298 1897 κτίσμα
323 1863 395 1889 εἴποι
413 1872 455 1894 τις
473 1863 506 1890 ἂν
531 1863 578 1890 τοῦ
601 1864 744 1896 κτίσαντος
771 1864 905 1900 γέννημα,

120 1906 157 1938 ὡς
175 1907 256 1942 ἡμεῖς
277 1907 444 1942 ἠκούσαμεν,
473 1908 527 1934 υἱοὶ
550 1908 689 1943 Ὑψίστου*
713 1909 743 1935 τὸ
765 1909 794 1935 δὲ
823 1910 907 1942 ὅντως

121 1950 241 1986 γέννημα
260 1951 311 1977 οὐκ
329 1952 361 1978 ἄν
371 1961 436 1978 ποτε
457 1952 503 1979 τοῦ
525 1954 706 1988 γεννήσαντος
731 1954 834 1990 κτίσμα
842 1955 907 1990 κλη-

121 1994 190 2031 θείη.
215 1995 298 2023 Οῠπω
321 1997 376 2032 γὰρ
395 1997 449 2028 ἓως
470 1998 591 2034 σήμερον
609 1998 688 2034 ἴσμεν
703 1999 781 2025 τοῦτο
799 1999 904 2035 λεχθέν.

121 2040 201 2066 Ὥστε
226 2041 275 2076 τὴν
299 2041 328 2067 ὲν
347 2043 402 2074 τοῖς
431 2042 552 2077 ἀρίστοις
573 2043 772 2078 ἐπιτηδεύμασι
809 2045 906 2078 σοφίαν

120 2085 285 2119 πανταχόθεν
306 2086 497 2121 εὑρίσκεσθαι,
511 2087 551 2120 τὸ,
567 2096 576 2112 t
596 2086 696 2122 Κύριος
706 2087 823 2120 ἔκτισεν,
843 2097 853 2114 ›
868 2089 905 2115 εί-

121 2132 245 2167 ρηκυῐαν·
264 2131 334 2158 ὥστε
362 2132 409 2158 καὶ
437 2132 507 2159 κατὰ
530 2132 618 2167 βιαίαν
635 2131 749 2167 ἐκδοχὴν
768 2132 814 2159 τὸν
827 2133 904 2167 γενό-

964 239 1080 268 sortem;
1093 244 1103 261 ι
1120 239 1147 262 et
1161 234 1187 262 in
1200 242 1286 262 oxvu:
1305 244 1314 261 ι
1328 234 1454 270 Lapidem
1469 235 1525 272 (51)
1542 243 1622 272 quem
1648 245 1739 272 repro-

963 280 1096 307 baveruut
1120 279 1295 313 aediﬁcantes,
1325 280 1368 307 hic
1398 280 1484 308 factus
1506 281 1590 309 estin
1606 287 1746 317 caputan-

963 325 1035 360 guli:
1051 329 1078 352 et
1091 325 1143 352 erit
1158 326 1213 360 (32)
1237 325 1368 353 mirabilis
1393 327 1418 353 in
1446 327 1531 354 Oculis
1563 327 1677 359 nostris;
1694 337 1703 353 ›
1718 332 1745 355 et

962 369 1045 397 Isaias
1058 378 1065 396 :
1081 370 1165 398 «Puer
1180 370 1233 406 (55)
1248 375 1325 398 natus
1338 376 1377 398 est
1394 371 1481 399 nobis.
1495 380 1504 397 ›
1523 371 1550 399 id
1565 376 1654 399 autem
1670 373 1703 400 de
1711 380 1744 400 eo

938 414 1036 446 "dicit,
1050 416 1094 449 qui
1120 416 1237 442 nondum
1263 420 1322 443 erat
1341 420 1428 444 natus.
1455 416 1489 444 Et
1510 424 1622 445 rursus:
1645 427 1654 444 ι
1684 417 1744 446 Sic-

962 464 991 488 ut
1007 460 1062 495 (34)
1080 461 1113 487 ad
1127 461 1289 488 occisionem
1305 462 1400 489 ductus
1415 466 1467 489 est.
1492 462 1637 490 tiNecdum
1653 467 1741 490 tamen

962 511 995 532 ex
1013 505 1094 532 Maria
1112 510 1191 533 natus
1213 506 1303 533 fuerat
1326 507 1427 542 Agnus.
1452 507 1485 534 Et
1502 515 1595 535 rursus
1615 515 1622 535 :
1641 517 1651 533 ι
1664 508 1740 535 Vidi-

962 558 1022 577 mus
1040 550 1096 586 (ὅὸ)
1110 558 1182 583 eum,
1200 555 1226 579 et
1254 559 1307 579 non
1337 552 1454 579 habebat
1479 552 1604 583 formam.
1616 561 1666 581 nec
1685 554 1743 588 pul.

961 595 1176 623 ehritudinem.)
1201 596 1326 623 Attamen
1353 596 1413 624 talis
1440 601 1503 631 post
1518 597 1616 625 multas
1628 605 1744 633 genera-

961 639 1048 667 tiones
1073 641 1146 668 visus
1172 645 1213 668 est
1238 641 1264 668 in
1284 641 1423 669 salutifera
1443 641 1587 675 Passione;
1614 647 1641 670 et
1657 643 1718 671 alibi
1732 652 1750 671 :,

965 694 974 710 ι
990 683 1151 712 Neomenias
1165 685 1220 721 ('56)
1237 689 1351 717 vestras,
1363 690 1390 712 et
1402 686 1513 713 sabbata
1523 691 1623 720 vestra,
1639 686 1742 714 etfesta

961 729 1018 757 odit
1030 730 1119 756 anima
1138 738 1205 757 mea.
1223 739 1232 755 ι
1249 730 1284 757 At
1297 730 1354 758 haec
1372 730 1429 758 odit
1442 731 1525 758 multo
1539 736 1599 765 post
1608 735 1740 766 tempore;

961 781 1021 802 cum
1036 775 1139 802 scilicet
1160 774 1216 810 (57)
1242 775 1397 803 incarnatus
1420 779 1471 809 est,
1490 781 1517 804 et
1542 776 1645 804 Novum
1663 777 1741 804 nobis

961 819 1164 847 Testamentum
1183 820 1324 855 disposuit.
1339 820 1478 849 Praeter-ita
1493 828 1558 849 vero
1572 822 1652 849 etiam
1663 821 1743 856 quasi

960 865 1115 899 praesentia,
1131 868 1162 892 ut
1187 865 1287 893 dictum
1313 865 1374 898 fuit,
1397 870 1507 893 enarrat
1531 866 1688 901 Scriptura,
1712 869 1748 893 ut-

961 916 1020 937 cum
1034 909 1071 936 ait
1085 918 1091 936 :
1111 919 1120 935 ι
1138 910 1187 943 Qui
1202 909 1265 938 facit
1280 910 1335 946 (58)
1350 911 1494 943 Pleiadem,
1510 915 1537 938 et
1551 910 1738 945 Hesperump

961 959 1005 982 et:
1024 955 1097 988 «Qui
1127 954 1191 982 facit
1215 955 1269 991 (59)
1295 956 1404 991 angelos
1434 963 1497 983 suos
1521 956 1661 991 spiritus.»
1677 956 1743 989 Pro,

964 1009 973 1025 ‹
989 998 1039 1032 Qui
1056 999 1137 1032 iecit;
1155 1009 1164 1025 ι
1182 1005 1208 1027 et
1224 1009 1230 1027 :
1248 1010 1257 1026 (
1275 1000 1324 1033 Qui
1351 1001 1443 1027 fundat
1469 1001 1524 1036 (40)
1549 1007 1647 1029 terram
1661 1009 1742 1037 super

961 1046 1131 1073 stabilitatem
1148 1053 1235 1073 suam.
1249 1055 1259 1071 ι
1276 1046 1301 1072 Id
1316 1051 1366 1078 est,
1384 1046 1431 1080 qui
1448 1046 1579 1074 fundavit.

1000 1090 1064 1124 Qua:
1084 1098 1144 1118 cum
1168 1091 1204 1118 ita
1221 1097 1250 1117 se
1279 1091 1404 1123 habeant,
1421 1090 1530 1118 allatum
1546 1099 1611 1119 sane
1623 1092 1741 1120 Prover-

961 1137 1033 1164 bium
1064 1137 1168 1164 referre
1194 1144 1305 1164 necesse
1328 1142 1379 1168 est,
1408 1137 1430 1164 si
1450 1144 1502 1164 non
1520 1138 1552 1164 ad
1568 1139 1740 1173 sapientiam.

961 1190 1020 1217 quae
1036 1182 1061 1209 in
1082 1182 1182 1209 nostris
1196 1182 1348 1216 disciplinis
1367 1183 1447 1215 inest,
1473 1183 1568 1210 saltent
1598 1185 1630 1210 ad
1650 1184 1740 1212 Domi-

961 1229 1049 1256 nicam
1081 1227 1184 1263 peccati
1211 1232 1348 1262 expertem
1374 1229 1608 1262 incarnationem;
1632 1230 1742 1256 minime

960 1279 1023 1299 vero
1040 1272 1071 1299 ad
1088 1271 1229 1299 ineﬁ‘abilis
1246 1271 1343 1298 divinae
1360 1275 1464 1299 natura:
1489 1272 1585 1299 Filium
1608 1272 1739 1304 Verbum,

960 1324 1008 1351 per
1019 1324 1109 1351 quem,
1121 1320 1148 1343 et
1163 1324 1177 1343 a
1190 1323 1254 1350 quo,
1274 1321 1301 1342 et
1320 1316 1347 1342 in
1362 1323 1415 1351 quo
1439 1317 1647 1344 omnia‘condita
1660 1317 1740 1354 343

960 1365 1092 1390 etornata
1111 1366 1186 1389 sunt.
1207 1361 1273 1388 Nam
1297 1370 1357 1389 cum
1384 1362 1433 1396 ait,
1461 1371 1470 1388 ι
1490 1362 1617 1390 Dominus
1633 1365 1741 1391 ereavit

961 1414 1015 1440 me,
1032 1415 1041 1432 ι
1059 1407 1186 1439 subdens,
1204 1415 1213 1432 (
1229 1407 1300 1433 Ante
1321 1414 1415 1434 omnes
1439 1411 1528 1434 autem
1557 1407 1638 1435 colles
1655 1408 1741 1442 gignit

961 1460 1014 1486 me,
1026 1461 1035 1478 ι
1054 1452 1123 1479 idem
1138 1457 1179 1479 est
1193 1459 1223 1479 ac
1241 1452 1264 1479 si
1278 1452 1379 1479 diceret
1402 1460 1409 1479 :
1437 1452 1502 1479 Cum
1518 1460 1606 1480 essem
1626 1461 1658 1480 ex
1671 1454 1738 1487 ipso,

961 1504 988 1525 et
1001 1497 1082 1525 simul
1097 1505 1156 1524 cum
1183 1504 1215 1524 eo
1238 1497 1423 1530 subsisterem,
1452 1498 1552 1524 creavit
1571 1506 1615 1525 me
1636 1503 1738 1533 postea,

960 1546 1094 1577 quatenus
1111 1542 1248 1569 voluntate
1265 1541 1322 1575 ejus
1333 1549 1503 1569 connuunent
1521 1543 1601 1570 habui
1614 1551 1674 1570 cuin
1689 1543 1739 1570 lio-

959 1588 1079 1615 minibus
1093 1592 1229 1619 naturam,
1253 1586 1312 1614 sine
1332 1586 1481 1613 mutatione
1508 1590 1608 1618 tamen,
1631 1594 1663 1614 ac
1681 1587 1740 1614 sine

958 1638 1080 1668 peccato,
1106 1633 1177 1660 sicut
1197 1631 1277 1666 paulo
1301 1635 1363 1658 ante
1389 1631 1452 1658 dixi.
1476 1631 1544 1658 Ante
1557 1639 1652 1659 omnes
1676 1639 1740 1659 vero

959 1679 1041 1705 colles
1058 1677 1153 1713 genuit
1166 1677 1245 1703 Pater
1262 1676 1474 1711 impassibiliter,
1487 1681 1514 1704 et
1528 1677 1561 1704 ab
1581 1681 1693 1710 aeterno,
1712 1683 1740 1706 et

958 1723 1147 1755 incil‘abiliter;
1161 1722 1223 1757 quia
1240 1729 1321 1757 supra
1345 1722 1504 1757 incorporea
1524 1723 1614 1750 omnia
1625 1727 1667 1751 est
1681 1723 1737 1751 dei‘

959 1775 1009 1798 tas.
1022 1769 1087 1796 Nam
1104 1769 1178 1801 illud,
1195 1773 1254 1795 ante
1265 1788 1272 1800 ,
1299 1768 1448 1802 prtesertiru
1474 1775 1536 1795 cum
1556 1770 1589 1796 de
1600 1770 1655 1804 ipsa
1672 1769 1740 1797 dlci-

959 1820 1012 1847 tur,
1031 1815 1201 1842 indefinitum
1212 1818 1263 1842 est.
1280 1813 1412 1841 Prmterea
1427 1821 1490 1841 vero
1503 1814 1584 1841 etiam
1608 1815 1738 1848 particula

958 1861 1013 1894 illa,
1027 1860 1067 1893 δέ,
1087 1860 1112 1887 id
1136 1865 1191 1892 est,
1225 1863 1323 1892 autem,
1339 1860 1381 1891 _id
1395 1860 1480 1894 ipsum
1504 1860 1610 1894 probat.
1624 1860 1652 1887 Si
1667 1861 1738 1888 enim

957 1906 1068 1938 creavit,
1080 1906 1213 1940 quomodo
1228 1904 1339 1939 genuit?
1352 1904 1381 1932 Si
1398 1912 1461 1932 vero
1485 1905 1588 1940 genuit,
1604 1907 1738 1940 quomodo

957 1951 1082 1980 ereavit?
1109 1951 1176 1978 Nam
1204 1954 1356 1978 creaturam
1382 1950 1490 1984 quidem
1513 1951 1603 1978 dicere
1614 1951 1676 1985 quis
1691 1959 1738 1986 po-

958 2002 1010 2025 test
1036 1996 1191 2032 progeniem
1223 1994 1371 2028 Creatoris,
1394 1995 1465 2022 sicut
1487 2002 1536 2023 nos
1555 1995 1618 2022 dicti
1646 2003 1740 2023 sumus

956 2044 1003 2072 lilii
1021 2042 1153 2070 Altissimi
1167 2041 1238 2078 (tt):
1254 2041 1400 2076 quiautem
1413 2048 1476 2068 vere
1488 2041 1606 2076 genitus,
1618 2048 1664 2069 seu
1677 2039 1739 2076 pro-

955 2089 1050 2125 genies
1063 2093 1116 2122 est,
1131 2095 1267 2122 nunquam
1296 2087 1438 2115 vocabitur
1452 2087 1582 2120 genitoris
1593 2092 1744 2121 creaturas,

955 2135 1070 2163 necdum
1094 2135 1166 2162 enim
1197 2134 1329 2161 hactenus
1347 2140 1361 2159 ιι
1391 2133 1516 2168 quopiam
1539 2134 1664 2162 novimus
1685 2134 1746 2162 Ιιοοη

122 2185 199 2211 μενον
223 2177 383 2213 σύμμορφον
413 2179 446 2213 τῇ
474 2178 673 2214 ἀνθρωπότητι.
702 2178 747 2213 Τῷ
775 2179 829 2214 γὰρ
855 2179 904 2214 τῆς

960 2181 1056 2208 dictum
1069 2187 1140 2208 esse.
1157 2180 1323 2213 Quocunque
1336 2185 1399 2213 ergo
1414 2179 1556 2213 vertimur,
1573 2180 1735 2213 invenimus,

121 2222 194 2253 θείας
210 2223 390 2258 προγνώσεως
406 2224 461 2258 ὅρῳ
483 2223 535 2259 πρὸ
555 2224 644 2259 πάσης
659 2223 773 2256 κτίσεως
795 2225 903 2258 ἐγένετο

119 2264 205 2299 οὗτος,
225 2268 312 2294 κτίσιν
328 2269 357 2294 δὲ
379 2268 603 2303 καταχρηστικῶς
623 2269 673 2303 τὴν
692 2268 900 2304 ἀνθρωπότητα,

120 2313 188 2340 καθὰ
209 2313 321 2350 [ΜΞ-α]
345 2315 391 2340 καὶ
411 2315 460 2350 τὴν
475 2316 503 2341 ἐν
530 2315 623 2349 κόσμῳ
646 2315 741 2348 σοφίαν
762 2314 899 2349 ὀνομάζει,

120 2359 151 2385 δι’
170 2356 206 2385 ὧν
227 2359 300 2394 λέγει
326 2361 340 2386 ὁ
356 2361 473 2392 Παῦλος·
496 2369 505 2385 ι
533 2360 702 2395 Ὑποτάγητε
727 2360 801 2396 πάσῃ
813 2360 900 2387 κτίσει

119 2404 274 2441 ἀνθρωπίνῃ
293 2406 338 2432 διὰ
355 2407 400 2433 τὸν
421 2406 533 2441 Κύριον,
554 2406 607 2432 εἴτε
628 2404 741 2440 βασιλεῖ,
762 2405 800 2437 ὡς
815 2405 900 2442 ὑπερ-

119 2449 215 2486 έχοντι,
242 2451 297 2477 εἴτε
316 2451 458 2486 ἡγεμόσιν,
472 2451 510 2483 ὡς
529 2451 563 2477 δι’
582 2449 665 2476 αὑτοῦ
681 2450 874 2485 πεμπομένοις.
887 2461 902 2477 ιη

152 2552 207 2588 (51)
224 2553 361 2587 Lapidem.
376 2554 449 2582 Psal.
464 2563 549 2588 cxvn,
563 2555 593 2582 (ξι
611 2561 638 2583 et.
655 2556 700 2583 Ξῖ

153 2589 330 2625 (§Z)Eterit.
358 2590 464 2616 Omittit
492 2591 628 2622 nomiulla,
655 2599 715 2625 quae
737 2595 845 2618 exstant
870 2591 897 2619 in

118 2621 282 2660 Bibliis,_ulii
301 2632 348 2660 pro
361 2624 436 2651 ἔσται
454 2625 548 2660 legitur
564 2621 632 2659 ἔστι,
650 2621 675 2653 id
689 2631 740 2660 est,
757 2635 765 2651 ι
783 2631 832 2654 est.
848 2635 859 2652 ι

152 2658 206 2690 (55)
224 2657 307 2686 Puer.
320 2659 370 2685 Isa.
382 2668 418 2690 rx.
434 2660 460 2686 6.

153 2693 207 2727 (5L)
222 2693 294 2719 Sicut
306 2694 370 2721 ouis.
387 2693 435 2721 lsa.
451 2702 508 2727 mu,
524 2695 549 2721 7.

152 2727 207 2760 (35)
229 2727 358 2755 Vidimus.
376 2729 426 2756 lsn.
443 2737 501 2760 LIII,
519 2730 546 2756 2.

152 2762 207 2799 (ἒξ)
224 2762 389 2799 Haemonias.
407 2763 457 2790 lsa.
472 2772 491 2795 ι,
502 2764 547 2791 24.
567 2765 630 2791 Vide
645 2772 705 2799 pag.
719 2765 764 2796 τι,
782 2769 840 2793 not.
861 2765 906 2794 95-

227 2797 417 2835 gumscilicgl.
435 2799 592 2835 C0119L§1€
603 2796 732 2834 “IL-ligo
747 2801 791 2826 ὅτε
803 2801 845 2835 δή.

156 2831 211 2866 (38)
227 2832 278 2864 Qui
291 2833 366 2868 facit.
383 2833 476 2860 Latina
493 2833 576 2861 Biblia
592 2835 648 2862 hanc
665 2831 718 2862 nou
740 2831 850 2863 habent.
866 2835 895 2863 ιιι

955 2225 1114 2260 sapientiam
1123 2225 1149 2252 in
1161 2223 1270 2258 optimis
1284 2222 1433 2257 disciplinis
1445 2223 1525 2250 sitam
1540 2224 1652 2258 dixisse,
1662 2234 1671 2252 ι
1683 2225 1737 2253 Βο-

955 2271 1045 2298 minus
1058 2271 1181 2298 creavit:
1197 2279 1206 2295 I
1222 2270 1289 2296 adeo
1306 2272 1336 2295 ut
1352 2268 1468 2295 violenta
1490 2269 1571 2296 etiam
1596 2271 1632 2298 sit
1651 2271 1735 2298 inter-

954 2315 1118 2351 pretatio,,si
1136 2315 1193 2342 haec
1211 2313 1312 2341 dixisse
1327 2315 1435 2347 putetur
1457 2313 1488 2345 is,
1514 2315 1559 2348 qui
1577 2315 1744 2343 humanitati.

955 2360 1099 2388 conformis
1116 2359 1204 2387 factus
1220 2362 1273 2391 est,
1295 2357 1366 2392 quod
1384 2357 1481 2385 divinm
1500 2360 1676 2394 praescienliaa
1690 2362 1737 2389 ἀο-

955 2406 1145 2433 terminatione
1169 2411 1232 2433 ante
1243 2413 1349 2433 omnem
1373 2409 1527 2433 creaturam
1540 2405 1627 2434 factus
1639 2408 1675 2434 sit
1694 2413 1736 2434 ta-

953 2451 996 2479 lis.
1014 2450 1179 2478 Creaturam.
1194 2458 1258 2479 vero
1287 2451 1516 2488 καταχρηστικῶς
1528 2451 1595 2488 (ιῖ),
1609 2453 1662 2481 hoc
1681 2457 1737 2487 est,

951 2556 1052 2585 Gra‘cis
1062 2562 1170 2585 exstant
1186 2557 1235 2586 Job
1251 2566 1289 2591 rx,
1300 2558 1326 2585 9;

999 2593 1042 2625 59)
1060 2594 1111 2624 Qui
1123 2593 1196 2627 facit.
1213 2592 1283 2619 Psal.
1296 2600 1354 2626 cur,
1371 2592 1387 2619 5
1403 2591 1458 2627 (seu
1473 2591 1512 2627 ᾧ).

997 2627 1042 2657 40)
1060 2627 1111 2662 Qui
1124 2626 1226 2655 fundat.
1241 2628 1354 2658 Ibidem,
1369 2627 1385 2653 6
1399 2627 1456 2662 (seu
1474 2626 1512 2662 5).

1059 2660 1125 2700 filii
1136 2660 1466 2700 Altissinti._Psal._t.xxxt,
1483 2660 1509 2687 6.
1673 2694 1678 2700 _

997 2696 1042 2731 42)
1059 2696 1318 2730 Καταχρηστικῶς.
1356 2696 1475 2731 Graecam
1489 2701 1601 2731 “vocem
1629 2696 1734 2731 [etineo

952 2728 1107 2765 Hieronymi
1125 2728 1257 2765 exemplo,
1273 2732 1317 2766 qui
1331 2732 1356 2757 in
1371 2729 1558 2766 Ditlytttililtro
1575 2728 1612 2755 De
1629 2729 1731 2766 S_pirim

952 2770 1042 2793 sancto
1054 2763 1138 2800 segni.
1157 2763 1258 2798 58,'sie
1274 2763 1433 2792 transtulit}
1455 2773 1464 2790 ι
1477 2764 1543 2797 Quia
1560 2771 1627 2800 ergo
1638 2763 1734 2799 [codex

953 2805 1049 2831 noster,
1071 2799 1132 2833 quia
1154 2800 1239 2833 enim]
1258 2800 1347 2828 omnis
1365 2800 1480 2826 humana
1499 2806 1549 2826 vox
1563 2799 1629 2825 nihil
1645 2804 1733 2833 potest

954 2808 1049 2831 noster,
1090 2808 1132 2827 11111
1154 2808 1239 2827 entmt
1258 2808 1347 2828 omnis
1365 2808 1480 2826 humana
1499 2808 1549 2826 VOX
1563 2808 1629 2825 1111111
1645 2808 1732 2833 ροιεει

954 2835 1025 2863 aliud
1039 2808 1162 2871 juﬂicare
1186 2827 1280 2872 [eodem
1304 2840 1400 2869 noster,
1428 2833 1558 2869 indit-are]
1573 2841 1655 2869 quam
1668 2841 1732 2861 cor-
