1925 3063
176 100 226 128 82⁸1

805 99 925 128 DlDYMl
943 99 1178 128 ALEXANDRINI

1743 101 1796 131 ϐυ

176 163 228 184 me.
244 155 310 183 Nam
326 156 432 191 proprie
445 162 505 182 cum
531 155 565 182 de
588 154 643 190 (59)
662 154 714 181 illis
730 160 819 181 sermo
833 159 886 187 est,
909 155 950 190 qui

1008 154 1092 187 σεύει,
1113 164 1123 181 ι
1144 155 1190 181 καὶ
1206 163 1215 180 ι
1235 154 1352 189 ἔκθορεῖ·
1377 163 1386 180 ι
1403 154 1434 181 τὸ
1447 154 1470 182 δ’
1484 154 1614 191 ἐκθοροῦν
1631 153 1672 191 τῷ
1685 155 1732 184 ὑπ’
1745 157 1796 185 αὖ.

174 209 208 229 ex
225 209 276 229 ovo
288 201 432 233 exsiliunt,
448 208 501 228 non
525 207 588 227 vero
612 200 657 235 qui
683 204 820 232 creantur,
848 200 955 233 dicitur,

177 256 187 273 ‹
203 247 340 274 Nidnlstus
355 250 407 277 est,
421 255 430 271 ι
445 245 627 273 autrexsilire
636 245 699 272 fecit
710 245 776 279 (60),
792 254 801 271 ι
815 249 842 272 et
855 255 864 270 ι
881 245 958 272 nidu—

175 292 254 323 latui',
267 301 276 318 ι
289 296 317 318 et
340 300 350 316 ι
373 291 482 318 exsilire
503 290 565 317 facit
584 299 590 316 :
611 291 703 324 iquod
717 297 779 318 vero
792 289 900 317 exsilire
919 289 958 316 fa-

177 339 225 369 cit,
243 337 424 364 helerousium
440 343 492 362 non
504 340 555 367 est,
573 343 668 368 nempe
683 335 792 362 alterius
805 335 956 362 subuantiw

174 383 208 410 ab
225 390 268 415 eo,
293 383 363 416 quod
389 389 423 408 ex
449 382 505 415 ipso
524 381 623 408 exsilit.
653 381 745 415 Itaque
759 381 817 408 sive
829 381 956 408 dictionis

174 433 280 463 etymon
307 431 453 461 spectetur,
484 427 540 453 sive
562 426 644 452 totius
670 426 803 453 sermonis
819 433 924 457 sensus,
941 432 955 452 a

172 474 286 500 veritate
299 473 414 500 alienum
440 477 482 499 est
500 472 570 506 quod
598 472 672 498 aiunt
698 471 827 498 haeretici.
841 471 955 504 Quidam

173 526 237 546 vero
266 519 340 550 illud,
358 528 367 544 ι
394 518 522 545 Dominus
547 517 649 544 creavit
668 525 711 544 me
729 517 834 544 initium
851 517 954 544 viarum

173 573 314 596 suarum,»
334 568 407 591 recte
433 564 467 590 ita
486 567 654 597 acceperunt,
680 567 708 589 ut
723 562 756 589 de
777 562 895 589 Ecclesia
911 561 954 588 αι-

173 614 245 637 etum
262 609 305 640 sil,
323 609 348 636 in
374 615 426 642 qua
448 608 567 634 veritatis
587 611 614 634 et.
638 607 777 642 sapientia:
793 607 835 633 uia
850 614 954 633 annun-

174 656 267 687 tiatur,
284 662 418 689 quamque
438 654 538 681 Christi
561 661 658 687 corpus
673 653 780 680 vocavit
798 651 952 686 Apostolus,

172 709 232 728 cum
248 701 357 735 scripsit
383 700 415 726 ad
440 699 613 726 Colosscnses
647 698 755 732 quidem
771 707 777 724 :
795 707 804 723 ι
821 698 853 724 Ει
868 698 953 724 adim-

173 746 300 781 plco(6l)
323 745 445 773 defectus
473 744 671 772 tribulationum
698 743 799 770 Christi
825 743 850 769 in
871 749 953 770 carne

173 800 231 819 mea
246 800 292 826 pro
313 792 368 826 (62)
385 798 498 826 corpore
514 790 582 824 ejus,
596 790 666 824 quod
679 795 719 816 est
737 788 952 824 Ecclesia,cujus

1011 202 1057 228 τοῦ
1071 201 1261 236 ὲκθορουμένῳ
1274 201 1323 236 οὐχ
1351 199 1531 236 ἑτεροούσιον.
1554 201 1635 228 Ὥστε
1655 201 1703 228 καὶ
1725 203 1799 230 κατὰ

1010 247 1059 282 τὴν
1085 246 1166 279 λέξιν,
1185 247 1232 273 καὶ
1246 246 1317 273 κατὰ
1331 246 1378 281 τὴν
1401 246 1670 283 διάωιανάποχωρεί
1681 247 1712 274 τὸ
1728 249 1797 283 πρό-

983 302 991 309 σ
1010 292 1102 328 ϐλημα
1122 292 1211 319 αὐτῶν
1232 292 1286 318 ἀπὸ
1298 293 1348 327 τῆς
1370 291 1506 327 ἀληθείας.
1528 292 1604 324 Τινὲς
1619 293 1647 319 δὲ
1659 292 1699 325 τδ,
1714 302 1724 318 ι
1739 293 1798 320 Κύ-

1011 346 1067 373 ριος
1077 337 1168 364 έκτισέ
1189 346 1223 373 με
1242 337 1329 373 ἀρχὴν
1356 337 1423 364 ὁδῶν
1445 337 1539 369 αὐτοῦ,
1560 346 1570 363 ι
1584 338 1648 373 περὶ
1666 338 1717 373 τῆς
1733 339 1797 365 Ἐχ-

1009 382 1123 417 γλησίας
1136 383 1262 418 εἰρῆσθαι
1283 383 1372 414 καλῶς
1387 383 1510 418 ἐνόησαν·
1528 380 1587 419 ὲνῇ
1608 383 1657 418 τῆς
1668 383 1798 419 ἀληθείας

1009 429 1055 455 καὶ
1074 428 1168 463 σοφίας
1185 429 1202 464 ἡ
1224 428 1283 459 ὁδὸς
1296 429 1519 462 καταγγέλλεται·
1534 429 1628 464 ἥντινα
1641 428 1689 455 καὶ
1715 429 1796 465 σῶμα

1008 473 1054 501 τοῦ
1075 473 1193 509 Χριστοῦ
1215 474 1344 501 ἐκάλεσεν
1356 475 1371 501 ὁ
1385 473 1556 506 Ἀπόστολος,
1572 475 1686 509 γράφων
1704 476 1795 502 τοιάδε

1007 518 1190 546 Κολοσσαεῦσι
1210 519 1269 554 μέν’
1290 528 1300 545 ι
1317 519 1373 546 Καὶ
1400 519 1599 554 ἀνταναπληρῶ
1621 520 1655 546 τὰ
1678 519 1794 556 ὑστερή-

1009 573 1081 600 ματα
1093 565 1146 592 τῶν
1164 565 1278 599 θλίψεων
1292 564 1338 591 τοῦ
1364 565 1483 600 Χριστοῦ
1497 566 1526 591 ἐν
1539 567 1572 601 τῇ
1588 565 1669 600 σαρκί
1683 574 1733 601 μου
1741 566 1794 593 ὑπὸ

1006 608 1052 634 τοῦ
1070 607 1194 643 σώματος
1209 608 1302 640 αὑτοῦ,
1316 609 1331 635 ὂ
1350 610 1422 636 ἐστιν
1434 609 1451 644 ἡ
1474 609 1631 644 Ἐκκλησία,
1653 607 1687 645 ἧς
1703 611 1795 644 ἐγενό-

1008 663 1060 690 μην
1071 654 1126 688 ὲγὼ
1141 655 1263 686 διάκονος
1275 655 1346 681 κατὰ
1359 654 1408 690 τὴν
1421 655 1574 690 οἰκονομίαν
1588 654 1634 681 τοῦ
1651 655 1728 688 Θεοῦ,
1743 657 1793 692 τὴν

1005 699 1127 726 δοθεῖσάν
1144 708 1198 735 μοι·
1212 709 1222 725 ι
1237 699 1390 736 Κορινθίοις
1406 700 1470 728 δὲέν
1484 702 1518 734 τῇ
1531 699 1627 737 πρώτῃ
1638 701 1792 737 Ἐπιστολῇ·

1008 755 1017 771 1
1037 745 1077 772 Τὰ
1091 745 1158 780 μέλη
1172 745 1262 780 ὴμῶν,
1279 746 1346 781 μέλη
1374 745 1504 781 Χριστοῦ.
1523 744 1596 781 τΑρα
1613 745 1660 774 οὖν
1674 747 1708 774 τὰ
1724 747 1792 783 μέλη

1004 791 1051 818 τοῦ
1065 791 1183 826 Χριστοῦ
1208 792 1357 827 ποιήσομεν
1368 792 1470 827 πόρνης
1482 792 1565 828 μέλη;
1580 792 1623 828 Μὴ
1643 793 1762 827 γένοιτοί
1780 803 1789 819 ι

173 838 260 865 factus
280 846 337 864 sum
353 845 402 871 ego
416 837 538 864 minister
562 836 710 863 secundum
727 835 950 869 dispensationem

1007 836 1054 862 καὶ
1067 835 1159 861 πάλιν·
1194 845 1203 860 ι
1219 836 1312 862 Πάντα
1333 836 1361 862 δὲ
1389 836 1423 862 τὰ
1440 837 1507 871 μέλη
1525 836 1572 863 τοῦ
1592 836 1717 872 σώματος
1743 837 1791 864 τοῦ

172 884 230 916 Dci,
249 891 308 918 qum
334 883 393 909 data
423 887 464 909 est
492 882 574 914 mihi;
593 891 601 907 ι
620 882 659 908 ad
677 881 833 908 Corinthios
847 887 909 908 vero
925 881 952 906 in

172 931 257 963 prima
277 929 414 964 Epistula:
433 938 442 954 ι
459 928 577 955 Membra
594 933 685 954 nostra
697 926 953 963 (63)membrasunt

172 975 271 1002 Christi
285 984 291 1001 :
311 982 410 1007 ergone
427 973 482 1008 (οι)
500 974 618 1000 membra
630 973 730 1000 Christi
752 972 882 999 faciemus
897 979 953 998 me-

171 1022 276 1048 retricis
290 1020 428 1047 membra?
442 1020 534 1046 Absit!
554 1029 564 1045 ι
578 1023 604 1046 et
622 1026 716 1045 rursus
731 1027 738 1046 :
761 1027 771 1044 ι
788 1017 882 1045 Omnia
898 1017 951 1053 (65)

170 1073 259 1095 autem
285 1067 405 1093 membra
437 1065 554 1100 corporis
585 1065 674 1096 unius,
706 1071 766 1091 cum
787 1064 842 1091 sint
858 1063 953 1096 multa,

171 1121 253 1140 unum
269 1117 331 1140 sunt
350 1119 457 1146 corpus,
480 1112 516 1138 ita
535 1116 561 1137 et
578 1111 713 1138 Christus.
725 1120 734 1136 ι
756 1109 883 1143 Quamvis
899 1109 952 1135 ita-

169 1166 221 1192 que
235 1162 355 1191 spectata
368 1156 428 1183 Filii
448 1156 599 1182 veneranda
614 1163 645 1182 ac
673 1155 808 1181 tremenda
823 1153 950 1180 lucarna-

171 1203 242 1230 tione
254 1209 352 1235 corpus
367 1201 475 1235 quidem
488 1200 559 1227 illius
578 1199 775 1234 quodanunodo
791 1198 949 1229 Ecelesiam,

171 1249 267 1275 fratres
278 1254 343 1274 vero
356 1246 475 1279 ejusdem
493 1253 542 1272 nos
554 1250 694 1272 creaturas
709 1249 784 1271 vocet
801 1244 950 1278 Scriptura,

170 1295 227 1328 ipse
242 1297 341 1324 tamen,
369 1296 501 1326 quatenus
524 1290 700 1326 Unigeuitus,
726 1296 753 1318 et
766 1298 844 1317 verus
868 1289 952 1316 Filius

171 1338 302 1370 Altissimi
321 1338 379 1369 Dei,
399 1338 425 1364 in
456 1341 640 1364 creaturarum
655 1336 826 1363 multitudine
844 1343 876 1363 ac
903 1343 951 1362 nu-

169 1391 243 1410 mero
269 1383 340 1409 nulla
367 1383 469 1409 ratione
493 1382 741 1416 comprehenditur.
775 1380 867 1415 Neque
888 1387 952 1407 vero

1006 881 1073 914 ἑνὸς,
1086 881 1170 908 πολλὰ
1181 881 1255 913 ὄντα,
1277 881 1307 909 ἓν
1339 882 1396 908 ἐστι
1417 882 1505 917 σῶμα·
1522 882 1607 914 οὔτως
1629 884 1675 910 καὶ
1691 885 1706 910 ὁ
1725 885 1792 920 Χρι-

1007 927 1077 959 στός.
1097 936 1106 953 ι
1123 927 1214 958 Ὥστε,
1228 928 1252 954 εἰ
1267 928 1314 954 καὶ
1329 928 1399 954 κατὰ
1420 928 1469 964 τὴν
1491 929 1715 956 δυσαντίϐλεπτόν
1733 938 1792 961 πως

1006 973 1169 1008 οἰκονομίαν,
1183 973 1262 1007 σῶμα
1278 973 1326 1009 μὲν
1341 974 1424 1000 αὑτοῦ
1451 974 1500 1010 τὴν
1520 975 1694 1010 Ἐκκλησίαν,
1714 976 1790 1002 ἀδελ-

1006 1019 1072 1053 φοὺς
1092 1019 1120 1045 δὲ
1149 1020 1222 1054 ἡμᾶς
1251 1020 1311 1051 τοὺς
1331 1020 1456 1051 κτιστοὺς
1479 1017 1550 1046 οἶδεν
1574 1022 1590 1055 ἡ
1609 1021 1716 1056 Γραφὴ,
1733 1021 1790 1048 ἀλλ’

1003 1063 1061 1097 οὖν,
1083 1065 1121 1097 ὡς
1148 1065 1294 1101 μονογενὴς
1316 1066 1362 1092 καὶ
1379 1065 1481 1101 [1651)]
1507 1066 1631 1101 ἀληθινὸς
1657 1067 1718 1099 Υἱὸς
1743 1067 1789 1095 τοῦ

1004 1109 1116 1144 ὑψίστου
1136 1109 1216 1142 Θεοῦ,
1249 1112 1281 1145 τῇ
1309 1111 1441 1137 συστάσει
1461 1111 1507 1138 τοῦ
1527 1111 1646 1147 πλήθους
1669 1113 1723 1140 τῶν
1737 1122 1790 1140 κτι-

1006 1156 1116 1191 σμάτων
1139 1157 1199 1182 κατ’
1223 1155 1299 1182 οὐδὲν
1314 1156 1498 1191 συνείληπται.
1516 1157 1584 1184 Οὔτε
1599 1158 1627 1184 δὲ
1646 1158 1710 1194 ἄλλη
1727 1167 1791 1194 γρα‹

1005 1199 1041 1234 φὴ
1059 1200 1179 1235 περιέχει
1202 1199 1272 1232 λέξιν
1294 1200 1433 1235 τοιαύτην.
1461 1201 1529 1236 Περὶ
1555 1202 1635 1229 αὐτοῦ
1660 1203 1788 1238 μενοῦνγε

1005 1244 1159 1280 πέπλησται
1174 1245 1257 1276 πᾶσα,
1284 1245 1325 1271 ὃτι
1341 1245 1407 1277 Θεὸς
1426 1245 1562 1281 ἀληθινὸς,
1579 1247 1625 1274 καὶ
1637 1248 1700 1280 Υἱὸς
1716 1257 1791 1283 μονο-

1005 1292 1085 1325 γενὴς
1096 1290 1212 1325 ἀληθῶς.
1247 1290 1326 1317 Ἀλλά
1354 1290 1407 1326 γὰρ
1423 1291 1517 1326 ὥσπερ
1532 1293 1584 1319 ὑπό
1598 1302 1669 1325 τινος
1686 1294 1789 1329 ῥεύμα-

1005 1344 1050 1367 τος
1063 1335 1201 1370 ὑπηνέχθη
1215 1335 1270 1370 βία.
1300 1335 1361 1362 Ἐπὶ
1383 1333 1430 1362 οὖν
1449 1336 1541 1371 ἕτερον
1566 1337 1712 1371 κεφάλαιον
1726 1346 1787 1374 τρε-

1006 1380 1087 1408 πτέον
1102 1380 1146 1406 τὸν
1155 1380 1242 1414 λόγον.

169 1430 322 1464 huiusmodi
340 1437 434 1456 vocem
451 1428 530 1456 habet
545 1429 597 1455 ullo
608 1429 660 1456 alio
678 1429 703 1455 in
717 1428 775 1455 loco
788 1427 939 1462 Scriptura,
960 1434 1019 1454 cum
1034 1428 1068 1455 de
1096 1428 1162 1456 Filio
1195 1436 1283 1456 sermo
1309 1433 1360 1456 est.
1377 1429 1445 1462 Quin
1461 1432 1515 1456 tota
1524 1429 1566 1456 his
1578 1429 1701 1457 formulis
1710 1429 1789 1464 plena

168 1479 219 1508 est,
236 1477 321 1510 ipsum
341 1483 402 1503 esse
421 1475 502 1502 Deum
517 1483 622 1507 verum,
636 1480 662 1502 et
686 1482 749 1501 vere
773 1474 870 1501 Filium
890 1474 1068 1508 unigenitum.
1104 1474 1157 1501 Sed
1189 1481 1239 1509 ego
1272 1474 1323 1502 huc
1338 1475 1409 1502 velut
1434 1482 1450 1502 a
1474 1474 1622 1510 proﬂuente
1656 1475 1789 1510 impulsus

169 1530 227 1550 sum
242 1522 309 1557 (66).
323 1521 413 1556 Itaque
441 1521 472 1547 ad
496 1521 609 1547 alterum
630 1520 776 1554 capitulum
804 1519 948 1548 vertendus
966 1524 1006 1547 est
1024 1527 1123 1547 sermo.

429 1568 509 1603 347
537 1567 614 1594 CAP.
642 1567 686 1594 iv.

203 1615 338 1647 Secundo,
361 1613 432 1648 quod
455 1613 594 1646 objiciunt,
612 1616 771 1646 argumento
793 1611 950 1639 intolerabi-

168 1661 209 1687 les
221 1660 288 1694 (67),
304 1667 335 1685 ac
356 1666 464 1693 pravam
490 1657 686 1684 inctmsiderate
709 1658 870 1684 sententiam
893 1665 950 1684 aiu-

168 1707 314 1741 plecteutcs
327 1705 445 1732 haeretici
462 1710 562 1732 rectam
575 1704 653 1731 ﬁdem
668 1711 682 1731 e
696 1702 844 1738 Scripturis
858 1709 948 1732 osten-

168 1753 232 1780 dere
243 1752 351 1778 student
367 1751 519 1782 absurdam,
534 1755 627 1776 contra
645 1750 822 1784 theologicam
839 1756 947 1776 sensum

167 1806 214 1826 eas
239 1799 464 1832 interpretantes;
486 1804 562 1823 suam
580 1803 644 1823 vero
663 1796 783 1829 ipsorum
805 1795 882 1821 [idem
902 1801 950 1828 per

167 1845 274 1871 easdem
288 1844 437 1879 graviorem
460 1843 656 1870 demonstrare.
673 1842 748 1875 Quod
763 1841 834 1868 enim
851 1840 947 1874 Filius,

168 1890 302 1924 inquiunt,
317 1894 437 1917 creatura
450 1889 494 1920 sit,
512 1893 539 1915 et
554 1887 683 1923 unigeniti
698 1886 768 1918 Filii,
783 1894 814 1912 ac
837 1886 882 1912 Dei
904 1893 949 1912 no-

168 1943 227 1962 men
255 1935 331 1969 quasi
358 1935 446 1961 fueum
471 1933 520 1968 ipsi
547 1933 653 1965 illitum,
682 1936 751 1959 etut
769 1931 948 1958 adulterinum

169 1981 277 2013 habeat,
295 1988 326 2008 ex
344 1981 375 2006 iis
390 1984 472 2014 patet,
487 1987 546 2013 qua:
563 1979 595 2005 de
614 1979 673 2013 ipso
693 1977 792 2004 Paulus
808 1976 840 2002 ad
856 1976 950 2003 Colos-

169 2034 260 2053 senses
275 2026 400 2060 Scripsit:
424 2034 432 2050 ι
451 2024 650 2059 Primogenitus
670 2023 757 2050 onmis
777 2027 917 2049 creaturaz.
935 2031 947 2047 ι

167 2071 272 2102 Etenim
292 2072 313 2099 si
329 2076 370 2098 est
387 2071 592 2106 primogenitns,
616 2078 667 2097 non
684 2074 726 2097 est
749 2077 815 2097 sane
830 2069 949 2103 unigeni-

167 2119 222 2146 tus,
251 2115 296 2142 sed
321 2120 443 2150 respectu
470 2115 594 2145 aliorum,
620 2114 664 2148 qui
690 2117 749 2147 post
773 2120 834 2140 eum
864 2113 948 2140 creati

169 2161 252 2191 l'uere.
267 2160 462 2195 primogenitus
476 2163 527 2186 est.
548 2159 575 2185 Si
597 2166 660 2185 vero
674 2162 714 2185 est
731 2159 884 2192 unigenitus
902 2158 948 2185 Fi-

168 2205 230 2237 lius,
247 2206 378 2239 quomodo
393 2210 433 2232 est
455 2204 669 2239 primogeuilus?
691 2204 744 2231 Nos
761 2212 825 2239 ergo
843 2205 868 2232 in
894 2205 949 2239 pri-

1329 1567 1408 1595 ΚΕΦ.
1427 1569 1446 1594 Δ
1455 1587 1462 1594 .

1033 1612 1163 1646 Δεύτερον
1192 1611 1338 1647 πρόὸλημα
1351 1612 1406 1640 τῶν
1420 1612 1640 1647 δυσαγκαλίστων
1664 1614 1711 1641 καὶ
1741 1615 1789 1641 ἀν-

999 1657 1141 1691 εξέταστον
1167 1658 1281 1692 ἐχόντων
1294 1658 1324 1685 τὸ
1345 1658 1471 1697 φρόνημα
1494 1660 1638 1695 αἱρετικῶν
1661 1662 1790 1696 πειρᾶται

999 1703 1047 1739 τὴν
1061 1703 1144 1738 ὀρθὴν
1159 1703 1250 1730 πίστιν
1272 1704 1325 1730 ἀπὸ
1341 1704 1468 1739 Γραφῶν,
1484 1704 1538 1731 τῶν
1552 1705 1628 1740 παρὰ
1641 1706 1686 1733 τὸν
1698 1705 1789 1732 θεολο-

999 1749 1076 1782 γικὺν
1088 1748 1150 1775 νοῦν
1163 1749 1209 1775 ὑπ’
1227 1749 1316 1776 αὐτῶν
1329 1749 1491 1784 νοουμένων,
1521 1751 1666 1778 ἀπείθανον
1687 1752 1790 1778 δεικνὺ-

999 1802 1052 1826 ναι,
1066 1794 1116 1830 τὴν
1126 1795 1147 1820 δ’
1162 1795 1265 1821 ἑαυτῶν
1284 1795 1327 1822 διὰ
1348 1795 1402 1822 τῶν
1431 1795 1520 1823 αὐτῶν
1544 1798 1708 1833 σεμνοτέραν
1722 1798 1789 1824 ἁπο-

1000 1839 1112 1873 φαίνειν.
1130 1840 1270 1867 Δείκνυται
1283 1841 1348 1876 γὰρ,
1368 1841 1446 1876 φησὶ,
1477 1842 1584 1873 κτιστὸς
1600 1843 1646 1869 καὶ
1659 1840 1714 1870 οἷον
1727 1843 1788 1869 ὲπί-

999 1885 1116 1911 πλαστον
1132 1886 1179 1911 καὶ
1192 1885 1266 1912 νόθον
1282 1886 1349 1920 ἔχων
1363 1887 1394 1913 τὸ
1427 1897 1436 1912 ι
1461 1887 1606 1922 μονογενὴς
1625 1888 1688 1920 Υίὺς
1702 1898 1711 1914 ι
1740 1888 1787 1915 καὶ

1002 1938 1010 1955 ι
1026 1930 1090 1961 Θεὸς
1103 1940 1111 1956 ι
1139 1930 1223 1966 ὄνομα
1233 1939 1239 1946 ·
1261 1931 1290 1963 ἐξ
1304 1928 1340 1958 ὧν
1356 1932 1461 1964 Παῦλος
1477 1932 1675 1960 Κολοσσαεῦσιν
1704 1933 1786 1969 ἔγρα-

998 1975 1048 2010 ψεν
1065 1976 1128 2011 περὶ
1150 1976 1235 2002 αὐτοῦ
1250 1984 1257 1991 ·
1292 1986 1301 2002 t
1314 1978 1490 2012 Πρωτότοκος
1518 1978 1607 2012 πάσης
1632 1978 1757 2010 κτίσεως.
1775 1990 1783 2004 ι

999 2022 1031 2048 Εἰ
1045 2021 1099 2057 γὰρ
1124 2022 1202 2057 δῆθεν
1230 2023 1410 2058 πρωτότοκος,
1437 2024 1466 2049 οὐ
1499 2024 1655 2058 μονογενὴς,
1671 2024 1727 2050 ἀλλ’
1749 2024 1787 2056 ὡς

999 2067 1067 2104 πρὸς
1085 2068 1148 2099 τοὺς
1174 2069 1232 2103 μετ’
1242 2068 1322 2096 αὑτὸν
1341 2068 1500 2100 κτισθέντας
1516 2070 1685 2104 πρωτότοκος
1695 2078 1702 2084 ·
1719 2071 1742 2096 εἰ
1757 2070 1787 2096 δὲ

1001 2115 1145 2150 μονογενὴς
1163 2114 1236 2145 Υἱὸς,
1253 2113 1310 2145 πῶς
1324 2114 1494 2150 πρωτότοκος
1507 2123 1514 2147 ;
1537 2115 1716 2150 Προειπόντες
1728 2113 1795 2146 οὗν,.

999 2160 1036 2191 ὡς
1064 2159 1133 2194 ὑπὲρ
1159 2159 1207 2194 τὴν
1225 2159 1314 2185 αὐτῶν
1331 2160 1389 2186 ἐστι
1406 2160 1452 2186 καὶ
1481 2160 1511 2186 τὸ
1528 2160 1608 2195 βάθος
1633 2160 1680 2186 τοῦ
1695 2160 1786 2194 λογίου

1000 2204 1094 2231 τούτου
1121 2204 1306 2238 συναίσθησιν,
1337 2205 1386 2231 καὶ
1416 2205 1454 2237 ὼς
1472 2206 1560 2233 ἐλάλει
1586 2206 1734 2238 Παῦλος,ἃ
1749 2206 1787 2241 μὴ

169 2251 219 2278 mis
232 2251 357 2283 dicimus,
382 2250 460 2284 huius
479 2250 559 2276 etiam
585 2249 687 2277 oraculi
706 2250 877 2278 altitudinem
902 2258 949 2278 eo-

1004 2251 1068 2287 ᾔδει,
1093 2250 1139 2277 καὶ
1153 2236 1303 2282 ἐπίστευεν,
1328 2248 1370 2282 οἷς
1390 2236 1491 2284 ἐλάλει,
1507 2251 1599 2287 ἐπειδὴ
1622 2236 1739 2287 ὑποϐολὴ

168 2303 227 2323 rum
243 2296 446 2330 intelligentiam
463 2302 600 2330 superare,
625 2302 658 2323 ac
682 2294 794 2323 Paulum
819 2303 849 2323 ea
874 2296 949 2323 iocu-

170 2423 301 2478 ἓὲἃινιίιο
314 2422 347 2443 ex
366 2417 447 2444 verbo
466 2421 518 2461 mp
531 2416 638 2454 (canali)
655 2417 728 2453 quod
754 2417 834 2451 valet,
863 2427 873 2444 ι
890 2426 948 2454 pos-

170 2459 248 2479 seﬂll.
264 2460 273 2477 ι

205 2486 259 2520 (59)
275 2487 322 2522 De.
339 2486 440 2520 Codex,
459 2487 500 2513 ὲκ.
518 2487 670 2522 Legendum
683 2487 789 2514 videtur
802 2487 858 2514 ὲπί.

205 2521 260 2557 (60)
277 2521 391 2548 Ετιὶιίνε
403 2523 473 2556 fecit.
493 2521 608 2550 Verbum
627 2521 748 2557 ἐκθορεῖν
775 2523 872 2554 active,
897 2529 950 2550 non

170 2557 341 2584 intrausitive
356 2558 423 2584 suun
440 2558 483 2585 hic
503 2558 628 2585 arbitror.

205 2592 260 2627 (6P,
277 2591 310 2617 Et
325 2591 466 2625 adimpleo.
482 2593 584 2620 Coloss.
606 2600 625 2624 ι,
642 2591 677 2618 24
691 2595 718 2618 et
732 2591 777 2619 25.

205 2627 260 2662 (62)
282 2627 345 2654 Pro.
362 2627 452 2654 Codex
468 2628 607 2659 mendose,
629 2631 657 2652 ut
679 2632 752 2662 puto,
781 2627 860 2654 habet
885 2626 947 2659 ὑπὸ,

169 2661 196 2688 id
211 2661 256 2698 est
280 2663 368 2698 (sub.
386 2671 395 2687 ι
417 2663 456 2689 vel
474 2670 513 2688 ta.
530 2672 543 2698 Dr
560 2661 630 2698 Lego
644 2669 676 2688 cx
695 2661 877 2698 Bibliisit'ma'p.

205 2697 261 2730 (65)
278 2696 395 2723 Membra
423 2703 521 2724 nostra.
537 2697 546 2723 ι
563 2697 624 2724 Cor.
657 2704 692 2728 γι,
717 2696 759 2723 15.
783 2696 876 2724 Graeca
891 2696 946 2724 edi-

169 2730 206 2758 tio
223 2732 321 2767 lmbet;
338 2731 451 2767 σώματα
464 2732 551 2767 ὑμῶν,
565 2732 589 2758 id
605 2735 669 2767 est,
682 2738 794 2767 corpora
808 2737 907 2767 vestra.

207 2766 262 2802 (fit)
289 2765 424 2802 Ergone...
451 2765 587 2801 fnéiemus.
614 2765 814 2802 Βὶιιίίίιίᾶρας
844 2766 946 2794 σῖγα...

173 2800 286 2835 ποιήσω,
304 2800 328 2828 id
344 2806 394 2835 est,
413 2811 421 2828 ι
440 2800 534 2830 tollens
548 2809 644 2837 ergo...
665 2800 788 2836 faciam,»
807 2806 859 2828 etc.

999 2296 1050 2332 τῆς
1069 2295 1151 2328 ὅντως
1166 2295 1271 2330 σοφίας,
1282 2297 1329 2323 καὶ
1340 2298 1467 2333 προφανῆ
1479 2297 1565 2324 ταῦτα
1584 2298 1673 2325 πάντα
1689 2297 1791 2330 ἐποίει,

1036 2420 1091 2454 (65)
1108 2421 1214 2448 Omnia.
1231 2421 1239 2448 Ι
1256 2421 1320 2449 Cor.
1336 2429 1385 2453 xtl,
1407 2420 1448 2447 l2.
1791 2452 1794 2454 _
1825 2437 1837 2447 υ

1005 2489 1012 2499 η
1036 2456 1091 2499 (66)
1107 2456 1321 2499 έιηρμίειιιιξμριι
1339 2456 1439 2499 Codex,
1455 2454 1595 2499 ὑππηιξέχθη
1613 2455 1789 2499 βίαηλίοιιίῐην

1001 2490 1155 2526 ὑπηνέχθην
1171 2491 1228 2526 βίᾳ.
1244 2491 1354 2518 Videtur
1368 2495 1456 2517 autem
1484 2490 1612 2524 Didymus
1637 2491 1783 2518 Aristidem
1820 2500 1825 2506 ί

1002 2525 1135 2552 rhetorem
1154 2526 1253 2552 imitari
1272 2526 1457 2559 iuquientem:
1480 2524 1551 2551 Ἀλλ’
1578 2526 1592 2551 ὁ
1617 2525 1696 2559 λόγος
1716 2525 1781 2559 γὰρ,

1002 2533 1135 2552 rhetorem
1155 2533 1253 2552 imitari
1273 2533 1457 2559 mqmentem:
1487 2533 1550 2551 ΔΜ-
1578 2533 1592 2551 ο
1617 2533 1696 2560 Λογος
1716 2533 1781 2561 γαρ,

1000 2559 1094 2594 ὥσπερ
1112 2560 1209 2596 ῥεῦμα,
1231 2560 1320 2595 φέρων
1343 2560 1480 2595 ὑπήνεγκε
1506 2559 1562 2594 βίᾳ,
1590 2560 1680 2592 idest,
1708 2570 1718 2586 ‹
1735 2561 1782 2588 sed

999 2595 1070 2621 enim
1086 2596 1172 2621 oratio
1188 2596 1253 2621 ipsa.
1270 2594 1427 2621 nroﬂuentis
1457 2594 1554 2621 instar.
1581 2595 1713 2621 violenter
1740 2602 1782 2621 me

999 2601 1070 2621 enlm
1086 2600 1172 2622 oratio
1188 2600 1253 2628 ipsa,
1270 2600 1427 2628 protluentts
1457 2601 1554 2626 tustar,
1581 2600 1713 2622 Violenter
1740 2602 1782 2622 me

997 2629 1124 2664 abripuit.
1139 2639 1148 2655 ν
1173 2629 1238 2657 Vide
1262 2629 1356 2661 etiam,
1381 2630 1403 2656 si
1426 2629 1524 2663 placet.
1551 2629 1685 2657 Pollucem
1695 2630 1741 2657 lib.
1757 2637 1776 2663 ι,

998 2670 1081 2698 segni.
1099 2665 1145 2691 HI
1159 2670 1186 2692 et
1204 2664 1264 2692 112.

1032 2697 1088 2734 (6'7)
1104 2699 1296 2726 Intolerabiles.
1313 2698 1342 2725 In
1364 2698 1470 2733 Graeco,
1498 2699 1732 2733 δυσαγκαλίστων.
1760 2697 1782 2734 Β

997 2738 1132 2770 contrario
1162 2734 1347 2770 quodﬂfacile
1376 2734 1436 2768 quis
1469 2734 1540 2762 ferre
1572 2739 1618 2762 aut
1656 2733 1781 2770 amplecti

998 2774 1087 2805 queat,
1106 2769 1203 2797 dicitur
1214 2768 1373 2803 εὐάγκαλον.
