1925 3063
59 121 131 148 829

643 120 688 148 DE
707 119 894 148 TBINITATE
914 119 1013 147 LIBER
1035 117 1196 147 TERTIUS.

1691 120 1742 148 830

59 179 330 215 παραγράψομεν
353 179 413 207 ὅλον
429 179 459 206 τὸ
474 179 573 216 χωρίον
589 179 680 212 τοῦτο,
699 179 747 206 καὶ
757 178 844 211 οὕτως
859 179 898 206 ἐπ¹

959 183 1013 206 tum
1028 185 1088 205 esse
1103 185 1163 213 quae
1180 184 1233 204 non
1251 181 1373 209 noverat,
1386 176 1433 204 sed
1449 176 1494 204 illa
1507 177 1664 212 credidisse,
1683 185 1744 213 quae

57 224 125 258 τὴν
166 225 335 261 ἑρμηνείαν
352 225 435 252 αὐτοῦ
455 225 630 261 βαδιούμεοα,
645 226 675 252 οὒ
695 225 816 260 δεόμενοι
841 233 923 262 ατο--

60 270 224 304 χασμῶν
255 277 349 301 τινων,
367 270 414 296 καὶ
428 270 461 296 δι’
483 270 595 297 εἰκότων
611 271 645 297 τὰ
658 270 745 305 φωτὸς
761 270 905 304 φωτοειδέ-

64 322 182 349 crepat
202 315 394 350 διηγούμενοι,
417 316 542 351 ἐροῦντες
553 317 580 343 δὲ
595 317 645 342 ὅσα
662 315 726 352 [164
741 315 769 351 a]
784 316 902 347 ἑκόντες,

65 357 86 392 ἢ
104 357 252 390 ἄκοντές
266 359 344 386 αὐτοὶ
359 360 409 395 μὲν
431 358 503 387 οὗτοι
517 361 640 397 παρίδον,
664 362 745 396 ἡμεῖς
758 361 786 387 δὲ
795 361 903 396 ὁρῶμεν

63 403 244 439 δυνάμενα
261 407 414 441 συμμαχεῖν
431 406 470 442 τῷ
487 406 566 441 λόγῳ.
585 407 662 441 Ἔχει
679 406 708 433 δὲ
725 407 740 441 ή
759 404 903 441 Ἐπιστολὴ

65 448 182 481 οὕτως
199 458 209 466 ο
234 460 243 476 ι
255 451 486 487 Εὑχαριστοῦντες
501 452 541 487 τῷ
561 451 621 487 Θεῷ
632 452 678 478 καὶ
688 452 786 487 Πατρὶ,
800 451 838 486 τῷ
854 460 904 478 κα-

65 494 218 523 λέσαντι
236 498 311 532 ἡμᾶς
324 498 364 528 είς
375 497 424 532 τὴν
443 498 539 533 μερίδα
549 498 596 524 τοῦ
613 498 714 533 κλήρου
734 498 789 524 τῶν
805 497 901 532 ἁγίων,

68 540 106 572 ὃς
126 542 288 577 ὲῤῥύσατο
316 544 390 578 ἡμᾶς
405 544 437 569 ὲκ
453 543 504 578 τῆς
521 543 644 576 ἐξουσίας
654 543 701 577 τοῦ
718 544 840 577 σκότους,
856 544 903 571 καὶ

72 588 279 624 μετέστησεν
305 590 344 621 είς
360 589 410 625 τὴν
423 589 563 624 βασιλείαν
584 590 633 625 τῆς
654 591 764 626 ἀγάπης
775 591 822 617 τοῦ
837 590 902 618 Υἱοῦ

73 633 201 666 αὑτοῦ,
219 636 248 661 ἐν
264 632 285 669 ᾧ
312 635 410 671 ἔχομεν
435 636 484 671 τὴν
507 636 706 672 ἀπολύτρωσιν,
733 637 782 672 τὴν
806 637 902 672 ἄφεσιν

71 682 142 709 τῶν
162 682 329 718 ἁμαρτιῶν,
349 682 377 714 ὃς
394 683 467 709 ἐστιν
480 682 562 709 εἰκὼν
575 683 622 709 τοῦ
635 683 701 709 Θεοῦ
717 683 763 709 τοῦ
775 684 901 719 ἀοράτου,

75 729 282 764 πρωτότοκος
305 728 394 763 πάσης
425 729 559 760 κτίσεως⁶
590 729 631 755 ὃτι
657 730 685 755 ὲν
702 729 777 763 αὐτῷ
790 729 901 764 ἐκτίσθη

77 775 122 802 τὰ
145 775 262 807 πάντα,
290 775 324 801 τὰ
340 776 369 801 ἐν
385 777 442 807 τοῖς
463 775 587 811 οὐρανοῖς
601 776 647 802 καὶ
660 776 694 802 τὰ
709 777 755 802 ἐπὶ
770 776 818 811 τῆς
841 777 901 812 γῆς,

76 822 119 848 τὰ
131 822 237 857 ὁρατὰ
251 821 343 849 καὶτὰ
352 821 466 857 ἀόρατα,
479 822 532 848 εἴτε
546 822 646 857 θρόνοι,
666 823 720 849 εἴτε
731 823 902 858 κυριότητες,

960 223 1134 259 loquebatur,
1151 223 1214 258 quia
1230 222 1264 250 ab
1276 230 1308 250 eo
1323 222 1546 257 suggerebantur,
1562 223 1608 258 qui
1623 230 1688 250 vere
1705 227 1747 251 est

935 260 942 268 ‘
958 270 1107 306 Sapientia,
1125 270 1225 304 quique
1239 269 1297 296 hinc
1311 269 1401 295 omnia
1425 268 1625 296 manifestabat.
1644 268 1747 297 Deinde

959 321 1042 344 totum
1061 316 1133 343 hunc
1155 315 1243 342 locum
1260 315 1316 352 (68)
1333 316 1536 348 exscribemus;
1554 319 1609 342 tum
1632 315 1664 342 ad
1689 315 1747 349 ejus

944 363 1209 398 ‘interprctationcm
1230 362 1387 395 veniemus;
1414 369 1503 396 neque
1517 369 1581 388 vero
1604 361 1665 388 ullis
1685 368 1749 388 eou-

954 409 1067 444 jecturis
1082 408 1272 443 iudigebimus,
1292 415 1343 435 nec
1357 408 1413 435 veri
1429 407 1651 435 similitudinibus
1667 408 1700 433 ad
1715 414 1746 434 ea

957 455 1121 487 enarranda,
1135 461 1195 488 qua:
1221 454 1280 480 luce
1297 453 1480 488 splendidiora
1504 459 1584 486 sunt;
1602 453 1650 479 sed
1672 460 1747 487 quae-

957 508 1064 535 cunque
1079 501 1113 528 ah
1131 501 1173 528 his
1192 500 1257 535 ipsis
1274 500 1314 527 vel
1340 500 1475 532 consulto,
1492 499 1533 526 vel
1548 499 1747 527 inconsiderate

957 546 1077 581 neglecta
1105 551 1178 578 sunt,
1206 545 1284 573 nobis
1318 553 1383 572 vero
1409 545 1464 572 vim
1496 545 1615 572 sermoni
1644 545 1746 571 addere

956 600 1036 628 posse
1055 593 1192 623 videntur,
1220 592 1277 619 Inec
1302 599 1480 626 apponemus.
1512 590 1557 618 Sic
1578 598 1642 624 ergo
1667 590 1748 617 habet

957 638 1076 673 Epistula
1092 647 1098 665 :
1123 647 1132 662 ι
1152 638 1259 665 Gratias
1276 638 1332 673 (69)
1352 643 1463 672 agentes
1483 638 1536 665 Deo
1548 643 1575 665 et
1589 637 1663 664 l‘atri
1679 638 1746 673 (70),

957 685 1001 718 qui
1019 685 1126 712 vocavit
1143 684 1198 718 (Ἠ)
1222 692 1271 711 nos
1297 685 1323 711 iu
1347 689 1452 718 partem
1475 684 1539 712 cieri
1568 683 1625 719 (aut
1653 684 1746 718 sortis)

957 735 1115 758 sanctorqu
1135 730 1208 765 (72):
1230 731 1275 764 qui
1291 729 1393 764 eripuit
1408 738 1457 756 nos
1474 737 1506 756 ex
1522 734 1655 764 potestate
1674 735 1748 757 lette-

957 777 1079 808 brarum,
1105 780 1132 804 et.
1158 777 1298 803 transtulit
1324 776 1350 803 in
1373 783 1484 809 regnum
1512 776 1662 803 dilectionis
1685 776 1746 803 Filii

957 822 997 848 sui
1016 821 1092 856 (75):
1121 822 1147 848 iu
1163 829 1216 856 quo
1233 821 1362 848 habemus
1378 822 1589 856 redemptionem
1612 822 1680 856 (74),
1705 829 1746 849 re-

79 867 147 894 εἴτε
164 867 269 902 ἀρχαὶ,
301 867 356 893 εἴτε
371 867 506 899 ἐξουσίαι·
532 867 566 893 τὰ
587 867 676 894 πάντα
705 867 738 893 δι’
753 867 836 894 αὑτοῦ
856 868 898 894 καΊ

958 869 1111 895 missionem
1136 872 1311 903 peccatorum
1328 876 1335 894 :
1356 868 1403 902 qui
1420 873 1463 895 est
1482 868 1570 901 imago
1587 867 1634 894 Dei
1649 868 1744 895 incon-

80 914 128 945 είς
149 914 244 940 αὐτὸν
263 913 396 945 ἔκτισται,
423 914 469 940 καὶ
487 913 567 945 αὑτός
585 914 642 940 ἐστι
657 913 708 949 πρὸ
722 914 839 946 πάντων,
854 915 901 940 καὶ

82 959 123 986 τὰ
161 960 261 985 πάντα
288 960 317 984 ἐν
335 959 410 994 αὐτῷ
430 959 612 994 συνέστηκεν·
634 960 681 986 καὶ
694 960 774 991 αὑτός
798 961 870 987 ἐστιν
885 962 901 995 ή

83 1004 212 1040 κεφαλὴ
228 1005 275 1031 τοῦ
293 1005 418 1041 σώματος
429 1007 480 1041 τῆς
503 1006 676 1040 Ἐκκλησίας,
695 1006 723 1037 ὃς
743 1007 816 1032 ἐστιν
830 1007 900 1042 ἀρχὴ

85 1051 280 1087 πρωτότοκος
306 1052 338 1078 ἐκ
364 1052 420 1078 τῶν
447 1052 562 1087 νεκρῶν,
588 1051 630 1078 ἵνα
652 1052 854 1088 γένηταιαὺτὸς
873 1053 901 1078 ἐν

85 1098 187 1124 πᾶσιν
208 1098 356 1133 πρωτεύων
372 1106 378 1113 ·
406 1099 446 1125 ὅτι
468 1100 496 1124 ἑν
521 1098 595 1134 αὑτῷ
624 1098 754 1133 εὐδόκησε
780 1099 834 1126 πᾶν
870 1100 900 1126 τὺ

87 1143 247 1180 πλήρωμα
277 1145 452 1180 κατοικῆσαι,
468 1145 513 1171 καὶ
530 1145 563 1170 δι’
579 1145 660 1171 αὐτοῦ
681 1145 900 1178 ἀποκαταλλάξαι

86 1188 126 1214 τὰ
154 1189 252 1216 πάντα
269 1191 308 1221 εἰς
321 1189 413 1221 αὑτὸν,
437 1189 646 1224 εἰρηνοποιήσας
662 1189 705 1216 διὰ
721 1189 767 1216 τοῦ
786 1191 901 1226 αἵματος

88 1234 144 1260 τοῦ
161 1235 284 1270 σταυροῦ
309 1234 403 1269 αὑτοῦ,
425 1235 479 1261 εἴτε
492 1233 528 1261 τὰ,
538 1235 584 1261 ἐπὶ
599 1237 661 1272 γῆς⁷
681 1235 736 1262 εἴτε
749 1236 783 1263 τὰ
800 1237 828 1263 ὲν
845 1239 901 1269 τοῖς

89 1281 242 1317 οὐρανοῖς.
255 1291 265 1307 ι

955 914 1041 948 spicni
1059 915 1125 948 (sive
1147 914 1311 947 invisibilis),
1338 913 1535 948 primogenitus
1557 914 1647 941 omnis
1670 921 1746 941 erea-

957 965 1043 987 turzc:
1069 961 1196 994 quoniam
1214 960 1239 986 in
1258 960 1315 994 ipso
1334 960 1441 987 condita
1459 964 1522 987 sunt
1537 960 1673 993 universa,
1685 967 1746 994 qua:

953 1011 1016 1034 sunt
1037 1007 1062 1033 iu
1080 1006 1168 1038 oculis,
1184 1012 1211 1033 et
1232 1014 1291 1041 qua:
1314 1007 1340 1033 in
1357 1012 1440 1038 terra,
1461 1006 1587 1037 visibilia,
1610 1011 1637 1033 et
1652 1006 1746 1033 invisi-

955 1051 1028 1081 bilia.
1047 1051 1105 1078 sive
1119 1051 1218 1083 throni,
1243 1051 1300 1078 sive
1318 1051 1525 1083 dominationes,
1540 1051 1596 1078 sive
1610 1051 1745 1085 principa-

955 1101 1008 1128 tus,
1029 1097 1086 1124 sive
1112 1101 1279 1131 potestates:
1301 1097 1390 1124 omnia
1417 1104 1465 1130 per
1487 1097 1585 1131 ipsum,
1601 1100 1628 1123 et
1645 1097 1671 1123 in
1686 1097 1745 1131 ipso

956 1149 1047 1172 creata
1071 1149 1134 1171 sunt
1150 1153 1156 1171 :
1174 1148 1200 1170 et
1213 1144 1269 1178 ipse
1284 1149 1326 1171 est
1342 1143 1425 1178 348
1442 1146 1505 1170 ante
1526 1150 1631 1175 omnes,
1650 1147 1676 1169 et
1691 1150 1745 1169 om-

956 1191 998 1217 nia
1015 1191 1042 1217 in
1063 1191 1120 1224 ipso
1135 1194 1270 1217 constant.
1285 1190 1317 1216 Et
1339 1190 1395 1223 ipse
1409 1193 1451 1216 est
1464 1193 1546 1222 caput
1560 1189 1682 1223 corporis
1696 1189 1744 1215 Ec-

954 1236 1061 1263 clesim:
1078 1235 1123 1270 qui
1146 1240 1188 1262 est
1207 1233 1381 1268 principium,
1410 1233 1608 1268 primogenitus
1622 1241 1656 1260 ex
1677 1240 1749 1259 mor-

955 1283 1019 1314 tuis,
1034 1286 1062 1308 ut
1078 1282 1113 1309 sit
1129 1282 1186 1316 ipse
1201 1282 1228 1308 in
1243 1281 1369 1308 onmibus
1391 1279 1536 1314 primatum
1550 1283 1646 1306 tenens
1661 1288 1668 1306 :
1684 1279 1745 1313 quia

91 1329 121 1356 in
136 1330 204 1364 ipso
216 1329 389 1364 complacuit,
402 1336 510 1357 omnem
522 1330 717 1364 prenitudinem
732 1329 899 1365 inhabitare,
920 1335 947 1358 et
981 1338 1029 1364 per
1061 1337 1122 1356 eum
1140 1329 1315 1357 reconciliare
1328 1328 1420 1356 omnia
1437 1328 1464 1355 in
1481 1328 1581 1362 ipsum,
1600 1327 1746 1362 paciﬁcans

91 1383 146 1411 per
173 1377 335 1411 sanguinem
353 1375 442 1403 erucis
466 1375 525 1410 ejus
539 1375 595 1411 (75)
619 1375 675 1403 sive
690 1383 750 1410 qua:
773 1376 799 1402 in
816 1381 897 1408 terra,
920 1376 976 1402 sive
991 1383 1049 1409 qure
1062 1375 1088 1401 in
1106 1374 1183 1402 cwlis
1199 1379 1272 1401 smn.
1294 1383 1304 1399 ι

131 1421 196 1449 Θέα
222 1423 311 1449 τοίνυν
329 1423 482 1458 ἐμφρόνως,
511 1421 569 1454 πῶς
596 1423 707 1449 ἐναντία
726 1423 898 1457 αἱρετικοίςῆ

994 1422 1058 1449 Vide
1073 1430 1149 1456 ergo,
1167 1429 1249 1456 quam
1261 1421 1400 1455 sapienter
1418 1419 1554 1454 Scriptura
1572 1427 1643 1453 sese,
1659 1423 1689 1446 ut
1707 1419 1747 1446 sic

93 1469 203 1505 Γραφὴ
219 1468 375 1503 ἐξηγεῖσθαι
400 1468 636 1504 παρεσκεύασται,
652 1468 698 1494 καὶ
712 1467 767 1502 ἔχει
784 1468 901 1503 ἑκάστην

93 1514 177 1547 λέξιν
201 1514 314 1545 ἀκτῖνας
340 1512 395 1541 οἷον
420 1514 541 1550 νοήσεων
567 1514 631 1549 περὶ
647 1513 714 1540 Θεοῦ
726 1513 903 1549 ἐνανθρωπὴ-

95 1569 175 1592 σεως
187 1559 424 1595 ἅποπὲμπουσαν·
448 1561 495 1586 καὶ
519 1560 560 1586 ὅτι
586 1561 715 1595 προεῖπεν
740 1560 821 1586 αὐτὸν
838 1559 902 1585 Υἱδν

95 1605 149 1632 καὶ
172 1606 266 1632 εἰκόνα
290 1605 337 1632 τοῦ
354 1605 433 1638 Θεοῦ,
448 1605 494 1632 καὶ
518 1605 589 1632 οὕτω
605 1605 775 1640 πρωτότοκον
795 1605 842 1632 καὶ
858 1614 903 1632 κε-

98 1650 195 1686 φαλὴν
208 1651 256 1677 τοῦ
268 1650 393 1686 σώματος
405 1651 454 1686 τῆς
473 1650 645 1686 Ἐκκλησίας,
671 1651 718 1678 καὶ
731 1651 902 1687 πρωτότοκον

98 1695 133 1721 ὲκ
151 1694 209 1721 τῶν
223 1695 338 1730 νεκρῶν,
353 1696 598 1730 είρηνοποιήσαντα
615 1696 659 1722 διὰ
673 1695 718 1722 τοῦ
736 1695 802 1732 [184
819 1695 845 1731 b]
859 1696 902 1723 αἴ-

101 1748 193 1776 ματος
208 1740 254 1767 τοῦ
276 1741 393 1776 σταυροῦ
409 1741 491 1767 αὑτοῦ
513 1741 546 1767 τὰ
560 1741 655 1776 ὁρατὰ,
673 1741 720 1767 καὶ
741 1741 776 1767 τὰ
787 1742 900 1777 ἀόρατα,

99 1787 150 1812 καὶ
166 1787 222 1812 πᾶν
247 1786 277 1812 τὸ
296 1786 433 1822 πλήρωμα
460 1786 509 1821 τῆς
534 1787 604 1822 ὑπὲρ
620 1786 650 1813 τὸ
675 1786 831 1822 ἀσώματον,
855 1787 902 1814 καὶ

101 1832 282 1868 ἀχρώματον,
299 1833 346 1859 καὶ
361 1832 503 1868 ἀχώρητον
530 1833 654 1868 θεότητος
672 1833 880 1868 κληρωσάμενον
892 1842 899 1848 ·

102 1877 137 1904 ἵν’
153 1879 230 1910 ὅπως
243 1879 301 1904 ποτ’
319 1876 364 1904 οὖν
380 1878 463 1910 ἀξίως
486 1878 622 1913 συνίωμεν
638 1879 719 1905 αὑτοῦ
735 1878 780 1905 καὶ
798 1879 847 1915 τὴν
870 1880 903 1906 ὲκ

101 1923 151 1949 τοῦ
164 1924 236 1950 Θεοῦ
259 1924 366 1959 Πατρὸς
390 1924 437 1950 καὶ
452 1924 521 1959 πρὸς
534 1924 615 1950 αὑτὸν
630 1924 795 1960 ἀσύγκριτον
809 1925 901 1960 φύσιν,

102 1969 153 1995 καὶ
163 1968 213 2004 τὴν
229 1969 261 1995 ὲκ
272 1968 414 2004 Παρθένου
431 1969 479 1995 καὶ
492 1969 552 1995 κατ’
566 1969 650 2004 αὐτὴν
664 1969 768 1996 τελείαν
786 1970 832 1996 καὶ
846 1971 903 1997 ἐνο-

103 2015 162 2050 ειδῆ
176 2016 314 2051 σάρκωσιν
328 2016 374 2042 καὶ
400 2016 533 2052 ψύχωσιν.
551 2016 584 2042 Τί
599 2016 653 2051 γὰρ
665 2017 728 2043 ἄλλο
744 2018 854 2052 νοήσαις
869 2017 902 2043 ἂν

105 2062 211 2097 μεταξὺ
228 2062 282 2089 τῶν
295 2062 464 2098 ἐκκειμένων
492 2062 560 2089 ὅλων
577 2062 677 2098 ῥητῶν,
699 2063 788 2089 καὶτὸ
801 2063 834 2089 δι’
851 2064 902 2090 αὺ-

953 1470 1067 1503 lequar,
1096 1468 1246 1495 accinxerit
1279 1467 1311 1494 ad
1343 1474 1376 1494 ea
1401 1467 1565 1497 enarranda,
1586 1473 1645 1500 qua:
1665 1466 1747 1492 luere-

953 1516 1066 1542 ticorum
1081 1513 1281 1548 opinatiouibus
1297 1513 1491 1544 adversantur,
1506 1512 1574 1538 adeo
1590 1511 1744 1546 utsiugula,

953 1560 1050 1595 quibus
1061 1560 1156 1592 utitur,
1171 1559 1301 1586 voeabula
1326 1559 1417 1585 radios
1433 1557 1514 1585 veluti
1529 1558 1665 1590 emittant,
1676 1565 1745 1590 quo-

953 1614 1012 1633 rum
1033 1606 1180 1640 splendore
1196 1604 1342 1632 illuminati
1358 1605 1565 1639 perspiciamus,
1588 1604 1622 1630 de
1639 1602 1684 1630 Dei
1700 1603 1745 1630 lu-

953 1652 1111 1678 caruatioue
1126 1658 1281 1678 scrmOnem
1295 1649 1337 1676 hic
1352 1650 1446 1677 haberi
1463 1659 1470 1683 ;
1491 1657 1552 1676 nam
1569 1649 1643 1684 prius
1657 1649 1744 1683 ipsum

953 1697 990 1724 ait
1006 1704 1066 1724 esse
1079 1696 1187 1728 Filium,
1199 1701 1228 1723 et
1243 1696 1390 1730 imaginem
1410 1696 1467 1726 Dei.
1485 1703 1516 1722 ac
1533 1700 1626 1729 postea
1641 1694 1745 1729 primo-

953 1743 1084 1777 genitum,
1104 1747 1131 1769 et
1153 1747 1234 1776 caput
1259 1743 1380 1775 corporis
1404 1741 1543 1772 Ecclesiae,
1561 1746 1588 1768 et
1613 1741 1746 1774 primoge-

952 1788 1040 1814 nitum
1052 1795 1085 1814 ex
1110 1787 1235 1817 mortuis.
1253 1786 1297 1820 qui
1322 1793 1370 1820 per
1387 1787 1548 1820 sanguinem
1573 1785 1663 1812 crucis
1687 1793 1743 1812 sua:

953 1834 1068 1861 visibilia
1083 1837 1110 1860 et
1140 1833 1284 1860 invisibilia
1301 1832 1494 1867 paciﬁcaverit,
1509 1836 1537 1858 et
1554 1839 1662 1858 onmem
1683 1830 1741 1865 ple-

953 1879 1104 1906 nitudinem
1121 1879 1233 1906 sortitus
1248 1878 1282 1905 sit
1305 1878 1376 1904 illius
1390 1878 1512 1910 deitatis,
1533 1884 1592 1911 qme
1619 1877 1744 1910 inc0rp0-

952 1926 1019 1953 ralia
1050 1929 1078 1952 et
1096 1924 1254 1956 invisibilia,
1269 1924 1405 1951 colorisve
1425 1923 1549 1958 expertia
1565 1923 1742 1952 transcendit.

953 1979 986 1999 ac
1012 1971 1072 2005 plus
1091 1979 1173 2005 quam
1199 1969 1481 2004 incomprehensibilis
1501 1974 1566 2001 est;
1591 1972 1620 1994 ut
1642 1975 1674 1994 eo
1689 1975 1744 2002 quo

953 2024 1002 2051 par
1016 2021 1056 2042 est
1072 2015 1152 2042 modo
1175 2015 1332 2046 sentientes,
1358 2014 1585 2048 qualitercuuque
1606 2012 1744 2046 intelliga-

954 2071 1014 2090 mus
1030 2069 1091 2089 cum
1104 2061 1269 2096 asyncritam
1284 2061 1346 2096 (hoc
1363 2066 1404 2087 est
1419 2059 1670 2094 incomparabilem)
1684 2066 1745 2086 esse

103 2106 151 2133 τοῦ
168 2107 216 2134 καὶ
236 2107 277 2138 εἰς
288 2107 368 2133 αὐτὸν
384 2107 472 2134 πάντα
494 2107 665 2139 συνεστάναι,
683 2107 730 2133 καὶ
747 2107 898 2134 καταλλάσ-

956 2114 1090 2141 naluram,
1110 2116 1190 2143 quam
1210 2115 1241 2135 ex
1261 2107 1316 2134 Deo
1333 2106 1424 2139 Patre,
1438 2112 1464 2134 et
1480 2107 1549 2141 apud
1563 2106 1636 2133 illum
1653 2105 1743 2136 habet,

106 2152 212 2183 σεσθαι,
239 2152 286 2178 καὶ
299 2152 537 2188 εἰρηνοποιεῖσθαι,
557 2153 582 2178 εἰ
603 2153 640 2189 μὴ
655 2153 684 2179 τὸ
697 2152 741 2178 διὰ
759 2153 806 2188 τῆς
819 2153 899 2188 ἀτρέ-

103 2204 176 2223 -πτου
203 2198 248 2224 καὶ
264 2198 457 2233 ἁναμαρτήτου
473 2199 506 2224 δι’
523 2199 597 2234 ἡμᾶς
617 2199 664 2225 καὶ
675 2199 746 2234 ὑπὲρ
761 2198 839 2234 ἡμῶν
853 2200 897 2225 ἐν·

105 2242 310 2279 ανθρωπήσεως
341 2243 423 2269 αὑτοῦ
449 2244 661 2280 ἐπιστρέφεσθαι
684 2245 759 2279 ἡμᾶς
783 2245 823 2276 είς
850 2245 900 2281 τὴν

106 2284 255 2321 ὲπίῆίνωσιν
271 2287 321 2322 τῆς
333 2288 462 2314 ἀκτίστου
481 2288 608 2324 θεότητος
623 2289 724 2322 amas;
747 2290 899 2326 Ἀνείρηται

107 2331 152 2358 οὖν
163 2334 320 2369 Μονογενὴς
333 2334 392 2368 μὲν,
419 2334 466 2360 ἆτε
486 2335 536 2361 οὐκ
551 2335 620 2370 ἔχων
636 2336 706 2362 κατὰ
718 2336 767 2372 τὴν
781 2336 837 2362 ἄνω
849 2336 899 2372 ἄῤ-

107 2379 219 2413 ρευστον
231 2378 358 2415 γέννησιν
373 2380 466 2416 ἕτερον
475 2382 541 2416 παρ’
550 2381 632 2408 αὑτὸν
647 2382 719 2409 κατὰ
733 2382 814 2416 φύσιν
827 2383 900 2409 ἁδελ-

144 2502 199 2538 (68)
217 2502 311 2529 Totum
329 2504 398 2530 Imm:
412 2503 509 2535 locum,
525 2507 576 2530 etc.
591 2503 678 2530 Simili
711 2503 789 2530 modo
809 2512 837 2531 se
854 2512 900 2538 ge-

109 2537 142 2562 rit
162 2538 292 2572 Didymus
309 2538 477 2574 Sa-ripturam
495 2539 581 2574 citans
601 2539 626 2565 in
651 2539 720 2566 libro
741 2538 781 2566 De
795 2537 898 2574 Spiritu

109 2578 211 2603 murto,
231 2581 305 2599 num.
323 2573 367 2604 10,
383 2574 428 2603 52,
447 2573 491 2605 59,
506 2573 613 2602 454m.

109 2608 200 2669 ad(Eg)
214 2607 333 2635 Gratias.
353 2608 381 2656 lu
393 2609 442 2643 Ep.
458 2609 491 2635 ad
504 2608 607 2636 Coloss.
625 2617 685 2644 cap.
703 2617 722 2642 ι,
740 2618 754 2636 a
776 2617 847 2637 vers.
866 2610 900 2637 l2

145 2677 200 2715 (70)
216 2677 271 2715 Deo
288 2683 311 2705 et
323 2678 518 2715 _l’atri.§r;cca
532 2679 615 2706 editio
635 2679 716 2706 habet
743 2684 845 2706 tantum
860 2679 899 2715 τῷ

111 2710 206 2780 Ηῗτρί,
224 2713 249 2739 id
265 2719 307 2740 est
322 2713 404 2740 Patri.
420 2713 547 2748 Vulgatus
565 2722 629 2742 vero
646 2715 694 2742 int.
709 2715 773 2750 legit
797 2721 826 2742 ut.
853 2710 898 2742 Di-

147 2756 214 2773 ιιιυς.

145 2782 199 2815 (7|)
216 2783 268 2815 Qui
283 2784 399 2820 negavit.
416 2783 509 2811 Graeca
525 2785 580 2817 ed.,
600 2784 639 2820 τῷ
672 2784 846 2818 ἱκανώσαντι,
871 2785 897 2812 id

111 2822 206 2855 eat-Lat
221 2819 302 2855 vertit
318 2817 397 2853 Vulg.
411 2820 550 2855 interpres
567 2829 574 2846 :
594 2829 602 2845 ι
626 2817 781 2855 quiritignos
792 2820 868 2847 fecit.
886 2830 895 2845 ι

146 2852 202 2888 (7‘2)
220 2852 391 2881 Sanctorum.
404 2852 498 2882 Graeca
514 2853 600 2883 Biblia
625 2852 650 2882 cl.
671 2852 766 2882 Latina
792 2856 834 2883 hic
849 2856 896 2883 ad-

953 2160 1009 2182 tum
1027 2154 1176 2189 perfectam
1199 2154 1273 2181 illaut
1292 2154 1485 2186 oeconomiam,
1505 2160 1556 2187 qua
1582 2159 1691 2178 carnem
1710 2159 1744 2178 cx

953 2199 1075 2235 Virgine,
1092 2204 1173 2234 atque
1195 2200 1314 2226 animam
1337 2199 1373 2226 ita
1393 2198 1519 2232 sumpsit,
1545 2201 1651 2225 servata
1680 2204 1742 2230 pcr-

954 2254 1027 2273 sonae
1043 2247 1156 2278 unitate,
1181 2250 1210 2272 ut
1234 2245 1283 2280 ipsi
1312 2245 1393 2272 etiam
1412 2244 1516 2280 Virgini
1541 2243 1638 2271 similis
1656 2244 1742 2269 ﬁeret.

953 2293 1070 2323 Etenim,
1094 2297 1123 2319 ut
1142 2291 1245 2327 reliqua
1265 2292 1356 2320 omnia
1372 2291 1448 2318 Pauli
1467 2291 1548 2318 verba
1563 2291 1641 2318 modo
1661 2289 1743 2316 allata

954 2346 1123 2375 prmteream,
1142 2347 1259 2372 quonam
1281 2338 1333 2365 alio
1351 2339 1431 2365 modo
1455 2337 1627 2372 interpretari
1644 2344 1742 2372 possu-

955 2393 1014 2413 mus
1038 2385 1092 2418 illa,
1108 2383 1205 2419 quibus
1221 2384 1269 2418 ait,
1298 2391 1347 2419 per
1363 2384 1462 2418 ipsum,
1477 2388 1505 2410 et
1530 2384 1556 2410 in
1573 2383 1630 2419 ipso
1652 2383 1743 2411 omnia

953 2505 1029 2538 dunt,
1044 2507 1073 2532 ἐν
1088 2505 1127 2541 τῷ
1145 2505 1224 2540 φωτί,
1244 2505 1311 2537 sive,
1336 2514 1345 2531 ι
1362 2506 1388 2532 in
1406 2505 1515 2541 lumine.
1533 2514 1542 2531 ι

990 2541 1046 2576 (75)
1073 2541 1227 2568 Dilectiouis
1260 2540 1324 2567 Filii
1347 2543 1399 2568 sui.
1430 2540 1741 2576 Legendumrvidetur:

956 2585 966 2602 ι
982 2577 1007 2603 in
1023 2584 1132 2609 regnum
1149 2576 1209 2603 Filii
1225 2576 1377 2603 dilectionis
1393 2584 1457 2603 sure.
1472 2585 1484 2611 ρ
1501 2575 1538 2611 lla
1553 2575 1627 2611 enim
1643 2577 1740 2611 legitur

954 2617 981 2638 et
1003 2613 1027 2637 in
1051 2611 1144 2638 Bibliis
1167 2619 1227 2638 cum
1249 2611 1363 2644 Graecis,
1387 2616 1441 2638 tum
1471 2610 1591 2638 Latinis:
1611 2615 1637 2637 et
1652 2610 1679 2638 iu
1700 2612 1742 2638 [‘i-

954 2647 1034 2682 dynm
1052 2646 1109 2682 ipso
1128 2653 1188 2680 pag.
1210 2646 1270 2672 124.

985 2681 1042 2717 (74)
1064 2679 1385 2717 licdénxﬁtioneyit.0rmca
1401 2681 1443 2709 ed.
1457 2684 1483 2708 et
1495 2679 1588 2707 Latina
1602 2680 1646 2707 hic
1668 2680 1742 2709 addit

955 2726 964 2742 ι
979 2725 1026 2751 per
1037 2717 1194 2751 sanguinem
1207 2716 1274 2750 ejus.
1287 2726 1296 2742 ι

985 2751 1041 2787 (75)
1057 2749 1150 2778 (Ινῖιείε
1166 2749 1233 2785 ejus.
1249 2751 1341 2778 Graeca
1364 2751 1406 2778 ed.
1424 2752 1466 2779 hic
1488 2751 1561 2778 addit
1583 2750 1616 2777 δι’
1643 2749 1738 2787 αὐτοῦ,

947 2787 1040 2850 Elim,
1056 2796 1066 2812 ι
1080 2794 1127 2821 per
1141 2787 1239 2823 ipsum.
1253 2795 1263 2813 ›
1279 2787 1331 2815 Sed
1344 2786 1420 2822 Vulg.
1437 2788 1486 2814 int.
1505 2788 1561 2815 lucc
1584 2786 1686 2814 omittit
1712 2791 1742 2814 ut

971 2831 978 2850 l
1000 2830 1086 2850 vmus.

971 2830 1086 2858 ioymus.
