1925 3063
206 117 253 147 831

837 118 955 148 DlDYMI
975 119 1208 148 ALEXANDRIN!

1769 121 1834 150 83%

204 182 341 209 constare.
357 182 384 205 et
399 177 581 211 reconciliari,
605 181 632 205 et
647 178 795 213 paciﬁcari,
812 179 865 207 nisi
885 180 922 207 ita
941 180 987 207 in-

1042 181 1107 215 φόν·
1122 181 1293 216 πρωτότοκος
1306 181 1334 208 δὲ
1346 180 1436 216 πάσης
1452 179 1575 214 κτίσεως,
1599 179 1630 206 οὒ
1651 179 1695 207 διὰ
1707 179 1738 206 τὸ
1752 188 1834 216 προ-

203 227 393 258 terpretemnr,
415 228 445 251 ut
459 231 506 258 per
521 223 578 258 ejus
600 224 825 259 lncarnationem,
847 233 899 260 qua
922 233 987 260 pro-

205 274 264 303 pter
277 277 336 301 nos,
358 273 385 296 et
398 277 446 304 pro
462 270 549 303 nobis,
564 271 622 298 sine
644 271 698 298 ulla
716 276 867 299 mutatione
889 271 929 299 sui
945 272 987 306 ip-

204 317 270 346 sius,
285 319 312 342 et
331 316 434 350 peccati
449 322 557 351 expers,
582 317 663 344 homo
678 317 765 344 factus
779 322 832 349 est,
847 322 988 344 converta-
1010 314 1014 318 ”

204 367 265 386 mur
279 361 312 386 ad
338 361 501 395 agnitionem
527 362 655 390 increata
682 363 765 398 ipsius
789 363 848 390 Filii
864 363 988 391 deitatis?

204 405 295 432 Dictus
306 411 346 432 est
367 414 431 441 ergo
457 407 671 443 prxedicalusque
696 408 856 442 Unigenitus
878 409 986 444 quidem

204 455 297 485 utpote
323 459 375 478 non
405 452 507 479 habens
535 453 681 480 secundum
704 454 843 482 caelestem
870 455 987 488 cujusvis

204 496 291 524 ﬂuxus
313 503 449 532 expertem
465 498 667 533 generationem
693 499 807 526 alterum
835 504 933 534 praeter
948 500 988 535 ip-

204 550 275 574 sum,
287 543 331 577 qui
352 543 498 570 secundum
516 548 640 570 naturam
655 544 690 571 sit
707 545 764 579 ejus
779 544 878 578 frater;
896 550 987 580 proto-

205 592 281 615 tocus
308 596 373 616 vero
397 589 434 623 (id
452 593 503 622 est,
524 590 722 625 primogenitus)
739 590 827 618 omnis
846 595 986 623 creaturae,

205 641 256 659 non
271 633 341 668 quod
357 639 420 661 ante
436 635 521 669 ipsam
536 640 644 662 creatus
666 636 719 669 sit;
743 635 860 670 alioquin
877 643 987 664 vocatus

204 679 299 707 fuisset
313 681 497 715 protoctistus,
521 680 548 708 id
562 686 614 712 est.
632 682 828 715 primocreatus
843 681 916 717 (76):
939 683 987 710 sed

204 725 266 760 quia
290 733 339 760 per
362 726 569 760 prmscientiam,
585 732 615 754 ut
631 732 870 755 commemoratum
897 734 939 755 est
959 729 987 756 in

204 771 321 804 capitulo
336 772 457 806 proxime
470 772 609 806 superiore
623 772 691 808 (77),
708 778 770 800 ante
790 780 897 800 omnem
910 781 988 801 crea-

205 819 292 842 turam
316 823 347 842 ex
371 820 465 843 sancta
481 815 587 851 Virgine
606 816 689 852 349
704 821 782 844 natus
797 822 857 850 est;
881 822 907 845 et
924 818 986 853 quia

1037 225 1161 252 εκτίσθαι
1175 226 1261 261 αὐτῆς
1276 225 1347 261 (ἐπεὶ
1361 226 1394 252 ἂν
1413 225 1612 261 πρωτόκτιστος
1622 224 1746 260 ἐκλήθη),
1765 225 1834 252 ἀλλ’

1036 270 1073 302 ὡς
1089 272 1122 306 τῇ
1133 271 1294 306 προγνώσει,
1307 271 1379 298 καθὰ
1392 270 1578 307 ἐμνημονεύθη
1596 271 1625 296 ὲν
1636 270 1675 306 τῷ
1691 270 1745 306 πρὸ
1760 271 1834 297 τοῦ.

1036 317 1064 342 δε
1080 316 1228 352 κεφαλαίῳ,
1253 317 1305 353 πρὸ
1326 317 1426 349 παντὸς
1448 316 1686 352 δημιουργήματος
1709 316 1765 342 ἀπὺ
1775 317 1834 351 τῆς

1038 361 1118 394 ἁγίας
1132 361 1270 397 Παρθένου
1279 361 1396 397 τεχθεὶς,
1410 361 1456 388 καὶ
1469 360 1506 387 ὢν
1517 361 1598 392 αὑτός
1611 369 1640 386 τε
1651 357 1833 396 πρώτότοκος

1037 406 1085 432 καὶ
1111 406 1265 442 Μονογενὴς
1294 406 1383 441 πάσης
1405 406 1519 437 κτίσεως
1545 405 1674 441 ἄρῤητος,
1700 404 1774 430 κατὰ
1796 404 1832 430 τὸ

1038 451 1110 478 θεῖον
1124 452 1256 486 γραφίον·
1279 451 1374 487 ὥσπερ
1387 451 1541 486 ὠνόμασται
1559 452 1573 477 ὸ
1590 451 1671 481 αὐτὸς
1687 450 1732 476 καὶ
1749 458 1833 485 πρω-

1037 497 1146 529 τότοκος
1178 498 1210 524 ὲκ
1224 498 1279 524 τῶν
1307 497 1422 532 νεκρῶν,
1438 497 1468 523 οὺ
1500 497 1543 523 διὰ
1562 496 1592 522 τὸ
1610 494 1833 532 προτελευτῆσαι

1038 541 1138 575 αὐτῶν,
1166 542 1235 569 ἀλλὰ
1260 543 1304 569 διὰ
1318 542 1349 569 τὺ
1362 542 1508 578 ἐγερθέντα
1520 542 1552 568 ἐκ
1575 541 1689 577 νεκρῶν,
1716 540 1833 576 πρῶτον

1037 588 1086 622 τὴν
1115 588 1264 622 ἀσφάλειαν
1291 588 1340 622 τῆς
1354 587 1527 619 ἀναστάσεως
1562 586 1713 618 καθολικῶς
1747 595 1834 620 παρ-

1038 636 1131 670 ασχείν
1139 635 1215 670 ἡμῖν,
1230 637 1286 668 τοῖς
1293 635 1363 662 κατὰ
1377 636 1456 671 χάριν
1472 635 1519 662 καὶ
1528 634 1631 669 δωρεὰν
1645 633 1725 659 αὺτοῦ
1741 640 1834 659 κατα-

1039 680 1173 713 ξιωθείσιν
1190 680 1254 716 [165
1271 681 1300 717 α]
1327 682 1448 717 υίότητος
1475 681 1523 716 μὲν
1549 679 1596 707 τοῦ
1613 678 1680 705 Θεοῦ
1706 679 1831 715 Πατρὺς,

1039 724 1218 760 ἁδελφότητος
1230 725 1258 752 δὲ
1274 725 1367 752 αὑτοῦ.
1395 735 1404 752 ι
1416 725 1486 760 Ἐγὼ
1509 735 1518 750 ι
1547 724 1611 760 γὰρ,
1632 723 1695 758 ἔφη,
1713 733 1722 748 ‹
1736 723 1795 757 είμὶ
1812 723 1830 757 ἠ

1039 770 1095 806 ζωὴ
1111 770 1159 797 καὶ
1188 772 1204 806 ή
1220 771 1376 803 ἀνάστασις.
1392 781 1402 797 ι
1421 771 1474 798 Καὶ
1490 770 1596 801 Παῦλος
1616 769 1644 795 δὲ
1660 769 1705 795 τὸν
1730 767 1832 802 καιρὸν

1039 817 1120 844 αὑτὸν
1137 817 1286 849 ὑπέδειξεν,
1308 818 1337 844 ὲν
1351 814 1372 851 ᾧ
1403 817 1447 843 διὰ
1462 817 1511 852 τὴν
1537 815 1619 843 αὑτοῦ
1643 814 1800 848 ἀγαθότητα
1815 813 1833 839 ό

204 860 275 887 idem
289 865 331 888 est
353 861 560 896 primogenitus,
575 867 602 889 et
625 862 780 897 unigenitus
795 862 885 890 omnis
907 871 984 890 crea-

1042 863 1132 898 Σωτὴρ
1144 863 1192 898 τὴν
1207 863 1325 889 παλαιὰν
1340 863 1417 898 ἡμῶν
1431 862 1545 898 ἀμεῖψαι
1560 861 1761 896 κακοπραγίαν,
1779 860 1833 886 καὶ

165 931 166 935 η
204 905 539 941 turzeincﬂ‘abiliterjuxta
560 906 680 934 divinum
702 911 812 934 textum.
830 907 914 935 Simili
930 915 988 934 mo—

203 951 238 978 do
252 957 362 979 vocatus
381 957 422 979 est
443 953 524 980 etiam
543 961 552 978 ι
566 953 760 988 primogenitus
779 961 812 981 ex
828 954 954 986 mortuis,
971 963 984 980 ι

203 1003 256 1022 non
270 997 341 1030 quod
358 1001 421 1023 ante
437 997 510 1031 ipsos
535 1002 658 1025 mortuus
685 998 731 1030 sit,
753 998 800 1024 sed
832 999 896 1033 quia
925 1006 985 1025 cum

203 1042 306 1076 primus
324 1043 441 1069 surrexit
463 1043 517 1078 ('28)
542 1050 558 1069 λ
575 1043 699 1076 mortuis,
713 1044 886 1071 securitatem
896 1051 986 1072 resur-

201 1086 330 1113 rectionis
342 1086 504 1121 generaliter
518 1086 593 1113 nobis
609 1087 732 1121 przebuit,
745 1087 790 1120 qui
803 1087 984 1121 pergratiam,

202 1137 230 1159 et
246 1133 345 1159 donum
362 1133 420 1167 ejus
441 1132 514 1167 digiti
542 1132 603 1159 facti
631 1140 725 1159 sumtts
741 1132 787 1166 qui
804 1139 925 1160 essemus
939 1132 986 1159 ﬁlii

201 1178 309 1211 quidem
325 1178 371 1204 Dei
389 1177 487 1211 Patris,
505 1177 604 1204 fratres
617 1184 682 1204 vero
705 1178 789 1211 ipsius
813 1177 924 1205 Christi.
941 1178 986 1205 Ait

201 1224 291 1250 enim:
313 1232 322 1248 ‹
340 1224 394 1258 Ego
411 1223 466 1258 (79)
498 1231 556 1251 smn
583 1224 647 1256 vita,
671 1228 698 1250 et
720 1224 890 1251 resurrectio.
907 1232 918 1249 ι
933 1223 986 1251 Sed

203 1269 289 1304 ipsum
305 1277 410 1304 quoque
431 1275 546 1304 tempus,
565 1277 618 1303 quo
639 1269 762 1296 Salvator
779 1277 827 1303 pro
841 1277 889 1296 sua
907 1269 985 1297 boni-

203 1320 258 1342 tate
283 1323 344 1342 cum
374 1320 507 1342 vetustam
539 1315 676 1349 jacturam
705 1318 826 1341 nostram
855 1315 987 1342 resarcire

202 1362 394 1396 proposuisset,
404 1368 506 1395 nosque
525 1361 619 1394 dignos
632 1360 720 1388 facere
727 1360 770 1394 qui
783 1360 987 1395 participatione

202 1407 322 1434 cmlestis
344 1415 447 1434 serente
465 1406 532 1434 lucis
553 1407 578 1434 in
596 1412 727 1434 anet-num
753 1406 915 1437 fruerentur,
930 1406 986 1441 pri-

203 1453 354 1490 tnogcnitus
368 1453 457 1483 omnis
474 1456 605 1479 creatum
625 1452 713 1479 factus
731 1456 782 1483 est,
799 1456 988 1485 praemonstra-

202 1499 239 1524 vit
253 1497 362 1530 Paulus,
376 1506 437 1526 cum
449 1498 487 1525 ait
501 1508 508 1526 :
525 1508 534 1524 ι
552 1498 646 1525 Vetera
656 1497 711 1533 (80)
722 1497 886 1524 transierunt
900 1505 907 1523 :
925 1503 987 1523 ecce

1040 907 1153 941 ἀξιῶσαι
1168 909 1241 943 ἡμᾶς
1256 908 1398 939 διαιωνίως
1414 907 1559 934 ἀπολαύειν
1569 907 1618 942 τῆς
1627 906 1673 932 τοῦ
1685 906 1739 932 ἅνω
1755 905 1833 931 ἀπό-

1039 961 1085 979 νου
1101 953 1189 986 φωτὸς
1201 953 1346 988 μετουσίας
1362 952 1539 988 προθέμενος,
1553 951 1722 986 πρωτότοκος
1736 950 1833 985 πάσης

1039 998 1154 1030 κτίσεως
1168 999 1285 1032 ἐγένετο,
1298 999 1331 1025 δι’
1347 995 1384 1024 ὧν
1401 997 1451 1034 ἔφη
1463 1006 1469 1013 ’
1491 1006 1500 1023 t
1513 997 1553 1023 Τὰ
1562 998 1663 1032 ἀρχαῖα
1676 995 1831 1031 παρῆλθεν,

1042 1044 1095 1070 ἰδοὺ
1110 1044 1190 1070 καινὰ
1199 1044 1295 1078 γέγονε
1319 1044 1416 1070 πάντα.
1431 1053 1440 1069 ι
1457 1043 1511 1070 Καὶ
1536 1043 1616 1078 ἔτερα
1636 1042 1664 1068 δὲ
1680 1040 1761 1068 αὑτοῦ
1779 1041 1833 1076 ῥή-

1041 1098 1112 1125 ματα
1123 1089 1258 1116 διωθεῖται
1270 1090 1318 1124 μὲν
1332 1089 1446 1124 ταυτηνὶ
1455 1089 1504 1124 τὴν
1516 1089 1654 1124 αἱρετικὴν
1667 1088 1830 1122 ἐνθύμησιν,

1040 1135 1088 1170 τήν
1113 1135 1365 1170 κατασοφιζομένην
1393 1134 1440 1162 τοῦ
1457 1143 1487 1161 τε
1506 1133 1623 1165 Παύλου,
1647 1133 1685 1164 ὡς
1714 1131 1832 1159 τοιαῦτα.

1039 1180 1203 1215 γράψαντος,
1227 1180 1273 1206 τοῦ
1291 1189 1320 1206 τε
1348 1180 1437 1206 πάντα
1459 1179 1621 1215 ποιήσαντος
1633 1179 1679 1205 καὶ
1691 1177 1832 1213 κεκτημέ-

1039 1234 1096 1258 νου,
1114 1226 1152 1257 ὼς
1164 1225 1290 1252 τοιούτων
1305 1226 1370 1261 περὶ
1389 1225 1470 1252 αὑτοῦ
1484 1224 1700 1260 ὲξενηνεγμένων
1719 1223 1828 1258 φωνῶν,

1039 1271 1107 1306 ’ὅπερ
1121 1270 1237 1306 χαλεπὸν
1250 1271 1297 1297 καί
1316 1271 1417 1297 πλάσαι
1434 1271 1480 1297 καὶ
1492 1270 1607 1297 ἀκοῦσαι
1617 1279 1624 1285 ν
1641 1269 1787 1304 διαρρήδην
1799 1268 1829 1295 δὲ

1040 1316 1214 1352 παρίστησιν,
1232 1316 1269 1347 ὡς
1285 1316 1325 1349 τὸ,
1358 1326 1367 1341 ‹
1380 1316 1553 1351 Πρωτότοκος
1571 1315 1659 1349 πάσης
1676 1314 1799 1344 κτίσεως,
1814 1322 1826 1339 ι

1040 1361 1100 1387 ἀντὶ
1125 1361 1183 1393 τοῦ,
1203 1362 1293 1397 πάσης
1312 1361 1531 1396 ἀνθρωπότητος,
1561 1360 1668 1395 ἐλέχθη.
1693 1359 1746 1394 Τὴν
1772 1358 1829 1392 γὰρ

1040 1405 1236 1441 ἀνθρωπότητα
1274 1406 1362 1433 κτίσιν
1387 1405 1591 1442 προσαγορεύει,
1616 1405 1653 1436 ὡς
1666 1405 1694 1430 ὲν
1708 1403 1746 1438 τῷ
1759 1411 1828 1438 προ-

1040 1451 1158 1486 κειμένῳ
1172 1450 1310 1486 κεφαλαίῳ
1323 1451 1430 1487 είρηται
1442 1451 1545 1483 λέξεσιν
1565 1450 1658 1480 αὐταῖς
1668 1458 1675 1464 ο
1693 1457 1702 1474 t
1714 1448 1829 1475 Ὑποτά-

1040 1504 1107 1530 γητε
1124 1497 1198 1531 πάσῃ
1215 1496 1302 1522 κτίσει
1327 1496 1484 1532 ἀνθρωπίνῃ
1503 1495 1547 1522 διὰ
1562 1496 1606 1522 τὸν
1632 1495 1742 1530 Κύριον,
1772 1494 1827 1520 εἴτε

202 1551 271 1570 nova
287 1543 358 1571 facta
372 1548 434 1571 sunt
448 1544 548 1571 omnia.
572 1553 581 1569 ι
597 1543 664 1576 Quin
679 1547 706 1569 et
718 1542 820 1576 reliqua
835 1541 910 1568 Pauli
925 1549 985 1568 ver-

1042 1541 1148 1573 Ξασιλεῖ,
1165 1542 1202 1573 ὼς
1217 1542 1387 1577 ὑπερέχοντι,
1405 1543 1462 1569 εἴτε
1482 1542 1628 1577 ἡγεμόσιν,
1644 1541 1681 1572 ὡς
1697 1541 1730 1567 δι’
1743 1539 1826 1567 αὐτοῦ

202 1589 235 1615 ba
249 1589 364 1621 primum
381 1589 488 1623 quidem
510 1588 580 1615 hanc
599 1587 787 1615 ltmrcticOrum
800 1586 983 1622 opinationem

1039 1587 1235 1622 πεμπομένοις,
1254 1597 1264 1614 ι

202 1635 360 1669 explodunt,
375 1636 420 1669 qui
433 1641 460 1662 et
477 1635 526 1670 ipsi
546 1635 640 1668 Paulo,
660 1635 730 1669 quod
751 1635 812 1661 talia
831 1634 980 1669 scripserit,
1001 1639 1028 1661 et
1044 1642 1134 1662 rerum
1147 1636 1266 1662 omnium
1282 1635 1432 1670 Conditori,
1453 1644 1486 1664 ac
1498 1636 1623 1668 Domino,
1652 1636 1685 1663 de
1716 1642 1768 1669 quo
1785 1639 1829 1661 ta-

202 1681 237 1707 lia
251 1681 395 1715 praedicata
409 1686 483 1716 sunt,
500 1681 625 1715 injuriam
643 1681 700 1708 suis
732 1672 947 1708 cavillationibus
978 1680 1118 1709 inferunt:
1152 1682 1225 1716 quod
1249 1682 1291 1709 vel
1318 1683 1381 1710 ﬁetu
1400 1703 1408 1715 ,
1436 1683 1534 1711 nedum
1559 1683 1651 1710 auditu
1680 1681 1822 1709 molestum

202 1733 253 1756 est.
277 1728 377 1756 Deinde
401 1736 465 1756 vero
507 1733 599 1764 aperte
633 1729 726 1756 eadem
763 1729 887 1764 probant,
907 1737 917 1754 ε
954 1729 1164 1764 primogenitum
1187 1730 1274 1756 omnis
1299 1735 1433 1757 creatura:
1457 1740 1467 1757 ι
1487 1730 1589 1757 dictum
1613 1737 1673 1756 esse
1703 1736 1751 1763 pro
1776 1727 1826 1761 pri-

204 1777 339 1811 mogenito
355 1777 443 1804 omnis
462 1777 656 1810 humanitatis;
678 1782 706 1804 ut
719 1778 789 1804 enim
805 1777 832 1803 in
848 1777 987 1811 superiore
1007 1777 1125 1812 capitulo
1139 1777 1192 1804 dixi
1209 1777 1279 1813 (81),
1314 1778 1512 1805 humanitatem
1547 1776 1676 1804 vocabulo
1695 1779 1824 1802 creaturae

203 1824 327 1850 nominat
353 1824 396 1851 his
411 1824 476 1858 ipsis
492 1824 602 1851 verbis:
620 1833 628 1849 ε
653 1823 772 1858 Sultjecti
795 1828 884 1850 estote
911 1823 985 1850 omni
1004 1828 1138 1850 creaturze
1155 1824 1280 1851 ltumame
1295 1828 1406 1858 propter
1421 1823 1581 1856 Dominum,
1608 1823 1665 1849 sive
1697 1821 1751 1855 regi
1769 1825 1826 1847 tan-

202 1879 282 1906 quam
297 1872 469 1906 prwcellenti,
490 1872 547 1899 sive
568 1872 680 1899 ducibus
697 1876 824 1906 tanquam
838 1879 885 1906 per
899 1871 986 1905 ipsum
1005 1871 1106 1899 missis.
1123 1881 1134 1897 ι

242 1919 412 1954 Suﬂ‘ragatur
428 1925 516 1947 autem
542 1920 619 1947 nobis
640 1920 727 1954 quoad
752 1919 985 1947 denominationes

203 1966 310 2000 quidem
334 1965 520 2001 Primogeniti,
542 1971 568 1993 et
594 1966 730 2000 Unigeniti
750 1965 913 2000 evangelista
930 1965 985 2000 (82)

204 2019 317 2038 narrans
333 2011 442 2038 Mariam
469 2012 601 2039 mansisse
616 2011 746 2046 virginem
775 2010 842 2044 (83),
871 2019 881 2035 ι
900 2010 986 2036 donec

204 2055 306 2090 peperit
329 2056 410 2082 tilium
436 2064 514 2083 suum
546 2055 769 2090 primogenitum;
789 2064 798 2080 ι
825 2062 885 2080 nam
898 2060 984 2088 neque

203 2102 328 2135 cuiquam
342 2101 434 2136 nupsit
448 2101 492 2127 illa
517 2108 620 2127 summe
637 2108 690 2134 pra:
708 2099 832 2126 omnibus
847 2100 983 2126 honoran-

203 2147 255 2178 da,
271 2151 299 2173 et
324 2147 440 2173 maxime
461 2146 561 2181 inclyta
581 2146 670 2179 Virgo,
694 2152 744 2172 nec
766 2145 877 2171 alterius
899 2149 985 2171 mater

205 2199 321 2226 unquam
351 2192 422 2219 facta
443 2196 495 2224 est,
526 2191 571 2218 sed
592 2196 652 2226 post
677 2190 848 2225 puerperium
875 2197 981 2224 quoque

205 2239 422 2272 mansitsetnper
435 2243 463 2265 et
485 2239 558 2265 omni
588 2243 707 2272 tempore
736 2237 907 2264 immaculata
933 2238 986 2264 vir—

204 2291 238 2319 go
249 2284 363 2320 (85),,ct
387 2289 474 2311 tamen
490 2283 546 2318 ejus
569 2283 762 2318 printogcnitus
785 2286 857 2310 recte
877 2287 987 2310 vocatus

241 2373 297 2408 (76)
313 2372 519 2400 Primocrcarus.
532 2371 618 2408 Simili
634 2371 712 2399 modo
734 2371 893 2408 Ambrosius
913 2370 960 2398 lib.
983 2379 990 2398 ι

206 2406 250 2435 ι)ε’
264 2408 315 2442 ﬁde
329 2415 387 2441 cap.
402 2408 417 2434 7
439 2408 532 2435 scribit
545 2417 552 2434 :
571 2417 580 2432 (
597 2407 794 2441 Primogenitus
814 2406 904 2433 omnis
914 2413 992 2432 crea-

207 2448 283 2469 turae.
302 2443 510 2478 l’rimogenitus,
530 2443 628 2477 inquit,
653 2450 704 2478 non
731 2442 936 2478 primocreatns!
965 2444 993 2467 ut

207 2484 234 2504 et
247 2478 353 2538 tilettitns
375 2476 425 2513 pro
449 2483 556 2512 natura,
568 2476 610 2504 ret
635 2476 738 2512 primus
753 2483 802 2511 pro
817 2476 995 2510 perpetuitate

207 2520 251 2538 cre
271 2518 340 2538 allll‘.
354 2522 364 2538 ὶ

206 2518 340 2540 credatur.
354 2522 364 2538 ὶ

247 2547 301 2582 (Π)
318 2547 469 2582 Superiora.
485 2548 577 2583 Segm.
592 2547 642 2575 160
660 2556 688 2575 a.

246 2580 301 2617 (78)
320 2580 426 2611 Primus
441 2580 594 2610 surrefen‘t.
614 2583 642 2610 lu
663 2583 730 2609 libro
748 2582 785 2608 De
796 2580 897 2616 Spirtlu
910 2583 999 2617 sancto

208 2615 346 2658 numfdl,
362 2619 497 2658 Christum
521 2624 599 2658 vocat
628 2617 808 2652 (principem,
837 2620 864 2643 et
890 2615 993 2650 primo-

207 2653 327 2686 genitum
341 2653 562 2681 resurrectionis.
579 2662 589 2679 ι

245 2687 300 2721 (79)
315 2687 382 2722 Ego.
394 2688 472 2716 Joan.
488 2696 528 2720 xt,
543 2689 589 2716 25.

245 2722 301 2756 (80)
320 2723 422 2750 Vetera.
444 2723 466 2750 ll
494 2724 556 2751 Cor.
574 2731 602 2755 ν,
620 2723 664 2749 17.

246 2758 303 2792 (81)
320 2757 389 2792 Dixi.
406 2758 497 2792 Segni.
513 2758 562 2784 162
574 2767 599 2784 a.

248 2791 303 2824 (82)
321 2791 487 2826 Ettattgelisla
520 2793 615 2819 Matth.
633 2801 652 2823 ι,
667 2791 712 2819 25.

247 2825 303 2861 (85)
324 2826 453 2854 Μηηδιδεε
469 2828 604 2862 rirgiucm.
622 2827 658 2854 lla
684 2825 817 2860 accipiunt
833 2828 918 2856 sancti
946 2826 996 2853 Pa-

1074 1920 1357 1956 Συναντιλαμϐἀνεται
1382 1920 1410 1946 δὲ
1426 1920 1504 1955 ἡμῖν,
1523 1919 1562 1950 εἰς
1582 1918 1629 1953 μὲν
1646 1917 1674 1943 τὺ
1693 1925 1701 1942 ι
1720 1914 1825 1951 Πρωτόι

1039 1974 1118 1997 τοκος
1130 1975 1139 1991 ρ
1173 1967 1220 1993 καὶ
1241 1975 1250 1992 ι
1262 1966 1427 2001 Μονογενὴς,
1441 1975 1450 1991 ι
1479 1965 1508 1991 τὺ
1526 1961 1704 1999 διηγήσασθαι
1724 1961 1769 1987 τὸν
1782 1960 1825 1986 εὑ-

1040 2012 1265 2048 αγγελιστὴν,ὅτι
1282 2013 1371 2048 ἔμεινε
1392 2011 1536 2047 παρθένος,
1559 2020 1568 2035 ι
1589 2010 1642 2040 ἓως
1676 2008 1752 2034 ἔτεκε
1780 2006 1824 2032 τὸν

1039 2055 1103 2083 Υίὸν
1110 2057 1194 2092 αὐτῆς
1205 2057 1251 2084 τὸν
1265 2057 1446 2092 πρωτότοκον.
1458 2066 1466 2082 ι
1487 2055 1554 2082 Οὔτε
1567 2055 1621 2090 γὰρ
1634 2053 1758 2089 ἐγαμήθη
1774 2051 1825 2095 τινὶ

1039 2101 1056 2135 ἡ
1079 2101 1229 2136 τιμιωτέρα
1251 2101 1359 2128 πάντων
1383 2101 1431 2127 καὶ
1447 2099 1626 2134 εὐκλεεστάτη
1644 2097 1748 2132 Μαρία,
1771 2095 1824 2122 οὒτ’

1042 2146 1122 2173 ἄλλου
1139 2148 1230 2182 μήτηρ
1248 2146 1354 2180 ἐγένετό
1368 2154 1450 2172 ποτεο
1467 2145 1555 2181 ἔμεινε
1586 2144 1614 2171 δὲ
1628 2143 1674 2170 καὶ
1687 2142 1755 2178 μετὰ
1766 2150 1824 2168 κυο-

1041 2192 1137 2228 φορίαν
1161 2193 1204 2218 ἀεὶ
1231 2193 1278 2219 καὶ
1300 2192 1342 2218 διὰ
1368 2191 1467 2223 παντὸς
1492 2191 1604 2226 ἄμωμος
1618 2189 1759 2224 παρθένος,
1781 2187 1824 2214 καὶ

1042 2238 1115 2274 ὅμως
1126 2238 1188 2273 [165
1202 2237 1227 2273 b]
1254 2238 1423 2273 πρωτότοκος
1441 2237 1526 2271 αὐτῆς
1548 2237 1561 2262 ὁ
1585 2235 1688 2266 πλάσας
1701 2234 1784 2269 αὑτήν
1795 2241 1824 2259 τε

1043 2285 1090 2311 καὶ
1102 2283 1205 2315 πάντας
1219 2283 1269 2310 οὐκ
1279 2283 1383 2316 ἀλόγως
1409 2282 1520 2318 ἐκλήθη.
1535 2282 1581 2313 Εἰς
1593 2281 1620 2307 δὲ
1640 2281 1682 2312 τὺ,
1698 2290 1708 2306 ‹
1721 2279 1824 2315 Πρωτό-

1048 2376 1102 2399 tres
1121 2371 1240 2398 Mattlttei
1254 2371 1356 2398 verba:
1374 2380 1383 2396 ι
1399 2371 1431 2398 Et
1459 2378 1510 2397 non
1535 2370 1714 2404 cognoscebat
1728 2376 1794 2395 eam.
1810 2378 1820 2395 I

1045 2406 1211 2441 Epiphanius
1232 2413 1298 2433 vero
1323 2406 1469 2441 monachus
1492 2413 1523 2432 ac
1548 2403 1690 2441 presbyter
1713 2405 1738 2430 in
1756 2403 1824 2441 libro

1045 2438 1145 2468 itiedito
1168 2441 1239 2474 Περὶ
1257 2441 1311 2468 τοῦ
1327 2441 1399 2472 ,βίου
1416 2439 1470 2473 τῆς
1485 2440 1648 2473 ὐπεραγίας
1672 2438 1822 2470 Θεοτόκου,

1047 2476 1072 2502 id
1087 2481 1138 2509 est,
1153 2485 1162 2502 ι
1178 2476 1210 2503 de
1221 2476 1274 2502 vita
1294 2475 1478 2502 Sanctissimae
1502 2475 1632 2508 Deipara‘.
1652 2483 1661 2499 ›
1675 2474 1721 2509 “sic
1733 2481 1769 2509 ea;
1784 2474 1822 2509 ing

1049 2506 1168 2545 lclligit:
1196 2511 1246 2537 οὐκ
1264 2510 1394 2544 ἐγίνωσκε
1421 2510 1455 2536 τὰ
1477 2506 1614 2545 μυστήρια
1640 2508 1687 2535 τοῦ
1704 2506 1822 2545 Θεοῦ,ίά

1050 2543 1130 2577 εει,“‹
1146 2553 1198 2572 tton
1216 2543 1326 2572 noverat
1339 2545 1466 2579 mysteria
1479 2543 1538 2571 Dei.
1555 2554 1564 2570 ι
1579 2544 1768 2570 Exstatautem
1784 2543 1823 2579 ltie

1050 2581 1119 2607 liber
1133 2581 1159 2606 in
1175 2580 1290 2613 quodam
1301 2587 1333 2606 ex
1345 2577 1474 2606 Nattianis
1485 2579 1623 2606 codicibus
1637 2577 1821 2613 membraneis.

1080 2615 1135 2649 (84)
1156 2611 1296 2648 semper...
1311 2616 1393 2648 virga.
1412 2614 1512 2649 Eodem
1525 2614 1652 2649 modoide
1675 2614 1751 2649 beata
1768 2611 1823 2649 _Vir-

1045 2647 1106 2684 giae
1128 2647 1258 2684 loquitur
1270 2647 1430 2684 Ambrosius
1453 2648 1484 2684 in
1506 2649 1573 2675 libro
1603 2648 1640 2684 De
1663 2647 1821 2684 institutione

1044 2682 1151 2719 uirginis
1165 2682 1229 2718 cap.
1245 2683 1272 2715 6,
1287 2692 1346 2718 pag.
1360 2683 1421 2719 2§0,
1436 2683 1538 2718 aliique,
1550 2684 1583 2719 ab
1604 2682 1765 2717 Hieronymo
1787 2682 1822 2719 ci-

1045 2716 1093 2746 tati
1110 2720 1134 2745 in
1150 2716 1217 2745 libro
1230 2716 1360 2745 Adverst
1373 2716 1537 2745 Helvidium;
1547 2717 1678 2745 Caeterum
1705 2716 1821 2750 quamvis

1045 2755 1140 2788 dogma
1158 2753 1319 2780 catholicum
1335 2752 1370 2779 de
1385 2758 1512 2786 perpetua
1531 2753 1652 2788 Dcipara‘:
1675 2751 1821 2788 virginitate

1045 2786 1133 2822 plures
1149 2793 1210 2814 ante
1225 2788 1363 2823 Dydimnm
1376 2788 1470 2814 Patres
1487 2787 1656 2823 tradiderint,
1684 2786 1768 2823 pauci
1782 2791 1819 2823 ta-

1046 2820 1105 2851 nien
1116 2828 1177 2851 ante
1193 2820 1265 2850 illum
1287 2822 1489 2857 ‘AztmpOéuau,
1503 2823 1527 2850 id
1536 2826 1578 2850 cst
1597 2830 1606 2847 ι
1623 2821 1734 2857 Semper
1747 2820 1820 2855 virgi-
