1925 3063
59 69 147 99 .853

640 70 683 98 DE
704 69 889 98 TRINITATE
907 70 1009 98 LIBER
1028 71 1189 101 TERTIUS.

1672 79 1724 109 εει

86 138 179 161 coxo;
192 129 227 156 ὲκ
239 129 293 156 τῶν
313 129 426 164 νεκρῶν,
441 138 449 155 ι
465 129 510 156 τὸν
523 129 604 156 αὑτὸν
621 129 724 156 Παῦλον
739 130 876 166 Κορινθίοι

943 135 983 158 est
998 131 1079 166 350
1092 131 1137 166 qui
1151 135 1178 159 et
1199 131 1294 167 ipsam,
1309 137 1335 160 et
1358 140 1452 161 omnes
1473 133 1608 162 formavit.
1632 136 1725 170 Quoad

87 175 140 203 διὰ
153 175 215 202 τῶν
231 175 297 211 πρὸς
314 175 412 207 αὐτοὺς
434 175 551 210 πρώτων
580 175 790 211 ἐπιστολιμαίων
807 186 891 213 χαρα-

86 221 216 257 γμάτων
243 221 362 254 διδάξαι·
389 230 398 246 ι
413 222 529 257 Χριστὸς
557 222 703 257 ἐγήγερται
724 223 756 249 ὲκ
777 223 891 257 νεκρῶν,

87 266 216 302 ἀπαρχὴ
225 266 280 293 τῶν
294 266 499 302 κεκοιμημένων
510 275 517 282 ·
533 267 625 302 ἐπειδὴ
637 267 690 302 γὰρ
702 267 734 294 δι’
749 267 892 303 ἀνθρώπου
908 281 911 284 -

87 312 104 338 ὁ
135 312 273 345 Θάνατος,
301 313 348 339 καὶ
374 313 407 339 δι’
433 312 578 348 ἀνθρώπου
603 313 750 345 ἀνάστασις
777 313 890 348 νεκρῶν.

90 358 208 393 Ὥσπερ
225 359 254 385 ὲν
275 358 314 394 τῷ
335 359 420 394 Ἀδὰμ
444 358 544 391 πάντες
569 359 797 394 ἀποθνήσκουσιν,
820 360 891 386 οὕτω

88 404 143 431 καὶ
158 405 190 431 ὲν
204 404 243 439 τῷ
255 405 364 440 Χριστῷ
387 405 486 437 πάντες
500 405 759 441 ζωοποιηθήσονται,
777 406 891 438 ἕκαστος

87 448 120 475 δὲ
135 449 168 475 ὲν
179 449 219 484 τῷ
235 449 291 484 ἰδίῳ
305 449 436 484 τάγματι,
470 450 590 485 Ἀπαρχὴ
616 450 742 485 Χριστὸς,
758 450 853 477 ἔπειτα
865 451 890 477 οἱ

88 495 142 521 τοῦ
161 495 282 530 Χριστοῦ
300 496 329 521 ὲν
345 497 376 530 τῇ
390 495 524 531 παρουσίᾳ
552 495 645 527 αὑτοῦ,
662 494 720 522 εἶτα
735 496 766 522 τὸ
780 496 865 527 τέλος.
878 505 887 521 ι

89 541 241 575 Χρήσαιτο
253 540 274 566 δ’
287 540 320 567 ἄν
333 550 374 572 τις
390 541 436 567 καὶ
456 540 542 576 τούτῳ
569 540 667 576 ὀρθῶς.
695 542 732 567 Οὐ
749 541 803 577 γὰρ
822 542 851 568 ’ἐν
864 550 889 568 τι

92 585 181 620 μόνον
195 585 242 612 ἐπὶ
255 586 310 616 τοῖς
326 585 397 612 οὕτω
419 585 530 620 ὑψηλοῖς
547 587 637 622 ῥητοῖς
651 587 703 622 χρὴ
719 588 888 618 ἐπισκοπεῖν,

89 630 202 656 οὐδὲτὸ
215 628 308 665 ἧσσον,
338 630 406 656 ἀλλὰ
431 631 461 656 τὸ
480 631 608 666 ἄμεινον’
632 633 672 663 εἰς
698 631 751 667 γὰρ
767 632 801 659 τὰ
826 632 889 667 περὶ

89 676 178 707 Θεοῦ,
200 678 228 703 ἐν
239 677 294 707 τοῖς
311 676 450 712 ἀμείνοσιν
466 677 481 712 ἡ
499 677 621 711 ἀλήθεια.
636 677 697 703 Ὅτι
719 677 889 713 πρωτότοκος

91 723 190 757 ’πάσης
205 722 318 753 κτίσεως
342 721 509 757 ὠνόμασται,
527 722 571 749 διὰ
583 723 645 754 τοὺς
657 723 685 749 ὲν
703 723 742 758 τῷ
758 722 824 758 θείῳ
842 723 890 757 βα-

91 768 233 803 πτίσματι
248 770 281 803 τῇ
303 768 423 803 υἱοθεσία
438 767 484 794 τοῦ
507 768 585 802 ἁγίου
602 768 760 804 Πνεύμωτος
784 770 816 795 ὲκ
841 768 888 795 τοῦ

944 178 1169 211 nuncupationem
1195 185 1258 205 vero
1285 187 1295 203 ι
1323 179 1492 214 primogeniti
1515 187 1547 207 ex
1566 179 1688 215 mohuis,
1708 192 1719 210 ι

943 223 1104 258 suifragatur
1133 223 1210 250 nobis
1233 224 1303 257 quod
1319 224 1375 258 ipse
1391 223 1489 251 Paulus
1508 225 1533 251 in
1557 225 1566 251 Ι
1581 226 1614 252 ad
1632 227 1726 255 Corin-

943 268 1013 296 thios
1029 268 1147 303 Epistola
1163 269 1219 304 (85)
1237 269 1327 296 docuit
1342 277 1348 296 :
1364 278 1374 294 ‹
1399 269 1522 297 Christus
1537 270 1593 305 (86)
1609 274 1727 302 surrexit

943 321 977 341 ex
1002 314 1125 347 mortuis,
1141 315 1266 349 primitia:
1286 316 1476 343 dormientium
1500 317 1574 352 (87);
1597 319 1724 352 quoniam

943 359 1013 386 enim
1029 367 1077 394 per
1093 360 1227 387 hominem
1243 368 1316 387 mors
1329 381 1336 392 ,
1348 366 1374 387 et
1388 369 1434 395 per
1450 363 1583 390 hominem
1602 371 1723 391 resurre-

942 405 995 432 ctio
1013 409 1203 433 mortuorum:
1229 407 1299 433 sicut
1317 407 1371 442 (88)
1399 408 1425 434 in
1449 409 1531 435 Adam
1550 417 1645 437 omnes
1667 417 1724 438 mo-

942 449 1058 483 riuntur,
1079 450 1114 476 ita
1139 455 1166 477 et
1192 450 1219 477 in
1245 450 1354 478 Christo
1377 458 1471 478 Omnes
1496 452 1723 482 viviﬁcabuntur:

943 493 1127 527 unusquisque
1152 497 1240 520 autem
1265 493 1291 520 in
1318 494 1425 528 proprio
1452 495 1565 528 ordine;
1599 496 1724 530 primitiae

939 538 1085 569 Christus;
1103 537 1200 565 deinde
1222 537 1258 571 ii,
1282 540 1327 572 qui
1342 543 1405 565 sunt
1429 538 1541 572 Christi,
1567 539 1592 566 in
1608 540 1721 567 adventu

939 583 1016 617 ejus:
1035 584 1130 610 deinde
1156 583 1225 611 iinis.
1244 593 1254 610 ι
1275 584 1327 611 Sed
1348 588 1375 611 et
1389 584 1466 612 aliter
1488 586 1571 620 accipi
1590 591 1661 613 recte
1675 593 1724 620 po-

940 635 991 656 test
1005 629 1127 662 obiectus
1146 630 1243 656 locus:
1279 637 1329 656 nec
1352 630 1425 657 enim
1453 635 1555 657 certum
1579 631 1720 664 quemdam

939 683 1045 703 sensum
1060 675 1189 702 duntaxat
1203 679 1326 710 spectare
1344 680 1451 709 oportet
1467 676 1495 702 in
1521 676 1638 703 oraculis
1667 681 1720 704 tam

938 721 1108 752 sublimibus,
1128 728 1176 747 nec
1207 720 1280 747 illum
1307 720 1441 755 amplecti,
1466 721 1511 755 qui
1538 721 1627 748 minus
1651 729 1719 757 pra:-

938 771 1013 793 stans
1037 766 1084 798 sit,
1099 765 1145 792 sed
1163 772 1224 792 eum
1247 766 1292 799 qui
1317 766 1450 793 excelsior
1472 774 1504 793 ac
1522 766 1631 799 melior;
1657 773 1718 794 nam

91 812 164 839 Θεοῧ
182 812 379 848 γεννωμένους,
392 813 440 839 καὶ
463 812 506 839 διὰ
520 813 550 839 τὸ
574 814 638 845 πᾶν,
654 813 668 839 ὅ
681 813 765 848 ἐσμὲν
782 814 829 841 καὶ
843 823 879 840 κε

939 818 998 838 cum
1016 811 1049 838 de
1064 811 1096 837 iis
1118 811 1216 845 agitur,
1240 817 1300 845 qua:
1322 810 1407 838 Deum
1432 815 1564 845 spectant,
1588 811 1614 838 in
1640 811 1720 838 subli-

92 858 233 894 κτήμεθα,
259 859 289 891 ἐξ
313 858 395 885 αὑτοῦ
412 858 562 894 εἰληφέναι,
587 859 660 885 καθὰ
674 859 754 886 πάλιν
771 860 785 885 ὁ
808 859 889 890 αὐτὸς

91 905 235 932 παιδεύων
251 904 323 939 λέγει
335 912 342 918 ·
377 914 386 930 ι
397 905 430 930 Τί
443 904 471 930 δὲ
485 904 565 939 ἔχεις,
589 904 603 930 ὅ
617 905 667 931 οὐκ
684 904 797 937 ἕλαϐες;
815 904 846 930 El
860 904 889 930 δὲ

93 950 204 982 ἔλαϐες,
220 951 246 977 τί
262 951 397 985 καυχᾶσαι
413 950 450 981 ὡς
469 950 505 985 μὴ
520 949 610 976 λαϐὼν
623 959 629 983 ς
644 960 653 976 ι
675 950 712 982 ὡς
727 950 774 977 καὶ
796 949 888 985 Ἐλλή-

93 1005 149 1024 νων
167 997 273 1030 παῖδες,
298 996 347 1028 τὰς
361 996 444 1028 ἄλλας
460 996 633 1027 ἐναντιώσεις
656 995 781 1030 ἀφέντες,
797 995 887 1031 διηγό-

94 1051 215 1078 ρευσαν·

93 1088 263 1122 aceepimus,
279 1091 308 1114 ut
323 1095 429 1115 rursum
443 1089 499 1124 ipse
515 1088 614 1116 Paulus
647 1095 695 1115 nos
708 1087 835 1114 erudiens
846 1088 902 1114 ait:

936 857 1014 884 miori
1035 856 1224 891 explanatione
1241 857 1310 883 inest
1332 857 1442 884 veritas.
1466 857 1522 883 Dici
1540 864 1605 891 ergo
1620 860 1717 891 potest.

934 902 1140 938 primogenitum
1154 901 1242 929 omnis
1267 905 1397 928 creatura:
1419 901 1471 929 dici
1495 901 1631 928 Christum
1654 908 1715 928 cum

934 953 1043 983 propter
1056 955 1113 979 eos,
1126 947 1172 981 qui
1188 947 1214 973 in
1225 946 1318 974 divino
1335 946 1469 981 baptismo
1486 953 1533 981 per
1545 945 1717 980 adoptionem

934 1001 949 1020 a
963 992 1065 1026 Spiritu
1090 995 1184 1018 sancto
1209 990 1311 1018 factam
1337 994 1499 1024 generantur
1520 997 1551 1017 ex
1564 986 1644 1023 'Deo;
1661 993 1716 1016 tum

935 1039 1016 1066 etiam
1029 1037 1090 1072 quia
1105 1036 1234 1075 quidquid
1257 1043 1362 1067 sumus.
1379 1041 1406 1063 et
1418 1035 1599 1070 possidemus,
1613 1036 1646 1061 ab
1659 1035 1717 1068 ipso

927 1094 936 1110 ι
956 1084 1025 1118 Quid
1057 1087 1145 1110 autem
1163 1082 1219 1118 (89)
1245 1082 1327 1108 habes
1343 1081 1414 1116 quod
1441 1088 1492 1108 nou
1518 1081 1662 1115 accepisti?
1687 1079 1714 1107 Si

96 1140 190 1162 autem
207 1135 333 1170 accepisti
358 1135 426 1170 (90),
444 1135 507 1170 quid
531 1135 656 1170 gloriaris
695 1134 773 1169 quasi
809 1141 860 1161 non
895 1131 1048 1167 acceperis?
1067 1140 1077 1157 ι
1093 1130 1163 1163 Quin
1195 1134 1223 1156 et
1244 1128 1398 1156 Graecorum
1415 1128 1474 1161 lilii,
1493 1127 1636 1162 alumnive,
1656 1128 1716 1156 aliis

90 1190 158 1218 qua:
182 1182 225 1209 his
249 1181 384 1210 contraria
410 1185 472 1208 sunt
495 1180 640 1215 neglectis,
666 1180 764 1207 similia
789 1179 954 1206 edixerunt:

97 1244 199 1270 Πάντα
209 1243 266 1277 μὲν
279 1241 435 1271 ἀθανάτοιο
456 1241 528 1268 Θεοῦ
544 1240 754 1277 πανυπέρταται
765 1239 852 1274 δῶρα,

97 1275 249 1313 Ἑξοχιίδ*
263 1278 298 1304 ἑν
305 1278 485 1312 μερόπεσσιν
503 1277 640 1310 ἀληθείης
659 1275 723 1310 μέτ’
739 1275 848 1308 ὄνειαρ.

129 1354 165 1379 Εἰ
175 1353 204 1379 δὲ
210 1353 351 1388 τολμηρῶς
364 1353 410 1379 καὶ
420 1353 459 1384 εἰς
467 1353 516 1387 τὴν
528 1352 718 1388 ἀκατάληπτον
730 1351 810 1379 αὑτοῦ
824 1351 882 1378 θεό-

940 1237 1034 1266 οηιηίη
1048 1236 1151 1272 quidem
1171 1234 1328 1272 immortali:
1348 1234 1394 1272 Dei
1409 1242 1529 1272 suprema
1542 1235 1628 1267 dona;

939 1270 1077 1308 Praecipue
1103 1279 1161 1298 uero
1197 1272 1266 1297 inter
1289 1270 1405 1296 homines
1426 1270 1540 1340 νεγῖιαιῧξ
1559 1278 1654 1340 mugit;
1677 1274 1716 1298 eu

1484 1309 1582 1331 unum:
1654 1325 1663 1333 .

971 1352 1046 1386 Quod
1060 1351 1082 1379 si
1096 1351 1178 1379 etiam
1202 1351 1234 1378 de
1261 1348 1524 1383 ineompreliensibili
1547 1349 1645 1376 Christi
1663 1349 1718 1376 dei-

95 1407 167 1433 τητα
186 1398 334 1433 ὲκληπτέον
349 1398 396 1430 τὸ,
417 1407 426 1424 ι
439 1398 613 1433 Πρωτότοκος
628 1398 717 1433 πάσης
734 1397 857 1428 κτίσεως,
871 1407 879 1423 ι

939 1403 989 1426 tate
1004 1399 1131 1425 audacter
1152 1396 1286 1431 explicare
1301 1395 1367 1422 velis
1386 1395 1489 1429 objecta
1504 1396 1594 1427 verba,
1609 1395 1644 1422 ita
1660 1395 1716 1423 fere

96 1443 208 1480 νοηθείη
228 1444 262 1470 ἂν
290 1443 360 1469 οὕτω
382 1451 440 1474 πως
463 1442 649 1477 κεκλῆσθαι,ἢ
671 1442 708 1474 ὼς
727 1442 779 1477 πρὸ
793 1442 883 1477 πάσης

97 1488 211 1523 κτιστῆς
228 1487 290 1524 [166
302 1487 328 1523 α]
354 1488 507 1523 γεννήσεως
523 1487 699 1521 γεννηθεὶς,ἥ
725 1486 762 1518 ὡς
777 1487 884 1521 πρῶτος

95 1534 146 1561 καὶ
162 1533 241 1569 μόνος
259 1533 324 1564 Υἱὸς
338 1533 425 1567 Λόγος
443 1532 635 1568 παρακομίσας
651 1532 698 1558 καὶ
716 1531 883 1566 τεκτηνάμε-

96 1589 143 1611 νος
153 1580 184 1606 ἐκ
199 1579 236 1614 μὴ
247 1578 331 1605 ὄντων
341 1579 430 1605 πᾶσαν
444 1577 650 1614 προηγουμένην
662 1577 774 1608 κτίσεως
785 1576 882 1611 κτίσιν,

96 1624 147 1650 καὶ
159 1625 243 1655 αῐτιος
255 1624 344 1659 πάσης
358 1624 406 1656 ὢν,
421 1621 478 1650 εἶτα
488 1623 535 1650 καὶ
547 1623 584 1655 ὡς
596 1623 718 1659 θεμέλιος
729 1624 818 1659 φέρων
836 1624 884 1651 αὐ-

97 1669 149 1705 τὴν
160 1669 199 1705 τῷ
211 1670 313 1705 ῥήματι
328 1670 378 1705 τῆς
393 1668 532 1704 δυνάμεως
550 1668 644 1702 αὐτοῦ,
659 1669 728 1696 κατὰ
746 1670 792 1696 τὸν
814 1669 882 1704 ψάλ-

98 1715 193 1742 λοντα·
213 1725 223 1741 ι
236 1715 328 1742 Πάντα
341 1716 370 1741 ὲν
388 1715 467 1750 σοφίᾳ
483 1715 630 1750 ἐποίησας·
643 1725 652 1741 ι
670 1715 718 1742 καὶ
742 1715 813 1742 κατὰ
834 1715 883 1751 τὴν

99 1761 252 1797 Παροιμίαν
273 1760 429 1796 Σολομῶνος
454 1761 604 1795 λέγουσαν·
623 1770 632 1786 ι
653 1762 682 1788 '0
708 1761 773 1794 Θεὸς
799 1763 827 1788 ὲν
848 1764 881 1798 τῇ

102 1808 182 1843 σοφίᾳ
212 1807 376 1843 ὲΘεμελίωσε
398 1807 448 1842 τὴν
470 1807 532 1842 γῆν,
546 1807 694 1842 ἡτοίμασεν
708 1807 737 1833 δὲ
753 1808 883 1843 οὐρανοὺς

101 1855 130 1880 ὲν
142 1853 280 1888 φρονήσει.
294 1862 302 1878 ι
330 1853 384 1880 Καὶ
401 1852 468 1879 αὐτὸ
486 1852 514 1879 δὲ
531 1852 610 1879 τοῦτο
627 1852 713 1888 κρίνει
728 1853 758 1879 τὸ
777 1853 884 1888 προκεί-

102 1907 180 1934 μενον
207 1898 290 1933 μέρος
315 1898 365 1933 τῆς
385 1897 563 1932 Ἐπιστολῆς,
588 1897 666 1932 ἔχον·
685 1907 694 1923 ι
710 1898 883 1933 Πρωτότοκος

101 1944 189 1978 πάσης
204 1943 330 1975 κτίσεως,
342 1943 382 1970 ὃτι
397 1944 426 1969 ἐν
442 1942 515 1978 αὺτῷ
529 1943 639 1978 ἐκτίσθη
648 1942 681 1969 τὰ
694 1944 807 1976 natura,»
825 1944 881 1975 καὶ,

104 1999 114 2015 ι
130 1989 170 2016 Τὰ
190 1989 278 2015 πάντα
301 1989 335 2015 δι’
352 1988 434 2016 αὑτοῦ
452 1989 498 2015 καὶ
508 1989 547 2020 εἰς
577 1988 656 2014 αὐτὸν
683 1989 818 2015 ἔκτισται·
836 1989 883 2015 καὶ

101 2035 179 2066 αὐτὸς
201 2034 259 2061 ἐστι
284 2034 337 2071 πρὸ
356 2034 474 2066 πάντων,
497 2034 544 2061 καὶ
570 2034 605 2061 τὰ
638 2034 726 2061 πάντα
753 2035 782 2061 ὲν
808 2034 882 2070 αὐτῷ

102 2079 272 2115 συνέστηκεν.
288 2089 298 2105 ι
327 2080 382 2106 Καὶ
408 2079 452 2106 διὰ
480 2079 559 2106 τοῦτο
588 2079 635 2106 καὶ
667 2079 745 2114 μόνον
783 2080 876 2115 φησὶν,

52 2205 57 2211 “
102 2207 146 2234 nis
158 2215 167 2231 ι
182 2205 285 2232 titulum
296 2213 320 2232 ei
335 2204 496 2235 tribuerunt,
510 2203 536 2230 ni
552 2203 640 2230 fallor.
654 2201 682 2228 ln
694 2202 788 2236 paucis
803 2202 876 2230 hisce

106 2241 258 2268 numerandi
296 2244 357 2267 sunt
390 2238 564 2272 Epiphanius,
598 2242 677 2271 atque
701 2237 875 2264 Athanasius.

105 2275 206 2302 Primus
217 2275 324 2309 quidem
341 2282 402 2301 cum
416 2273 510 2309 interesi
528 2280 643 2309 Lxxxtll,
654 2277 712 2309 tum
733 2272 758 2298 in
774 2272 877 2309 Anq/to-

106 2315 160 2337 ratu
174 2306 235 2344 pag:
247 2309 279 2336 l9
301 2310 406 2336 beatam
421 2308 530 2334 Mariam
546 2314 578 2344 eo
601 2306 679 2344 titulo
691 2311 784 2344 vocat;
811 2306 878 2332 alter

105 2353 165 2372 vero
175 2340 202 2371 in
210 2340 383 2379 'Fragmentis
394 2342 653 2379 commentariorum
661 2342 688 2367 in
696 2340 798 2379 _Luc:_zm
811 2345 875 2379 tom_.

105 2379 125 2406 ll
142 2387 214 2406 novae
232 2375 404 2406 Collectiouis
416 2385 476 2412 pag.
493 2376 538 2408 45,
563 2376 607 2412 ubi
632 2375 671 2402 sic
690 2375 813 2412 loquitur
827 2383 843 2412 :_
859 2377 875 2411 ἡ

105 2414 263 2449 Κυριοτόκος
279 2413 383 2449 Μαρία,
398 2410 715 2449 κα“ι⁷Ἀειπαροένος,-“ἰςί
739 2414 815 2449 εῖιηι
831 2410 880 2437 Do-

106 2444 232 2483 miuipara
251 2444 344 2479 Maria,
358 2453 384 2474 et
399 2447 607 2483 Semperyirgo.
625 2456 635 2471 ι
662 2444 725 2471 Vide
744 2444 879 2483 «ξιξερο-

105 2479 177 2511 τὶυιιί
187 2485 255 2518 apud
268 2483 425 2510 Cassianum
439 2479 476 2518 lib
489 2489 496 2507 ι
514 2481 666 2518 De_incarn.
685 2486 745 2513 pag.

139 2518 190 2553 (85)
204 2514 333 2554 Epistula.
346 2517 446 2554 ϐασεδ,
460 2514 678 2554 ξπιστολημαίων
709 2521 757 2548 pro
774 2515 880 2554 ἐπιστο-

104 2549 231 2589 λιμαίων.’
243 2553 279 2579 ita
294 2558 320 2579 et
335 2552 404 2589 apud
421 2551 554 2589 Pollucem
578 2550 624 2589 lib.
653 2556 677 2575 vr
704 2556 798 2589 segnr._
815 2549 878 2589 198,

106 2584 147 2615 ubi
164 2588 258 2622 legitur
271 2584 481 2621 ὲπιστὸλιμαῖος,
498 2584 616 2622 nonnulli
644 2590 707 2611 vero
730 2584 877 2622 conjiciunt

106 2618 239 2658 tegendum
268 2618 724 2658 anomokt'pgiog._Jungermannus
748 2623 835 2646 monet
849 2619 875 2645 in

105 2656 190 2684 codice
204 2666 253 2693 ms.
267 2658 316 2691 legi
329 2656 613 2693 éntaioknuuiog‘eutri
627 2662 655 2687 η.

139 2692 189 2727 (86)
205 2688 335 2719 Christus.
365 2691 373 2718 Ι
394 2688 519 2728 Curru,
648 2723 654 2728 _
669 2723 674 2728 _
744 2723 750 2728 _
762 2723 777 2728 Π

138 2722 189 2763 (87)
205 2728 406 2754 Dormientium.
419 2725 525 2763 Grmcaﬁ
540 2723 624 2763 editio
648 2723 692 2763 hic
718 2723 791 2750 addit
815 2722 875 2756 ἐγέ-

106 2756 169 2796 νετο,
182 2756 212 2790 'id
226 2768 267 2790 est
285 2772 295 2788 ι
311 2762 395 2789 factus
414 2765 464 2788 est.
480 2768 489 2784 ›
510 2758 561 2786 Sed
576 2756 704 2792 Vulgatus
716 2765 821 2792 quoque
833 2766 874 2784 m-

936 1444 1090 1478 accipienda
1103 1446 1193 1473 erunt,
1211 1446 1239 1468 ut
1253 1445 1361 1468 vocatus
1372 1441 1405 1467 sit
1418 1440 1613 1474 primogenitus
1626 1442 1716 1468 omnis

934 1493 1065 1514 creatura:
1082 1491 1128 1513 aut
1143 1486 1205 1520 quia
1224 1485 1330 1520 genitus
1347 1489 1388 1511 est
1413 1488 1476 1511 ante
1498 1485 1620 1518 quamvis
1641 1493 1716 1512 crea-

935 1538 988 1560 tam
1005 1532 1224 1567 generationem;
1254 1535 1300 1557 aut
1318 1530 1378 1563 quia
1403 1535 1445 1557 est
1467 1531 1569 1564 primus
1592 1535 1618 1557 et
1643 1531 1715 1558 solus

933 1578 1018 1608 Filius
1035 1577 1164 1611 Verbum,
1181 1579 1227 1614 qui
1248 1587 1280 1606 ex
1301 1576 1384 1606 nihilo
1407 1583 1594 1610 quamcunque
1610 1581 1715 1603 creatu-

935 1633 991 1653 ram
1006 1630 1128 1653 creatura
1141 1626 1235 1659 quavis
1248 1625 1411 1652 anteriorem
1432 1623 1569 1660 produxit,
1588 1630 1619 1650 ac
1633 1623 1714 1650 veluti

934 1670 1087 1702 fabricavit,
1103 1671 1276 1704 omniumque
1297 1678 1386 1697 rerum
1406 1674 1487 1697 causa
1499 1672 1555 1699 est;
1574 1672 1620 1694 aut
1633 1668 1714 1694 etiam

933 1716 995 1750 quia
1008 1716 1064 1750 ipse
1073 1720 1113 1743 est
1129 1715 1333 1742 fundamentum
1345 1724 1355 1740 ι
1366 1715 1454 1743 omnia
1467 1717 1577 1751 portans
1590 1713 1645 1747 (92)
1656 1720 1716 1740 ver-

933 1761 968 1788 bo
985 1761 1093 1788 virtutis
1116 1761 1171 1796 (seu
1200 1761 1336 1795 potentiae)
1363 1768 1427 1793 suae,
1454 1770 1464 1787 ›
1495 1761 1572 1795 juxta
1596 1757 1714 1789 Psaltem

933 1806 1011 1841 351
1028 1807 1072 1841 qui
1088 1807 1126 1833 ait
1143 1816 1149 1834 :
1177 1816 1186 1832 ι
1203 1807 1298 1834 Omnia
1314 1807 1368 1843 (93)
1384 1807 1409 1833 iu
1428 1806 1564 1841 Sapientia
1579 1807 1680 1841 fecisti;
1699 1818 1710 1835 ι

933 1857 961 1880 et
972 1853 1047 1886 juxta
1064 1852 1240 1880 Proverbium
1259 1853 1411 1881 Salomonis
1426 1853 1570 1887 inquientis
1587 1862 1594 1880 :
1617 1864 1626 1880 ι
1644 1854 1713 1882 Deus

933 1897 959 1924 in
975 1898 1112 1933 Sapientia
1140 1898 1195 1933 (94)
1218 1898 1340 1925 fundavit
1360 1903 1478 1931 terram;
1504 1899 1606 1933 paravit
1623 1904 1712 1927 autem

933 1943 1018 1971 ctelos
1030 1944 1055 1970 in
1068 1944 1220 1978 prudentia.
1238 1953 1247 1970 ι
1266 1943 1328 1971 Haec
1339 1944 1396 1978 ipsa
1413 1944 1556 1977 explicatio
1570 1945 1713 1972 conﬁrma—

935 1993 977 2015 tur
990 1989 1071 2015 etiam
1089 1988 1170 2015 allato
1190 1987 1315 2022 Epismlze
1336 1988 1496 2023 fragmento,
1512 1989 1582 2023 quod
1607 1989 1687 2016 habet
1702 1998 1710 2017 :

937 2043 945 2060 ι
964 2034 1164 2068 Primogenitus
1183 2034 1272 2061 omnis
1296 2039 1437 2067 creatura),
1451 2035 1576 2069 quoniam
1606 2035 1631 2062 in
1653 2035 1712 2070 ipso

897 2071 919 2099 Ῑ)
933 2080 1039 2108 condita
1056 2085 1119 2108 sunt
1144 2081 1234 2108 omnia
1252 2089 1259 2107 :
1280 2089 1290 2106 n
1317 2085 1355 2113 et,
1376 2089 1386 2106 ι
1404 2080 1497 2108 Omnia
1515 2088 1563 2116 per
1576 2081 1671 2116 ipsum,
1684 2087 1712 2109 et

931 2206 1043 2262 tergi-eis,
1065 2208 1090 2230 et
1106 2204 1191 2231 codex
1205 2201 1401 2230 Alexandrinus
1411 2202 1503 2230 omisit
1524 2210 1583 2230 eam
1605 2211 1709 2237 vocem,

931 2241 956 2262 ul
996 2245 1111 2262 Ivrnus.

927 2241 956 2263 ul
974 2237 1111 2265 Didvmus.
1702 2235 1707 2237 ν
1729 2235 1740 2242 “

974 2245 1111 2272 moymus.

961 2271 1015 2306 (88)
1031 2272 1218 2308 SicuIaGrzeca
1231 2273 1312 2300 editio
1325 2273 1445 2308 ι”ῼσπερ
1456 2272 1518 2307 γάρ,
1533 2272 1616 2305 idest,
1635 2282 1644 2299 ι
1657 2275 1709 2301 sic-

925 2310 954 2332 ut
976 2307 1070 2342 enim.’
1086 2317 1095 2333 ι
1118 2307 1213 2335 Vocem
1231 2308 1285 2342 γάρ
1303 2315 1336 2335 ne
1361 2307 1492 2342 V‘ulg'atus
1506 2308 1613 2342 quidem
1628 2309 1711 2336 imer-

929 2346 986 2375 pres
1005 2341 1080 2375 legit;
1097 2343 1178 2368 vertit
1191 2337 1291 2369 eniiin'c
1308 2347 1334 2369 et
1349 2337 1430 2370 sicut".
1448 2352 1458 2368 ι

962 2376 1018 2411 (89)
1035 2376 1106 2408 Quid
1120 2382 1216 2403 autem.
1236 2377 1245 2403 Ι
1264 2377 1328 2404 Cor.
1348 2385 1385 2409 Iv,
1401 2378 1426 2404 7.

965 2410 1019 2445 (90)
1036 2410 1066 2437 Si
1081 2418 1166 2438 autem
1185 2413 1316 2445 accepisti.
1331 2412 1423 2439 Grmca
1440 2412 1539 2438 editio:
1559 2412 1590 2438 Εἰ
1611 2412 1639 2439 δὲ
1662 2414 1711 2441 καὶ

928 2444 1031 2476 ἔλαϐες.
1049 2446 1084 2472 At
1101 2446 1221 2473 Voculam
1240 2447 1287 2473 καί
1304 2447 1395 2474 omisit
1414 2447 1494 2474 etiam
1522 2446 1650 2482 Vulgatus
1671 2450 1710 2476 in-

929 2484 1088 2515 terpresLet
1104 2481 1242 2515 theologus
1258 2487 1350 2508 noster
1366 2489 1451 2515 segm.
1471 2482 1520 2508 177
1536 2490 1561 2508 a.

964 2515 1020 2549 (9i)
1036 2514 1155 2542 Utilitas.
1171 2514 1270 2551 codex,
1284 2516 1384 2551 ὀνείαρ.
1404 2514 1473 2550 Lego
1499 2516 1600 2551 ὅνειαρ.
1616 2515 1710 2542 Hesio-

929 2550 978 2576 dus
1015 2557 1124 2584 quoque
1142 2552 1167 2577 in
1199 2549 1326 2584 Operibur
1342 2549 1372 2577 ab
1389 2549 1480 2577 diebus
1500 2549 1605 2578 νοτε-’4
1630 2551 1708 2585 dixit,

930 2585 988 2619 μέγ’
1003 2584 1103 2619 ὕνειαρ.

964 2585 988 2617 γ’
1003 2585 1103 2617 ὕνειαρ.

966 2593 987 2617 γ’
1003 2593 1103 2620 ονειαρ.

966 2619 1020 2654 (92)
1040 2618 1134 2645 Omnia
1153 2624 1270 2654 portans.
1290 2619 1370 2646 Hebr.
1385 2627 1404 2651 ι,
1419 2620 1445 2646 3.

965 2653 1020 2689 (93)
1041 2653 1157 2680 Omnia;
1168 2654 1237 2681 Psal.
1253 2662 1311 2687 cur,
1322 2655 1357 2681 9.5
1373 2656 1428 2689 (seu
1443 2654 1498 2689 24).

965 2688 1020 2723 (94)
1041 2689 1109 2714 Deus
1130 2689 1156 2715 in
1174 2689 1319 2722 Sapientia.
1336 2687 1412 2715 Prbv.
1429 2687 1527 2721 "1,19.
1550 2687 1649 2716 Vocula
1667 2690 1708 2722 ἐν,

929 2723 985 2784 give
1073 2732 1083 2748 ι
1098 2723 1173 2751 deest
1185 2723 1211 2751 in
1225 2723 1325 2752 Bibliis.
1340 2723 1467 2759 Didymus
1479 2725 1534 2758 ipse
1546 2731 1604 2752 eam
1618 2726 1709 2752 omisit

947 2765 988 2784 au.
1040 2773 1042 2777 ι
1057 2777 1063 2784 .

929 2764 988 2792 pag.
1004 2764 1063 2784 ut.
