1925 3063
203 100 252 128 839

825 93 942 122 DIDYMI
960 92 1194 121 ALEXANDRINI

1763 92 1816 120 840

202 156 293 185 omnia
307 153 466 186 srecula,cui
481 153 589 180 demum
605 150 671 179 nihil
680 153 722 179 est
737 158 791 179 non
804 152 979 185 individuum,

1032 151 1156 186 νογενυῦς
1172 151 1247 184 Υἰοῦ,
1264 151 1310 186 ἀφ’
1320 147 1350 178 οὗ
1368 150 1401 178 ἂν
1417 146 1493 182 οὗτος
1504 151 1519 177 ὁ
1532 150 1701 186 Μονογενὴς,
1722 150 1818 182 καθεὶς

203 207 234 228 ut
251 201 330 236 paulo
346 204 407 226 ante
424 197 462 233 (6)
476 197 577 224 dictum
598 196 658 228 fuit,
675 196 808 230 praevidit,
827 202 854 223 et
871 196 985 224 manife-

203 251 244 274 ste
256 245 388 280 pollicitus
403 248 453 274 est,
467 242 588 269 homines
599 241 622 267 ei
636 241 788 268 conformes
799 240 904 268 futuros
913 248 984 274 esse,

203 292 249 326 qui
268 292 302 318 ab
327 295 428 317 aeterno
447 292 505 315 erat
521 288 546 314 in
570 287 656 314 forma
670 286 804 322 linigeniti
830 286 888 320 ejus
911 287 983 320 Filii,

204 342 343 371 postquam
363 336 406 362 hic
425 334 583 368 Uuigenitus
610 333 725 366 seipsum
743 337 852 367 propter
877 339 926 360 nos
952 332 986 359 ad

208 383 334 409 servilem
355 380 468 407 formam
484 378 628 405 demittens
642 378 739 404 dixerit
752 385 784 404 ex
800 378 908 412 propria
921 386 986 413 gra-

205 428 240 454 tia
257 435 264 453 :
285 435 294 452 (
314 426 372 452 Non
390 425 504 458 amplius
519 423 556 458 (7)
578 430 626 449 vos
646 431 712 450 voco
738 431 840 456 servos,
858 424 904 451 sed
919 425 986 450 ami-

205 480 263 502 cos.
281 476 307 498 et
324 471 430 501 fratres,
447 478 455 494 ι
478 473 507 495 ut
526 469 564 494 ait
581 468 731 502 Scriptura.
756 467 984 501 Quemadmodum

203 520 273 544 enim
294 524 342 543 nos
366 520 510 546 creaturas,
525 515 611 541 vocati
626 521 718 541 sumus
744 514 790 540 iilii
821 514 868 541 Dei
890 521 986 541 secun-

203 563 265 588 dum
278 562 402 594 gratiam,
421 567 472 586 non
493 558 639 585 secundum
664 562 802 589 naturam;
827 558 861 584 ita
887 557 986 592 Unige-

204 607 276 634 nitus
291 605 337 631 Dei
353 604 460 639 quando
485 602 616 629 miscebat
640 605 745 628 terrena
771 602 934 634 coelestibus,
959 609 986 630 et

203 659 271 679 nova
301 651 378 678 nobis
398 649 470 676 salus
494 649 520 674 in
545 652 701 682 perpetuum
719 647 756 682 (8)
783 647 873 680 ﬂebat,
902 649 986 676 frater

201 696 282 732 354
301 701 402 727 noster,
418 699 446 722 et
467 694 659 727 primogenitus
674 698 786 720 vocatus
804 698 855 728 est,
872 702 924 721 non
941 702 985 722 se-

201 744 320 770 cundum
342 745 477 771 naturam,
491 747 571 773 quatn
592 739 673 766 habet
697 746 730 765 ex
757 738 847 770 Patre,
868 741 915 767 sed
942 749 985 768 se-

1033 198 1127 224 ἱσυτὸν
1148 197 1182 224 δι’
1199 198 1272 232 ἡμᾶς
1298 197 1339 228 εἰς
1352 195 1522 232 δουλοπρεπῆ
1549 196 1665 231 μορφὴν,
1679 195 1750 228 λέξει
1765 196 1819 232 ἰδίᾳ

1033 243 1134 278 δωρεᾷ·
1153 252 1163 268 ε
1176 242 1232 269 Οὐκ
1247 242 1287 268 ἔτι
1311 242 1382 277 ὑμᾶς
1404 241 1479 268 καλῶ
1497 241 1616 273 δούλους,
1631 241 1699 268 ἀλλὰ
1723 241 1818 276 φίλους

1034 288 1081 315 καὶ
1101 288 1244 322 ἀδελφοὺς,
1266 287 1304 319 ὠς
1328 287 1493 323 γέγραπται.
1514 287 1562 313 Ὃν
1588 287 1690 322 τρόπον
1711 287 1766 321 γὰρ
1791 288 1817 313 oi

1034 334 1148 365 κτιστοὶ,
1165 333 1219 359 uici.
1235 332 1388 368 ἐκλήθημεν
1409 332 1456 359 τοῦ
1479 332 1556 364 Θεοῦ,
1578 332 1648 358 κατὰ
1670 332 1761 368 χάριν,
1785 333 1816 359 οὐ

1035 379 1106 406 κατὰ
1130 379 1226 414 φύσιν
1251 378 1381 410 ὡσαύτως
1404 379 1418 405 ὁ
1440 378 1595 413 Μονογενὴς
1613 378 1659 404 τοῦ
1676 378 1755 409 Θεοῦ,
1772 378 1818 404 ὅτε

1035 425 1131 460 ὲμίγνυ
1152 425 1185 452 τὰ
1209 425 1316 458 ὲπίγεια
1342 425 1397 455 τοῖς
1419 423 1604 458 ἐπουρανίοις,
1633 425 1679 450 καὶ
1697 423 1819 458 σωτηρία.

1033 471 1098 506 ἡμῖν
1122 470 1170 496 νέα
1197 469 1240 496 διὰ
1262 469 1354 501 τέλους
1382 469 1496 502 ὲγίνετο,
1522 468 1637 502 ἀδελφὸς
1661 468 1740 503 ἡμῶν
1769 468 1817 494 καὶ

1033 516 1205 552 πρωτότοκος
1221 515 1333 550 ἐκλήθη,
1353 514 1384 541 οὐ
1404 513 1475 541 κατὰ
1489 513 1537 549 τὴν
1551 514 1582 540 ὲκ
1596 513 1702 548 Πατρὸς
1723 512 1816 548 φύσιν,

1033 561 1102 588 ἀλλὰ
1120 561 1192 588 κατὰ
1206 561 1253 596 τὴν
1266 561 1298 586 ἐκ
1312 560 1361 594 τῆς
1377 559 1516 594 Παρθένου
1534 559 1580 586 καὶ
1600 559 1670 586 κατὰ
1682 559 1731 594 τὴν
1746 559 1810 590 Παρ

1034 607 1109 634 Οὲνον
1135 608 1272 642 σάρκωσιν
1292 605 1384 633 αὑτοῦ.
1402 605 1536 640 Εὕκαιρον
1554 605 1643 632 τοίνυν
1666 605 1700 631 ἂν
1717 605 1760 639 εἴη
1777 605 1802 632 ει

1034 655 1094 680 πεῖν
1120 653 1186 688 πρὸς
1213 651 1376 688 αἱρετικοὺς,
1402 651 1469 686 ὅπερ
1491 651 1597 686 εἴρηται
1616 651 1673 682 τοῖς
1692 650 1744 682 ἔξω
1763 658 1816 676 κα-

1033 699 1101 731 λῶς·
1119 708 1129 725 ι
1144 698 1185 724 Τὰ
1199 697 1283 733 ψεύδη
1302 698 1385 733 μίσει,
1404 697 1448 724 ἴνα
1465 698 1536 732 σοιὴ
1556 696 1668 732 ἀλήθεια
1688 697 1818 733 προσεοί-

1033 743 1124 780 ζηται.
1144 753 1153 770 ι

200 791 316 817 cundum
332 787 518 819 oeconomiam,
532 794 582 820 qua
616 794 726 814 carnem
752 788 866 822 eumpsit
888 797 921 816 ex
953 790 1073 828 Virgine,
1104 793 1179 820 carni
1211 792 1295 827 ipsius
1309 791 1427 826 Virginis
1439 790 1563 818 similem.
1581 790 1737 825 Opportune
1750 797 1818 824 ergo

200 835 329 861 adversus
356 832 495 860 haereticos
522 831 578 858 dicit
605 835 702 866 potest,
730 832 802 866 quod
842 834 908 861 scite
946 835 980 864 ab
1015 838 1130 866 ethnicis
1163 838 1262 866 dictum
1293 836 1364 864 fuit:
1385 845 1395 862 ι
1432 835 1570 864 Mendacia
1599 836 1662 863 odio
1679 834 1760 868 habe,
1787 839 1818 862 ut

203 880 251 908 tibi
271 879 372 907 veritas
386 877 523 905 assueiiat.
541 886 550 903 ι

531 922 607 950 CAP.
629 922 662 950 ν.

235 970 311 1004 Quod
329 970 409 996 tertio
420 968 479 996 loco
492 971 653 1002 prop0uuut,
667 972 708 995 est
721 968 873 1003 prophetia,
889 970 915 997 in
930 978 983 1006 qua

198 1024 232 1045 ex
250 1023 362 1051 persona
377 1014 491 1046 Domini,
508 1013 553 1048 qui
574 1013 654 1040 rebus
677 1014 801 1042 omnibus
827 1015 977 1043 subsisten-

198 1067 263 1093 tiam
280 1065 382 1097 tribuit,
404 1064 523 1091 dicitur:
550 1071 560 1087 ‹
575 1062 631 1097 Ego
657 1062 695 1098 (9)
723 1070 781 1090 sum
821 1054 981 1100 principium

197 1117 225 1138 et
245 1111 316 1138 linis.
336 1119 345 1136 ι
366 1109 430 1136 Inde
445 1109 516 1135 enim
534 1108 617 1143 ipsius
627 1108 824 1141 exsistentiam,
840 1117 900 1144 quae
916 1114 983 1137 tem-

198 1156 272 1192 poris
287 1162 384 1189 expers
410 1153 467 1189 (10)
487 1157 537 1187 est,
567 1158 595 1181 et
621 1157 752 1180 creatura:
778 1154 982 1189 intelligentiam

198 1202 316 1234 excedit,
345 1200 531 1234 temporariam
557 1206 617 1226 esse
640 1199 779 1233 colligunt,
811 1200 915 1235 ineptas
933 1201 983 1229 fin-

201 1247 288 1282 gendo
305 1245 539 1280 interpretationes
561 1244 634 1280 (ll);
663 1249 743 1279 atque
769 1245 796 1272 in
820 1252 852 1273 eo
872 1246 981 1273 enitun-

201 1297 256 1324 tur,
271 1296 300 1318 ut
323 1292 440 1324 ipsarum
470 1290 588 1324 nequitia
616 1290 702 1316 virtus
720 1295 871 1318 censeatur.
898 1291 982 1324 Quot-

200 1341 265 1372 quot
282 1336 337 1372 (12)
357 1341 446 1362 autem
469 1335 539 1362 hunc
560 1335 732 1370 Uuigenitum
754 1335 782 1362 in
798 1343 924 1364 sermone
939 1337 978 1364 di-

199 1381 280 1408 vitem
298 1380 352 1416 (15)
378 1379 462 1407 Deum
487 1387 539 1407 non
563 1380 698 1415 ignorant,
720 1385 749 1408 ut
777 1381 896 1409 haeretici
925 1383 980 1417 isti,

201 1426 239 1454 illi
256 1434 290 1454 ne
306 1426 380 1453 aurei
396 1426 503 1460 quidem
521 1425 599 1459 hujus
617 1426 692 1459 dicti,
711 1433 763 1461 quo
783 1427 866 1461 ipsius
884 1428 981 1456 divini-

201 1476 242 1499 tas
258 1472 400 1504 iudicatur,
414 1471 604 1499 sublimitatem
615 1471 723 1506 assequi
738 1479 767 1499 se
784 1479 862 1506 posse
876 1473 979 1501 vident.

200 1518 268 1546 Nam
286 1526 335 1546 vox
351 1518 509 1553 principium
525 1519 643 1550 denotat,
657 1525 728 1551 eum,
743 1522 772 1546 ut
786 1519 917 1554 principio
932 1527 978 1547 ca-

198 1569 315 1598 rentem,
332 1564 533 1592 constitutionis
549 1571 638 1591 rerum
653 1564 772 1591 omnium
785 1571 893 1592 causam
907 1572 976 1598 esse,

1361 925 1441 952 ΚΕΦ.
1455 925 1495 954 E'.

1067 974 1150 1010 Τρίτη
1166 973 1256 1000 αὐτῶν
1271 973 1411 1008 πρότασις,
1426 974 1442 1008 ή
1457 974 1490 999 ἐκ
1507 972 1653 1008 προσώπου
1663 972 1711 1000 τοῦ
1727 973 1814 1000 πάντα

1032 1019 1232 1055 ὐποστήσαντος
1253 1018 1355 1053 Κυρίου
1378 1018 1495 1052 λέγουσα
1520 1019 1687 1055 προφητεία·
1714 1028 1723 1045 ι
1744 1019 1816 1053 Ἐγώ

1032 1066 1089 1100 εἰμι
1103 1066 1119 1100 ή
1133 1065 1204 1101 ἀρχὴ
1225 1065 1272 1091 καὶ
1285 1064 1315 1090 τὸ
1333 1064 1419 1096 τέλος.
1431 1074 1441 1090 r
1466 1065 1602 1100 Χρονικὴν
1622 1065 1677 1100 γὰρ
1691 1063 1816 1091 ἐντεῦθεν

1031 1110 1081 1145 τὴν
1101 1110 1214 1145 ἄχρονον
1231 1110 1278 1136 καὶ
1297 1109 1368 1145 ὑπὲρ
1387 1109 1450 1136 νοῦν
1469 1109 1585 1145 ὕπαρξιν
1606 1109 1688 1136 αὐτοῦ
1704 1109 1819 1136 ἀπειθά-

1032 1164 1087 1187 νοις
1106 1155 1228 1191 ὲκδοχαῖς
1241 1155 1467 1189 ἀναπλάττουσιν,
1482 1156 1529 1182 καὶ
1547 1155 1684 1191 βιάζονται
1701 1156 1750 1191 τὴν
1767 1164 1816 1182 κα-

1032 1200 1094 1226 κίαν
1113 1200 1203 1226 αὐτῶν
1218 1199 1318 1236 ἀρετὴν
1332 1199 1504 1235 νομισθῆναι.
1518 1200 1594 1226 Ὅσοι
1610 1200 1637 1226 δὲ
1656 1199 1750 1226 τοῦτον
1769 1199 1814 1225 τὸν

1031 1245 1169 1280 Μονογενῆ
1182 1245 1370 1278 πλουσιολόγον
1382 1246 1447 1272 Θεὸν
1457 1246 1506 1272 οὐκ
1518 1245 1668 1280 ἀγνοοῦσιν,
1681 1244 1718 1277 ὡς
1730 1241 1814 1276 οῦτοι,

1031 1290 1145 1322 ὲπιδεῶς
1159 1290 1249 1326 ἔχουσι
1263 1291 1310 1317 καὶ
1329 1291 1378 1326 τῆς
1392 1291 1439 1317 τοῦ
1458 1291 1559 1326 χρυσοῦ
1576 1292 1697 1327 ῥήματος
1719 1290 1814 1316 τούτου

1032 1335 1180 1370 θεολογίας,
1194 1336 1274 1370 Δηλοῖ
1287 1336 1341 1371 γὰρ
1360 1336 1377 1371 ὴ
1399 1336 1446 1370 μὲν
1473 1336 1555 1371 ἀρχὴ,
1575 1335 1605 1362 τὸ
1628 1335 1714 1362 αἴτιον
1731 1336 1814 1362 αὑτὸν

1031 1379 1111 1414 εἶναι,
1122 1381 1159 1413 ὼς
1176 1381 1305 1416 ἄναρχον,
1323 1381 1394 1408 καθὰ
1412 1382 1426 1408 ό
1444 1381 1510 1413 Θεὸς
1531 1380 1626 1416 Πατὴρ
1643 1381 1692 1416 τῆς
1707 1382 1814 1408 πάντων

1031 1428 1195 1459 συστάσεως.
1212 1427 1240 1454 ’0
1255 1427 1309 1463 γὰρ
1323 1427 1360 1453 ὣν
1383 1427 1454 1463 ἀρχὴ
1467 1428 1516 1454 οὐκ
1536 1427 1592 1462 ἔχει
1607 1427 1652 1454 τὸν
1673 1427 1815 1462 προῡπάρ-

1029 1481 1120 1508 χοντα,
1133 1472 1171 1504 ὡς
1184 1473 1198 1499 ὀ
1213 1472 1326 1501 ὕστατος
1342 1472 1392 1498 οὐκ
1417 1471 1474 1506 ἔχει
1495 1472 1540 1498 τὸν
1566 1471 1630 1507 [168
1644 1471 1671 1507 ὁ]
1691 1471 1814 1498 ὕστατον.

1035 1517 1118 1554 Ἀρχὴ
1136 1517 1200 1552 γὰρ,
1213 1517 1251 1549 ὥς
1269 1525 1350 1552 φησιν
1368 1517 1555 1553 Ἀριστοτέλης
1573 1517 1602 1543 ὲν
1623 1517 1740 1552 πέμπτῳ
1758 1517 1814 1543 τῶν

1029 1563 1110 1591 Μετὰ
1143 1563 1179 1590 τὰ
1218 1563 1342 1597 φυσικὰ,
1367 1563 1475 1596 λέγεται
1513 1562 1664 1597 πολλαχῶς.
1698 1561 1815 1595 Λέγεται

198 1611 268 1638 sicut
281 1614 322 1636 est
343 1609 414 1636 Deus
431 1609 520 1636 Pater.
537 1608 602 1635 Nam
618 1609 664 1643 qui
680 1613 721 1636 est
735 1609 907 1644 principium,
919 1610 978 1637 nul-

1032 1611 1080 1646 μὲν
1097 1610 1152 1646 γὰρ
1175 1610 1265 1646 ἀρχὴ,
1286 1607 1341 1636 οἷον
1363 1609 1499 1645 βασιλεία,
1521 1609 1686 1644 στρατηγία·
1705 1608 1814 1642 λέγεται

199 1656 253 1682 lum
276 1655 357 1681 habet
373 1658 436 1680 ante
451 1661 480 1680 se
506 1654 692 1687 exsistentem,
707 1654 777 1681 sicut
791 1654 902 1681 ultimus
918 1654 979 1681 nul-

199 1699 254 1726 lum
281 1698 361 1725 habet
392 1702 451 1732 post
472 1706 501 1725 se
525 1698 658 1725 ultimum.
689 1699 795 1726 Etenim
823 1699 907 1734 ἀρχή.
932 1707 979 1727 seu

199 1744 368 1777 principium,
386 1749 413 1770 ut
427 1744 464 1770 ait
481 1743 537 1779 (14)
556 1743 714 1771 Aristoteles
730 1744 757 1771 in
783 1745 876 1778 quinto
894 1743 980 1771 Meta-

198 1790 364 1825 phgsicorttm
395 1789 471 1825 (15),
497 1790 596 1816 dicitur
625 1789 715 1816 multis
745 1789 842 1817 modis.
877 1788 980 1815 Dicitur

199 1836 271 1863 enim
293 1835 376 1871 ἀρχή,
393 1835 419 1863 id
443 1839 486 1862 est
512 1835 683 1870 principatus,
703 1839 732 1862 ut
748 1842 872 1870 regnum,
885 1839 910 1861 et
929 1834 980 1861 im-

233 1927 272 1996 (ϐ)
294 1928 379 1955 Paulo
395 1931 465 1953 ante.
481 1926 570 1961 Segm.
585 1926 645 1953 106.

246 1964 272 1996 7)
298 1962 359 1989 Non
388 1962 499 1996 amplius
527 1969 580 1988 vos.
609 1961 645 1988 Jo:

246 1964 272 1996 7)
298 1962 359 1989 Non
388 1962 499 1996 amplius
521 1960 580 1988 νοτ.
609 1961 687 1988 Joan.
713 1968 764 1994 xv,
797 1960 840 1988 15.
872 1961 978 1989 Citatur

198 2004 325 2067 εεῖἓῖείη
345 2037 504 2064 perpetuum.
523 2030 625 2067 Gruppe,
641 2029 685 2057 διὰ
708 2030 822 2067 τέλους.-
833 2029 898 2063 Quae
921 2029 977 2067 for-

198 2064 268 2092 mula'
290 2067 382 2094 eodem
409 2073 489 2092 sensu
518 2064 660 2091 adhibetur
683 2072 698 2090 a
716 2064 788 2091 LXX
812 2065 864 2091 int.
879 2065 976 2096 semel,

199 2109 294 2136 nempe
318 2101 452 2134 Isa.LXll,
474 2100 500 2136 (ξ,
524 2100 557 2136 ab
582 2099 697 2126 Isocrate
721 2100 747 2125 iu
766 2099 893 2136 Nicoclg,
908 2104 977 2136 et_a

200 2133 355 2172 Philemone
383 2133 614 2172 aputLJustinum
642 2138 788 2172 martyrem
807 2134 841 2172 Aill
941 2133 977 2172 De

1032 2133 1141 2172 (inquit)
1151 2137 1254 2172 Ἰησοῦς
1265 2137 1278 2162 ὁ
1290 2134 1485 2172 καταστρέφων
1499 2134 1548 2172 τὴν

199 2171 350 2207 gitonurchia
366 2167 426 2207 pa}.
441 2169 486 2201 59,
503 2169 552 2195 hoc
570 2175 648 2194 versu
663 2177 669 2194 :
687 2167 745 2202 Θεῷ
759 2168 788 2194 δὲ
806 2167 852 2194 θῦε
867 2167 910 2194 διὰ
930 2169 975 2194 τέ-

1032 2167 1141 2207 ἐκδοχὴν
1159 2167 1206 2198 mit
1226 2167 1288 2207 τοὺς
1308 2167 1403 2207 “(aut
1420 2167 1487 2204 μετὰ

199 2205 260 2237 λους
271 2203 373 2236 δίκαιος
387 2203 434 2230 ὥν.

235 2236 272 2275 (9)
293 2239 368 2275 Ego.
382 2240 465 2275 Apoc.
478 2245 540 2275 _xxt_.
554 2236 580 2263 6.
591 2236 812 2275 _Gra:ea_’cditi_o‘:
832 2237 902 2272 Ἑγὼ
918 2239 976 2275 e_lp.t

198 2275 228 2301 τὸ
240 2272 271 2300 “Ᾱ
285 2275 331 2301 καὶ
347 2273 376 2300 τὸ
394 2274 424 2304 Ω,
440 2275 456 2308 ἡ
473 2273 544 2307 ἀρχὴ
556 2272 602 2297 κα)⁸
613 2272 653 2308 ab
672 2272 757 2308 τέλος,
775 2272 801 2298 id
817 2278 868 2304 est,
894 2282 903 2298 ι
922 2272 976 2308 Εεο

199 2314 258 2336 suiu
270 2311 292 2335 Λ
305 2314 331 2336 et
346 2309 377 2341 Ω,
393 2306 552 2343 principium
566 2311 593 2334 et
605 2306 675 2334 linis.
689 2316 698 2333 ι
720 2306 784 2334 Vide
797 2309 877 2335 etiam
891 2306 974 2342 Apoc.

199 2352 217 2377 ι,
233 2345 259 2371 8.

235 2379 290 2414 (10)
311 2378 566 2414 Τειηῃονὶσ-εειρειζε.
591 2379 702 2410 Nempe,
726 2375 759 2402 ab
776 2381 877 2414 mterno
901 2378 975 2405 exsi-

199 2412 283 2441 steus.
304 2413 420 2440 Joannes
447 2412 637 2438 Euchaitarum
664 2412 831 2444 metropolita
856 2412 882 2438 iu
909 2420 974 2440 ora—

200 2449 271 2475 tione
298 2448 410 2482 necdum
439 2447 509 2473 edita
539 2446 597 2482 (cui
622 2446 731 2482 titulus:
747 2446 832 2482 Λόγος
859 2447 898 2478 εἰς
927 2447 975 2482 τὴν

200 2483 308 2514 σύναξιν
319 2482 372 2508 τῶν
385 2481 469 2515 ἁγίων
479 2480 612 2516 ἀγγέλων,
624 2481 673 2515 τὴν
685 2481 894 2516 ἐπιτελουμένην
907 2480 976 2508 κατὰ

198 2518 246 2553 τὴν
259 2517 354 2552 ὀγδόην
373 2517 419 2542 τοῦ
439 2515 590 2553 Νοεμόρίου
606 2516 698 2550 μηνός,
712 2516 737 2542 id
752 2515 831 2553 est,t
845 2519 975 2553 sermoiu

198 2550 319 2588 synaxim
334 2550 491 2588 Sanctorum
507 2550 671 2588 angelorum,
692 2557 751 2584 quae
767 2551 975 2588 celeb_ratur_die

198 2585 245 2614 vin
271 2586 450 2620 Novembris),
466 2595 476 2610 ›
496 2585 648 2618 angelorum
664 2593 771 2619 quoque
791 2586 974 2612 exsistentiam

197 2623 261 2650 dicit
286 2621 483 2658 expovov,_setl
506 2621 558 2647 alio
581 2627 680 2652 sensu;
705 2624 846 2658 propterea
871 2620 976 2647 scilicet

196 2658 268 2691 quod
293 2655 398 2684 creatos
422 2655 504 2691 fuisse
521 2659 609 2691 putet,
634 2660 776 2691 antequam
799 2655 880 2691 ullum
903 2660 976 2682 esset

198 2688 313 2726 tempus.
333 2690 441 2726 Τούτοις
458 2688 564 2726 (inquit)
581 2688 696 2726 Bynpﬁt;
711 2688 830 2726 ﬁlpovog
849 2689 975 2726 psi/.709):

196 2723 312 2762 ἀνειρχος
328 2726 369 2762 δέῖ
385 2725 485 2762 Χρόνῳ
501 2723 663 2762 γὰρ-κόσμῳ
688 2723 854 2762 συ-νδρομος,
870 2725 927 2762 πρὸ

197 2759 297 2794 κόσμου
311 2761 346 2786 τὰ
360 2759 547 2795 ὑπερκόσμια,
563 2760 588 2784 id
608 2764 659 2790 est,
681 2767 689 2782 ι
705 2759 804 2786 Horum
818 2761 974 2786 exsistentia

199 2796 324 2829 temporis
334 2795 440 2830 quidem
454 2801 548 2828 expers
560 2799 610 2825 est,
622 2794 667 2822 sed
682 2801 733 2821 non
745 2799 842 2821 aeterna
851 2799 973 2831 {tempus

1027 1657 1055 1684 δὲ
1082 1657 1130 1684 καὶ
1166 1656 1300 1689 τοπικῶς,
1332 1656 1370 1688 ὡς
1409 1656 1481 1692 ἀρχὴ
1517 1655 1616 1691 δρόμου
1644 1656 1661 1691 ὴ
1699 1654 1812 1690 βαλὸις·

1026 1703 1132 1736 λέγεται
1150 1702 1179 1728 δὲ
1197 1702 1243 1729 καὶ
1255 1701 1396 1737 χρονικῶς,
1416 1701 1454 1733 ὡς
1469 1702 1540 1737 ἀρχὴ
1555 1701 1631 1732 ἔτους
1645 1700 1693 1735 ἥδε
1710 1701 1726 1735 ὴ
1742 1700 1813 1735 ἡμέ-

1028 1754 1077 1781 ρα·
1098 1746 1205 1779 λέγεται
1224 1746 1252 1772 δὲ
1277 1746 1323 1772 καὶ
1342 1745 1473 1780 φυσικῶς,
1496 1745 1532 1777 ὡς
1553 1745 1624 1781 ἁρχὴ
1646 1745 1761 1780 βρέφους
1783 1744 1813 1770 τὸ

1028 1789 1154 1824 σπέρμα·
1169 1789 1276 1823 λέγεται
1297 1789 1326 1815 δὲ
1347 1790 1394 1816 καὶ
1415 1789 1485 1816 κατὰ
1506 1789 1605 1820 αἰτίαν,
1625 1788 1663 1820 ὡς
1679 1788 1750 1824 ἁρχὴ
1763 1788 1812 1814 τοῦ

1027 1834 1182 1869 ἀνδριάντος
1198 1835 1213 1860 ὁ
1232 1834 1458 1870 ἀνδριαντοποιός.
1474 1833 1566 1865 Οὕτως
1577 1832 1623 1861 οὖν
1637 1834 1751 1869 λέγομεν
1764 1834 1812 1860 αὺ-

1027 1929 1100 1956 enim
1116 1937 1168 1956 una
1183 1936 1244 1957 cum
1259 1928 1357 1955 mundo
1371 1931 1451 1960 cmptt
1465 1935 1472 1953 :
1488 1934 1548 1961 qua:
1560 1934 1624 1954 vero
1639 1933 1720 1961 supra
1737 1934 1811 1954 mun-

1026 1962 1090 1990 dum
1104 1969 1176 1995 sunt,
1189 1969 1293 1997 tempus
1307 1962 1494 1997 praecedunt.)

1062 1998 1117 2033 (11)
1137 1995 1378 2033 Interpretationes.
1403 1996 1430 2022 lu
1460 1996 1565 2033 Graeco,
1593 1995 1726 2033 Ez§oxai;.
1748 1996 1805 2033 Qlta

1027 2031 1216 2061 voce'eodem'
1239 2039 1336 2062 sensu,
1362 2035 1390 2057 ut
1417 2035 1491 2064 puto,
1516 2032 1600 2057 utitur
1623 2031 1750 2064 Didymus
1782 2032 1807 2058 iu

1027 2073 1172 2095 comment.
1187 2068 1220 2094 ad
1240 2073 1312 2094 vers.
1325 2066 1342 2093 5
1354 2065 1448 2100 capitis
1462 2065 1524 2100 noni
1541 2064 1601 2092 Jobi
1617 2072 1677 2099 pag.
1694 2065 1746 2100 999
1764 2073 1810 2092 ca-

1027 2105 1105 2137 tenm,
1126 2102 1247 2137 quamvis
1263 2100 1359 2128 Junius
1373 2098 1430 2137 eam
1447 2099 1525 2137 aliter
1538 2098 1674 2137 acceperit.
1687 2108 1694 2126 :
1708 2098 1810 2137 Ἦλθεν

1601 2134 1635 2170 ἑὰ
1649 2135 1679 2160 τὸ
1691 2135 1810 2170 γράμμα

1543 2177 1557 2194 ν
1575 2169 1655 2205 χάριν
1678 2169 1810 2205 ἐμμένον-

1026 2204 1161 2238 ταςῼΪτὰ
1179 2204 1392 2240 πεπαλαιωμένα
1411 2204 1598 2240 κατεστράφῃ,
1622 2204 1809 2240 πεπαλαίῳται

1027 2241 1062 2276 τὰ
1076 2241 1122 2268 τοῦ
1139 2241 1311 2276 γράμματος.
1326 2238 1398 2272 Quae
1418 2240 1462 2276 sic
1473 2238 1662 2276 vertitlunius
1676 2248 1683 2266 :
1704 2248 1713 2264 ι
1730 2238 1810 2276 venit

1027 2274 1116 2313 Iesus,
1133 2272 1179 2310 qui
1196 2272 1430 2313 exspectationem
1454 2273 1530 2313 (pace
1543 2272 1615 2313 Junii
1632 2274 1731 2313 dictum
1749 2275 1785 2313 sit
1801 2283 1808 2301 :

1026 2310 1118 2337 malim
1133 2308 1279 2343 νοτίδι-εί(
1297 2308 1545 2342 interpretationem
1564 2308 1586 2342 ι)
1603 2309 1748 2335 secundum
1765 2309 1810 2335 lit-

1026 2347 1123 2378 teram,
1137 2350 1164 2372 et
1179 2352 1236 2377 eos,
1252 2344 1297 2378 qui
1313 2347 1373 2378 post
1394 2344 1508 2378 gratiam
1524 2343 1550 2369 in
1566 2350 1607 2378 ea,
1622 2349 1810 2376 perseverant,

1027 2377 1129 2407 delet...
1143 2379 1238 2407 Vetera
1261 2377 1348 2405 delata
1370 2377 1447 2410 su’ut;
1465 2385 1523 2412 quae
1539 2377 1573 2404 ad
1592 2377 1708 2404 litteram
1724 2379 1810 2412 perti-

1026 2419 1101 2447 nent,
1118 2419 1277 2442 vetustatem
1293 2414 1445 2440 induerunt.
1459 2422 1468 2438 ι

1061 2449 1116 2484 (12)
1138 2450 1281 2484 Quotquot.
1297 2448 1399 2484 Codex,
1416 2447 1498 2484 ὅσοις.
1515 2446 1585 2484 Lego
1597 2448 1665 2473 ὅσοι.

1062 2481 1118 2519 (15)
1139 2481 1172 2511 In
1195 2481 1310 2511 sermone
1338 2483 1453 2519 divitem.
1473 2483 1501 2519 in
1525 2482 1629 2519 Graeco,
1651 2481 1810 2519 πλουσιολό-

1026 2516 1084 2552 γον.
1100 2516 1141 2546 Ᾱιι
1164 2519 1317 2554 legendum,
1340 2516 1445 2552 Πατρὸς
1464 2516 1560 2550 Λόγον,
1578 2517 1605 2543 id
1627 2522 1678 2550 est,
1694 2526 1703 2542 ι
1722 2516 1810 2544 Patris

1027 2553 1163 2581 Verbum?
1174 2563 1183 2580 ›

1050 2555 1163 2581 erbum?
1174 2563 1183 2580 ›

1062 2589 1116 2624 (14)
1137 2589 1192 2616 Ait.
1205 2588 1295 2624 codex
1313 2588 1440 2624 mendose
1455 2595 1536 2624 φασιν
1552 2594 1601 2624 pro
1613 2595 1706 2624 φησιν.

1061 2622 1117 2658 (15)
1137 2623 1170 2650 In
1197 2623 1288 2658 quinto
1317 2622 1432 2656 Metaph.
1461 2622 1611 2658 Aristotelis
1639 2623 1721 2658 verba
1755 2629 1807 2658 non

1025 2656 1122 2686 ποετις
1137 2656 1242 2686 exstant
1257 2662 1345 2684 autem
1358 2664 1448 2691 cap.t,
1462 2664 1522 2690 pag.
1537 2656 1599 2688 885,
1614 2661 1678 2683 tom.
1695 2657 1725 2685 Il.
1740 2657 1808 2682 edit.

1025 2694 1169 2720 Parisiens.
1183 2693 1245 2719 anni
1263 2692 1340 2718 1619.
1359 2691 1395 2718 De
1410 2699 1475 2718 voce
1496 2699 1575 2724 porro
1585 2691 1654 2726 ἀρχή
1678 2691 1737 2718 fuse
1755 2691 1810 2718 dis-

1025 2729 1090 2756 serit
1109 2733 1136 2755 et
1151 2727 1330 2754 Tertullianus
1347 2727 1374 2754 itt
1392 2727 1460 2754 libro
1476 2726 1606 2753 Aduersus
1619 2726 1809 2760 Hermogenem

1025 2771 1083 2797 cap.
1098 2763 1129 2790 19
1142 2767 1168 2789 et
1182 2762 1226 2788 20.
